{"host":"qc268ltokmxwqyrx","time":1613544981,"event":{"mods":["BaseMod","Colored Map","Colored Powertips","Minty Spire (QoL Compilation)","Relic Stats","Slay the Relics Exporter","StSLib","ojb\u0027s Info Mod"],"gold_per_floor":[113,113,113,128,138,138,165,176,200,228,253,277,289,251,263,375,387,418,443,455,467,498,544,154,179,179,191,191,211,224,237,237,337,337,352,352,31,48,62,93,110,141,141,141,160,206,238,252,252,252,252,252,4,37,37,37],"floor_reached":55,"language":"ENG","playtime":2601,"items_purged":["Defend_P"],"score":1233,"play_id":"07139f6b-b193-4dd1-a4fa-3946e39efe57","local_time":"20210217005621","is_ascension_mode":true,"campfire_choices":[{"data":"Ragnarok","floor":6.0,"key":"SMITH"},{"data":"Eruption","floor":13.0,"key":"SMITH"},{"data":"WreathOfFlame","floor":15.0,"key":"SMITH"},{"data":"Vault","floor":28.0,"key":"SMITH"},{"floor":32.0,"key":"REST"},{"floor":44.0,"key":"RECALL"},{"data":"Fasting2","floor":49.0,"key":"SMITH"},{"data":"Blasphemy","floor":52.0,"key":"SMITH"}],"circlet_count":0,"master_deck":["Defend_P","Defend_P","Eruption+1","Vigilance","Protect","Ragnarok+1","FollowUp","FlurryOfBlows","Protect","SignatureMove","WreathOfFlame+1","DevaForm","Swivel+1","Crescendo","Vault+1","Pray+1","Adaptation","JustLucky+1","CarveReality+1","Evaluate+1","Blasphemy+1","Indignation","PanicButton","Fasting2+1","ThirdEye+1","ClearTheMind+1"],"relics":["Busted Crown","Pen Nib","Ancient Tea Set","MawBank","Empty Cage","HornCleat","Shuriken","Bottled Tornado","Letter Opener","Snecko Eye","TeardropLocket","Du-Vu Doll","Bottled Lightning","Prayer Wheel","Molten Egg 2","Kunai","GoldenEye"],"acts_visited":["Exordium","TheCity","TheBeyond","TheEnding"],"potions_floor_usage":[55,55,55],"damage_taken":[{"damage":0.0,"enemies":"2 Louse","floor":1.0,"turns":3.0},{"damage":0.0,"enemies":"Small Slimes","floor":4.0,"turns":3.0},{"damage":0.0,"enemies":"Cultist","floor":5.0,"turns":2.0},{"damage":3.0,"enemies":"Lagavulin","floor":7.0,"turns":4.0},{"damage":0.0,"enemies":"Large Slime","floor":8.0,"turns":2.0},{"damage":20.0,"enemies":"3 Sentries","floor":10.0,"turns":3.0},{"damage":2.0,"enemies":"2 Fungi Beasts","floor":11.0,"turns":2.0},{"damage":0.0,"enemies":"Looter","floor":12.0,"turns":3.0},{"damage":25.0,"enemies":"Hexaghost","floor":16.0,"turns":4.0},{"damage":9.0,"enemies":"2 Thieves","floor":18.0,"turns":2.0},{"damage":0.0,"enemies":"Spheric Guardian","floor":19.0,"turns":3.0},{"damage":6.0,"enemies":"Centurion and Healer","floor":22.0,"turns":5.0},{"damage":0.0,"enemies":"Gremlin Leader","floor":23.0,"turns":5.0},{"damage":25.0,"enemies":"Slavers","floor":25.0,"turns":3.0},{"damage":0.0,"enemies":"3 Cultists","floor":27.0,"turns":4.0},{"damage":0.0,"enemies":"Snake Plant","floor":29.0,"turns":2.0},{"damage":3.0,"enemies":"Shelled Parasite and Fungi","floor":30.0,"turns":3.0},{"damage":0.0,"enemies":"Snecko","floor":31.0,"turns":4.0},{"damage":2.0,"enemies":"Champ","floor":33.0,"turns":5.0},{"damage":5.0,"enemies":"3 Shapes","floor":35.0,"turns":5.0},{"damage":0.0,"enemies":"Orb Walker","floor":38.0,"turns":2.0},{"damage":0.0,"enemies":"Maw","floor":39.0,"turns":6.0},{"damage":11.0,"enemies":"Nemesis","floor":40.0,"turns":4.0},{"damage":0.0,"enemies":"Writhing Mass","floor":41.0,"turns":2.0},{"damage":0.0,"enemies":"Giant Head","floor":42.0,"turns":2.0},{"damage":0.0,"enemies":"3 Darklings","floor":45.0,"turns":3.0},{"damage":0.0,"enemies":"2 Orb Walkers","floor":46.0,"turns":3.0},{"damage":0.0,"enemies":"Reptomancer","floor":47.0,"turns":4.0},{"damage":0.0,"enemies":"Transient","floor":48.0,"turns":6.0},{"damage":1.0,"enemies":"Donu and Deca","floor":50.0,"turns":6.0},{"damage":23.0,"enemies":"Shield and Spear","floor":54.0,"turns":5.0},{"damage":62,"enemies":"The Heart","floor":55,"turns":4}],"seed_played":"-6706869249632650093","potions_obtained":[{"floor":4.0,"key":"SpeedPotion"},{"floor":10.0,"key":"DistilledChaos"},{"floor":12.0,"key":"Block Potion"},{"floor":18.0,"key":"Block Potion"},{"floor":19.0,"key":"Regen Potion"},{"floor":30.0,"key":"SpeedPotion"},{"floor":38.0,"key":"LiquidMemories"},{"floor":40.0,"key":"SkillPotion"},{"floor":42.0,"key":"Swift Potion"},{"floor":47.0,"key":"Block Potion"},{"floor":48.0,"key":"LiquidBronze"}],"is_trial":false,"path_per_floor":["M","?","?","M","M","R","E","M","T","E","M","M","R","?","R","B",null,"M","M","?","?","M","E","$","E","T","M","R","M","M","M","R","B",null,"M","?","$","M","M","E","M","E","T","R","M","?","E","M","R","B",null,"R","$","E","B"],"character_chosen":"WATCHER","items_purchased":["Shuriken","Adaptation","Fasting2","TeardropLocket","Kunai"],"campfire_rested":1,"item_purchase_floors":[24,24,37,37,53],"current_hp_per_floor":[65,65,65,65,65,65,62,62,62,42,40,40,40,40,40,15,58,49,49,49,49,57,57,57,32,32,32,32,32,29,29,50,48,66,61,61,61,61,61,50,50,50,50,50,50,50,50,50,50,49,66,66,66,43,0,0],"gold":37,"neow_bonus":"BOSS_RELIC","is_daily":false,"chose_seed":false,"campfire_upgraded":6,"win_rate":0.0,"timestamp":1613544981,"path_taken":["M","?","?","M","M","R","E","M","T","E","M","?","R","?","R","BOSS","M","M","?","?","M","E","$","E","T","M","R","M","?","M","R","BOSS","M","?","$","M","M","E","M","E","T","R","M","?","E","M","R","BOSS","R","$","E","BOSS"],"items_purchased_type":["Relic","Card","Card","Relic","Relic"],"build_version":"2020-12-22","purchased_purges":1,"victory":false,"max_hp_per_floor":[72,72,72,72,72,72,72,72,72,72,72,72,72,72,72,72,72,72,72,72,72,72,72,72,72,72,72,72,72,72,72,72,72,72,72,72,72,72,72,72,72,72,72,72,72,72,72,72,72,72,72,72,72,72,72,72],"relic_stats":{"Busted Crown":64,"counters":[32,114],"Shuriken":[19],"Snecko Eye":[104,108,98,88],"Prayer Wheel":1,"Pen Nib":[17],"Letter Opener":[191],"Kunai":[0],"MawBank":168,"GoldenEye":[0],"obtain_stats":[{"Pen Nib":7,"Letter Opener":26,"TeardropLocket":37,"Bottled Tornado":25,"Ancient Tea Set":9,"MawBank":10,"Empty Cage":17,"GoldenEye":54,"Du-Vu Doll":40,"Busted Crown":0,"HornCleat":23,"Shuriken":24,"Snecko Eye":34,"Prayer Wheel":46,"Molten Egg 2":47,"Bottled Lightning":42,"Kunai":53,"PureWater":0},{"Pen Nib":4,"Letter Opener":14,"TeardropLocket":20,"Bottled Tornado":14,"Ancient Tea Set":5,"MawBank":6,"Empty Cage":9,"GoldenEye":31,"Du-Vu Doll":23,"Busted Crown":0,"HornCleat":13,"Shuriken":13,"Snecko Eye":19,"Prayer Wheel":27,"Molten Egg 2":28,"Bottled Lightning":25,"Kunai":30,"PureWater":0},{"Pen Nib":12,"Letter Opener":44,"TeardropLocket":67,"Bottled Tornado":44,"Ancient Tea Set":14,"MawBank":17,"Empty Cage":26,"GoldenEye":110,"Du-Vu Doll":79,"Busted Crown":0,"HornCleat":41,"Shuriken":41,"Snecko Eye":62,"Prayer Wheel":89,"Molten Egg 2":93,"Bottled Lightning":83,"Kunai":105,"PureWater":0}]},"card_choices":[{"not_picked":[],"picked":"Protect","floor":1.0},{"not_picked":[],"picked":"FollowUp","floor":4.0},{"not_picked":[],"picked":"FlurryOfBlows","floor":5.0},{"not_picked":[],"picked":"Protect","floor":7.0},{"not_picked":[],"picked":"SignatureMove","floor":8.0},{"not_picked":[],"picked":"WreathOfFlame","floor":10.0},{"not_picked":["FollowUp"],"picked":"SKIP","floor":11.0},{"not_picked":["PathToVictory"],"picked":"SKIP","floor":12.0},{"not_picked":[],"picked":"DevaForm","floor":16.0},{"not_picked":[],"picked":"Swivel+1","floor":18.0},{"not_picked":[],"picked":"Crescendo","floor":19.0},{"not_picked":[],"picked":"Pray+1","floor":22.0},{"not_picked":["JustLucky"],"picked":"SKIP","floor":23.0},{"not_picked":[],"picked":"JustLucky+1","floor":25.0},{"not_picked":["ForeignInfluence"],"picked":"SKIP","floor":27.0},{"not_picked":["ForeignInfluence"],"picked":"SKIP","floor":27.0},{"not_picked":["CarveReality+1"],"picked":"SKIP","floor":29.0},{"not_picked":[],"picked":"CarveReality+1","floor":29.0},{"not_picked":[],"picked":"Evaluate+1","floor":30.0},{"not_picked":["Consecrate"],"picked":"SKIP","floor":31.0},{"not_picked":[],"picked":"Blasphemy","floor":33.0},{"not_picked":[],"picked":"Indignation","floor":35.0},{"not_picked":[],"picked":"PanicButton","floor":36.0},{"not_picked":["BattleHymn+1"],"picked":"SKIP","floor":38.0},{"not_picked":["Consecrate"],"picked":"SKIP","floor":39.0},{"not_picked":["Prostrate"],"picked":"SKIP","floor":40.0},{"not_picked":["Adaptation"],"picked":"SKIP","floor":41.0},{"not_picked":["WreathOfFlame+1"],"picked":"SKIP","floor":42.0},{"not_picked":["WreathOfFlame+1"],"picked":"SKIP","floor":42.0},{"not_picked":["Conclude+1"],"picked":"SKIP","floor":45.0},{"not_picked":["ThirdEye+1"],"picked":"SKIP","floor":47.0},{"not_picked":[],"picked":"ThirdEye+1","floor":47.0},{"not_picked":["Halt"],"picked":"SKIP","floor":48.0},{"not_picked":["BattleHymn"],"picked":"SKIP","floor":48.0},{"not_picked":[],"picked":"ClearTheMind+1","floor":54.0}],"player_experience":1827262,"relics_obtained":[{"floor":7.0,"key":"Pen Nib"},{"floor":9.0,"key":"Ancient Tea Set"},{"floor":10.0,"key":"MawBank"},{"floor":23.0,"key":"HornCleat"},{"floor":25.0,"key":"Bottled Tornado"},{"floor":26.0,"key":"Letter Opener"},{"floor":40.0,"key":"Du-Vu Doll"},{"floor":42.0,"key":"Bottled Lightning"},{"floor":46.0,"key":"Prayer Wheel"},{"floor":47.0,"key":"Molten Egg 2"},{"floor":54.0,"key":"GoldenEye"}],"event_choices":[{"damage_healed":0.0,"max_hp_gain":0.0,"max_hp_loss":0.0,"gold_gain":0.0,"cards_transformed":["Strike_P"],"event_name":"Living Wall","player_choice":"Change","floor":2.0,"gold_loss":0.0,"damage_taken":0.0,"cards_obtained":["Ragnarok"]},{"damage_healed":0.0,"max_hp_gain":0.0,"max_hp_loss":0.0,"gold_gain":0.0,"event_name":"Match and Keep!","player_choice":"0 cards matched","floor":3.0,"gold_loss":0.0,"damage_taken":0.0,"cards_obtained":[]},{"cards_removed":["Strike_P"],"damage_healed":0.0,"max_hp_gain":0.0,"max_hp_loss":0.0,"gold_gain":0.0,"event_name":"The Cleric","player_choice":"Card Removal","floor":14.0,"gold_loss":50.0,"damage_taken":0.0},{"damage_healed":0.0,"max_hp_gain":0.0,"max_hp_loss":0.0,"gold_gain":0.0,"event_name":"Vampires","player_choice":"Ignored","floor":20.0,"gold_loss":0.0,"damage_taken":0.0},{"damage_healed":0.0,"max_hp_gain":0.0,"max_hp_loss":0.0,"gold_gain":0.0,"cards_transformed":["Strike_P"],"event_name":"Transmorgrifier","player_choice":"Transformed","floor":21.0,"gold_loss":0.0,"damage_taken":0.0,"cards_obtained":["Vault"]},{"damage_healed":0.0,"max_hp_gain":0.0,"max_hp_loss":0.0,"gold_gain":0.0,"event_name":"SensoryStone","player_choice":"Memory 1","floor":36.0,"gold_loss":0.0,"damage_taken":0.0},{"damage_healed":0.0,"max_hp_gain":0.0,"max_hp_loss":0.0,"gold_gain":0.0,"event_name":"Mysterious Sphere","player_choice":"Fight","floor":46.0,"gold_loss":0.0,"damage_taken":0.0}],"is_beta":false,"boss_relics":[{"not_picked":["Velvet Choker","Fusion Hammer"],"picked":"Empty Cage"},{"not_picked":["Tiny House","Runic Dome"],"picked":"Snecko Eye"}],"items_purged_floors":[24],"is_endless":false,"potions_floor_spawned":[4,10,12,18,19,30,38,40,42,46,47,48],"killed_by":"The Heart","ascension_level":8}}