{"host":"fx4ma24vdin0c28l","time":1613523129,"event":{"mods":["AchievementEnabler","BaseMod","Colored Map","Colored Powertips","Minty Spire (QoL Compilation)","Quick Restart"],"gold_per_floor":[111,122,100,115,9000,9000,9032,9043,9043,9043,7992,8004,8004,8017,8017,8119,8119,8135,6866,6881,5850,5850,5850,5878,5878,5878,5878,5890,5890,5900,5900,5900,5997,5997,6010,5209,5259,4903,4920,4920,4920,4931,4931,4931,4501,4501,4161,4161,4161,4161,4161,4161,3705,3738,3738],"floor_reached":56,"language":"ENG","playtime":2748,"items_purged":["Writhe","Strike_P","Decay","Defend_P","Strike_P","Defend_P","Strike_P","Defend_P"],"score":1382,"play_id":"0c1b6d0d-f324-42b8-993b-29aeecf252a1","local_time":"20210216195209","is_ascension_mode":true,"campfire_choices":[{"data":"DevaForm","floor":6,"key":"SMITH"},{"data":"BattleHymn","floor":10,"key":"SMITH"},{"data":"Ragnarok","floor":15,"key":"SMITH"},{"floor":23,"key":"RECALL"},{"data":"RitualDagger","floor":25,"key":"SMITH"},{"data":"Eruption","floor":27,"key":"SMITH"},{"data":"ClearTheMind","floor":32,"key":"SMITH"},{"data":"Dramatic Entrance","floor":40,"key":"SMITH"},{"data":"Master of Strategy","floor":44,"key":"SMITH"},{"data":"Panache","floor":46,"key":"SMITH"},{"data":"DeusExMachina","floor":49,"key":"SMITH"},{"data":"Tantrum","floor":52,"key":"SMITH"}],"circlet_count":0,"master_deck":["Strike_P","Eruption+1","Vigilance","EmptyBody","FlurryOfBlows","BattleHymn+1","Bandage Up","DeusExMachina+1","Tantrum+1","DevaForm+1","CarveReality","Flash of Steel","Ragnarok+1","DeceiveReality","Consecrate","Brilliance","FlurryOfBlows","Master of Strategy+1","Good Instincts","LessonLearned","FlurryOfBlows","DeusExMachina","ClearTheMind+1","WindmillStrike+1","Panache+1","Good Instincts","RitualDagger+1","FlurryOfBlows","Evaluate+1","Devotion+1","FlurryOfBlows","Dramatic Entrance+1","FlurryOfBlows","BattleHymn","Prostrate","Madness","Madness","Establishment"],"relics":["PureWater","Toy Ornithopter","Ancient Tea Set","Melange","Happy Flower","HornCleat","Eternal Feather","Du-Vu Doll","Cauldron","VioletLotus","Pear","Boot","DollysMirror","Peace Pipe","Anchor","OrangePellets","Mango","MutagenicStrength","SlaversCollar","Shuriken","WingedGreaves","Membership Card","Dead Branch","Mummified Hand","Dream Catcher","ClockworkSouvenir","Bottled Flame","Sundial","Meat on the Bone","TheAbacus","Pocketwatch","Strawberry","Orichalcum","Pantograph","Chemical X","InkBottle"],"acts_visited":["Exordium","TheCity","TheBeyond","TheEnding"],"potions_floor_usage":[7,16,18,24,24,24,33,54,55,55],"damage_taken":[{"damage":7,"enemies":"Cultist","floor":1,"turns":3},{"damage":0,"enemies":"Small Slimes","floor":2,"turns":5},{"damage":0,"enemies":"2 Louse","floor":4,"turns":4},{"damage":9,"enemies":"Gremlin Nob","floor":7,"turns":3},{"damage":16,"enemies":"Exordium Wildlife","floor":8,"turns":4},{"damage":0,"enemies":"Looter","floor":12,"turns":3},{"damage":2,"enemies":"2 Fungi Beasts","floor":14,"turns":2},{"damage":43,"enemies":"The Guardian","floor":16,"turns":5},{"damage":10,"enemies":"Chosen","floor":18,"turns":2},{"damage":0,"enemies":"3 Byrds","floor":20,"turns":2},{"damage":82,"enemies":"Gremlin Leader","floor":24,"turns":4},{"damage":7,"enemies":"Snake Plant","floor":28,"turns":3},{"damage":0,"enemies":"3 Cultists","floor":30,"turns":4},{"damage":0,"enemies":"Automaton","floor":33,"turns":2},{"damage":8,"enemies":"3 Shapes","floor":35,"turns":3},{"damage":23,"enemies":"Mind Bloom Boss Battle","floor":37,"turns":4},{"damage":0,"enemies":"Orb Walker","floor":39,"turns":3},{"damage":0,"enemies":"3 Darklings","floor":42,"turns":3},{"damage":20,"enemies":"Awakened One","floor":50,"turns":3},{"damage":38,"enemies":"Shield and Spear","floor":54,"turns":4},{"damage":58,"enemies":"The Heart","floor":55,"turns":6}],"seed_played":"-7004867160613475548","potions_obtained":[{"floor":4,"key":"SteroidPotion"},{"floor":7,"key":"LiquidMemories"},{"floor":28,"key":"SpeedPotion"},{"floor":30,"key":"LiquidMemories"},{"floor":33,"key":"EssenceOfSteel"},{"floor":54,"key":"BlessingOfTheForge"}],"is_trial":false,"path_per_floor":["M","M","?","M","$","R","E","M","T","R","$","M","?","M","R","B",null,"M","$","M","$","?","R","E","R","T","R","M","?","M","?","R","B",null,"M","$","?","$","M","R","?","M","T","R","$","R","$","?","R","B",null,"R","$","E","B",null],"character_chosen":"WATCHER","items_purchased":["Bandage Up","Toy Ornithopter","Ancient Tea Set","Melange","DistilledChaos","DuplicationPotion","DeusExMachina","Tantrum","DevaForm","Eternal Feather","Du-Vu Doll","Cauldron","Flash of Steel","Ragnarok","DeceiveReality","Pear","Boot","Master of Strategy","Good Instincts","LessonLearned","FlurryOfBlows","Block Potion","DuplicationPotion","DollysMirror","ClearTheMind","Peace Pipe","Anchor","OrangePellets","Panache","Good Instincts","Shuriken","WingedGreaves","Membership Card","Dramatic Entrance","SteroidPotion","FlurryOfBlows","Mummified Hand","Dream Catcher","ClockworkSouvenir","Sundial","Meat on the Bone","TheAbacus","Pocketwatch","Strawberry","Orichalcum","Pantograph","Chemical X","FairyPotion"],"campfire_rested":0,"item_purchase_floors":[5,5,5,5,5,5,5,5,5,11,11,11,11,11,11,19,19,19,19,19,19,19,19,19,19,21,21,21,21,21,36,36,36,36,36,36,38,38,38,45,45,45,47,47,53,53,53,53],"current_hp_per_floor":[79,79,79,79,79,79,75,63,63,63,63,63,63,61,73,39,86,76,86,90,90,84,96,33,51,51,69,66,66,70,70,88,93,110,102,102,79,79,83,104,104,108,108,110,110,110,117,102,117,97,117,117,117,84,63],"gold":3738,"neow_bonus":"TWENTY_PERCENT_HP_BONUS","is_daily":false,"chose_seed":false,"campfire_upgraded":11,"win_rate":0.0,"timestamp":1613523129,"path_taken":["M","M","?","M","$","R","E","M","T","R","$","M","?","M","R","BOSS","M","$","M","$","?","R","E","R","T","R","M","?","M","?","R","BOSS","M","$","?","$","M","R","?","M","T","R","?","R","$","?","R","BOSS","R","$","E","BOSS"],"items_purchased_type":["Card","Relic","Relic","Relic","Potion","Potion","Card","Card","Card","Relic","Relic","Relic","Card","Card","Card","Relic","Relic","Card","Card","Card","Card","Potion","Potion","Relic","Card","Relic","Relic","Relic","Card","Card","Relic","Relic","Relic","Card","Potion","Card","Relic","Relic","Relic","Relic","Relic","Relic","Relic","Relic","Relic","Relic","Relic","Potion"],"build_version":"2020-12-22","purchased_purges":8,"victory":true,"max_hp_per_floor":[86,86,86,86,86,86,86,86,86,86,86,86,86,86,86,86,86,86,96,96,96,96,96,110,110,110,110,110,110,110,110,110,110,110,110,110,110,110,110,110,110,110,110,110,110,110,117,117,117,117,117,117,117,117,117],"card_choices":[{"not_picked":["JustLucky","EmptyMind"],"picked":"EmptyBody","floor":1},{"not_picked":["WheelKick","SashWhip"],"picked":"FlurryOfBlows","floor":2},{"not_picked":["Adaptation","Evaluate"],"picked":"BattleHymn","floor":4},{"not_picked":["Meditate","CrushJoints","WheelKick"],"picked":"SKIP","floor":7},{"not_picked":["Fasting2","Crescendo"],"picked":"CarveReality","floor":8},{"not_picked":["WheelKick","ClearTheMind","CutThroughFate"],"picked":"SKIP","floor":12},{"not_picked":["Perseverance","Establishment"],"picked":"Consecrate","floor":14},{"not_picked":["Vault","Ragnarok"],"picked":"Brilliance","floor":16},{"not_picked":["CrushJoints","Collect+1"],"picked":"FlurryOfBlows","floor":18},{"not_picked":["Protect","JustLucky"],"picked":"WindmillStrike+1","floor":20},{"not_picked":["Conclude","ThirdEye"],"picked":"FlurryOfBlows","floor":24},{"not_picked":["Study","DeceiveReality"],"picked":"Evaluate+1","floor":28},{"not_picked":["ThirdEye","SashWhip","WheelKick"],"picked":"SKIP","floor":30},{"not_picked":["DeusExMachina","Vault"],"picked":"Devotion","floor":33},{"not_picked":["Evaluate","FearNoEvil+1"],"picked":"FlurryOfBlows","floor":35},{"not_picked":["FollowUp","JustLucky"],"picked":"BattleHymn","floor":37},{"not_picked":["Indignation+1","ClearTheMind+1","EmptyMind+1"],"picked":"SKIP","floor":39},{"not_picked":["Indignation+1","Collect+1"],"picked":"Prostrate","floor":42},{"not_picked":["Nirvana+1","Consecrate"],"picked":"Establishment","floor":54}],"player_experience":67805,"relics_obtained":[{"floor":7,"key":"Happy Flower"},{"floor":9,"key":"HornCleat"},{"floor":24,"key":"Mango"},{"floor":37,"key":"Dead Branch"},{"floor":43,"key":"Bottled Flame"},{"floor":54,"key":"InkBottle"}],"event_choices":[{"damage_healed":0,"gold_gain":0,"player_choice":"Left Gold","damage_taken":0,"max_hp_gain":0,"max_hp_loss":0,"event_name":"World of Goop","floor":3,"gold_loss":22},{"damage_healed":0,"gold_gain":0,"player_choice":"Cursed","damage_taken":0,"max_hp_gain":0,"max_hp_loss":0,"event_name":"Wheel of Change","floor":13,"gold_loss":0,"cards_obtained":["Decay"]},{"damage_healed":0,"gold_gain":0,"player_choice":"Joined the Cult","damage_taken":6,"max_hp_gain":0,"max_hp_loss":0,"event_name":"Nest","floor":22,"gold_loss":0,"cards_obtained":["RitualDagger"]},{"damage_healed":0,"gold_gain":0,"player_choice":"Ignored","damage_taken":0,"max_hp_gain":0,"max_hp_loss":0,"event_name":"Vampires","floor":29,"gold_loss":0},{"damage_healed":0,"gold_gain":0,"player_choice":"Inject Mutagens","damage_taken":0,"relics_obtained":["MutagenicStrength"],"max_hp_gain":0,"max_hp_loss":0,"event_name":"Drug Dealer","floor":31,"gold_loss":0},{"damage_healed":0,"gold_gain":0,"player_choice":"Fight","damage_taken":0,"max_hp_gain":0,"max_hp_loss":0,"event_name":"MindBloom","floor":37,"gold_loss":0},{"cards_removed":["Defend_P"],"damage_healed":0,"gold_gain":0,"player_choice":"Removed Skill","damage_taken":0,"max_hp_gain":0,"max_hp_loss":0,"event_name":"Falling","floor":41,"gold_loss":0},{"damage_healed":0,"gold_gain":0,"player_choice":"Embrace Madness","damage_taken":15,"max_hp_gain":0,"max_hp_loss":0,"event_name":"Winding Halls","floor":48,"gold_loss":0,"cards_obtained":["Madness","Madness"]}],"is_beta":false,"boss_relics":[{"not_picked":["Pandora\u0027s Box","Tiny House"],"picked":"VioletLotus"},{"not_picked":["Calling Bell","Velvet Choker"],"picked":"SlaversCollar"}],"items_purged_floors":[5,11,19,21,38,45,47,53],"is_endless":false,"potions_floor_spawned":[4,7,12,14,28,30,33,39,42,54],"ascension_level":1}}