{"host":"k7udt7atmcuzf6l0","time":1613572295,"event":{"mods":["AchievementEnabler","Act Like it!","BaseMod","BetterRewards","Colored Map","Colored Powertips","Highlight Path","Minty Spire (QoL Compilation)","Quick Restart","Rare Cards Sparkle","StSLib","UnlockEverythingMod"],"gold_per_floor":[119,48,58,76,76,76,76,76,76,95,95,114,147,157,157,252,252,271,271,271,27,42,42,62,62,62,62,82,114,114,21,21,126,126,136,61,78,96,96,96],"floor_reached":39,"language":"ZHS","playtime":868,"items_purged":["Strike_R"],"score":426,"play_id":"e7544f2c-5fab-454f-b0ac-4b53c558b95f","local_time":"20210217223135","is_ascension_mode":false,"campfire_choices":[{"data":"Pommel Strike","floor":6.0,"key":"SMITH"},{"data":"Sword Boomerang","floor":8.0,"key":"SMITH"},{"data":"Clash","floor":11.0,"key":"SMITH"},{"data":"Armaments","floor":15.0,"key":"SMITH"},{"data":"J.A.X.","floor":23,"key":"SMITH"},{"data":"Body Slam","floor":25,"key":"SMITH"},{"data":"Shockwave","floor":27,"key":"SMITH"},{"data":"Blind","floor":32,"key":"SMITH"}],"circlet_count":0,"master_deck":["Strike_R","Strike_R","Strike_R","Strike_R","Defend_R","Defend_R","Defend_R","Defend_R","Bash","Clash+1","Flex+1","Sword Boomerang+1","Pommel Strike+1","Infernal Blade+1","Pummel","Armaments+1","Cleave","Shockwave+1","Reaper","CurseOfTheBell","Body Slam+1","J.A.X.+1","Seeing Red+1","Warcry+1","Blind+1","Exhume","Second Wind+1","Spot Weakness+1","Iron Wave+1"],"relics":["Burning Blood","NeowsBlessing","Torii","Orichalcum","Calling Bell","PreservedInsect","Ornamental Fan","Mango","FaceOfCleric","Gremlin Horn","HornCleat","Pen Nib","Pantograph","Philosopher\u0027s Stone"],"acts_visited":["Exordium","TheCity","TheBeyond"],"potions_floor_usage":[29,39],"damage_taken":[{"damage":0.0,"enemies":"2 Louse","floor":1.0,"turns":1.0},{"damage":0.0,"enemies":"Jaw Worm","floor":3.0,"turns":1.0},{"damage":0.0,"enemies":"Cultist","floor":4.0,"turns":1.0},{"damage":15.0,"enemies":"3 Louse","floor":10.0,"turns":3.0},{"damage":11.0,"enemies":"Exordium Thugs","floor":12.0,"turns":3.0},{"damage":8.0,"enemies":"Gremlin Nob","floor":13.0,"turns":3.0},{"damage":1.0,"enemies":"Exordium Wildlife","floor":14.0,"turns":2.0},{"damage":40.0,"enemies":"Hexaghost","floor":16.0,"turns":9.0},{"damage":11.0,"enemies":"Chosen","floor":18.0,"turns":5.0},{"damage":4,"enemies":"3 Byrds","floor":22,"turns":5},{"damage":8,"enemies":"Snake Plant","floor":24,"turns":4},{"damage":0,"enemies":"Snecko","floor":28,"turns":4},{"damage":18,"enemies":"Book of Stabbing","floor":29,"turns":3},{"damage":94,"enemies":"Automaton","floor":33,"turns":11},{"damage":12,"enemies":"3 Darklings","floor":35,"turns":4},{"damage":11,"enemies":"Orb Walker","floor":37,"turns":2},{"damage":11,"enemies":"Sphere and 2 Shapes","floor":38,"turns":2},{"damage":96,"enemies":"2 Orb Walkers","floor":39,"turns":5}],"seed_played":"-6031896931645087677","potions_obtained":[{"floor":1.0,"key":"BlessingOfTheForge"},{"floor":14.0,"key":"Regen Potion"},{"floor":24,"key":"Dexterity Potion"},{"floor":33,"key":"Fire Potion"}],"is_trial":false,"path_per_floor":["M","$","M","M","?","R","?","R","T","M","R","M","E","M","R","B",null,"M","?","?","$","M","R","M","R","T","R","M","E","T","$","R","B",null,"M","$","M","M","?"],"character_chosen":"IRONCLAD","items_purchased":["Flex","Sword Boomerang","Gremlin Horn","Blind"],"campfire_rested":0,"item_purchase_floors":[2,2,21,31],"current_hp_per_floor":[80,80,80,80,80,80,80,80,80,71,71,66,64,69,69,50,94,90,90,90,90,95,95,94,94,94,94,97,86,86,86,86,28,99,94,94,90,86,0,0],"gold":96,"neow_bonus":"THREE_ENEMY_KILL","is_daily":false,"chose_seed":false,"campfire_upgraded":8,"win_rate":0.0,"timestamp":1613572295,"path_taken":["M","$","M","M","?","R","?","R","T","M","R","M","E","?","R","BOSS","M","?","?","$","M","R","M","R","T","R","?","E","?","$","R","BOSS","M","$","M","M","?"],"items_purchased_type":["Card","Card","Relic","Card"],"build_version":"2020-12-22","purchased_purges":1,"victory":false,"max_hp_per_floor":[80,80,80,80,80,80,80,80,80,80,80,80,80,80,80,80,94,94,94,94,94,95,95,96,96,96,96,97,98,98,98,98,99,99,100,100,101,102,102,102],"card_choices":[{"not_picked":["Feel No Pain","True Grit"],"picked":"Clash","floor":1.0},{"not_picked":["Shrug It Off","Twin Strike"],"picked":"Pommel Strike","floor":3.0},{"not_picked":["Iron Wave","Fire Breathing"],"picked":"Infernal Blade","floor":4.0},{"not_picked":["Clash","Perfected Strike"],"picked":"Pummel","floor":10.0},{"not_picked":["Sword Boomerang","Cleave"],"picked":"Armaments","floor":12.0},{"not_picked":["Rampage","Iron Wave"],"picked":"Cleave","floor":13.0},{"not_picked":["Headbutt","Sentinel"],"picked":"Shockwave","floor":14.0},{"not_picked":["Offering","Fiend Fire"],"picked":"Reaper","floor":16.0},{"not_picked":["Shockwave","Twin Strike"],"picked":"Body Slam","floor":18},{"not_picked":["Clothesline","Iron Wave","Ghostly Armor"],"picked":"SKIP","floor":22},{"not_picked":["Havoc","Searing Blow","Clothesline"],"picked":"SKIP","floor":24},{"not_picked":["True Grit","Armaments"],"picked":"Seeing Red+1","floor":28},{"not_picked":["Armaments+1","Sword Boomerang"],"picked":"Warcry+1","floor":29},{"not_picked":["Feed","Barricade"],"picked":"Exhume","floor":33},{"not_picked":["Burning Pact+1","Sword Boomerang"],"picked":"Second Wind+1","floor":35},{"not_picked":["Headbutt","Twin Strike"],"picked":"Spot Weakness+1","floor":37},{"not_picked":["Body Slam","Warcry"],"picked":"Iron Wave+1","floor":38}],"player_experience":139350,"relics_obtained":[{"floor":9.0,"key":"Torii"},{"floor":13.0,"key":"Orichalcum"},{"floor":17.0,"key":"PreservedInsect"},{"floor":17.0,"key":"Ornamental Fan"},{"floor":17.0,"key":"Mango"},{"floor":26,"key":"HornCleat"},{"floor":29,"key":"Pen Nib"},{"floor":30,"key":"Pantograph"}],"event_choices":[{"damage_healed":0.0,"max_hp_gain":0.0,"max_hp_loss":0.0,"gold_gain":0.0,"event_name":"Living Wall","player_choice":"Grow","floor":5.0,"gold_loss":0.0,"damage_taken":0.0,"cards_upgraded":["Flex"]},{"damage_healed":0.0,"max_hp_gain":0.0,"max_hp_loss":0.0,"gold_gain":0.0,"event_name":"Accursed Blacksmith","player_choice":"Forge","floor":7.0,"gold_loss":0.0,"damage_taken":0.0,"cards_upgraded":["Infernal Blade"]},{"damage_healed":0,"gold_gain":0,"player_choice":"Obtain J.A.X.","damage_taken":0,"max_hp_gain":0,"max_hp_loss":0,"event_name":"Drug Dealer","floor":19,"gold_loss":0,"cards_obtained":["J.A.X."]},{"damage_healed":0,"gold_gain":0,"player_choice":"Trade","damage_taken":0,"relics_obtained":["FaceOfCleric"],"max_hp_gain":0,"max_hp_loss":0,"event_name":"FaceTrader","floor":20,"gold_loss":0},{"damage_healed":0,"gold_gain":0,"player_choice":"Fight","damage_taken":0,"max_hp_gain":0,"max_hp_loss":0,"event_name":"Mysterious Sphere","floor":39,"gold_loss":0}],"is_beta":false,"boss_relics":[{"not_picked":["SacredBark","Velvet Choker"],"picked":"Calling Bell"},{"not_picked":["Runic Pyramid","Cursed Key"],"picked":"Philosopher\u0027s Stone"}],"items_purged_floors":[36],"is_endless":false,"potions_floor_spawned":[1,14,24,33],"killed_by":"2 Orb Walkers","ascension_level":0}}