{"host":"od06gsur5w60l0yz","time":1613574912,"event":{"mods":["BaseMod","Better Match","Better Third Choice","Colored Map","Dio Mod","Downfall","GifTheSpireLib","Googly Eyes","Hermit","Hubris","Minty Spire (QoL Compilation)","Reliquary","Replay The Spire","StSLib","The Cursed","The Forsaken","The Hierophant","The Necromancer","The Saiyan","The Senshi"],"gold_per_floor":[110,128,203,203,221,221,256,256,256,288,288,321,335,355,355,455,455,471,484,583,15,15,15,15,35,58,92,92,103,103,135,135,232,232,250,250,262,84,84,119,154,154,177,232,266,324,324,368,434,476,476,476,15,77,143],"floor_reached":56,"language":"ENG","playtime":3939,"items_purged":["Parasite"],"score":1237,"play_id":"f2efb363-720b-48c2-ba00-1466c00db518","local_time":"20210217131511","is_ascension_mode":false,"campfire_choices":[{"floor":6.0,"key":"RECALL"},{"floor":8.0,"key":"REST"},{"data":"dioMod:Muda","floor":15.0,"key":"SMITH"},{"data":"dioMod:Muda","floor":23.0,"key":"SMITH"},{"data":"dioMod:DisarmingVoice","floor":28.0,"key":"SMITH"},{"data":"dioMod:DoubleTime","floor":30.0,"key":"SMITH"},{"data":"dioMod:DoubleTime","floor":32.0,"key":"SMITH"},{"data":"dioMod:SevenPageMuda","floor":47.0,"key":"SMITH"},{"data":"dioMod:MudaMudaMuda","floor":52.0,"key":"SMITH"}],"circlet_count":0,"master_deck":["dioMod:Strike","dioMod:Strike","dioMod:Strike","dioMod:Strike","Bite","dioMod:Defend","dioMod:Defend","dioMod:Muda+1","dioMod:Muda+1","dioMod:MudaMudaMuda+1","dioMod:DoubleTime+1","dioMod:ComboFever","dioMod:DisarmingVoice+1","dioMod:HeavyLifting+1","dioMod:GoodbyeJojo","dioMod:Refresh","dioMod:Roundabout+1","dioMod:FlyAway+1","dioMod:Muda+1","dioMod:DoubleTime+1","dioMod:StreetSign+1","dioMod:Hiss+1","dioMod:SevenPageMuda+1","dioMod:CautiousMuda+1","dioMod:Hiss+1","dioMod:CautiousMuda+1","dioMod:Minions","dioMod:DoubleTime+1","dioMod:PathToHeaven","dioMod:Muda+1","Master of Strategy","dioMod:DarkRebirth","dioMod:DarkRebirth"],"relics":["Replay:Bronze Core","reliquary:OuijaBoard","TungstenRod","theForsaken:HumbleEgg","reliquary:ThirdArm","Counterbalance","Mummified Hand","Happy Flower","Onion Ring","Strawberry","hubris:VirtuousBlindfold","Strange Spoon","Replay:Bandana","hubris:Towel","Pet Ghost","Boot"],"acts_visited":["Exordium","TheCity","TheBeyond","TheEnding"],"potions_floor_usage":[55,55],"damage_taken":[{"damage":2.0,"enemies":"2 Louse","floor":1.0,"turns":3.0},{"damage":6.0,"enemies":"Cultist","floor":2.0,"turns":4.0},{"damage":0.0,"enemies":"Small Slimes","floor":5.0,"turns":2.0},{"damage":30.0,"enemies":"3 Sentries","floor":7.0,"turns":8.0},{"damage":5.0,"enemies":"Replay:BlueRogue","floor":10.0,"turns":5.0},{"damage":11.0,"enemies":"Gremlin Nob","floor":12.0,"turns":2.0},{"damage":12.0,"enemies":"Red Slaver","floor":13.0,"turns":3.0},{"damage":0.0,"enemies":"Large Slime","floor":14.0,"turns":4.0},{"damage":48.0,"enemies":"The Guardian","floor":16.0,"turns":12.0},{"damage":12.0,"enemies":"3 Byrds","floor":18.0,"turns":4.0},{"damage":0.0,"enemies":"Spheric Guardian","floor":19.0,"turns":2.0},{"damage":4.0,"enemies":"Cultist and Chosen","floor":25.0,"turns":9.0},{"damage":14.0,"enemies":"Slavers","floor":27.0,"turns":4.0},{"damage":0.0,"enemies":"Chosen and Byrds","floor":29.0,"turns":4.0},{"damage":8.0,"enemies":"Book of Stabbing","floor":31.0,"turns":3.0},{"damage":3.0,"enemies":"Pondfish","floor":33.0,"turns":4.0},{"damage":0.0,"enemies":"3 Shapes","floor":35.0,"turns":2.0},{"damage":0.0,"enemies":"Orb Walker","floor":37.0,"turns":1.0},{"damage":4.0,"enemies":"R_Hoarder","floor":40.0,"turns":4.0},{"damage":0.0,"enemies":"3 Darklings","floor":41.0,"turns":3.0},{"damage":0.0,"enemies":"Writhing Mass","floor":44.0,"turns":5.0},{"damage":6.0,"enemies":"4 Shapes","floor":45.0,"turns":4.0},{"damage":0.0,"enemies":"Maw","floor":46.0,"turns":3.0},{"damage":0.0,"enemies":"Jaw Worm Horde","floor":48.0,"turns":2.0},{"damage":23.0,"enemies":"Awakened One","floor":50.0,"turns":6.0},{"damage":50.0,"enemies":"Shield and Spear","floor":54.0,"turns":4.0},{"damage":33,"enemies":"The Heart","floor":55,"turns":5}],"seed_played":"-806033538847984972","potions_obtained":[{"floor":7.0,"key":"Death Potion"},{"floor":10.0,"key":"Explosive Potion"},{"floor":13.0,"key":"Strength Potion"},{"floor":14.0,"key":"LiquidBronze"},{"floor":18.0,"key":"dioMod:HumanBlood"},{"floor":19.0,"key":"SkillPotion"},{"floor":27.0,"key":"SkillPotion"},{"floor":31.0,"key":"SkillPotion"},{"floor":35.0,"key":"sneckomod:MuddlingPotion"},{"floor":40.0,"key":"BlessingOfTheForge"},{"floor":45.0,"key":"Dexterity Potion"},{"floor":46.0,"key":"Strength Potion"}],"is_trial":false,"path_per_floor":["M","M","?","?","M","R","E","R","T","E","?","E","M","M","R","B",null,"M","M","?","$","?","R","?","M","T","E","R","M","R","E","R","B",null,"M","?","M","$","?","E","M","?","T","M","M","M","R","M","R_BF","B",null,"R","$","E","B",null],"character_chosen":"THE_DEFAULT","items_purchased":["Counterbalance","Mummified Hand","Strange Spoon","dioMod:Hiss+1","Pet Ghost","Master of Strategy","dioMod:DarkRebirth"],"campfire_rested":1,"item_purchase_floors":[21,21,38,38,53,53,53],"current_hp_per_floor":[75,71,60,60,62,62,38,60,60,61,61,50,40,44,44,2,75,65,67,67,67,67,67,67,69,69,59,59,61,61,62,62,63,82,82,82,82,82,82,78,80,80,80,82,76,80,80,80,80,59,82,82,79,31,6],"gold":143,"neow_bonus":"BOSS_RELIC","is_daily":false,"chose_seed":false,"campfire_upgraded":7,"win_rate":0.0,"timestamp":1613574911,"path_taken":["M","M","?","?","?","R","E","R","T","E","?","E","?","M","R","BOSS","M","M","?","$","?","R","?","M","T","E","R","M","R","E","R","BOSS","M","?","M","?","?","E","M","?","T","M","M","M","R","?","R_BF","BOSS","R","$","E","BOSS"],"items_purchased_type":["Relic","Relic","Relic","Card","Relic","Card","Card"],"build_version":"2020-12-22","purchased_purges":1,"victory":true,"max_hp_per_floor":[75,75,75,75,75,75,75,75,75,75,75,75,75,75,75,75,75,75,75,75,75,75,75,75,75,75,75,75,75,75,82,82,82,82,82,82,82,82,82,82,82,82,82,82,82,82,82,82,82,82,82,82,79,79,79],"card_choices":[{"not_picked":["dioMod:BloodSplash","dioMod:SecretPlan"],"picked":"dioMod:Muda","floor":1.0},{"not_picked":["dioMod:BloodShield","dioMod:DominatingPresence"],"picked":"dioMod:Muda","floor":2.0},{"not_picked":["dioMod:Hiss","dioMod:WRYYY"],"picked":"dioMod:DoubleTime","floor":5.0},{"not_picked":["dioMod:VengefulMuda","dioMod:CutDeep"],"picked":"dioMod:ComboFever","floor":7.0},{"not_picked":["dioMod:StreetSign","dioMod:LaserVision"],"picked":"dioMod:DisarmingVoice","floor":10.0},{"not_picked":["dioMod:PhantomBlood","dioMod:CutDeep","dioMod:Pluck"],"picked":"SKIP","floor":12.0},{"not_picked":["dioMod:FlyAway+1","dioMod:WRYYY"],"picked":"dioMod:HeavyLifting+1","floor":13.0},{"not_picked":["dioMod:ComboFever","dioMod:CautiousMuda+1"],"picked":"dioMod:GoodbyeJojo","floor":14.0},{"not_picked":["dioMod:PhantomBlood","dioMod:GoldVial"],"picked":"dioMod:Refresh","floor":16.0},{"not_picked":["dioMod:TripleThreat+1","dioMod:ComboFever+1"],"picked":"dioMod:Roundabout+1","floor":18.0},{"not_picked":["dioMod:SecretPlan+1","dioMod:DaggerToss+1"],"picked":"dioMod:FlyAway+1","floor":19.0},{"not_picked":["dioMod:Minions","dioMod:BloodShield+1"],"picked":"dioMod:Muda+1","floor":25.0},{"not_picked":["dioMod:BloodShield+1","dioMod:Diversion"],"picked":"dioMod:DoubleTime","floor":27.0},{"not_picked":["dioMod:ComboFever","dioMod:VengefulMuda+1"],"picked":"dioMod:StreetSign+1","floor":29.0},{"not_picked":["dioMod:SecretPlan+1","dioMod:DominatingPresence"],"picked":"dioMod:Hiss+1","floor":31.0},{"not_picked":["dioMod:KonoDioDa","dioMod:PhantomBlood"],"picked":"dioMod:SevenPageMuda","floor":33.0},{"not_picked":["dioMod:BloodShield+1","dioMod:DaggerSpree+1","dioMod:ComposedMuda+1"],"picked":"SKIP","floor":35.0},{"not_picked":["dioMod:Hiss+1","dioMod:TripleThreat+1"],"picked":"dioMod:CautiousMuda+1","floor":37.0},{"not_picked":["dioMod:VengefulMuda+1","dioMod:WRYYY"],"picked":"dioMod:CautiousMuda+1","floor":40.0},{"not_picked":["dioMod:SecretPlan+1","dioMod:ComboFever+1"],"picked":"dioMod:Minions","floor":41.0},{"not_picked":["dioMod:LaserVision+1","dioMod:Donut+1","dioMod:DisarmingVoice"],"picked":"SKIP","floor":44.0},{"not_picked":["dioMod:LaserVision+1","dioMod:ComboFever"],"picked":"dioMod:DoubleTime+1","floor":45.0},{"not_picked":["dioMod:LaserVision+1","dioMod:FlyAway+1"],"picked":"dioMod:PathToHeaven","floor":46.0},{"not_picked":["dioMod:ComposedMuda+1","dioMod:VengefulMuda+1"],"picked":"dioMod:Muda+1","floor":48.0},{"not_picked":["dioMod:Minions","dioMod:BloodShield+1","dioMod:Pluck+1"],"picked":"SKIP","floor":54.0}],"player_experience":239934,"relics_obtained":[{"floor":7.0,"key":"reliquary:OuijaBoard"},{"floor":9.0,"key":"TungstenRod"},{"floor":12.0,"key":"theForsaken:HumbleEgg"},{"floor":26.0,"key":"Happy Flower"},{"floor":27.0,"key":"Onion Ring"},{"floor":31.0,"key":"Strawberry"},{"floor":40.0,"key":"Replay:Bandana"},{"floor":54.0,"key":"Boot"}],"event_choices":[{"damage_healed":0.0,"max_hp_gain":0.0,"max_hp_loss":0.0,"gold_gain":75.0,"event_name":"betterThird:BetterGoop","player_choice":"Gold","floor":3.0,"gold_loss":0.0,"damage_taken":11.0},{"damage_healed":0.0,"max_hp_gain":0.0,"max_hp_loss":0.0,"gold_gain":0.0,"cards_transformed":["dioMod:Defend"],"event_name":"Transmorgrifier","player_choice":"Transformed","floor":4.0,"gold_loss":0.0,"damage_taken":0.0,"cards_obtained":["dioMod:MudaMudaMuda"]},{"damage_healed":0.0,"max_hp_gain":0.0,"max_hp_loss":0.0,"gold_gain":0.0,"event_name":"NoteForYourself","player_choice":"Ignored","floor":11.0,"gold_loss":0.0,"damage_taken":0.0},{"damage_healed":0.0,"max_hp_gain":0.0,"max_hp_loss":0.0,"gold_gain":99.0,"event_name":"betterThird:BetterNest","player_choice":"Steal","floor":20.0,"gold_loss":0.0,"damage_taken":0.0},{"cards_removed":["dioMod:Defend"],"damage_healed":0.0,"max_hp_gain":0.0,"max_hp_loss":0.0,"gold_gain":0.0,"event_name":"Purifier","player_choice":"Purged","floor":36.0,"gold_loss":0.0,"damage_taken":0.0}],"is_beta":false,"boss_relics":[{"not_picked":["SacredBark","hubris:TerracottaHorce"],"picked":"reliquary:ThirdArm"},{"not_picked":["hubris:CrackedHourglass","hubris:Stopwatch"],"picked":"hubris:VirtuousBlindfold"}],"items_purged_floors":[53],"is_endless":false,"potions_floor_spawned":[7,10,13,14,18,19,27,31,35,40,45,46],"ascension_level":0}}