{"host":"6ulps5ednfgqn0to","time":1613567594,"event":{"mods":["AchievementEnabler","BaseMod","Colored Map","Highlight Path","Minty Spire (QoL Compilation)","Relic Sorter","Relic Stats","StSLib"],"gold_per_floor":[110,110,35,210,210,244,244,258,305,13,25,52,52,86,86,182,182,198,198,223,234,251,251,251,251,276,293,293,323,336,362,362,362,362],"floor_reached":33,"language":"ENG","playtime":1345,"items_purged":["Regret"],"score":341,"play_id":"45aa9079-fc94-46f3-9cd6-2d36cf01106d","local_time":"20210217151314","is_ascension_mode":false,"campfire_choices":[{"data":"Leap","floor":7,"key":"SMITH"},{"data":"Beam Cell","floor":15,"key":"SMITH"},{"floor":23,"key":"REST"},{"data":"1","floor":25,"key":"LIFT"},{"floor":32,"key":"REST"}],"circlet_count":0,"master_deck":["Strike_B","Strike_B","Strike_B","Defend_B","Defend_B","Defend_B","Defend_B","Zap","Dualcast+1","Gash","Leap+1","FTL","Ball Lightning","Reinforced Body","Undo","Beam Cell+1","All For One","CurseOfTheBell","Go for the Eyes","Beam Cell","Beam Cell+1","BootSequence","Decay","Loop+1","J.A.X.","White Noise","Leap+1","Gash"],"relics":["Cracked Core","Omamori","Boot","Strawberry","Blue Candle","Odd Mushroom","WarpedTongs","Pen Nib","Calling Bell","Anchor","Kunai","Girya","Enchiridion","Red Mask","Potion Belt","Vajra","WingedGreaves"],"acts_visited":["Exordium","TheCity"],"potions_floor_usage":[14,14,31,31,33],"damage_taken":[{"damage":0,"enemies":"2 Louse","floor":1,"turns":2},{"damage":36,"enemies":"Lagavulin","floor":6,"turns":9},{"damage":0,"enemies":"Small Slimes","floor":8,"turns":2},{"damage":0,"enemies":"Cultist","floor":11,"turns":2},{"damage":1,"enemies":"The Mushroom Lair","floor":12,"turns":3},{"damage":16,"enemies":"Gremlin Nob","floor":14,"turns":4},{"damage":19,"enemies":"Hexaghost","floor":16,"turns":10},{"damage":6,"enemies":"Shell Parasite","floor":18,"turns":4},{"damage":25,"enemies":"Masked Bandits","floor":20,"turns":5},{"damage":11,"enemies":"2 Thieves","floor":21,"turns":3},{"damage":14,"enemies":"Snake Plant","floor":22,"turns":3},{"damage":3,"enemies":"3 Cultists","floor":27,"turns":4},{"damage":11,"enemies":"Gremlin Leader","floor":29,"turns":6},{"damage":6,"enemies":"Snecko","floor":30,"turns":3},{"damage":3,"enemies":"Book of Stabbing","floor":31,"turns":3},{"damage":37,"enemies":"Collector","floor":33,"turns":7}],"seed_played":"-2083759467764533141","potions_obtained":[{"floor":6,"key":"SneckoOil"},{"floor":8,"key":"SneckoOil"},{"floor":12,"key":"Swift Potion"},{"floor":18,"key":"BlessingOfTheForge"},{"floor":22,"key":"Energy Potion"},{"floor":29,"key":"Ancient Potion"},{"floor":30,"key":"DuplicationPotion"}],"is_trial":false,"path_per_floor":["M","?","$","?","?","E","R","M","T","$","M","?","?","E","R","B",null,"M","?","?","M","M","R","?","R","T","M","?","E","M","E","R","B"],"character_chosen":"DEFECT","items_purchased":["Blue Candle","Ball Lightning"],"campfire_rested":2,"item_purchase_floors":[10,10],"current_hp_per_floor":[75,75,75,75,75,39,39,39,46,46,46,45,45,29,29,10,82,76,60,35,24,10,34,34,34,34,31,31,20,14,11,35,0,0],"gold":362,"neow_bonus":"UPGRADE_CARD","is_daily":false,"chose_seed":false,"campfire_upgraded":2,"win_rate":0.0,"timestamp":1613567594,"path_taken":["M","?","$","?","?","E","R","M","T","$","M","?","?","E","R","BOSS","M","?","?","M","?","R","?","R","T","M","?","E","M","E","R","BOSS"],"items_purchased_type":["Relic","Card"],"build_version":"2020-12-22","purchased_purges":1,"victory":false,"max_hp_per_floor":[75,75,75,75,75,75,75,75,82,82,82,82,82,82,82,82,82,82,82,82,82,82,82,82,82,82,82,82,82,82,82,82,82,82],"relic_stats":{"counters":[16,70],"Blue Candle":[7],"Pen Nib":[13],"Kunai":[24],"Boot":[29],"obtain_stats":[{"Potion Belt":26,"Girya":17,"Blue Candle":10,"Enchiridion":19,"Vajra":29,"Pen Nib":14,"Omamori":2,"Odd Mushroom":12,"Boot":6,"WarpedTongs":13,"Calling Bell":17,"Anchor":17,"Strawberry":9,"WingedGreaves":31,"Red Mask":20,"Kunai":17,"Cracked Core":0},{"Potion Belt":11,"Girya":7,"Blue Candle":3,"Enchiridion":8,"Vajra":13,"Pen Nib":6,"Omamori":1,"Odd Mushroom":5,"Boot":2,"WarpedTongs":5,"Calling Bell":7,"Anchor":7,"Strawberry":3,"WingedGreaves":15,"Red Mask":9,"Kunai":7,"Cracked Core":0},{"Potion Belt":47,"Girya":32,"Blue Candle":13,"Enchiridion":36,"Vajra":57,"Pen Nib":22,"Omamori":2,"Odd Mushroom":18,"Boot":11,"WarpedTongs":18,"Calling Bell":32,"Anchor":32,"Strawberry":13,"WingedGreaves":63,"Red Mask":41,"Kunai":32,"Cracked Core":0}],"WarpedTongs":[52]},"card_choices":[{"not_picked":["Leap","Capacitor"],"picked":"Gash","floor":1},{"not_picked":["Stack","Ball Lightning"],"picked":"Leap","floor":6},{"not_picked":["Glacier","Sweeping Beam"],"picked":"FTL","floor":8},{"not_picked":["Tempest","Redo"],"picked":"Reinforced Body","floor":11},{"not_picked":["Tempest","Steam"],"picked":"Undo","floor":12},{"not_picked":["BootSequence","Cold Snap"],"picked":"Beam Cell","floor":14},{"not_picked":["Amplify","Biased Cognition"],"picked":"All For One","floor":16},{"not_picked":["Scrape","Turbo+1"],"picked":"Go for the Eyes","floor":18},{"not_picked":["Leap+1","Hello World"],"picked":"Beam Cell","floor":20},{"not_picked":["Steam","Stack+1"],"picked":"Beam Cell+1","floor":21},{"not_picked":["Rebound","Beam Cell+1"],"picked":"BootSequence","floor":22},{"not_picked":["Steam","Stack"],"picked":"Loop+1","floor":27},{"not_picked":["Multi-Cast","Rip and Tear"],"picked":"White Noise","floor":29},{"not_picked":["Storm","Reinforced Body"],"picked":"Leap+1","floor":30},{"not_picked":["Darkness+1","Leap+1"],"picked":"Gash","floor":31}],"player_experience":37672,"relics_obtained":[{"floor":6,"key":"Boot"},{"floor":9,"key":"Strawberry"},{"floor":12,"key":"Odd Mushroom"},{"floor":14,"key":"Pen Nib"},{"floor":17,"key":"Anchor"},{"floor":17,"key":"Kunai"},{"floor":17,"key":"Girya"},{"floor":19,"key":"Enchiridion"},{"floor":20,"key":"Red Mask"},{"floor":26,"key":"Potion Belt"},{"floor":29,"key":"Vajra"},{"floor":31,"key":"WingedGreaves"}],"event_choices":[{"damage_healed":0,"gold_gain":0,"player_choice":"Box","damage_taken":0,"relics_obtained":["Omamori"],"max_hp_gain":0,"max_hp_loss":0,"event_name":"Big Fish","floor":2,"gold_loss":0,"cards_obtained":["Regret"]},{"damage_healed":0,"gold_gain":175,"player_choice":"AGREE","damage_taken":0,"max_hp_gain":0,"max_hp_loss":0,"event_name":"Liars Game","floor":4,"gold_loss":0,"cards_obtained":["Doubt"]},{"cards_removed":["Strike_B"],"damage_healed":0,"gold_gain":0,"player_choice":"Forget","damage_taken":0,"max_hp_gain":0,"max_hp_loss":0,"event_name":"Living Wall","floor":5,"gold_loss":0},{"damage_healed":0,"gold_gain":0,"player_choice":"Fought Mushrooms","damage_taken":0,"max_hp_gain":0,"max_hp_loss":0,"event_name":"Mushrooms","floor":12,"gold_loss":0},{"damage_healed":0,"gold_gain":0,"player_choice":"Rummage","damage_taken":0,"relics_obtained":["WarpedTongs"],"max_hp_gain":0,"max_hp_loss":0,"event_name":"Accursed Blacksmith","floor":13,"gold_loss":0,"cards_obtained":["Pain"]},{"damage_healed":0,"gold_gain":0,"player_choice":"Obtained Book","damage_taken":16,"max_hp_gain":0,"max_hp_loss":0,"event_name":"Cursed Tome","floor":19,"gold_loss":0},{"damage_healed":0,"gold_gain":0,"player_choice":"Fought Bandits","damage_taken":0,"max_hp_gain":0,"max_hp_loss":0,"event_name":"Masked Bandits","floor":20,"gold_loss":0},{"damage_healed":0,"gold_gain":0,"player_choice":"Smashed Altar","damage_taken":0,"max_hp_gain":0,"max_hp_loss":0,"event_name":"Forgotten Altar","floor":24,"gold_loss":0,"cards_obtained":["Decay"]},{"damage_healed":0,"gold_gain":0,"player_choice":"Obtain J.A.X.","damage_taken":0,"max_hp_gain":0,"max_hp_loss":0,"event_name":"Drug Dealer","floor":28,"gold_loss":0,"cards_obtained":["J.A.X."]}],"is_beta":false,"boss_relics":[{"not_picked":["Nuclear Battery","Runic Dome"],"picked":"Calling Bell"}],"items_purged_floors":[3],"is_endless":false,"potions_floor_spawned":[6,8,12,18,22,29,30],"killed_by":"Collector","ascension_level":0}}