{"host":"5h6e4l6hpn0p5lap","time":1613587179,"event":{"mods":["AchievementEnabler","BaseMod","Better Altar","Better Match","Better Sensory Stone","Better Skull","Better Third Choice","Colored Map","Filter the Spire","Minty Spire (QoL Compilation)","StSLib"],"gold_per_floor":[118,118,129,7,23,23,54,29,53,53,53,65,65,91,91,91,91],"floor_reached":16,"language":"ENG","playtime":440,"items_purged":[],"score":146,"play_id":"19ab3ee6-fbf0-4c17-b72e-8d462c4ec386","local_time":"20210217133939","is_ascension_mode":true,"campfire_choices":[{"data":"Fire Breathing","floor":6,"key":"SMITH"},{"data":"Wild Strike","floor":10,"key":"SMITH"},{"data":"Wild Strike","floor":15,"key":"SMITH"}],"circlet_count":0,"master_deck":["Strike_R","Strike_R","Strike_R","Strike_R","Strike_R","Defend_R","Defend_R","Defend_R","Defend_R","Bash","Headbutt","Wild Strike+1","Fire Breathing+1","Brutality","Shrug It Off+1","Flex","Wild Strike+1"],"relics":["Burning Blood","Boot","Bag of Preparation","Bag of Marbles","Ginger","Mummified Hand"],"acts_visited":["Exordium"],"potions_floor_usage":[7,7,14,16],"damage_taken":[{"damage":0,"enemies":"Small Slimes","floor":1,"turns":3},{"damage":8,"enemies":"Jaw Worm","floor":3,"turns":4},{"damage":0,"enemies":"Cultist","floor":5,"turns":2},{"damage":33,"enemies":"Lagavulin","floor":7,"turns":5},{"damage":9,"enemies":"Blue Slaver","floor":12,"turns":2},{"damage":13,"enemies":"3 Sentries","floor":14,"turns":5},{"damage":57,"enemies":"The Guardian","floor":16,"turns":11}],"seed_played":"-1816430980707894167","potions_obtained":[{"floor":1,"key":"Strength Potion"},{"floor":3,"key":"DistilledChaos"},{"floor":5,"key":"Regen Potion"},{"floor":12,"key":"Swift Potion"}],"is_trial":false,"path_per_floor":["M","?","M","$","M","R","E","$","T","R","?","M","?","E","R","B"],"character_chosen":"IRONCLAD","items_purchased":["Wild Strike","Fire Breathing","Flex"],"campfire_rested":0,"item_purchase_floors":[4,4,8],"current_hp_per_floor":[78,78,76,76,80,80,53,53,53,53,53,50,50,57,57,0,0],"gold":91,"neow_bonus":"RANDOM_COMMON_RELIC","is_daily":false,"chose_seed":false,"campfire_upgraded":3,"win_rate":0.0,"timestamp":1613587179,"path_taken":["M","?","M","$","M","R","E","$","T","R","?","?","?","E","R","BOSS"],"items_purchased_type":["Card","Card","Card"],"build_version":"2020-12-22","purchased_purges":0,"victory":false,"max_hp_per_floor":[80,80,80,80,80,80,80,80,80,80,80,80,80,80,80,80,80],"card_choices":[{"not_picked":["True Grit","Blood for Blood"],"picked":"Perfected Strike","floor":1},{"not_picked":["Warcry","Thunderclap"],"picked":"Headbutt","floor":3},{"not_picked":["Havoc","Sword Boomerang"],"picked":"Brutality","floor":5},{"not_picked":["Spot Weakness","Ghostly Armor"],"picked":"Shrug It Off","floor":7},{"not_picked":["Infernal Blade","Flex","Warcry"],"picked":"SKIP","floor":12},{"not_picked":["Burning Pact","Barricade"],"picked":"Wild Strike","floor":14}],"player_experience":1135946,"relics_obtained":[{"floor":7,"key":"Bag of Preparation"},{"floor":9,"key":"Bag of Marbles"},{"floor":14,"key":"Mummified Hand"}],"event_choices":[{"damage_healed":0,"gold_gain":0,"player_choice":"Ignored","damage_taken":0,"max_hp_gain":0,"max_hp_loss":0,"event_name":"Golden Wing","floor":2,"gold_loss":0},{"damage_healed":0,"gold_gain":0,"player_choice":"Forge","damage_taken":0,"max_hp_gain":0,"max_hp_loss":0,"event_name":"Accursed Blacksmith","floor":11,"gold_loss":0,"cards_upgraded":["Shrug It Off"]},{"cards_removed":["Perfected Strike"],"damage_healed":0,"gold_gain":0,"player_choice":"Gave Card","damage_taken":0,"relics_obtained":["Ginger"],"max_hp_gain":0,"max_hp_loss":0,"event_name":"WeMeetAgain","floor":13,"gold_loss":0}],"is_beta":false,"boss_relics":[],"items_purged_floors":[],"is_endless":false,"potions_floor_spawned":[1,3,5,12],"killed_by":"The Guardian","ascension_level":7}}