{"host":"m6rwrrl4vtok99e8","time":1613530738,"event":{"mods":["Act Like it!","Arknights","Aspiration","BaseMod","Colored Powertips","Downfall","KomeijiMod","LagranYue(???·?)","Lobotomy","Marisa????????","Minty Spire (QoL Compilation)","Quick Restart","Reliquary","Remilia??????","Replay The Spire","StSLib","The Bug Knight","The Hierophant","The Servant 0.9.4","Waifu the Spire","WarShipGirlsR/????R mod","Youmu??????","Yuri Mod"],"gold_per_floor":[99,99,99,99,99,199,199,99,109,58,58,58],"floor_reached":11,"language":"ZHS","playtime":274,"items_purged":[],"score":82,"play_id":"df791ce3-716a-4644-8f95-44b4bd8b63d4","local_time":"20210217105858","is_ascension_mode":false,"campfire_choices":[{"data":"KidneyShot","floor":1,"key":"SMITH"},{"data":"Embodiment","floor":8,"key":"SMITH"}],"circlet_count":0,"master_deck":["Strike_S","Strike_S","Strike_S","Strike_S","Defend_S","Defend_S","Defend_S","Defend_S","KidneyShot+1","Exchange","downfall:Aged","Voices","Embodiment+1","CommonCold","BestPractice"],"relics":["Uniform","LagranYue:RandomDrawCardRelic","downfall:HeartsMalice","downfall:ExtraCursedKey","ReplayTheSpireMod:Ring of Exchange","Ring of Searing","Potion Belt","downfall:HeartBlessingBlue"],"acts_visited":["Exordium"],"potions_floor_usage":[],"damage_taken":[{"damage":0,"enemies":"2 Louse","floor":2,"turns":1},{"damage":0,"enemies":"Small Slimes","floor":3,"turns":1},{"damage":0,"enemies":"downfall:LadyInBlue","floor":6,"turns":1},{"damage":22,"enemies":"Cultist","floor":9,"turns":4},{"damage":0,"enemies":"downfall:FleeingMerchant","floor":10,"turns":4},{"damage":178,"enemies":"Gremlin Nob","floor":11,"turns":5}],"seed_played":"572881385452944805","potions_obtained":[{"floor":6,"key":"EntropicBrew"},{"floor":6,"key":"Dexterity Potion"},{"floor":6,"key":"SmokeBomb"},{"floor":6,"key":"Toxic Potion"},{"floor":9,"key":"SteroidPotion"}],"is_trial":false,"path_per_floor":["R","M","M","?","?","?","T","R","M","$","E"],"character_chosen":"THE_SERVANT","items_purchased":["BestPractice"],"campfire_rested":0,"item_purchase_floors":[10],"current_hp_per_floor":[65,65,65,70,70,70,70,80,58,58,0,0],"gold":58,"neow_bonus":"THREE_ENEMY_KILL","is_daily":false,"chose_seed":false,"campfire_upgraded":2,"win_rate":0.0,"timestamp":1613530738,"path_taken":["R","M","M","?","?","?","T","R","?","$","E"],"items_purchased_type":["Card"],"build_version":"2020-12-22","purchased_purges":0,"victory":false,"max_hp_per_floor":[65,65,65,70,70,70,70,80,80,80,80,80],"card_choices":[{"not_picked":["Replace","Rewind","BottledTime"],"picked":"SKIP","floor":2},{"not_picked":["Contraction","Foresight","Defy"],"picked":"SKIP","floor":3},{"not_picked":["BottledTime","Starlight"],"picked":"Embodiment","floor":6},{"not_picked":["ShatteredReality","Ricochet","Replace"],"picked":"SKIP","floor":9},{"not_picked":["Defy","Replace","ShatteredReality"],"picked":"SKIP","floor":10}],"player_experience":28789,"relics_obtained":[{"floor":5,"key":"ReplayTheSpireMod:Ring of Exchange"},{"floor":5,"key":"Ring of Searing"},{"floor":6,"key":"Potion Belt"}],"event_choices":[],"is_beta":false,"boss_relics":[],"items_purged_floors":[],"is_endless":false,"potions_floor_spawned":[6,9],"killed_by":"Gremlin Nob","ascension_level":0}}