{"host":"i0avyit1s6jb1siw","time":1613585594,"event":{"mods":["BaseMod","DeckTracker","Dota2Spire","Highlight Path","Minty Spire (QoL Compilation)","Quick Restart","StSLib","SuperFastMode"],"gold_per_floor":[10,10,33,33,46,46,77,77,77,98,98,132,153,112,112,112,201,201,221,236,286,127,127,127,127],"floor_reached":24,"language":"ENG","playtime":914,"items_purged":["Strike_R"],"score":408,"play_id":"b3820214-da7b-45c6-840a-894cfb5fb674","local_time":"20210217191314","is_ascension_mode":true,"campfire_choices":[{"data":"Carnage","floor":6.0,"key":"SMITH"},{"data":"Shockwave","floor":8.0,"key":"SMITH"},{"data":"Blood for Blood","floor":15.0,"key":"SMITH"},{"data":"Flame Barrier","floor":16.0,"key":"SMITH"}],"circlet_count":0,"master_deck":["AscendersBane","Strike_R","Strike_R","Strike_R","Strike_R","Defend_R","Defend_R","Defend_R","Defend_R","Bash","Cleave","Shockwave+1","Carnage+1","Flame Barrier+1","Blood for Blood+1","Pommel Strike","Evolve","Immolate","Wild Strike+1","Fire Breathing"],"relics":["Burning Blood","Gambling Chip","Golden Idol","Singing Bowl","Paper Frog","Ancient Tea Set","Philosopher\u0027s Stone"],"acts_visited":["Exordium","TheCity"],"potions_floor_usage":[24,24],"damage_taken":[{"damage":7.0,"enemies":"Jaw Worm","floor":1.0,"turns":3.0},{"damage":4.0,"enemies":"2 Louse","floor":3.0,"turns":2.0},{"damage":0.0,"enemies":"Cultist","floor":5.0,"turns":4.0},{"damage":20.0,"enemies":"3 Sentries","floor":7.0,"turns":8.0},{"damage":1.0,"enemies":"Blue Slaver","floor":10.0,"turns":5.0},{"damage":24.0,"enemies":"Gremlin Nob","floor":12.0,"turns":4.0},{"damage":8.0,"enemies":"Lots of Slimes","floor":13.0,"turns":4.0},{"damage":30.0,"enemies":"The Guardian","floor":17.0,"turns":11.0},{"damage":30.0,"enemies":"Spheric Guardian","floor":19.0,"turns":4.0},{"damage":20.0,"enemies":"Shell Parasite","floor":20.0,"turns":5.0},{"damage":50,"enemies":"Slavers","floor":24,"turns":3}],"seed_played":"124225120304691275","potions_obtained":[{"floor":3.0,"key":"SmokeBomb"},{"floor":7.0,"key":"DistilledChaos"},{"floor":12.0,"key":"Dota2Spire:HealingSalve"},{"floor":19.0,"key":"Fruit Juice"},{"floor":20.0,"key":"SpeedPotion"}],"is_trial":false,"path_per_floor":["M","?","M","?","M","R","E","R","T","M","?","E","M","$","R","R","B",null,"M","M","?","$","?","E"],"character_chosen":"IRONCLAD","items_purchased":["Evolve","Fire Breathing"],"campfire_rested":0,"item_purchase_floors":[14,22],"current_hp_per_floor":[67,67,68,73,73,73,59,59,59,64,54,36,36,36,36,36,27,63,41,27,20,20,35,0,0],"gold":127,"neow_bonus":"ONE_RARE_RELIC","is_daily":false,"chose_seed":false,"campfire_upgraded":4,"win_rate":0.0,"timestamp":1613585594,"path_taken":["M","?","M","?","?","R","E","R","T","?","?","E","?","?","R","R","BOSS","M","M","?","?","?","E"],"items_purchased_type":["Card","Card"],"build_version":"2020-12-22","purchased_purges":1,"victory":false,"max_hp_per_floor":[75,68,68,73,73,73,73,73,73,73,73,73,75,75,75,75,75,75,77,77,77,77,77,82,82],"card_choices":[{"not_picked":["Havoc","Body Slam"],"picked":"Cleave","floor":1.0},{"not_picked":["Twin Strike","Heavy Blade"],"picked":"Shockwave","floor":3.0},{"not_picked":["Flex","Warcry"],"picked":"Carnage","floor":5.0},{"not_picked":["Thunderclap","Brutality"],"picked":"Flame Barrier","floor":7.0},{"not_picked":["Metallicize","Dropkick"],"picked":"Blood for Blood","floor":10.0},{"not_picked":["Twin Strike","Dual Wield"],"picked":"Pommel Strike","floor":12.0},{"not_picked":["Thunderclap","Metallicize","Rupture"],"picked":"Singing Bowl","floor":13.0},{"not_picked":["Reaper","Double Tap"],"picked":"Immolate","floor":17.0},{"not_picked":["Dark Embrace","Dropkick","Cleave+1"],"picked":"Singing Bowl","floor":19.0},{"not_picked":["Anger","Heavy Blade"],"picked":"Wild Strike+1","floor":20.0}],"player_experience":2451855,"relics_obtained":[{"floor":7.0,"key":"Singing Bowl"},{"floor":9.0,"key":"Paper Frog"},{"floor":12.0,"key":"Ancient Tea Set"}],"event_choices":[{"damage_healed":0.0,"max_hp_gain":0.0,"max_hp_loss":7.0,"gold_gain":0.0,"event_name":"Golden Idol","player_choice":"Lose Max HP","floor":2.0,"gold_loss":0.0,"damage_taken":0.0,"relics_obtained":["Golden Idol"]},{"damage_healed":0.0,"max_hp_gain":5.0,"max_hp_loss":0.0,"gold_gain":0.0,"event_name":"Big Fish","player_choice":"Donut","floor":4.0,"gold_loss":0.0,"damage_taken":0.0},{"damage_healed":0.0,"max_hp_gain":0.0,"max_hp_loss":0.0,"gold_gain":0.0,"event_name":"Wheel of Change","player_choice":"Damaged","floor":11.0,"gold_loss":0.0,"damage_taken":10.0},{"damage_healed":0,"gold_gain":50,"player_choice":"Touch","damage_taken":7,"max_hp_gain":0,"max_hp_loss":0,"event_name":"FaceTrader","floor":21,"gold_loss":0},{"damage_healed":15,"gold_gain":0,"player_choice":"Heal","damage_taken":0,"max_hp_gain":0,"max_hp_loss":0,"event_name":"The Library","floor":23,"gold_loss":0}],"is_beta":false,"boss_relics":[{"not_picked":["SacredBark","Busted Crown"],"picked":"Philosopher\u0027s Stone"}],"items_purged_floors":[22],"is_endless":false,"potions_floor_spawned":[3,7,12,19,20],"killed_by":"Slavers","ascension_level":20}}