{"host":"jlz4is0nf6zo9oab","time":1613600815,"event":{"mods":["AchievementEnabler","BaseMod","Colored Map","Colored Powertips","Highlight Path","Minty Spire (QoL Compilation)","StSLib"],"gold_per_floor":[210,68,79,95,95,121,121,121,121,121,136,136,152,252,252,329,329,347,357,69,85,95,95,10,10,59,59,74,74,40,75,75,148,148,162,178,128,144,144,144,154,154,154,154,0,0,100,118,118,118,118],"floor_reached":50,"language":"SPA","playtime":1453,"items_purged":["Strike_G","Strike_G"],"score":800,"play_id":"94c748b3-cb78-4639-a0da-66083d64c789","local_time":"20210217232655","is_ascension_mode":true,"campfire_choices":[{"data":"Terror","floor":7,"key":"SMITH"},{"data":"Blade Dance","floor":10,"key":"SMITH"},{"data":"Footwork","floor":12,"key":"SMITH"},{"floor":15,"key":"REST"},{"floor":23,"key":"REST"},{"floor":25,"key":"REST"},{"data":"Envenom","floor":27,"key":"SMITH"},{"data":"Envenom","floor":32,"key":"SMITH"},{"floor":40,"key":"REST"},{"data":"Blade Dance","floor":42,"key":"SMITH"},{"data":"Finisher","floor":44,"key":"SMITH"},{"floor":49,"key":"REST"}],"circlet_count":0,"master_deck":["AscendersBane","Strike_G","Strike_G","Strike_G","Defend_G","Defend_G","Defend_G","Defend_G","Defend_G","Survivor","Neutralize","Calculated Gamble","Footwork+1","Terror+1","Blade Dance+1","Malaise","Finisher+1","Envenom+1","Dagger Spray","Blade Dance+1","Envenom+1","Noxious Fumes","Bane+1","Slice","Footwork+1","Accuracy"],"relics":["Ring of the Snake","Bottled Lightning","Shuriken","SlaversCollar","Ninja Scroll","Paper Crane","Smiling Mask","Bottled Flame","WristBlade","Singing Bowl","Red Mask"],"acts_visited":["Exordium","TheCity","TheBeyond"],"potions_floor_usage":[6,19,31,33,38,50],"damage_taken":[{"damage":3,"enemies":"Small Slimes","floor":1,"turns":4},{"damage":3,"enemies":"2 Louse","floor":3,"turns":5},{"damage":0,"enemies":"Cultist","floor":4,"turns":3},{"damage":15,"enemies":"3 Sentries","floor":6,"turns":14},{"damage":3,"enemies":"Large Slime","floor":11,"turns":5},{"damage":16,"enemies":"Gremlin Gang","floor":13,"turns":4},{"damage":44,"enemies":"Slime Boss","floor":16,"turns":13},{"damage":15,"enemies":"Chosen","floor":18,"turns":4},{"damage":0,"enemies":"Shell Parasite","floor":19,"turns":1},{"damage":18,"enemies":"Snecko","floor":21,"turns":3},{"damage":0,"enemies":"Sentry and Sphere","floor":22,"turns":1},{"damage":16,"enemies":"Snake Plant","floor":28,"turns":4},{"damage":0,"enemies":"Book of Stabbing","floor":31,"turns":1},{"damage":57,"enemies":"Automaton","floor":33,"turns":8},{"damage":14,"enemies":"Orb Walker","floor":35,"turns":3},{"damage":4,"enemies":"3 Shapes","floor":36,"turns":5},{"damage":5,"enemies":"Sphere and 2 Shapes","floor":38,"turns":7},{"damage":0,"enemies":"Spire Growth","floor":41,"turns":2},{"damage":47,"enemies":"Writhing Mass","floor":48,"turns":4},{"damage":46,"enemies":"Donu and Deca","floor":50,"turns":5}],"seed_played":"2932788204348876716","potions_obtained":[{"floor":3,"key":"Explosive Potion"},{"floor":18,"key":"SteroidPotion"},{"floor":22,"key":"SteroidPotion"},{"floor":31,"key":"Poison Potion"},{"floor":33,"key":"Regen Potion"},{"floor":38,"key":"Swift Potion"},{"floor":48,"key":"Block Potion"}],"is_trial":false,"path_per_floor":["M","$","M","M","?","E","R","?","T","R","M","R","M","?","R","B",null,"M","M","$","M","M","R","?","R","T","R","M","?","$","E","R","B",null,"M","M","$","M","?","R","M","R","T","R","?","$","?","M","R","B"],"character_chosen":"THE_SILENT","items_purchased":["Footwork","Blade Dance","Ninja Scroll","Noxious Fumes"],"campfire_rested":5,"item_purchase_floors":[2,20,20,30],"current_hp_per_floor":[60,60,57,57,70,55,55,55,55,55,52,52,36,36,57,13,56,41,41,41,23,23,44,44,65,65,65,49,70,70,70,70,13,56,42,38,38,48,48,69,69,69,69,69,69,69,69,22,43,0,0],"gold":118,"neow_bonus":"HUNDRED_GOLD","is_daily":false,"chose_seed":false,"campfire_upgraded":7,"win_rate":0.0,"timestamp":1613600815,"path_taken":["M","$","M","M","?","E","R","?","T","R","?","R","M","?","R","BOSS","M","M","$","M","?","R","?","R","T","R","M","?","?","E","R","BOSS","M","M","$","M","?","R","M","R","T","R","?","$","?","?","R","BOSS"],"items_purchased_type":["Card","Card","Relic","Card"],"build_version":"2020-12-22","purchased_purges":2,"victory":false,"max_hp_per_floor":[70,70,70,70,70,70,70,70,70,70,70,70,70,70,70,70,70,70,70,70,70,70,70,70,70,70,70,70,70,70,70,70,70,70,70,70,70,70,70,70,70,70,70,70,70,70,70,70,70,70,70],"card_choices":[{"not_picked":["Quick Slash","Outmaneuver"],"picked":"Calculated Gamble","floor":1},{"not_picked":["Deadly Poison","Quick Slash"],"picked":"Terror","floor":3},{"not_picked":["Backstab","PiercingWail"],"picked":"Poisoned Stab","floor":4},{"not_picked":["Deadly Poison","Bullet Time"],"picked":"Blade Dance","floor":6},{"not_picked":["Underhanded Strike","Poisoned Stab"],"picked":"Finisher","floor":11},{"not_picked":["Poisoned Stab","Backflip","Slice"],"picked":"SKIP","floor":13},{"not_picked":["Unload","Burst"],"picked":"Envenom","floor":16},{"not_picked":["Dagger Throw","Sucker Punch"],"picked":"Dagger Spray","floor":18},{"not_picked":["Sucker Punch","Leg Sweep","Quick Slash"],"picked":"SKIP","floor":19},{"not_picked":["Quick Slash","Distraction"],"picked":"Envenom","floor":21},{"not_picked":["Deadly Poison","Distraction","Expertise+1"],"picked":"SKIP","floor":22},{"not_picked":["Deflect","Heel Hook","Endless Agony"],"picked":"SKIP","floor":28},{"not_picked":["Tactician","Deflect+1"],"picked":"Bane+1","floor":31},{"not_picked":["Dagger Throw","Prepared","PiercingWail"],"picked":"SKIP","floor":35},{"not_picked":["Acrobatics","Prepared","Dodge and Roll"],"picked":"SKIP","floor":36},{"not_picked":["Terror","Predator+1"],"picked":"Slice","floor":38},{"not_picked":["Choke","Dodge and Roll"],"picked":"Footwork+1","floor":41},{"not_picked":["Tactician+1","Heel Hook"],"picked":"Accuracy","floor":48}],"player_experience":971263,"relics_obtained":[{"floor":6,"key":"Bottled Lightning"},{"floor":9,"key":"Shuriken"},{"floor":26,"key":"Smiling Mask"},{"floor":31,"key":"Bottled Flame"},{"floor":43,"key":"Singing Bowl"}],"event_choices":[{"damage_healed":23,"gold_gain":0,"player_choice":"Banana","damage_taken":0,"max_hp_gain":0,"max_hp_loss":0,"event_name":"Big Fish","floor":5,"gold_loss":0},{"damage_healed":0,"gold_gain":0,"player_choice":"1 cards matched","damage_taken":0,"max_hp_gain":0,"max_hp_loss":0,"event_name":"Match and Keep!","floor":8,"gold_loss":0,"cards_obtained":["Malaise"]},{"damage_healed":0,"gold_gain":100,"player_choice":"Pray","damage_taken":0,"max_hp_gain":0,"max_hp_loss":0,"event_name":"Golden Shrine","floor":14,"gold_loss":0},{"damage_healed":0,"gold_gain":0,"player_choice":"Obtained Relic","damage_taken":0,"relics_obtained":["Paper Crane"],"max_hp_gain":0,"max_hp_loss":0,"event_name":"Addict","floor":24,"gold_loss":85},{"damage_healed":23,"gold_gain":0,"player_choice":"Heal","damage_taken":0,"max_hp_gain":0,"max_hp_loss":0,"event_name":"The Library","floor":29,"gold_loss":0},{"cards_removed":["Poisoned Stab"],"damage_healed":0,"gold_gain":0,"player_choice":"Removed Attack","damage_taken":0,"max_hp_gain":0,"max_hp_loss":0,"event_name":"Falling","floor":39,"gold_loss":0},{"damage_healed":0,"gold_gain":0,"player_choice":"Paid","damage_taken":0,"relics_obtained":["Red Mask"],"max_hp_gain":0,"max_hp_loss":0,"event_name":"Tomb of Lord Red Mask","floor":45,"gold_loss":154},{"damage_healed":0,"gold_gain":100,"player_choice":"Pray","damage_taken":0,"max_hp_gain":0,"max_hp_loss":0,"event_name":"Golden Shrine","floor":47,"gold_loss":0}],"is_beta":false,"boss_relics":[{"not_picked":["Black Star","SacredBark"],"picked":"SlaversCollar"},{"not_picked":["Fusion Hammer","Sozu"],"picked":"WristBlade"}],"items_purged_floors":[2,37],"is_endless":false,"potions_floor_spawned":[3,4,11,18,22,31,33,38,48],"killed_by":"Donu and Deca","ascension_level":13}}