{"host":"xz7n3qy1zq36rzpg","time":1613554553,"event":{"mods":["BaseMod","Colored Map","Colored Powertips","Highlight Path","Minty Spire (QoL Compilation)","Quick Restart","Shop Mod"],"gold_per_floor":[113,113,113,113,128,128,166,181,235,235,259,259,150,166,166,295,295,295,295,295,295,318,358,358,383,407,428,471,496,520,534,534,664,664,684,684,698,722,738,738,753,816,840,865,61,81,81,81],"floor_reached":47,"language":"ENG","playtime":3011,"items_purged":["Strike_P"],"score":545,"play_id":"2fa4c838-1737-4a93-a890-9dbc23b1cc6d","local_time":"20210217103553","is_ascension_mode":true,"campfire_choices":[{"floor":6.0,"key":"REST"},{"data":"Eruption","floor":10.0,"key":"SMITH"},{"floor":15.0,"key":"REST"},{"floor":24.0,"key":"REST"},{"floor":32,"key":"REST"},{"floor":40,"key":"REST"}],"circlet_count":0,"master_deck":["Eruption+1","Vigilance+1","LessonLearned+1","FlurryOfBlows+1","CutThroughFate+1","SashWhip+1","BattleHymn","Swivel+1","Consecrate","Devotion+1","Necronomicurse","WheelKick+1","Perseverance+1","CutThroughFate+1","Evaluate+1","SandsOfTime","BowlingBash+1","Prostrate","ReachHeaven","MasterReality+1","Alpha","Protect+1","SpiritShield","EmptyBody","ConjureBlade","Worship+1","Establishment+1","EmptyBody+1","BowlingBash+1","BowlingBash+1","Apotheosis"],"relics":["PureWater","Golden Idol","Question Card","Bird Faced Urn","Bag of Marbles","Fusion Hammer","Necronomicon","Meat on the Bone","Boot","War Paint","PreservedInsect","Letter Opener","Pandora\u0027s Box","Torii","Pen Nib","Anchor","Gambling Chip","HandDrill"],"acts_visited":["Exordium","TheCity","TheBeyond"],"potions_floor_usage":[33,41],"damage_taken":[{"damage":9.0,"enemies":"Jaw Worm","floor":1.0,"turns":5.0},{"damage":6.0,"enemies":"2 Louse","floor":5.0,"turns":2.0},{"damage":28.0,"enemies":"Gremlin Nob","floor":7.0,"turns":4.0},{"damage":0.0,"enemies":"Cultist","floor":8.0,"turns":2.0},{"damage":6.0,"enemies":"Looter","floor":11.0,"turns":3.0},{"damage":0.0,"enemies":"Exordium Thugs","floor":14.0,"turns":1.0},{"damage":26.0,"enemies":"Hexaghost","floor":16.0,"turns":9.0},{"damage":0.0,"enemies":"Spheric Guardian","floor":18.0,"turns":2.0},{"damage":4.0,"enemies":"Chosen","floor":22.0,"turns":3.0},{"damage":9.0,"enemies":"Slavers","floor":23.0,"turns":5.0},{"damage":14.0,"enemies":"Centurion and Healer","floor":25.0,"turns":2.0},{"damage":7.0,"enemies":"Cultist and Chosen","floor":27.0,"turns":3.0},{"damage":14.0,"enemies":"Book of Stabbing","floor":28.0,"turns":4.0},{"damage":30.0,"enemies":"3 Cultists","floor":29.0,"turns":5.0},{"damage":0,"enemies":"Centurion and Healer","floor":30,"turns":5},{"damage":0,"enemies":"Snake Plant","floor":31,"turns":3},{"damage":7,"enemies":"Collector","floor":33,"turns":5},{"damage":12,"enemies":"3 Shapes","floor":35,"turns":5},{"damage":5,"enemies":"Orb Walker","floor":37,"turns":2},{"damage":35,"enemies":"4 Shapes","floor":38,"turns":5},{"damage":10,"enemies":"Jaw Worm Horde","floor":39,"turns":4},{"damage":40,"enemies":"Writhing Mass","floor":41,"turns":4},{"damage":27,"enemies":"Mind Bloom Boss Battle","floor":42,"turns":7},{"damage":37,"enemies":"Spire Growth","floor":44,"turns":5},{"damage":18,"enemies":"Sphere and 2 Shapes","floor":46,"turns":4},{"damage":66,"enemies":"Transient","floor":47,"turns":5}],"seed_played":"1808722233938928413","potions_obtained":[{"floor":5.0,"key":"Ambrosia"},{"floor":7.0,"key":"SneckoOil"},{"floor":8.0,"key":"Fire Potion"},{"floor":14.0,"key":"Regen Potion"},{"floor":22.0,"key":"SkillPotion"},{"floor":23.0,"key":"FairyPotion"},{"floor":28.0,"key":"AttackPotion"},{"floor":29.0,"key":"BlessingOfTheForge"},{"floor":31,"key":"Strength Potion"},{"floor":33,"key":"StancePotion"},{"floor":41,"key":"SteroidPotion"}],"is_trial":false,"path_per_floor":["M","?","?","T","M","R","E","M","T","R","M","?","$","M","R","B",null,"M","?","?","?","M","E","R","M","T","M","E","M","M","M","R","B",null,"M","?","M","M","M","R","M","?","T","M","$","M","M"],"character_chosen":"WATCHER","items_purchased":["Swivel","Anchor","Gambling Chip","HandDrill","BottledMiracle","Apotheosis"],"campfire_rested":5,"item_purchase_floors":[13,45,45,45,45,45],"current_hp_per_floor":[42,42,42,42,36,56,28,28,28,28,22,22,22,22,42,33,67,67,51,51,51,51,44,64,50,50,45,35,21,35,37,57,54,67,55,55,50,31,39,59,35,28,28,32,32,28,0,0],"gold":81,"neow_bonus":"THREE_RARE_CARDS","is_daily":false,"chose_seed":false,"campfire_upgraded":1,"win_rate":0.0,"timestamp":1613554553,"path_taken":["M","?","?","?","M","R","E","M","T","R","?","?","?","M","R","BOSS","M","?","?","?","M","E","R","M","T","M","E","?","M","M","R","BOSS","M","?","M","?","M","R","M","?","T","M","?","M","?"],"items_purchased_type":["Card","Relic","Relic","Relic","Potion","Card"],"build_version":"2020-12-22","purchased_purges":1,"victory":false,"max_hp_per_floor":[72,72,67,67,67,67,67,67,67,67,67,67,67,67,67,67,67,67,67,67,67,67,67,67,67,67,67,67,67,67,67,67,67,67,67,67,67,67,67,67,67,67,67,67,67,67,67,67],"card_choices":[{"not_picked":["MasterReality","ConjureBlade"],"picked":"LessonLearned","floor":0.0},{"not_picked":["Crescendo","BowlingBash"],"picked":"FlurryOfBlows","floor":1.0},{"not_picked":["EmptyBody","SignatureMove","LessonLearned","BowlingBash"],"picked":"SKIP","floor":5.0},{"not_picked":["Swivel","CarveReality","FlyingSleeves"],"picked":"CutThroughFate","floor":7.0},{"not_picked":["Pray","BowlingBash","Halt"],"picked":"SashWhip","floor":8.0},{"not_picked":["FlyingSleeves","ClearTheMind","Vengeance"],"picked":"BattleHymn","floor":11.0},{"not_picked":["EmptyFist","Indignation","ClearTheMind"],"picked":"Consecrate","floor":14.0},{"not_picked":["LessonLearned","ConjureBlade","Alpha"],"picked":"Devotion","floor":16.0},{"not_picked":["Crescendo","CrushJoints+1","Evaluate","SashWhip"],"picked":"SKIP","floor":18.0},{"not_picked":["Wireheading+1","SandsOfTime","Collect"],"picked":"WheelKick+1","floor":22.0},{"not_picked":["ForeignInfluence","Crescendo","FlyingSleeves"],"picked":"Perseverance+1","floor":23.0},{"not_picked":["Tantrum+1","Weave+1","Nirvana"],"picked":"CutThroughFate","floor":25.0},{"not_picked":["Crescendo","BowlingBash","CrushJoints+1"],"picked":"Evaluate+1","floor":27.0},{"not_picked":["Establishment","BattleHymn","Protect"],"picked":"SandsOfTime","floor":28.0},{"not_picked":["Adaptation","Weave+1","Prostrate"],"picked":"BowlingBash+1","floor":29.0},{"not_picked":["Collect","Tantrum","ClearTheMind"],"picked":"Prostrate","floor":30},{"not_picked":["CutThroughFate","Evaluate","FlyingSleeves+1"],"picked":"ReachHeaven","floor":31},{"not_picked":["Devotion","Scrawl","SpiritShield"],"picked":"MasterReality","floor":33},{"not_picked":["Crescendo+1","Nirvana+1","PathToVictory","Halt"],"picked":"SKIP","floor":35},{"not_picked":["CutThroughFate","Protect","Indignation+1","Fasting2+1"],"picked":"SKIP","floor":37},{"not_picked":["Halt","ClearTheMind","EmptyFist"],"picked":"EmptyBody+1","floor":38},{"not_picked":["FollowUp","SignatureMove+1","FearNoEvil"],"picked":"BowlingBash+1","floor":39},{"not_picked":["ThirdEye","PathToVictory+1","Weave+1"],"picked":"BowlingBash+1","floor":41},{"not_picked":["MentalFortress+1","LikeWater+1","Weave+1","Alpha"],"picked":"SKIP","floor":44},{"not_picked":["Protect","Conclude","Consecrate","CrushJoints"],"picked":"SKIP","floor":46}],"player_experience":524500,"relics_obtained":[{"floor":4.0,"key":"Question Card"},{"floor":7.0,"key":"Bird Faced Urn"},{"floor":9.0,"key":"Bag of Marbles"},{"floor":19.0,"key":"Necronomicon"},{"floor":23.0,"key":"War Paint"},{"floor":26.0,"key":"PreservedInsect"},{"floor":28.0,"key":"Letter Opener"},{"floor":42,"key":"Torii"},{"floor":43,"key":"Pen Nib"}],"event_choices":[{"damage_healed":0.0,"max_hp_gain":0.0,"max_hp_loss":0.0,"gold_gain":0.0,"event_name":"Liars Game","player_choice":"Ignored","floor":2.0,"gold_loss":0.0,"damage_taken":0.0},{"damage_healed":0.0,"max_hp_gain":0.0,"max_hp_loss":5.0,"gold_gain":0.0,"event_name":"Golden Idol","player_choice":"Lose Max HP","floor":3.0,"gold_loss":0.0,"damage_taken":0.0,"relics_obtained":["Golden Idol"]},{"damage_healed":0.0,"max_hp_gain":0.0,"max_hp_loss":0.0,"gold_gain":0.0,"event_name":"Living Wall","player_choice":"Grow","floor":12.0,"gold_loss":0.0,"damage_taken":0.0,"cards_upgraded":["SashWhip"]},{"damage_healed":0.0,"max_hp_gain":0.0,"max_hp_loss":0.0,"gold_gain":0.0,"event_name":"Cursed Tome","player_choice":"Obtained Book","floor":19.0,"gold_loss":0.0,"damage_taken":16.0},{"damage_healed":0.0,"max_hp_gain":0.0,"max_hp_loss":0.0,"gold_gain":0.0,"event_name":"The Mausoleum","player_choice":"Opened","floor":20.0,"gold_loss":0.0,"damage_taken":0.0,"relics_obtained":["Meat on the Bone"]},{"damage_healed":0.0,"max_hp_gain":0.0,"max_hp_loss":0.0,"gold_gain":0.0,"event_name":"WeMeetAgain","player_choice":"Gave Potion","floor":21.0,"gold_loss":0.0,"damage_taken":0.0,"relics_obtained":["Boot"]},{"damage_healed":0,"gold_gain":0,"player_choice":"Ignored","damage_taken":0,"max_hp_gain":0,"max_hp_loss":0,"event_name":"SecretPortal","floor":36,"gold_loss":0},{"damage_healed":0,"gold_gain":0,"player_choice":"Fight","damage_taken":0,"max_hp_gain":0,"max_hp_loss":0,"event_name":"MindBloom","floor":42,"gold_loss":0}],"is_beta":false,"boss_relics":[{"not_picked":["Coffee Dripper","SacredBark"],"picked":"Fusion Hammer"},{"not_picked":["SlaversCollar","Velvet Choker"],"picked":"Pandora\u0027s Box"}],"items_purged_floors":[13],"is_endless":false,"potions_floor_spawned":[5,7,8,14,22,23,28,29,31,33,39,41,46],"killed_by":"Transient","ascension_level":2}}