{"host":"e3zuhorjxi9w14q4","time":1613574190,"event":{"mods":["AchievementEnabler","Aspiration","BaseMod","Defuse TimeMaze Blight","Downfall","Energized Spire","GifTheSpireLib","Hubris","Infinite Spire","Jorbs\u0027s Wanderer Trilogy","Minty Spire (QoL Compilation)","Reliquary","Replay The Spire","Spicy Shops","Spikes Relics","StSLib","Stuff the Spire","The Bug Knight","The Marked","The Poker Player","The Servant 0.9.4"],"gold_per_floor":[99,99,99,99,99,99,146,146,175,189,215,115,133,133,149,149,149,149],"floor_reached":16,"language":"ENG","playtime":665,"items_purged":[],"score":106,"play_id":"2415dd0d-3bc1-4511-8b9f-a1165b20099b","local_time":"20210217160310","is_ascension_mode":false,"campfire_choices":[{"data":"infinitespire:FutureSight","floor":6,"key":"SMITH"},{"floor":12,"key":"REST"}],"circlet_count":0,"master_deck":["Guardian:Strike_Guardian","Guardian:Strike_Guardian","Guardian:Strike_Guardian","Guardian:Strike_Guardian","Guardian:Defend_Guardian","Guardian:Defend_Guardian+1","Guardian:Defend_Guardian","Guardian:Defend_Guardian+1","Guardian:CurlUp","Guardian:TwinSlam+1","Regret","infinitespire:FutureSight+1","Guardian:PiercingHide","Guardian:PiercingHide","Guardian:PrimingBeam","Guardian:BodySlam","Guardian:Gem_Cyan"],"relics":["Guardian:ModeShifter","downfall:HeartsMalice","War Paint","reliquary:Boomerang","Lantern","downfall:HeartBlessingBlue"],"acts_visited":["Exordium"],"potions_floor_usage":[11,11],"damage_taken":[{"damage":0,"enemies":"Jaw Worm","floor":2,"turns":1},{"damage":0,"enemies":"2 Louse","floor":5,"turns":1},{"damage":0,"enemies":"Cultist","floor":8,"turns":1},{"damage":20,"enemies":"Lagavulin","floor":9,"turns":8},{"damage":4,"enemies":"Exordium Wildlife","floor":10,"turns":4},{"damage":26,"enemies":"3 Sentries","floor":11,"turns":17},{"damage":2,"enemies":"3 Louse","floor":13,"turns":4},{"damage":1,"enemies":"Exordium Thugs","floor":15,"turns":5},{"damage":45,"enemies":"DF_ARCHETYPE_STREAMLINE","floor":16,"turns":9}],"seed_played":"6150099174864604919","potions_obtained":[{"floor":9,"key":"Guardian:AcceleratePotion"},{"floor":10,"key":"LifebloodPotion"},{"floor":11,"key":"SteroidPotion"}],"is_trial":false,"path_per_floor":["R","M","?","?","M","R","T","M","E","M","E","R","M","?","M","B"],"character_chosen":"GUARDIAN","items_purchased":[],"campfire_rested":1,"item_purchase_floors":[],"current_hp_per_floor":[80,80,80,59,59,59,59,59,39,35,9,46,44,44,43,0,0,0],"gold":149,"neow_bonus":"THREE_ENEMY_KILL","is_daily":false,"chose_seed":false,"campfire_upgraded":1,"win_rate":0.0,"timestamp":1613574190,"path_taken":["R","M","?","?","M","R","T","M","E","M","E","R","M","?","M","BOSS"],"items_purchased_type":[],"build_version":"2020-12-22","purchased_purges":0,"victory":false,"max_hp_per_floor":[80,80,80,80,80,80,80,80,80,80,80,90,90,90,90,90,90,90],"card_choices":[{"not_picked":["Guardian:MultiBeam","Guardian:TemporalShield"],"picked":"Guardian:Gem_Fragmented","floor":2},{"not_picked":["infinitespire:UltimateForm","ReplayTheSpireMod:Book of Names"],"picked":"infinitespire:FutureSight","floor":4},{"not_picked":["Guardian:Recover","Guardian:TemporalShield","Guardian:Gem_Lightblue"],"picked":"SKIP","floor":5},{"not_picked":["Guardian:FastForward","Guardian:EvasiveProtocol"],"picked":"Guardian:Gem_Cyan","floor":8},{"not_picked":["Guardian:Harden","Guardian:VentSteam"],"picked":"Guardian:PiercingHide","floor":9},{"not_picked":["Guardian:RefractedBeam","Guardian:EvasiveProtocol"],"picked":"Guardian:PiercingHide","floor":10},{"not_picked":["Guardian:PiercingHide","Guardian:VentSteam"],"picked":"Guardian:PrimingBeam","floor":11},{"not_picked":["Guardian:ChargeCore","Guardian:Planning"],"picked":"Guardian:BodySlam","floor":13},{"not_picked":["Guardian:StasisStrike","Guardian:Suspension"],"picked":"Guardian:Gem_Cyan","floor":15}],"player_experience":331923,"relics_obtained":[{"floor":9,"key":"reliquary:Boomerang"},{"floor":11,"key":"Lantern"}],"event_choices":[{"damage_healed":0,"gold_gain":0,"player_choice":"Grow","damage_taken":0,"max_hp_gain":0,"max_hp_loss":0,"event_name":"Living Wall","floor":1,"gold_loss":0,"cards_upgraded":["Guardian:TwinSlam"]},{"damage_healed":0,"gold_gain":0,"player_choice":"Box","damage_taken":0,"relics_obtained":["War Paint"],"max_hp_gain":0,"max_hp_loss":0,"event_name":"Big Fish","floor":3,"gold_loss":0,"cards_obtained":["Regret"]}],"is_beta":false,"boss_relics":[],"items_purged_floors":[],"is_endless":false,"potions_floor_spawned":[9,10,11],"killed_by":"DF_ARCHETYPE_STREAMLINE","ascension_level":0}}