{"host":"en4narc5947t7k9n","time":1613545284,"event":{"mods":["AchievementEnabler","BaseMod","Colored Map","Minty Spire (QoL Compilation)","SuperFastMode"],"gold_per_floor":[109,127,138,39,55,55,86,98,110,122,134,22,47,61,61,156,156,176,187,203,50,67,67,80,80,131,37,37,37,47,60,60,60,60],"floor_reached":33,"language":"KOR","playtime":1637,"items_purged":["Strike_R","Pain"],"score":284,"play_id":"5cc9c64f-3866-4dd2-b168-640c35430fd7","local_time":"20210217160124","is_ascension_mode":false,"campfire_choices":[{"data":"Carnage","floor":6,"key":"SMITH"},{"data":"Second Wind","floor":8,"key":"SMITH"},{"data":"Rage","floor":10,"key":"SMITH"},{"data":"Seeing Red","floor":15,"key":"SMITH"},{"data":"Double Tap","floor":23,"key":"SMITH"},{"data":"Exhume","floor":25,"key":"SMITH"},{"data":"Havoc","floor":29,"key":"SMITH"},{"data":"Shockwave","floor":32,"key":"SMITH"}],"circlet_count":0,"master_deck":["Strike_R","Strike_R","Strike_R","Strike_R","Defend_R","Defend_R","Defend_R","Defend_R","Bash","Carnage+1","Cleave","Second Wind+1","Warcry","Ghostly Armor","Rage+1","Havoc+1","Seeing Red+1","Exhume+1","Double Tap+1","Clash","Iron Wave","Whirlwind","Dramatic Entrance","Ghostly","Ghostly","Ghostly","Ghostly","Ghostly","Shockwave+1","Burning Pact"],"relics":["Burning Blood","Ancient Tea Set","MawBank","Mercury Hourglass","WarpedTongs","Girya","Busted Crown","ClockworkSouvenir","Juzu Bracelet"],"acts_visited":["Exordium","TheCity"],"potions_floor_usage":[7,16,16,24,24,30],"damage_taken":[{"damage":1,"enemies":"Cultist","floor":1,"turns":3},{"damage":5,"enemies":"2 Louse","floor":2,"turns":2},{"damage":11,"enemies":"Jaw Worm","floor":3,"turns":2},{"damage":13,"enemies":"Large Slime","floor":5,"turns":6},{"damage":24,"enemies":"3 Sentries","floor":7,"turns":9},{"damage":13,"enemies":"Lagavulin","floor":13,"turns":5},{"damage":0,"enemies":"Looter","floor":14,"turns":2},{"damage":26,"enemies":"The Guardian","floor":16,"turns":8},{"damage":2,"enemies":"Chosen","floor":18,"turns":3},{"damage":22,"enemies":"3 Byrds","floor":19,"turns":5},{"damage":25,"enemies":"Centurion and Healer","floor":20,"turns":5},{"damage":32,"enemies":"Cultist and Chosen","floor":22,"turns":7},{"damage":0,"enemies":"Snecko","floor":24,"turns":3},{"damage":5,"enemies":"Shelled Parasite and Fungi","floor":30,"turns":5},{"damage":9,"enemies":"Centurion and Healer","floor":31,"turns":5},{"damage":53,"enemies":"Automaton","floor":33,"turns":6}],"seed_played":"-5639538039094888233","potions_obtained":[{"floor":1,"key":"AttackPotion"},{"floor":3,"key":"FearPotion"},{"floor":5,"key":"Weak Potion"},{"floor":16,"key":"Swift Potion"},{"floor":20,"key":"Strength Potion"},{"floor":22,"key":"DistilledChaos"},{"floor":24,"key":"SpeedPotion"},{"floor":31,"key":"Dexterity Potion"}],"is_trial":false,"path_per_floor":["M","M","M","$","M","R","E","R","T","R","?","$","E","M","R","B",null,"M","M","M","$","M","R","M","R","T","$","?","R","M","M","R","B"],"character_chosen":"IRONCLAD","items_purchased":["Warcry","Havoc","ClockworkSouvenir","Dramatic Entrance"],"campfire_rested":0,"item_purchase_floors":[4,12,21,27],"current_hp_per_floor":[80,80,75,75,68,68,50,50,50,50,50,50,43,49,49,29,80,80,64,45,45,19,19,25,25,25,25,25,25,26,23,23,0,0],"gold":60,"neow_bonus":"RANDOM_COMMON_RELIC","is_daily":false,"chose_seed":false,"campfire_upgraded":8,"win_rate":0.0,"timestamp":1613545284,"path_taken":["M","M","M","?","M","R","E","R","T","R","?","$","E","?","R","BOSS","M","M","M","$","M","R","M","R","T","$","?","R","M","M","R","BOSS"],"items_purchased_type":["Card","Card","Relic","Card"],"build_version":"2020-12-22","purchased_purges":2,"victory":false,"max_hp_per_floor":[80,80,80,80,80,80,80,80,80,80,80,80,80,80,80,80,80,80,80,80,80,80,80,80,80,80,80,40,40,40,40,40,40,40],"card_choices":[{"not_picked":["Uppercut","Twin Strike"],"picked":"Carnage","floor":1},{"not_picked":["Perfected Strike","Sword Boomerang"],"picked":"Cleave","floor":2},{"not_picked":["Sword Boomerang","Whirlwind"],"picked":"Second Wind","floor":3},{"not_picked":["Heavy Blade","Havoc"],"picked":"Ghostly Armor","floor":5},{"not_picked":["Second Wind","Warcry"],"picked":"Rage","floor":7},{"not_picked":["Warcry","Burning Pact"],"picked":"Seeing Red","floor":13},{"not_picked":["Havoc","Twin Strike"],"picked":"Exhume","floor":14},{"not_picked":["Impervious","Immolate"],"picked":"Double Tap","floor":16},{"not_picked":[],"picked":"Clash","floor":18},{"not_picked":["Wild Strike"],"picked":"SKIP","floor":19},{"not_picked":[],"picked":"Iron Wave","floor":20},{"not_picked":[],"picked":"Whirlwind","floor":22},{"not_picked":["Cleave"],"picked":"SKIP","floor":24},{"not_picked":[],"picked":"Shockwave","floor":30},{"not_picked":[],"picked":"Burning Pact","floor":31}],"player_experience":30523,"relics_obtained":[{"floor":7,"key":"MawBank"},{"floor":9,"key":"Mercury Hourglass"},{"floor":13,"key":"Girya"},{"floor":26,"key":"Juzu Bracelet"}],"event_choices":[{"damage_healed":0,"gold_gain":0,"player_choice":"Rummage","damage_taken":0,"relics_obtained":["WarpedTongs"],"max_hp_gain":0,"max_hp_loss":0,"event_name":"Accursed Blacksmith","floor":11,"gold_loss":0,"cards_obtained":["Pain"]},{"damage_healed":0,"gold_gain":0,"player_choice":"Became a Ghost","damage_taken":0,"max_hp_gain":0,"max_hp_loss":40,"event_name":"Ghosts","floor":28,"gold_loss":0,"cards_obtained":["Ghostly","Ghostly","Ghostly","Ghostly","Ghostly"]}],"is_beta":false,"boss_relics":[{"not_picked":["SacredBark","Snecko Eye"],"picked":"Busted Crown"}],"items_purged_floors":[4,12],"is_endless":false,"potions_floor_spawned":[1,3,5,16,20,22,24,31],"killed_by":"Automaton","ascension_level":0}}