{"host":"bf5upntvbdompq33","time":1613549453,"event":{"mods":["BaseMod","Bestiary","Colored Map","Colored Powertips","Curses Come First","Highlight Path","Minty Spire (QoL Compilation)","StSLib","ojb\u0027s Info Mod"],"gold_per_floor":[116,134,84,9,23,58,158,173,173,173,186,186,217,228,228,329,329,341,355,355,355,355],"floor_reached":21,"language":"ENG","playtime":1235,"items_purged":["Strike_B"],"score":296,"play_id":"bcc68986-ac45-461e-a454-30ff0661626c","local_time":"20210217011053","is_ascension_mode":true,"campfire_choices":[{"floor":10,"key":"REST"},{"floor":12,"key":"REST"},{"floor":15,"key":"REST"}],"circlet_count":0,"master_deck":["AscendersBane","Defend_B","Defend_B","Defend_B","Defend_B","Zap","Dualcast","Ball Lightning","Defragment","Doom and Gloom","Reboot","Consume","Leap","Loop","Compile Driver","Creative AI","Undo+1","Sweeping Beam+1"],"relics":["Cracked Core","Gambling Chip","Letter Opener","Bottled Tornado","Blood Vial","Empty Cage"],"acts_visited":["Exordium","TheCity"],"potions_floor_usage":[8,18,19],"damage_taken":[{"damage":13,"enemies":"Small Slimes","floor":1,"turns":3},{"damage":4,"enemies":"Jaw Worm","floor":2,"turns":3},{"damage":6,"enemies":"Cultist","floor":5,"turns":3},{"damage":40,"enemies":"3 Sentries","floor":6,"turns":4},{"damage":0,"enemies":"Lots of Slimes","floor":8,"turns":1},{"damage":10,"enemies":"Large Slime","floor":11,"turns":6},{"damage":21,"enemies":"Lagavulin","floor":13,"turns":5},{"damage":5,"enemies":"Red Slaver","floor":14,"turns":3},{"damage":22,"enemies":"Slime Boss","floor":16,"turns":9},{"damage":44,"enemies":"2 Thieves","floor":18,"turns":4},{"damage":24,"enemies":"Chosen","floor":19,"turns":7},{"damage":20,"enemies":"Snake Plant","floor":21,"turns":3}],"seed_played":"5905806067510112568","potions_obtained":[{"floor":1,"key":"Dexterity Potion"},{"floor":2,"key":"ColorlessPotion"},{"floor":5,"key":"DistilledChaos"},{"floor":14,"key":"Regen Potion"},{"floor":16,"key":"PotionOfCapacity"},{"floor":18,"key":"Regen Potion"}],"is_trial":false,"path_per_floor":["M","M","?","$","M","E","?","M","T","R","M","R","E","M","R","B",null,"M","M","?","M"],"character_chosen":"DEFECT","items_purchased":[],"campfire_rested":3,"item_purchase_floors":[],"current_hp_per_floor":[55,51,51,51,45,5,5,5,5,27,17,39,18,15,37,17,61,31,14,14,0,0],"gold":355,"neow_bonus":"ONE_RARE_RELIC","is_daily":false,"chose_seed":false,"campfire_upgraded":0,"win_rate":0.0,"timestamp":1613549453,"path_taken":["M","M","?","$","M","E","?","M","T","R","M","R","E","?","R","BOSS","M","?","?","?"],"items_purchased_type":[],"build_version":"2020-12-22","purchased_purges":1,"victory":false,"max_hp_per_floor":[75,75,75,75,75,75,75,75,75,75,75,75,75,75,75,75,75,75,75,75,75,75],"card_choices":[{"not_picked":["Turbo","Skim"],"picked":"Ball Lightning","floor":1},{"not_picked":["Rebound","Gash"],"picked":"Defragment","floor":2},{"not_picked":["Go for the Eyes","Turbo"],"picked":"Doom and Gloom","floor":5},{"not_picked":["Reprogram","Streamline"],"picked":"Reboot","floor":6},{"not_picked":["Conserve Battery","Tempest"],"picked":"Consume","floor":8},{"not_picked":["Turbo","Hyperbeam"],"picked":"Leap","floor":11},{"not_picked":["Leap","Consume"],"picked":"Loop","floor":13},{"not_picked":["Reprogram","Streamline"],"picked":"Compile Driver","floor":14},{"not_picked":["Fission","Core Surge"],"picked":"Creative AI","floor":16},{"not_picked":["Barrage","Compile Driver"],"picked":"Undo+1","floor":18},{"not_picked":["Coolheaded+1","Go for the Eyes"],"picked":"Sweeping Beam+1","floor":19}],"player_experience":1609164,"relics_obtained":[{"floor":6,"key":"Letter Opener"},{"floor":9,"key":"Bottled Tornado"},{"floor":13,"key":"Blood Vial"}],"event_choices":[{"cards_removed":["Decay"],"damage_healed":0,"gold_gain":0,"player_choice":"Card Removal","damage_taken":0,"max_hp_gain":0,"max_hp_loss":0,"event_name":"The Cleric","floor":3,"gold_loss":50},{"damage_healed":0,"gold_gain":100,"player_choice":"Pray","damage_taken":0,"max_hp_gain":0,"max_hp_loss":0,"event_name":"Golden Shrine","floor":7,"gold_loss":0},{"cards_removed":["Strike_B"],"damage_healed":0,"gold_gain":0,"player_choice":"Purged","damage_taken":0,"max_hp_gain":0,"max_hp_loss":0,"event_name":"Purifier","floor":20,"gold_loss":0}],"is_beta":false,"boss_relics":[{"not_picked":["SlaversCollar","FrozenCore"],"picked":"Empty Cage"}],"items_purged_floors":[4],"is_endless":false,"potions_floor_spawned":[1,2,5,14,16,18],"killed_by":"Snake Plant","ascension_level":11}}