{"host":"fdyek91c29vizs79","time":1613586069,"event":{"mods":["AchievementEnabler","Aspiration","BaseMod","Conspire","Downfall","Halation","Hero for Fun","Hubris","Lobotomy","Minty Spire (QoL Compilation)","Replay The Spire","Shop Mod","StSLib","The Administrix","The Animator","TheBandit","Waifu the Spire","everything is the same but u backflip on backflip"],"gold_per_floor":[111,111,111,125,135,135,164,164,190,235,247,247,308,308,308,410,410,434,434,456,226,241,256,256],"floor_reached":23,"language":"FRA","playtime":2307,"items_purged":["animator:Genos"],"score":199,"play_id":"7b7c3ad7-1972-4c8e-ba66-81e03461cb71","local_time":"20210217192109","is_ascension_mode":false,"campfire_choices":[{"data":"animator:Aqua","floor":6,"key":"SMITH"},{"data":"animator:Benimaru","floor":8,"key":"SMITH"},{"data":"animator:Darkness","floor":12,"key":"SMITH"},{"data":"animator:Kaijin","floor":15,"key":"SMITH"}],"circlet_count":0,"master_deck":["animator:Strike_Konosuba","animator:Defend_Konosuba","animator:Strike","animator:Strike","animator:Defend+1","animator:Kazuma","animator:Aqua+1","animator:Shuna","animator:Millim","animator:Benimaru+1","animator:Darkness+1","Dagger Throw","animator:Kaijin+1","animator:Hans","animator:Megumin+5","animator:Tyuule+1","animator:Benimaru+1"],"relics":["animator:LivingPicture","animator:TheMissingPiece","aspiration:Nostalgia","m_SnakeBloodCore","halation:PinkSoulGem","aspiration:ChemicalBlood","aspiration:FrozenJewel","halation:IllGainedPizza","aspiration:VileToxins","Astrolabe","MerchantsRug"],"acts_visited":["Exordium","TheCity"],"potions_floor_usage":[10,13,16,20,20,20,20,23,23],"damage_taken":[{"damage":0,"enemies":"2 Louse","floor":1,"turns":3},{"damage":1,"enemies":"Jaw Worm","floor":4,"turns":6},{"damage":0,"enemies":"conspire:RoseBush","floor":5,"turns":2},{"damage":24,"enemies":"Replay:BlueRogue","floor":7,"turns":7},{"damage":27,"enemies":"3 Sentries","floor":10,"turns":8},{"damage":0,"enemies":"Looter","floor":11,"turns":4},{"damage":0,"enemies":"Gremlin Nob","floor":13,"turns":3},{"damage":25,"enemies":"Slime Boss","floor":16,"turns":11},{"damage":0,"enemies":"Chosen","floor":18,"turns":6},{"damage":22,"enemies":"conspire:FuzzyDice","floor":20,"turns":4},{"damage":12,"enemies":"Cultist and Chosen","floor":22,"turns":4},{"damage":56,"enemies":"Book of Stabbing","floor":23,"turns":5}],"seed_played":"-8423121239492274493","potions_obtained":[{"floor":5,"key":"Energy Potion"},{"floor":16,"key":"Explosive Potion"},{"floor":18,"key":"AttackPotion"},{"floor":20,"key":"Fire Potion"},{"floor":22,"key":"FearPotion"}],"is_trial":false,"path_per_floor":["M","?","?","M","M","R","E","R","T","E","M","R","?","T","R","B",null,"M","?","M","$","M","E"],"character_chosen":"THE_ANIMATOR","items_purchased":["MerchantsRug"],"campfire_rested":0,"item_purchase_floors":[21],"current_hp_per_floor":[66,71,71,71,71,71,53,53,53,32,38,38,44,44,44,26,72,72,72,56,56,50,0,0],"gold":256,"neow_bonus":"NOSTALGIA","is_daily":false,"chose_seed":false,"campfire_upgraded":4,"win_rate":0.0,"timestamp":1613586069,"path_taken":["M","?","?","M","M","R","E","R","T","E","M","R","?","?","R","BOSS","M","?","M","$","M","E"],"items_purchased_type":["Relic"],"build_version":"2020-12-22","purchased_purges":1,"victory":false,"max_hp_per_floor":[66,71,71,71,71,71,71,71,71,71,71,71,71,71,71,72,72,72,72,72,72,72,72,72],"card_choices":[{"not_picked":["animator:Verdia","animator:ElricEdward"],"picked":"animator:Shuna","floor":1},{"not_picked":["animator:RoyMustang","animator:Tatsumaki"],"picked":"animator:Genos","floor":4},{"not_picked":["animator:Cocytus","Distraction"],"picked":"animator:Millim","floor":5},{"not_picked":["animator:Millim","animator:Shuna"],"picked":"animator:Benimaru","floor":7},{"not_picked":["animator:Millim","animator:Sonic"],"picked":"animator:Darkness","floor":10},{"not_picked":["Dual Wield","animator:Vesta"],"picked":"Dagger Throw","floor":11},{"not_picked":["Dual Wield","animator:MaesHughes"],"picked":"animator:Kaijin","floor":13},{"not_picked":["animator:ItamiYouji","Bullet Time"],"picked":"animator:Hans","floor":16},{"not_picked":["animator:Vesta","animator:Souei"],"picked":"animator:Benimaru","floor":18},{"not_picked":["animator:HighElfArcher","animator:Scar","animator:MumenRider"],"picked":"SKIP","floor":20},{"not_picked":["animator:Shion","animator:Geryuganshoop+1","animator:RoyMustang+1"],"picked":"SKIP","floor":22}],"player_experience":291186,"relics_obtained":[{"floor":7,"key":"aspiration:ChemicalBlood"},{"floor":10,"key":"aspiration:FrozenJewel"},{"floor":14,"key":"aspiration:VileToxins"}],"event_choices":[{"damage_healed":0,"gold_gain":0,"player_choice":"Donut","damage_taken":0,"max_hp_gain":5,"max_hp_loss":0,"event_name":"Big Fish","floor":2,"gold_loss":0},{"damage_healed":0,"gold_gain":0,"player_choice":"Searched \u00273\u0027 times","damage_taken":0,"relics_obtained":["halation:IllGainedPizza"],"max_hp_gain":0,"max_hp_loss":0,"event_name":"Dead Adventurer","floor":13,"gold_loss":0}],"is_beta":false,"boss_relics":[{"not_picked":["conspire:SlowCooker","aspiration:PoetsPen_weak"],"picked":"Astrolabe"}],"items_purged_floors":[21],"is_endless":false,"potions_floor_spawned":[5,16,18,22],"killed_by":"Book of Stabbing","ascension_level":0}}