{"host":"Aki","time":1613573031,"event":{"mods":["ATMod(°¢èªMod)","Act Like it!","BaseMod","Better Vampires","Challenge The Spire","Colored Powertips","Custom Start","Energized Spire","Minty Spire (QoL Compilation)","MostiFishMod","Quick Restart","StSLib","Waifu the Spire","Youmu£¨»êÆÇÑýÃÎ£©","noobMod","¡¾ÒÅÎï¿¨ÅÆ¡¿REMEMod"],"gold_per_floor":[115,190,190,190,202,235,235,253,253,264,9,40,40,59,59,235,235,235,235,246,156,174,201,101,231,231,250,276,191,191,216,216,321,321,331,379,429,443,318,453,465,497,524,674,674,524,524,524,524,525,525,525,70,155,180],"floor_reached":56,"language":"ZHS","playtime":2132,"items_purged":["Defend_P","Defend_P","Defend_P","Vigilance"],"score":2238,"play_id":"519b3f4b-d687-422b-b3e2-b601117927c2","local_time":"20210217224351","is_ascension_mode":true,"campfire_choices":[{"data":"Eruption","floor":7,"key":"SMITH"},{"data":"MostiFishMod:MusicBox","floor":15,"key":"SMITH"},{"data":"TalkToTheHand","floor":19,"key":"SMITH"},{"data":"AT_FamilyPortrait","floor":30,"key":"SMITH"},{"floor":32,"key":"RECALL"},{"data":"AT_RealColorLess","floor":47,"key":"SMITH"},{"data":"FollowUp","floor":49,"key":"SMITH"},{"data":"Strike_P","floor":52,"key":"SMITH"}],"circlet_count":0,"master_deck":["Strike_P+1","Strike_P+1","Strike_P+1","Strike_P+1","Eruption+1","AT_FamilyPortrait+1","MostiFishMod:MusicBox+1","TalkToTheHand+1","FollowUp+1","Tantrum+1","AT_RealColorLess+1"],"relics":["PureWater","ice","AT_ATBox","REME_ComplimentaryCards","DaveBox","OneHitWonderSystem","NeowsBlessing","SynthV:TestCard","AT_ChloranthyRing","Gremlin Horn","Matryoshka","energizedSpire:NeverEndingSparkler","Bronze Scales","Pear","Potion Belt","Lantern","Meat on the Bone","PreservedInsect","SlaversCollar","Du-Vu Doll","AT_GoldPhoenixTree","Incense Burner","AT_BladeRuinedKing","HornCleat","Whetstone","HollowDreamFlower","AT_MibuBalloonWealth","Dead Branch","StoneCalendar"],"acts_visited":["Exordium","TheCity","TheBeyond","TheEnding"],"potions_floor_usage":[36,55,55,55,55],"damage_taken":[{"damage":0,"enemies":"Jaw Worm","floor":1,"turns":1},{"damage":0,"enemies":"Small Slimes","floor":5,"turns":1},{"damage":0,"enemies":"Lagavulin","floor":6,"turns":1},{"damage":0,"enemies":"2 Louse","floor":8,"turns":1},{"damage":0,"enemies":"2 Fungi Beasts","floor":10,"turns":1},{"damage":0,"enemies":"3 Sentries","floor":12,"turns":4},{"damage":0,"enemies":"Gremlin Gang","floor":14,"turns":2},{"damage":0,"enemies":"Hexaghost","floor":16,"turns":3},{"damage":0,"enemies":"3 Byrds","floor":18,"turns":2},{"damage":0,"enemies":"Chosen","floor":20,"turns":3},{"damage":0,"enemies":"Shelled Parasite and Fungi","floor":22,"turns":2},{"damage":0,"enemies":"Slavers","floor":23,"turns":2},{"damage":0,"enemies":"Book of Stabbing","floor":25,"turns":3},{"damage":0,"enemies":"Centurion and Healer","floor":27,"turns":2},{"damage":0,"enemies":"Gremlin Leader","floor":28,"turns":2},{"damage":0,"enemies":"Book of Stabbing","floor":31,"turns":3},{"damage":0,"enemies":"Collector","floor":33,"turns":3},{"damage":0,"enemies":"Orb Walker","floor":35,"turns":2},{"damage":0,"enemies":"2 Orb Walkers","floor":36,"turns":3},{"damage":0,"enemies":"Mind Bloom Boss Battle","floor":37,"turns":5},{"damage":0,"enemies":"3 Shapes","floor":38,"turns":2},{"damage":0,"enemies":"Nemesis","floor":40,"turns":3},{"damage":0,"enemies":"Sphere and 2 Shapes","floor":41,"turns":3},{"damage":0,"enemies":"Giant Head","floor":42,"turns":2},{"damage":0,"enemies":"Nemesis","floor":44,"turns":3},{"damage":0,"enemies":"Awakened One","floor":50,"turns":3},{"damage":0,"enemies":"Shield and Spear","floor":54,"turns":1},{"damage":0,"enemies":"The Heart","floor":55,"turns":4}],"seed_played":"3162699747873344188","potions_obtained":[{"floor":1,"key":"Fire Potion"},{"floor":6,"key":"AttackPotion"},{"floor":20,"key":"Swift Potion"},{"floor":28,"key":"Ambrosia"},{"floor":33,"key":"Dexterity Potion"},{"floor":36,"key":"FairyPotion"}],"is_trial":false,"path_per_floor":["M","?","?","?","M","E","R","M","T","M","$","E","T","M","R","B",null,"M","R","M","?","M","E","$","E","T","M","E","?","R","E","R","B",null,"M","?","?","M","$","E","M","E","T","E","?","$","R","?","R","B",null,"R","$","E","B",null],"character_chosen":"WATCHER","items_purchased":["MostiFishMod:MusicBox","AT_MibuBalloonWealth","Dead Branch"],"campfire_rested":0,"item_purchase_floors":[11,53,53],"current_hp_per_floor":[1,1,6,1,1,1,1,1,1,1,1,1,1,1,1,1,1,1,1,1,1,1,1,1,11,1,1,1,1,1,6,1,4,1,2,4,8,9,1,2,2,2,1,4,1,1,1,1,1,4,1,1,1,1,37],"gold":180,"neow_bonus":"THREE_ENEMY_KILL","is_daily":false,"chose_seed":false,"campfire_upgraded":7,"win_rate":0.0,"timestamp":1613573031,"path_taken":["M","?","?","?","M","E","R","M","T","M","$","E","?","M","R","BOSS","M","?","M","?","M","E","$","E","T","?","E","?","R","E","R","BOSS","M","?","?","M","$","E","M","E","T","E","?","$","R","?","R","BOSS","R","$","E","BOSS"],"items_purchased_type":["Card","Relic","Relic"],"build_version":"2020-12-18","purchased_purges":4,"victory":true,"max_hp_per_floor":[1,1,6,1,1,1,1,1,1,1,1,4,1,3,1,7,1,7,1,3,1,3,4,1,17,1,2,2,1,1,6,1,4,1,2,4,8,9,1,2,2,2,1,4,1,1,1,1,1,4,1,1,1,1,85],"card_choices":[{"not_picked":["MostiFishMod:Clarity","Crescendo","Vengeance"],"picked":"SKIP","floor":1},{"not_picked":["ThirdEye","Crescendo","Evaluate","MentalFortress","PathToVictory"],"picked":"SKIP","floor":5},{"not_picked":["FollowUp","MostiFishMod:ScryFuture","EmptyBody","ThirdEye","JustLucky"],"picked":"SKIP","floor":6},{"not_picked":["Halt","Prostrate","ThirdEye","MostiFishMod:Nomercy","FollowUp"],"picked":"SKIP","floor":8},{"not_picked":["CrushJoints","Perseverance","LikeWater","FollowUp","Nirvana"],"picked":"SKIP","floor":10},{"not_picked":["FlyingSleeves","SashWhip","BattleHymn","MostiFishMod:FlowState"],"picked":"TalkToTheHand","floor":12},{"not_picked":["Crescendo","AT_DivineConfetti","Judgement","PathToVictory","Evaluate"],"picked":"SKIP","floor":14},{"not_picked":["FlyingSleeves","SignatureMove","ClearTheMind","JustLucky","FollowUp"],"picked":"SKIP","floor":20},{"not_picked":["FlyingSleeves","SignatureMove","ClearTheMind","JustLucky"],"picked":"FollowUp","floor":20},{"not_picked":["ForeignInfluence","Halt+1","Protect+1","FlurryOfBlows","JustLucky+1"],"picked":"SKIP","floor":22},{"not_picked":["EmptyBody+1","WaveOfTheHand","Devotion","Crescendo","Wish"],"picked":"SKIP","floor":23},{"not_picked":["FlyingSleeves","REME_Repentance","BowlingBash","Study+1","EmptyFist"],"picked":"SKIP","floor":25},{"not_picked":["ForeignInfluence","CrushJoints","Protect","ClearTheMind+1","MostiFishMod:Dust"],"picked":"SKIP","floor":27},{"not_picked":["WindmillStrike+1","FlurryOfBlows+1","Protect","Evaluate","REME_Repentance"],"picked":"SKIP","floor":28},{"not_picked":["FlyingSleeves+1","Prostrate","SashWhip","Swivel","Halt"],"picked":"SKIP","floor":31},{"not_picked":["InnerPeace","MostiFishMod:Nomercy","EmptyFist+1","JustLucky","EmptyMind"],"picked":"SKIP","floor":35},{"not_picked":["Protect+1","FlyingSleeves+1","MostiFishMod:Clarity+1","Evaluate+1"],"picked":"Tantrum+1","floor":36},{"not_picked":["FlurryOfBlows","Protect+1","EmptyBody+1","Pray+1"],"picked":"AT_RealColorLess","floor":38},{"not_picked":["Halt","SashWhip+1","Study","CutThroughFate","Alpha"],"picked":"SKIP","floor":40},{"not_picked":["CrushJoints+1","ThirdEye+1","EmptyMind","EmptyBody+1","MostiFishMod:PathToVictory+1"],"picked":"SKIP","floor":41},{"not_picked":["Meditate+1","Swivel","Weave","Protect+1","MostiFishMod:Clarity+1"],"picked":"SKIP","floor":42},{"not_picked":["Evaluate+1","REME_MusicOfDeath","MostiFishMod:LegendTransform+1","Prostrate+1","Swivel+1"],"picked":"SKIP","floor":44},{"not_picked":["MostiFishMod:LegendTransform","FlyingSleeves+1","LikeWater+1","Evaluate+1","Wireheading+1"],"picked":"SKIP","floor":54}],"player_experience":70519,"relics_obtained":[{"floor":1,"key":"SynthV:TestCard"},{"floor":9,"key":"AT_ChloranthyRing"},{"floor":12,"key":"Gremlin Horn"},{"floor":13,"key":"Matryoshka"},{"floor":23,"key":"Bronze Scales"},{"floor":25,"key":"Pear"},{"floor":26,"key":"Potion Belt"},{"floor":28,"key":"Lantern"},{"floor":31,"key":"PreservedInsect"},{"floor":36,"key":"Du-Vu Doll"},{"floor":37,"key":"AT_GoldPhoenixTree"},{"floor":40,"key":"Incense Burner"},{"floor":42,"key":"AT_BladeRuinedKing"},{"floor":43,"key":"HornCleat"},{"floor":43,"key":"Whetstone"},{"floor":44,"key":"HollowDreamFlower"},{"floor":54,"key":"StoneCalendar"}],"event_choices":[{"damage_healed":0,"gold_gain":75,"player_choice":"Gather Gold","damage_taken":11,"max_hp_gain":0,"max_hp_loss":0,"event_name":"World of Goop","floor":2,"gold_loss":0},{"damage_healed":0,"gold_gain":0,"player_choice":"Donut","damage_taken":0,"max_hp_gain":5,"max_hp_loss":0,"event_name":"Big Fish","floor":3,"gold_loss":0},{"damage_healed":0,"gold_gain":0,"player_choice":"Ignored","damage_taken":0,"max_hp_gain":0,"max_hp_loss":0,"event_name":"Liars Game","floor":4,"gold_loss":0},{"cards_removed":["Defend_P"],"damage_healed":0,"gold_gain":0,"player_choice":"Upgrade and Remove","damage_taken":0,"max_hp_gain":0,"max_hp_loss":0,"event_name":"Designer","floor":21,"gold_loss":90,"cards_upgraded":["Strike_P"]},{"damage_healed":0,"gold_gain":0,"player_choice":"Obtained Relic","damage_taken":0,"relics_obtained":["Meat on the Bone"],"max_hp_gain":0,"max_hp_loss":0,"event_name":"Addict","floor":29,"gold_loss":85},{"damage_healed":0,"gold_gain":0,"player_choice":"Fight","damage_taken":0,"max_hp_gain":0,"max_hp_loss":0,"event_name":"Mysterious Sphere","floor":36,"gold_loss":0},{"damage_healed":0,"gold_gain":0,"player_choice":"Fight","damage_taken":0,"max_hp_gain":0,"max_hp_loss":0,"event_name":"MindBloom","floor":37,"gold_loss":0},{"damage_healed":0,"gold_gain":0,"player_choice":"Max HP","damage_taken":0,"max_hp_gain":0,"max_hp_loss":0,"event_name":"Winding Halls","floor":45,"gold_loss":0},{"damage_healed":0,"gold_gain":0,"player_choice":"0 cards matched","damage_taken":0,"max_hp_gain":0,"max_hp_loss":0,"event_name":"Match and Keep!","floor":48,"gold_loss":0,"cards_obtained":[]}],"is_beta":true,"boss_relics":[{"not_picked":["REME_DemonsWealth","REME_DuelDisc"],"picked":"energizedSpire:NeverEndingSparkler"},{"not_picked":["BloodWine","REME_LowDesire"],"picked":"SlaversCollar"}],"items_purged_floors":[11,24,39,46],"is_endless":false,"potions_floor_spawned":[1,6,18,20,28,31,33,36,38,40],"ascension_level":4}}