{"host":"vk2xyavtylxbvrfq","time":1613537347,"event":{"mods":["Bard","BaseMod","Bestiary","Better Altar","Better Match","Better Note","Better Sensory Stone","Better Skull","Better Vampires","Block Reminder","Bossed Relics","Colored Map","Curses Come First","Displayed Cursed Tome","Downfall","Fox Events","Hermit","Ironclad Rager","Marked Mod","Minty Spire (QoL Compilation)","Quick Restart","Rare Cards Sparkle","Relic Sorter","Reliquary","Robot Space Explorer","StSLib","The Hayseed","The Runesmith","TheSurvivalist","Unceasing Turn Reminder"],"gold_per_floor":[110,185,360,375,340,369,382,382,382],"floor_reached":8,"language":"ENG","playtime":160,"items_purged":[],"score":105,"play_id":"7a2fbc63-6fd1-4cc3-9847-3c7b23c6d10e","local_time":"20210216234907","is_ascension_mode":true,"campfire_choices":[],"circlet_count":0,"master_deck":["hermit:Strike_Hermit","hermit:Strike_Hermit","hermit:Strike_Hermit","hermit:Strike_Hermit","hermit:Defend_Hermit","hermit:Defend_Hermit","hermit:Defend_Hermit","hermit:Defend_Hermit","hermit:Snapshot","hermit:Covet","hermit:Vantage","hermit:Vantage","Doubt","hermit:Deadeye","hermit:CursedWeapon","hermit:Dive"],"relics":["hermit:Momento","NeowsBlessing","reliquary:QuartzCube"],"acts_visited":["Exordium"],"potions_floor_usage":[8],"damage_taken":[{"damage":0,"enemies":"2 Louse","floor":1,"turns":1},{"damage":0,"enemies":"Jaw Worm","floor":4,"turns":1},{"damage":0,"enemies":"3 Sentries","floor":6,"turns":1},{"damage":2,"enemies":"Cultist","floor":7,"turns":3},{"damage":69,"enemies":"Gremlin Nob","floor":8,"turns":7}],"seed_played":"-8431525631893424431","potions_obtained":[{"floor":1,"key":"EssenceOfSteel"}],"is_trial":false,"path_per_floor":["M","?","?","M","?","E","M","E"],"character_chosen":"HERMIT","items_purchased":[],"campfire_rested":0,"item_purchase_floors":[],"current_hp_per_floor":[68,57,57,57,75,75,73,4,4],"gold":382,"neow_bonus":"THREE_ENEMY_KILL","is_daily":false,"chose_seed":false,"campfire_upgraded":0,"win_rate":0.0,"timestamp":1613537347,"path_taken":["M","?","?","M","?","E","M","E"],"items_purchased_type":[],"build_version":"2020-12-22","purchased_purges":0,"victory":false,"max_hp_per_floor":[75,75,75,75,75,75,75,75,75],"card_choices":[{"not_picked":["hermit:Spite","hermit:HoleUp"],"picked":"hermit:Vantage","floor":1},{"not_picked":["hermit:Spite","hermit:HoleUp"],"picked":"hermit:Vantage","floor":1},{"not_picked":["hermit:Desperado","hermit:Enervate"],"picked":"hermit:Deadeye","floor":4},{"not_picked":["hermit:Misfire","hermit:HoleUp"],"picked":"hermit:CursedWeapon","floor":6},{"not_picked":["hermit:Horror","hermit:Manifest"],"picked":"hermit:Dive","floor":7}],"player_experience":1396592,"relics_obtained":[{"floor":6,"key":"reliquary:QuartzCube"}],"event_choices":[{"damage_healed":0,"gold_gain":75,"player_choice":"Gather Gold","damage_taken":11,"max_hp_gain":0,"max_hp_loss":0,"event_name":"World of Goop","floor":2,"gold_loss":0},{"damage_healed":0,"gold_gain":175,"player_choice":"AGREE","damage_taken":0,"max_hp_gain":0,"max_hp_loss":0,"event_name":"Liars Game","floor":3,"gold_loss":0,"cards_obtained":["Doubt"]},{"damage_healed":18,"gold_gain":0,"player_choice":"Healed","damage_taken":0,"max_hp_gain":0,"max_hp_loss":0,"event_name":"The Cleric","floor":5,"gold_loss":35}],"is_beta":false,"boss_relics":[],"items_purged_floors":[],"is_endless":false,"potions_floor_spawned":[1],"killed_by":"Gremlin Nob","ascension_level":6}}