{"host":"qp7xs8nuzfsyommi","time":1613590736,"event":{"mods":["2.2 Compatiblity","BaseMod","Colored Powertips","DeckTracker","Highlight Path","Minty Spire (QoL Compilation)","Permanent Neow","Quick Restart","StSLib"],"gold_per_floor":[109,129,147,167,132,161,111,111,188,188,213,228,228,240,240,240,240],"floor_reached":16,"language":"ENG","playtime":772,"items_purged":[],"score":224,"play_id":"7df21886-51b4-46d5-b1eb-35b4eba83d32","local_time":"20210217143856","is_ascension_mode":true,"campfire_choices":[{"data":"Fasting2","floor":8,"key":"SMITH"},{"data":"Eruption","floor":10,"key":"SMITH"},{"data":"Vigilance","floor":15,"key":"SMITH"}],"circlet_count":0,"master_deck":["AscendersBane","Strike_P","Strike_P","Strike_P","Strike_P","Defend_P","Defend_P","Defend_P","Defend_P","Eruption+1","Vigilance+1","Fasting2+1","ClearTheMind","Meditate","ThirdEye","Protect","Consecrate","Protect","Halt"],"relics":["Coffee Dripper","CaptainsWheel","Matryoshka","Toy Ornithopter"],"acts_visited":["Exordium"],"potions_floor_usage":[16,16],"damage_taken":[{"damage":0,"enemies":"Small Slimes","floor":1,"turns":3},{"damage":0,"enemies":"2 Louse","floor":2,"turns":3},{"damage":1,"enemies":"Jaw Worm","floor":3,"turns":4},{"damage":24,"enemies":"Exordium Wildlife","floor":4,"turns":6},{"damage":18,"enemies":"3 Sentries","floor":6,"turns":15},{"damage":30,"enemies":"Lagavulin","floor":11,"turns":12},{"damage":2,"enemies":"3 Louse","floor":12,"turns":3},{"damage":2,"enemies":"Large Slime","floor":14,"turns":4},{"damage":19,"enemies":"The Guardian","floor":16,"turns":2}],"seed_played":"1263769097830243544","potions_obtained":[{"floor":2,"key":"LiquidBronze"},{"floor":3,"key":"LiquidBronze"}],"is_trial":false,"path_per_floor":["M","M","M","M","?","E","?","R","T","R","E","M","?","M","R","B"],"character_chosen":"WATCHER","items_purchased":[],"campfire_rested":0,"item_purchase_floors":[],"current_hp_per_floor":[61,61,60,36,53,35,35,35,35,35,5,3,3,1,1,0,0],"gold":240,"neow_bonus":"BOSS_RELIC","is_daily":false,"chose_seed":false,"campfire_upgraded":3,"win_rate":0.0,"timestamp":1613590736,"path_taken":["M","M","M","M","?","E","?","R","T","R","E","M","?","M","R","BOSS"],"items_purchased_type":[],"build_version":"2020-12-22","purchased_purges":0,"victory":false,"max_hp_per_floor":[68,68,68,68,68,68,68,68,68,68,68,68,68,68,68,68,68],"card_choices":[{"not_picked":["BowlingBash","CutThroughFate"],"picked":"Fasting2","floor":1},{"not_picked":["EmptyFist","CutThroughFate"],"picked":"ClearTheMind","floor":2},{"not_picked":["EmptyBody","PathToVictory"],"picked":"Meditate","floor":3},{"not_picked":["WaveOfTheHand","PathToVictory"],"picked":"ThirdEye","floor":4},{"not_picked":["DeceiveReality","Crescendo"],"picked":"Protect","floor":6},{"not_picked":["FlyingSleeves","Prostrate"],"picked":"Consecrate","floor":11},{"not_picked":["BowlingBash","MasterReality"],"picked":"Protect","floor":12},{"not_picked":["EmptyBody","Perseverance"],"picked":"Halt","floor":14}],"player_experience":1455646,"relics_obtained":[{"floor":6,"key":"CaptainsWheel"},{"floor":9,"key":"Matryoshka"},{"floor":11,"key":"Toy Ornithopter"}],"event_choices":[{"damage_healed":17,"gold_gain":0,"player_choice":"Healed","damage_taken":0,"max_hp_gain":0,"max_hp_loss":0,"event_name":"The Cleric","floor":5,"gold_loss":35},{"damage_healed":0,"gold_gain":0,"player_choice":"Left Gold","damage_taken":0,"max_hp_gain":0,"max_hp_loss":0,"event_name":"World of Goop","floor":7,"gold_loss":50},{"damage_healed":0,"gold_gain":0,"player_choice":"Ignored","damage_taken":0,"max_hp_gain":0,"max_hp_loss":0,"event_name":"Golden Idol","floor":13,"gold_loss":0}],"is_beta":false,"boss_relics":[],"items_purged_floors":[],"is_endless":false,"potions_floor_spawned":[2,3,6],"killed_by":"The Guardian","ascension_level":20}}