{"host":"lzz","time":1613546258,"event":{"mods":["BaseMod","Minty Spire (QoL Compilation)","StSLib"],"gold_per_floor":[115,125,75,85,85,85,111,111,411,437,712,724,73,92,92,193,193,207,207,49,49,62,89,89,102,102,113,133,166,265,265,265,265,265],"floor_reached":33,"language":"ZHS","playtime":3103,"items_purged":["Regret"],"score":560,"play_id":"54c4e31c-e1e8-4793-9520-e3bcab72a051","local_time":"20210217151738","is_ascension_mode":true,"campfire_choices":[{"floor":6.0,"key":"REST"},{"floor":8.0,"key":"REST"},{"floor":15,"key":"REST"},{"floor":24,"key":"REST"},{"floor":32,"key":"REST"}],"circlet_count":0,"master_deck":["AscendersBane","Strike_P","Strike_P","Defend_P","Defend_P+1","Defend_P","Defend_P","Eruption","Vigilance","Metamorphosis","CrushJoints","FearNoEvil+1","Conclude","Weave","ThirdEye+1","DevaForm","LessonLearned","BowlingBash","DevaForm+1","Wallop"],"relics":["PureWater","WingedGreaves","Yang","Old Coin","Akabeko","TeardropLocket","Incense Burner","Snecko Eye","Question Card","CaptainsWheel","Potion Belt"],"acts_visited":["Exordium","TheCity"],"potions_floor_usage":[10,16,22,23,29,31,31],"damage_taken":[{"damage":0.0,"enemies":"Small Slimes","floor":1.0,"turns":2.0},{"damage":14.0,"enemies":"Jaw Worm","floor":2.0,"turns":4.0},{"damage":4.0,"enemies":"2 Louse","floor":4.0,"turns":3.0},{"damage":29.0,"enemies":"3 Sentries","floor":7.0,"turns":8.0},{"damage":0,"enemies":"Lagavulin","floor":10,"turns":3},{"damage":24,"enemies":"Exordium Thugs","floor":12,"turns":4},{"damage":1,"enemies":"2 Fungi Beasts","floor":14,"turns":3},{"damage":1,"enemies":"Slime Boss","floor":16,"turns":6},{"damage":14,"enemies":"Shell Parasite","floor":18,"turns":2},{"damage":0,"enemies":"3 Byrds","floor":22,"turns":5},{"damage":45,"enemies":"Book of Stabbing","floor":23,"turns":6},{"damage":2,"enemies":"3 Cultists","floor":25,"turns":4},{"damage":0,"enemies":"Centurion and Healer","floor":27,"turns":5},{"damage":18,"enemies":"Snake Plant","floor":28,"turns":4},{"damage":0,"enemies":"Gremlin Leader","floor":29,"turns":4},{"damage":2,"enemies":"Colosseum Slavers","floor":31,"turns":3},{"damage":33,"enemies":"Collector","floor":33,"turns":5}],"seed_played":"7860638331825913013","potions_obtained":[{"floor":2.0,"key":"SkillPotion"},{"floor":10,"key":"DistilledChaos"},{"floor":14,"key":"PowerPotion"},{"floor":16,"key":"Ancient Potion"},{"floor":22,"key":"CultistPotion"},{"floor":28,"key":"SneckoOil"},{"floor":29,"key":"BottledMiracle"}],"is_trial":false,"path_per_floor":["M","M","?","M","?","R","E","R","T","E","?","M","$","M","R","B",null,"M","?","$","?","M","E","R","M","T","M","M","E","?","?","R","B"],"character_chosen":"WATCHER","items_purchased":["TeardropLocket","Incense Burner","ThirdEye","LessonLearned"],"campfire_rested":5,"item_purchase_floors":[13,13,13,20],"current_hp_per_floor":[47,33,33,29,26,47,18,39,39,39,39,15,15,14,35,34,63,49,49,49,49,49,4,25,23,23,23,5,5,5,3,24,0,0],"gold":265,"neow_bonus":"RANDOM_COLORLESS_2","is_daily":false,"chose_seed":false,"campfire_upgraded":0,"win_rate":0.0,"timestamp":1613546258,"path_taken":["M","M","?","M","?","R","E","R","T","E","?","M","$","?","R","BOSS","M","?","$","?","M","E","R","M","T","M","?","E","?","?","R","BOSS"],"items_purchased_type":["Relic","Relic","Card","Card"],"build_version":"2020-12-18","purchased_purges":1,"victory":false,"max_hp_per_floor":[72,72,72,72,72,72,72,72,72,72,72,72,72,72,72,72,72,72,72,72,72,72,72,72,72,72,72,72,72,72,72,72,72,72],"card_choices":[{"not_picked":["Chrysalis","Master of Strategy"],"picked":"Metamorphosis","floor":0.0},{"not_picked":["ClearTheMind","Worship"],"picked":"CrushJoints","floor":1.0},{"not_picked":["Protect","FlyingSleeves","Sanctity"],"picked":"SKIP","floor":2.0},{"not_picked":["Evaluate","PathToVictory"],"picked":"FearNoEvil","floor":4.0},{"not_picked":["ClearTheMind","EmptyBody"],"picked":"Conclude","floor":7.0},{"not_picked":["WaveOfTheHand","Worship"],"picked":"Weave","floor":10},{"not_picked":["Worship","Protect","EmptyMind"],"picked":"SKIP","floor":12},{"not_picked":["Protect","CrushJoints","BowlingBash"],"picked":"SKIP","floor":14},{"not_picked":["Ragnarok","Wish"],"picked":"DevaForm","floor":16},{"not_picked":["TalkToTheHand+1","FlyingSleeves+1","WindmillStrike"],"picked":"SKIP","floor":18},{"not_picked":["Weave","CutThroughFate","BowlingBash"],"picked":"SKIP","floor":22},{"not_picked":["DevaForm","ClearTheMind","EmptyFist"],"picked":"SKIP","floor":23},{"not_picked":["ClearTheMind","EmptyFist"],"picked":"DevaForm","floor":23},{"not_picked":["Halt+1","CarveReality","Prostrate","FlurryOfBlows"],"picked":"SKIP","floor":25},{"not_picked":["ClearTheMind","EmptyBody+1","EmptyMind"],"picked":"Wallop","floor":27},{"not_picked":["FlurryOfBlows","Halt","ClearTheMind","Evaluate"],"picked":"SKIP","floor":28},{"not_picked":["FlurryOfBlows","Halt","ClearTheMind","Evaluate"],"picked":"SKIP","floor":28},{"not_picked":["LikeWater","FlurryOfBlows+1","EmptyBody","Crescendo"],"picked":"SKIP","floor":29}],"player_experience":679725,"relics_obtained":[{"floor":7.0,"key":"Yang"},{"floor":9.0,"key":"Old Coin"},{"floor":10,"key":"Akabeko"},{"floor":23,"key":"Question Card"},{"floor":26,"key":"CaptainsWheel"},{"floor":29,"key":"Potion Belt"}],"event_choices":[{"cards_removed":["Strike_P"],"damage_healed":0.0,"max_hp_gain":0.0,"max_hp_loss":0.0,"gold_gain":0.0,"event_name":"The Cleric","player_choice":"Card Removal","floor":3.0,"gold_loss":50.0,"damage_taken":0.0},{"damage_healed":0.0,"max_hp_gain":0.0,"max_hp_loss":0.0,"gold_gain":0.0,"event_name":"Scrap Ooze","player_choice":"Success","floor":5.0,"gold_loss":0.0,"damage_taken":3.0,"relics_obtained":["WingedGreaves"]},{"damage_healed":0,"gold_gain":275,"player_choice":"Desecrate","damage_taken":0,"max_hp_gain":0,"max_hp_loss":0,"event_name":"Golden Shrine","floor":11,"gold_loss":0,"cards_obtained":["Regret"]},{"damage_healed":0,"gold_gain":0,"player_choice":"Ignored","damage_taken":0,"max_hp_gain":0,"max_hp_loss":0,"event_name":"Vampires","floor":19,"gold_loss":0},{"damage_healed":0,"gold_gain":0,"cards_transformed":["Strike_P"],"player_choice":"Transformed","damage_taken":0,"max_hp_gain":0,"max_hp_loss":0,"event_name":"Transmorgrifier","floor":21,"gold_loss":0,"cards_obtained":["BowlingBash"]},{"damage_healed":0,"gold_gain":99,"player_choice":"Stole From Cult","damage_taken":0,"max_hp_gain":0,"max_hp_loss":0,"event_name":"Nest","floor":30,"gold_loss":0},{"damage_healed":0,"gold_gain":0,"player_choice":"Fight","damage_taken":0,"max_hp_gain":0,"max_hp_loss":0,"event_name":"Colosseum","floor":31,"gold_loss":0},{"damage_healed":0,"gold_gain":0,"player_choice":"Fled From Nobs","damage_taken":0,"max_hp_gain":0,"max_hp_loss":0,"event_name":"Colosseum","floor":31,"gold_loss":0}],"is_beta":true,"boss_relics":[{"not_picked":["Busted Crown","Philosopher\u0027s Stone"],"picked":"Snecko Eye"}],"items_purged_floors":[13],"is_endless":false,"potions_floor_spawned":[2,10,14,16,18,22,28,29,31],"killed_by":"Collector","ascension_level":11}}