{"host":"dztixnx9b0gu6w9i","time":1613578335,"event":{"mods":["BaseMod","Bestiary","Minty Spire (QoL Compilation)","Relic Stats","SpireBot","ojb\u0027s Better Paths Mod","ojb\u0027s Info Mod"],"gold_per_floor":[117,117,127,138,155,155,184,197,197,213,233,259,259,284,284,284,284],"floor_reached":16,"language":"ENG","playtime":1440,"items_purged":[],"score":248,"play_id":"fe401977-6d39-47db-9346-ec1a6fc0f710","local_time":"20210217111215","is_ascension_mode":true,"campfire_choices":[{"data":"Sweeping Beam","floor":6,"key":"SMITH"},{"data":"Zap","floor":15,"key":"SMITH"}],"circlet_count":0,"master_deck":["AscendersBane","Strike_B","Strike_B","Strike_B","Strike_B","Defend_B","Defend_B","Defend_B","Zap+1","Dualcast","Auto Shields","Compile Driver","BootSequence","Sweeping Beam+1","Ball Lightning","Chill","Go for the Eyes+1","Steam","Conserve Battery"],"relics":["Cracked Core","Ginger","Toy Ornithopter","Molten Egg 2","HornCleat","Pantograph"],"acts_visited":["Exordium"],"potions_floor_usage":[7,11,16],"damage_taken":[{"damage":0,"enemies":"Cultist","floor":1,"turns":3},{"damage":4,"enemies":"Small Slimes","floor":3,"turns":3},{"damage":1,"enemies":"2 Louse","floor":4,"turns":2},{"damage":6,"enemies":"Blue Slaver","floor":5,"turns":5},{"damage":25,"enemies":"Gremlin Nob","floor":7,"turns":4},{"damage":12,"enemies":"Large Slime","floor":8,"turns":5},{"damage":0,"enemies":"2 Fungi Beasts","floor":10,"turns":3},{"damage":0,"enemies":"Looter","floor":11,"turns":3},{"damage":2,"enemies":"3 Sentries","floor":12,"turns":6},{"damage":19,"enemies":"Gremlin Nob","floor":14,"turns":4},{"damage":55,"enemies":"Slime Boss","floor":16,"turns":9}],"seed_played":"224780844395612000","potions_obtained":[{"floor":1,"key":"AttackPotion"},{"floor":5,"key":"SpeedPotion"},{"floor":10,"key":"SpeedPotion"},{"floor":12,"key":"FairyPotion"}],"is_trial":false,"path_per_floor":["M","?","M","M","M","R","E","M","T","M","M","E","?","E","R","B"],"character_chosen":"DEFECT","items_purchased":[],"campfire_rested":0,"item_purchase_floors":[],"current_hp_per_floor":[64,64,60,59,53,53,28,16,16,16,21,19,12,19,19,0,0],"gold":284,"neow_bonus":"ONE_RARE_RELIC","is_daily":false,"chose_seed":false,"campfire_upgraded":2,"win_rate":0.0,"timestamp":1613578335,"path_taken":["M","?","M","?","M","R","E","M","T","M","M","E","?","E","R","BOSS"],"items_purchased_type":[],"build_version":"2020-12-22","purchased_purges":0,"victory":false,"max_hp_per_floor":[64,64,64,64,64,64,64,64,64,64,64,64,64,64,64,64,64],"relic_stats":{"counters":[11,47],"Pantograph":25,"Ginger":[6],"obtain_stats":[{"HornCleat":12,"Pantograph":14,"Molten Egg 2":9,"Ginger":0,"Cracked Core":0,"Toy Ornithopter":7},{"HornCleat":9,"Pantograph":10,"Molten Egg 2":6,"Ginger":0,"Cracked Core":0,"Toy Ornithopter":5},{"HornCleat":34,"Pantograph":38,"Molten Egg 2":22,"Ginger":0,"Cracked Core":0,"Toy Ornithopter":17}],"Toy Ornithopter":10},"card_choices":[{"not_picked":["Gash","Go for the Eyes"],"picked":"Auto Shields","floor":1},{"not_picked":["Turbo","Static Discharge"],"picked":"Compile Driver","floor":3},{"not_picked":["Gash","White Noise"],"picked":"BootSequence","floor":4},{"not_picked":["Hologram","Auto Shields"],"picked":"Sweeping Beam","floor":5},{"not_picked":["Storm","Streamline","Creative AI"],"picked":"SKIP","floor":7},{"not_picked":["Redo","Hologram"],"picked":"Ball Lightning","floor":8},{"not_picked":["Compile Driver+1","Conserve Battery"],"picked":"Chill","floor":10},{"not_picked":["Conserve Battery","Fusion"],"picked":"Go for the Eyes+1","floor":11},{"not_picked":["Leap","Turbo"],"picked":"Steam","floor":12},{"not_picked":["Thunder Strike+1","Gash+1"],"picked":"Conserve Battery","floor":14}],"player_experience":8682098,"relics_obtained":[{"floor":7,"key":"Toy Ornithopter"},{"floor":9,"key":"Molten Egg 2"},{"floor":12,"key":"HornCleat"},{"floor":14,"key":"Pantograph"}],"event_choices":[{"damage_healed":0,"gold_gain":0,"player_choice":"0 cards matched","damage_taken":0,"max_hp_gain":0,"max_hp_loss":0,"event_name":"Match and Keep!","floor":2,"gold_loss":0,"cards_obtained":[]},{"cards_removed":["Defend_B"],"damage_healed":0,"gold_gain":0,"player_choice":"Card Removal","damage_taken":7,"max_hp_gain":0,"max_hp_loss":0,"event_name":"Golden Wing","floor":13,"gold_loss":0}],"is_beta":false,"boss_relics":[],"items_purged_floors":[],"is_endless":false,"potions_floor_spawned":[1,5,10,12],"killed_by":"Slime Boss","ascension_level":20}}