{"host":"urzvr6030gsf1sd7","time":1613583498,"event":{"mods":["AchievementEnabler","BaseMod","Block Reminder","Colored Powertips","Minty Spire (QoL Compilation)","Permanent Neow","StSLib"],"gold_per_floor":[118,128,138,149,149,149,180,192,217,234,259,277,277,292,292,393,393,413,430,355,365,382,382,90,125,149,162,172,120,120,154,154,255,255,270,145,145,195,214,214,244,244,244,244,44,44,57,90,90,90,90,90,14,40,40,40],"floor_reached":55,"language":"ENG","playtime":4853,"items_purged":["Strike_P","Strike_P","Wireheading","Writhe"],"score":884,"play_id":"370c8cbd-b072-4744-b5de-74cf6a973c3e","local_time":"20210217123818","is_ascension_mode":true,"campfire_choices":[{"data":"Swivel","floor":6.0,"key":"SMITH"},{"data":"Wallop","floor":13.0,"key":"SMITH"},{"data":"Halt","floor":15.0,"key":"SMITH"},{"data":"Wireheading","floor":23.0,"key":"SMITH"},{"data":"Halt","floor":30.0,"key":"SMITH"},{"data":"BowlingBash","floor":32.0,"key":"SMITH"},{"data":"Vault","floor":40,"key":"SMITH"},{"data":"Eruption","floor":44,"key":"SMITH"},{"floor":46,"key":"RECALL"},{"data":"TalkToTheHand","floor":49,"key":"SMITH"},{"data":"Vigilance","floor":52,"key":"SMITH"}],"circlet_count":0,"master_deck":["Strike_P","Strike_P","Defend_P","Defend_P","Defend_P","Defend_P","Eruption+1","Vigilance+1","Swivel+1","FearNoEvil","CarveReality","ReachHeaven","Wallop+1","TalkToTheHand+1","Tantrum","FlurryOfBlows","Wireheading+1","Halt+1","Vault+1","Meditate","BowlingBash+1","Crescendo+1","Consecrate+1","Halt+1","MasterReality","EmptyBody+1","Master of Strategy","WheelKick+1","Adaptation","WaveOfTheHand+1","CutThroughFate+1","MentalFortress","Tantrum"],"relics":["PureWater","Boot","MealTicket","Ancient Tea Set","Busted Crown","Bag of Marbles","Orichalcum","Yang","VioletLotus","Prayer Wheel","Potion Belt","Nunchaku","Pantograph"],"acts_visited":["TheBeyond","TheEnding"],"potions_floor_usage":[50,50,50,50,50],"damage_taken":[{"damage":2.0,"enemies":"Small Slimes","floor":1.0,"turns":2.0},{"damage":3.0,"enemies":"Cultist","floor":2.0,"turns":5.0},{"damage":0.0,"enemies":"2 Louse","floor":3.0,"turns":3.0},{"damage":3.0,"enemies":"Looter","floor":4.0,"turns":2.0},{"damage":16.0,"enemies":"Lagavulin","floor":7.0,"turns":4.0},{"damage":11.0,"enemies":"Exordium Thugs","floor":8.0,"turns":4.0},{"damage":0.0,"enemies":"Large Slime","floor":10.0,"turns":2.0},{"damage":10.0,"enemies":"Gremlin Nob","floor":11.0,"turns":3.0},{"damage":3.0,"enemies":"Blue Slaver","floor":12.0,"turns":2.0},{"damage":0.0,"enemies":"Exordium Wildlife","floor":14.0,"turns":2.0},{"damage":17.0,"enemies":"The Guardian","floor":16.0,"turns":7.0},{"damage":0.0,"enemies":"Spheric Guardian","floor":18.0,"turns":2.0},{"damage":0.0,"enemies":"3 Byrds","floor":19.0,"turns":4.0},{"damage":10.0,"enemies":"Shelled Parasite and Fungi","floor":21.0,"turns":6.0},{"damage":12.0,"enemies":"Cultist and Chosen","floor":22.0,"turns":5.0},{"damage":9.0,"enemies":"Book of Stabbing","floor":25.0,"turns":5.0},{"damage":13.0,"enemies":"Snake Plant","floor":27.0,"turns":5.0},{"damage":13.0,"enemies":"Shelled Parasite and Fungi","floor":28.0,"turns":4.0},{"damage":1.0,"enemies":"Slavers","floor":31.0,"turns":4.0},{"damage":0.0,"enemies":"Collector","floor":33.0,"turns":8.0},{"damage":18,"enemies":"3 Shapes","floor":35,"turns":3},{"damage":18,"enemies":"Mind Bloom Boss Battle","floor":38,"turns":5},{"damage":0,"enemies":"Orb Walker","floor":39,"turns":3},{"damage":15,"enemies":"Giant Head","floor":41,"turns":9},{"damage":0,"enemies":"3 Darklings","floor":47,"turns":3},{"damage":0,"enemies":"Nemesis","floor":48,"turns":4},{"damage":24,"enemies":"Awakened One","floor":50,"turns":10},{"damage":44,"enemies":"Shield and Spear","floor":54,"turns":9},{"damage":81,"enemies":"The Heart","floor":55,"turns":5}],"seed_played":"-7360526909258785531","potions_obtained":[{"floor":0.0,"key":"Swift Potion"},{"floor":0.0,"key":"FearPotion"},{"floor":0.0,"key":"FearPotion"},{"floor":1.0,"key":"StancePotion"},{"floor":3.0,"key":"Energy Potion"},{"floor":8.0,"key":"Swift Potion"},{"floor":12.0,"key":"Swift Potion"},{"floor":16.0,"key":"FearPotion"},{"floor":19.0,"key":"AttackPotion"},{"floor":27.0,"key":"Ambrosia"},{"floor":33.0,"key":"SteroidPotion"},{"floor":35,"key":"BlessingOfTheForge"},{"floor":41,"key":"Explosive Potion"},{"floor":54,"key":"FairyPotion"}],"is_trial":false,"path_per_floor":["M","M","M","M","?","R","E","M","T","M","E","M","R","M","R","B",null,"M","M","$","M","M","R","$","E","T","M","M","$","R","E","R","B",null,"M","$","?","?","M","R","E","?","T","R","$","R","M","E","R","B",null,"R","$","E","B"],"character_chosen":"WATCHER","items_purchased":["Wireheading","BowlingBash","DistilledChaos","Halt","Dexterity Potion","MentalFortress"],"campfire_rested":0,"item_purchase_floors":[24,24,24,29,45,53],"current_hp_per_floor":[70,67,67,64,64,64,48,37,37,37,27,24,24,24,24,7,72,72,72,72,62,50,50,65,56,56,43,30,45,45,44,44,44,72,54,69,59,41,41,41,26,44,44,44,59,59,59,59,59,35,72,72,72,28,0,0],"gold":40,"neow_bonus":"THREE_SMALL_POTIONS","is_daily":false,"chose_seed":false,"campfire_upgraded":10,"win_rate":0.0,"timestamp":1613583498,"path_taken":["M","M","M","M","?","R","E","M","T","M","E","?","R","M","R","BOSS","M","M","$","M","M","R","$","E","T","?","M","?","R","E","R","BOSS","M","$","?","?","M","R","E","?","T","R","$","R","M","E","R","BOSS","R","$","E","BOSS"],"items_purchased_type":["Card","Card","Potion","Card","Potion","Card"],"build_version":"2020-12-22","purchased_purges":4,"victory":false,"max_hp_per_floor":[72,72,72,72,72,72,72,72,72,72,72,72,72,72,72,72,72,72,72,72,72,72,72,72,72,72,72,72,72,72,72,72,72,72,72,72,72,72,72,72,72,72,72,72,72,72,72,72,72,72,72,72,72,72,72,72],"card_choices":[{"not_picked":["SashWhip","JustLucky"],"picked":"Swivel","floor":1.0},{"not_picked":["FlyingSleeves","BowlingBash"],"picked":"FearNoEvil","floor":2.0},{"not_picked":["FollowUp","MentalFortress"],"picked":"CarveReality","floor":3.0},{"not_picked":["SashWhip","CrushJoints"],"picked":"ReachHeaven","floor":4.0},{"not_picked":["Crescendo","JustLucky"],"picked":"Wallop","floor":7.0},{"not_picked":["Crescendo","Evaluate"],"picked":"TalkToTheHand","floor":8.0},{"not_picked":["Crescendo","LikeWater"],"picked":"Tantrum","floor":10.0},{"not_picked":["Brilliance","Swivel"],"picked":"FlurryOfBlows","floor":11.0},{"not_picked":["EmptyBody","Fasting2"],"picked":"Wireheading","floor":12.0},{"not_picked":["CrushJoints","Prostrate"],"picked":"Halt","floor":14.0},{"not_picked":["Brilliance","Devotion"],"picked":"Vault","floor":16.0},{"not_picked":["Indignation"],"picked":"SKIP","floor":18.0},{"not_picked":["ReachHeaven"],"picked":"SKIP","floor":19.0},{"not_picked":[],"picked":"Meditate","floor":21.0},{"not_picked":["CarveReality+1"],"picked":"SKIP","floor":22.0},{"not_picked":[],"picked":"Crescendo+1","floor":25.0},{"not_picked":[],"picked":"Consecrate+1","floor":27.0},{"not_picked":["JustLucky"],"picked":"SKIP","floor":28.0},{"not_picked":["ClearTheMind"],"picked":"SKIP","floor":31.0},{"not_picked":[],"picked":"MasterReality","floor":33.0},{"not_picked":[],"picked":"EmptyBody+1","floor":35},{"not_picked":[],"picked":"Master of Strategy","floor":37},{"not_picked":[],"picked":"WheelKick+1","floor":38},{"not_picked":[],"picked":"Adaptation","floor":39},{"not_picked":["Crescendo+1"],"picked":"SKIP","floor":39},{"not_picked":[],"picked":"WaveOfTheHand+1","floor":41},{"not_picked":[],"picked":"CutThroughFate+1","floor":47},{"not_picked":["Study+1"],"picked":"SKIP","floor":47},{"not_picked":["FlyingSleeves"],"picked":"SKIP","floor":48},{"not_picked":[],"picked":"Tantrum","floor":54}],"player_experience":311948,"relics_obtained":[{"floor":7.0,"key":"Boot"},{"floor":9.0,"key":"MealTicket"},{"floor":11.0,"key":"Ancient Tea Set"},{"floor":25.0,"key":"Bag of Marbles"},{"floor":26.0,"key":"Orichalcum"},{"floor":31.0,"key":"Yang"},{"floor":38,"key":"Prayer Wheel"},{"floor":41,"key":"Potion Belt"},{"floor":48,"key":"Nunchaku"},{"floor":54,"key":"Pantograph"}],"event_choices":[{"damage_healed":0.0,"max_hp_gain":0.0,"max_hp_loss":0.0,"gold_gain":0.0,"event_name":"The Woman in Blue","player_choice":"Bought 0 Potions","floor":5.0,"gold_loss":0.0,"damage_taken":0.0},{"damage_healed":0,"gold_gain":0,"player_choice":"Memory 3","damage_taken":10,"max_hp_gain":0,"max_hp_loss":0,"event_name":"SensoryStone","floor":37,"gold_loss":0},{"damage_healed":0,"gold_gain":0,"player_choice":"Fight","damage_taken":0,"max_hp_gain":0,"max_hp_loss":0,"event_name":"MindBloom","floor":38,"gold_loss":0},{"damage_healed":18,"gold_gain":0,"player_choice":"Writhe","damage_taken":0,"max_hp_gain":0,"max_hp_loss":0,"event_name":"Winding Halls","floor":42,"gold_loss":0,"cards_obtained":["Writhe"]}],"is_beta":false,"boss_relics":[{"not_picked":["Velvet Choker","SacredBark"],"picked":"Busted Crown"},{"not_picked":["Black Star","Runic Dome"],"picked":"VioletLotus"}],"items_purged_floors":[20,24,36,45],"is_endless":false,"potions_floor_spawned":[1,3,8,12,16,19,25,27,33,35,41,54],"killed_by":"The Heart","ascension_level":2}}