{"host":"r6jigiblrojhp6xe","time":1613539458,"event":{"mods":["AchievementEnabler","BaseMod","DeckTracker","Hermit","Minty Spire (QoL Compilation)","Quick Restart","Rare Cards Sparkle","Relic Stats","StSLib","SuperFastMode","everything is the same but u backflip on backflip"],"gold_per_floor":[111,122,132,57,76,76,105,105,105,124,49,49,49,84,84,155,155,168,168,187,46,59,59,59,59],"floor_reached":24,"language":"KOR","playtime":602,"items_purged":["Strike_B","Strike_B"],"score":412,"play_id":"47fd17fc-a1ca-4557-9734-ee2d8473ba40","local_time":"20210217142418","is_ascension_mode":true,"campfire_choices":[{"data":"Sweeping Beam","floor":6.0,"key":"SMITH"},{"floor":12,"key":"REST"},{"floor":15,"key":"REST"},{"floor":23,"key":"REST"}],"circlet_count":0,"master_deck":["AscendersBane","Strike_B","Defend_B","Defend_B","Defend_B","Zap+1","Dualcast","Compile Driver","Conserve Battery","Undo","Sweeping Beam+1","Ball Lightning","Coolheaded","Conserve Battery","Core Surge","Cold Snap","Creative AI","Capacitor","Meteor Strike"],"relics":["FrozenCore","StoneCalendar","Question Card","Lizard Tail","Emotion Chip"],"acts_visited":["Exordium","TheCity"],"potions_floor_usage":[16],"damage_taken":[{"damage":8.0,"enemies":"Small Slimes","floor":1.0,"turns":4.0},{"damage":7.0,"enemies":"Jaw Worm","floor":2.0,"turns":3.0},{"damage":1.0,"enemies":"Cultist","floor":3.0,"turns":3.0},{"damage":2.0,"enemies":"Red Slaver","floor":5.0,"turns":3.0},{"damage":11.0,"enemies":"Lagavulin","floor":7.0,"turns":7.0},{"damage":9,"enemies":"Blue Slaver","floor":10,"turns":3},{"damage":28,"enemies":"Gremlin Nob","floor":14,"turns":4},{"damage":26,"enemies":"Slime Boss","floor":16,"turns":7},{"damage":20,"enemies":"2 Thieves","floor":18,"turns":4},{"damage":13,"enemies":"Spheric Guardian","floor":20,"turns":7},{"damage":10,"enemies":"Centurion and Healer","floor":22,"turns":7},{"damage":0,"enemies":"Gremlin Leader","floor":24,"turns":1}],"seed_played":"-3873116777276638087","potions_obtained":[{"floor":3.0,"key":"Dexterity Potion"},{"floor":10,"key":"PowerPotion"},{"floor":16,"key":"EssenceOfSteel"},{"floor":18,"key":"FearPotion"}],"is_trial":false,"path_per_floor":["M","M","M","?","M","R","E","?","T","M","$","R","?","E","R","B",null,"M","?","M","$","M","R","E"],"character_chosen":"DEFECT","items_purchased":["Capacitor"],"campfire_rested":3,"item_purchase_floors":[21],"current_hp_per_floor":[56,49,48,48,46,46,35,35,35,26,26,45,45,17,36,10,51,31,31,18,18,8,27,27,27],"gold":59,"neow_bonus":"ONE_RARE_RELIC","is_daily":false,"chose_seed":false,"campfire_upgraded":1,"win_rate":0.0,"timestamp":1613539458,"path_taken":["M","M","M","?","M","R","E","?","T","M","$","R","?","E","R","BOSS","M","?","?","$","M","R","E"],"items_purchased_type":["Card"],"build_version":"2020-12-22","purchased_purges":2,"victory":false,"max_hp_per_floor":[64,64,64,64,64,64,64,64,64,64,64,64,64,64,64,64,64,64,64,64,64,64,64,64,64],"relic_stats":{"Lizard Tail":0,"Emotion Chip":[28,9,19,0,0],"counters":[12,53],"StoneCalendar":[197],"Question Card":6,"obtain_stats":[{"Lizard Tail":9,"Emotion Chip":14,"StoneCalendar":0,"Cracked Core":0,"Question Card":7,"FrozenCore":17},{"Lizard Tail":5,"Emotion Chip":7,"StoneCalendar":0,"Cracked Core":0,"Question Card":5,"FrozenCore":8},{"Lizard Tail":20,"Emotion Chip":27,"StoneCalendar":0,"Cracked Core":0,"Question Card":20,"FrozenCore":34}],"FrozenCore":[10]},"card_choices":[{"not_picked":["Streamline","Conserve Battery"],"picked":"Compile Driver","floor":1.0},{"not_picked":["Gash","Steam"],"picked":"Conserve Battery","floor":2.0},{"not_picked":["Force Field","Streamline"],"picked":"Undo","floor":3.0},{"not_picked":["Leap","Double Energy"],"picked":"Sweeping Beam","floor":5.0},{"not_picked":["Tempest","Hyperbeam"],"picked":"Ball Lightning","floor":7.0},{"not_picked":["Sweeping Beam","Gash","Barrage"],"picked":"Coolheaded","floor":10},{"not_picked":["Leap","Redo","Beam Cell"],"picked":"Conserve Battery","floor":14},{"not_picked":["Multi-Cast","Fission","Machine Learning"],"picked":"Core Surge","floor":16},{"not_picked":["Go for the Eyes","Tempest","Beam Cell"],"picked":"Cold Snap","floor":18},{"not_picked":["Storm","Ball Lightning","Barrage","Leap"],"picked":"SKIP","floor":20},{"not_picked":["Cold Snap","Streamline","Barrage+1"],"picked":"Meteor Strike","floor":22}],"player_experience":611704,"relics_obtained":[{"floor":7.0,"key":"Question Card"},{"floor":9,"key":"Lizard Tail"},{"floor":14,"key":"Emotion Chip"}],"event_choices":[{"cards_removed":["Defend_B"],"damage_healed":0.0,"max_hp_gain":0.0,"max_hp_loss":0.0,"gold_gain":0.0,"event_name":"The Cleric","player_choice":"Card Removal","floor":4.0,"gold_loss":75.0,"damage_taken":0.0},{"damage_healed":0,"gold_gain":0,"player_choice":"Fled","damage_taken":0,"max_hp_gain":0,"max_hp_loss":0,"event_name":"Scrap Ooze","floor":8,"gold_loss":0},{"damage_healed":0,"gold_gain":0,"player_choice":"Upgraded","damage_taken":0,"max_hp_gain":0,"max_hp_loss":0,"event_name":"Upgrade Shrine","floor":13,"gold_loss":0,"cards_upgraded":["Zap"]},{"damage_healed":0,"gold_gain":0,"cards_transformed":["Strike_B"],"player_choice":"Transformed","damage_taken":0,"max_hp_gain":0,"max_hp_loss":0,"event_name":"Transmorgrifier","floor":19,"gold_loss":0,"cards_obtained":["Creative AI"]}],"is_beta":false,"boss_relics":[{"not_picked":["Black Star","Runic Pyramid"],"picked":"FrozenCore"}],"items_purged_floors":[11,21],"is_endless":false,"potions_floor_spawned":[3,10,16,18,20],"killed_by":"Gremlin Leader","ascension_level":20}}