{"host":"ekyl8r8j8fco3zlk","time":1613576339,"event":{"mods":["Act Like it!","Arknights","BaseMod","CapriCore","Decade(王小明)","Dota2Spire","Friendly Minions","Gensokyo","Marisa（F雨　魔理沙）","Minty Spire (QoL Compilation)","READ ME - Guardian Mod","Rare Cards Sparkle","Reimu（博丽灵梦）","StSLib","The Alterego","The Immortal","The Jungle","The Senshi","TheWitcher","Waifu the Spire","WarShipGirlsR/战舰少女R mod","Yakumo Yukari mod","【遗物卡牌】REMEMod"],"gold_per_floor":[111,124,135,185,185,212,224,224,224,234,234,234,234,244,244,348,348,367,367,383,47,57,90,90,103,103,135,135,135,168,179,179,279,279,294,41,41,52,70,70,100,120,147,147,174,174,396,416,416,416],"floor_reached":51,"language":"ZHS","playtime":3098,"items_purged":["rmod:defend","rmod:victimresponsibility"],"score":924,"play_id":"00898455-9ca1-42dd-bb8c-8bbfa2d6481c","local_time":"20210217233859","is_ascension_mode":false,"campfire_choices":[{"data":"rmod:abidefaith","floor":8.0,"key":"SMITH"},{"data":"rmod:lonelyqueen","floor":11.0,"key":"SMITH"},{"data":"rmod:basicallowance","floor":13.0,"key":"SMITH"},{"floor":15.0,"key":"REST"},{"data":"rmod:chargemoney","floor":24.0,"key":"SMITH"},{"data":"rmod:diamondstrike","floor":28.0,"key":"SMITH"},{"floor":32.0,"key":"RECALL"},{"floor":40,"key":"REST"},{"data":"rmod:expeditionaryescort","floor":44,"key":"SMITH"},{"data":"rmod:overbreakdown","floor":46,"key":"SMITH"},{"data":"rmod:firesupport","floor":49,"key":"SMITH"}],"circlet_count":0,"master_deck":["rmod:strick","rmod:strick","rmod:defend","rmod:defend","rmod:basicallowance+1","rmod:maingunfire","rmod:abidefaith+1","rmod:overbreakdown+1","rmod:diamondstrike+1","rmod:firesupport+1","rmod:lonelyqueen+1","rmod:circuitoustactics","rmod:chargemoney+1","rmod:desperatesituation","rmod:smokecover","rmod:launchingtorpedo+1","rmod:aviationdawn+1","rmod:intelligenceanalysis","rmod:sl+1","rmod:expeditionaryescort+1","rmod:rockthrower+1","rmod:victimresponsibility+1","rmod:steelsupply+1","rmod:aggressivemary+1"],"relics":["rmod:firstchargereward","REME_ComplimentaryCards","Toy Ornithopter","Dota2Spire:PowerTreads","Sundial","RedLine:ReiMu","Tea:ReiMu","REME_LimitBreaker","Dota2Spire:EchoSabre","Red Mask","Letter Opener","Black Star","Dota2Spire:MaskOfMadness","Dota2Spire:DivineRapier","Art of War","Happy Flower","Dota2Spire:LotusOrb","Dota2Spire:MantaStyle"],"acts_visited":["Exordium","TheCity","TheBeyond"],"potions_floor_usage":[39,39,41,45,50,50],"damage_taken":[{"damage":8.0,"enemies":"Cultist","floor":1.0,"turns":4.0},{"damage":7.0,"enemies":"2 Louse","floor":2.0,"turns":4.0},{"damage":11.0,"enemies":"Jaw Worm","floor":3.0,"turns":3.0},{"damage":5.0,"enemies":"2 Fungi Beasts","floor":4.0,"turns":4.0},{"damage":20.0,"enemies":"Gremlin Nob","floor":6.0,"turns":4.0},{"damage":6.0,"enemies":"Gremlin Gang","floor":7.0,"turns":5.0},{"damage":0.0,"enemies":"Large Slime","floor":10.0,"turns":7.0},{"damage":6.0,"enemies":"2 Fungi Beasts","floor":14.0,"turns":4.0},{"damage":0.0,"enemies":"The Guardian","floor":16.0,"turns":8.0},{"damage":9.0,"enemies":"Spheric Guardian","floor":18.0,"turns":5.0},{"damage":9.0,"enemies":"Chosen","floor":20.0,"turns":5.0},{"damage":6.0,"enemies":"Shelled Parasite and Fungi","floor":22.0,"turns":7.0},{"damage":4.0,"enemies":"Book of Stabbing","floor":23.0,"turns":7.0},{"damage":10.0,"enemies":"Cultist and Chosen","floor":25.0,"turns":7.0},{"damage":6.0,"enemies":"Masked Bandits","floor":27.0,"turns":6.0},{"damage":3.0,"enemies":"Gremlin Leader","floor":30.0,"turns":9.0},{"damage":9.0,"enemies":"Snake Plant","floor":31.0,"turns":4.0},{"damage":0.0,"enemies":"Champ","floor":33.0,"turns":9.0},{"damage":14.0,"enemies":"Orb Walker","floor":35.0,"turns":4.0},{"damage":30.0,"enemies":"3 Shapes","floor":38.0,"turns":5.0},{"damage":38,"enemies":"Spire Growth","floor":39,"turns":4},{"damage":50,"enemies":"Nemesis","floor":41,"turns":7},{"damage":0,"enemies":"4 Shapes","floor":42,"turns":5},{"damage":14,"enemies":"Reptomancer","floor":45,"turns":5},{"damage":0,"enemies":"Maw","floor":48,"turns":4},{"damage":30,"enemies":"Donu and Deca","floor":50,"turns":7}],"seed_played":"-3434939508380569878","potions_obtained":[{"floor":2.0,"key":"Ancient Potion"},{"floor":3.0,"key":"REME_GoldPotion"},{"floor":4.0,"key":"Weak Potion"},{"floor":7.0,"key":"LiquidMemories"},{"floor":16.0,"key":"DistilledChaos"},{"floor":25.0,"key":"SteroidPotion"},{"floor":27.0,"key":"LiquidBronze"},{"floor":30.0,"key":"Energy Potion"},{"floor":33.0,"key":"LiquidMemories"},{"floor":39,"key":"DuplicationPotion"},{"floor":42,"key":"Swift Potion"},{"floor":45,"key":"BlessingOfTheForge"},{"floor":48,"key":"Regen Potion"}],"is_trial":false,"path_per_floor":["M","M","M","M","?","E","M","R","T","M","R","?","R","M","R","B",null,"M","?","M","$","M","E","R","M","T","?","R","?","E","M","R","B",null,"M","$","?","M","M","R","E","M","T","R","E","R","?","M","R","B",null],"character_chosen":"PRAEFECT","items_purchased":["Tea:ReiMu","Dota2Spire:MaskOfMadness"],"campfire_rested":2,"item_purchase_floors":[21,36],"current_hp_per_floor":[67,60,49,54,54,34,28,28,28,28,28,21,21,15,37,37,75,66,66,62,62,56,62,62,52,52,46,46,46,48,39,39,39,75,66,66,66,36,21,43,1,1,1,1,1,1,1,1,1,30],"gold":416,"neow_bonus":"RANDOM_COMMON_RELIC","is_daily":false,"chose_seed":false,"campfire_upgraded":8,"win_rate":0.0,"timestamp":1613576339,"path_taken":["M","?","M","M","?","E","M","R","T","?","R","?","R","M","R","BOSS","M","?","M","$","?","E","R","M","T","?","R","?","E","?","R","BOSS","M","$","?","M","M","R","E","M","T","R","E","R","?","M","R","BOSS"],"items_purchased_type":["Relic","Relic"],"build_version":"2020-12-22","purchased_purges":2,"victory":true,"max_hp_per_floor":[75,75,75,75,75,75,75,75,75,75,75,75,75,75,75,75,75,75,75,75,75,75,75,75,75,75,75,75,75,75,75,75,75,75,75,75,75,75,75,75,75,75,75,75,75,75,75,75,75,75],"card_choices":[{"not_picked":["rmod:gendarmerie","rmod:steelsupply"],"picked":"rmod:overbreakdown","floor":1.0},{"not_picked":["rmod:aviationdawn","rmod:sl"],"picked":"rmod:diamondstrike","floor":2.0},{"not_picked":["rmod:diamondstrike","rmod:aggressivemary"],"picked":"rmod:firesupport","floor":3.0},{"not_picked":["rmod:supportescort","rmod:intelligenceanalysis"],"picked":"rmod:lonelyqueen","floor":4.0},{"not_picked":["rmod:ammunitionsupply","rmod:fletcher","rmod:diamondstrike"],"picked":"SKIP","floor":6.0},{"not_picked":["rmod:fuelsupply","rmod:combined"],"picked":"rmod:circuitoustactics","floor":7.0},{"not_picked":["rmod:capitalist","rmod:aluminumsupply","rmod:victimresponsibility"],"picked":"SKIP","floor":10.0},{"not_picked":["rmod:firesupport","rmod:diamondstrike"],"picked":"rmod:chargemoney","floor":14.0},{"not_picked":["rmod:abidefaith","rmod:fletcher"],"picked":"rmod:desperatesituation","floor":16.0},{"not_picked":["rmod:victimresponsibility","rmod:guardianhero","rmod:wasp"],"picked":"SKIP","floor":18.0},{"not_picked":["rmod:luckystar","rmod:diamondstrike"],"picked":"rmod:smokecover","floor":20.0},{"not_picked":["rmod:overbreakdown","rmod:spoils"],"picked":"rmod:launchingtorpedo+1","floor":22.0},{"not_picked":["rmod:expedition","rmod:ammunitionsupply","rmod:spoils+1"],"picked":"SKIP","floor":23.0},{"not_picked":["rmod:aluminumsupply","rmod:fletcherpendant"],"picked":"rmod:aviationdawn+1","floor":25.0},{"not_picked":["rmod:ammunitionsupply","rmod:luckystar"],"picked":"rmod:victimresponsibility","floor":27.0},{"not_picked":["rmod:shuttlebombing","rmod:heivgo"],"picked":"rmod:intelligenceanalysis","floor":30.0},{"not_picked":["rmod:ammunitionsupply","rmod:generalist"],"picked":"rmod:sl+1","floor":31.0},{"not_picked":["rmod:fletcher","rmod:secretscript"],"picked":"rmod:expeditionaryescort","floor":33.0},{"not_picked":["rmod:luckystar","rmod:shuttlebombing+1","rmod:chargemoney"],"picked":"SKIP","floor":35.0},{"not_picked":["rmod:chargemoney","rmod:garrisonisland"],"picked":"rmod:rockthrower+1","floor":38.0},{"not_picked":["rmod:luckystar","rmod:fletcherpendant+1","rmod:victimresponsibility"],"picked":"SKIP","floor":39},{"not_picked":["rmod:fuelsupply","rmod:gendarmerie+1"],"picked":"rmod:victimresponsibility+1","floor":41},{"not_picked":["rmod:shuttlebombing","rmod:capitalist+1"],"picked":"rmod:steelsupply+1","floor":42},{"not_picked":["rmod:overbreakdown","rmod:diamondstrike","rmod:combined+1"],"picked":"SKIP","floor":45},{"not_picked":["rmod:guardianhero+1","rmod:fletcherpendant+1"],"picked":"rmod:aggressivemary+1","floor":48}],"player_experience":624033,"relics_obtained":[{"floor":6.0,"key":"Dota2Spire:PowerTreads"},{"floor":9.0,"key":"Sundial"},{"floor":23.0,"key":"REME_LimitBreaker"},{"floor":26.0,"key":"Dota2Spire:EchoSabre"},{"floor":27.0,"key":"Red Mask"},{"floor":30.0,"key":"Letter Opener"},{"floor":41,"key":"Dota2Spire:DivineRapier"},{"floor":41,"key":"Art of War"},{"floor":43,"key":"Happy Flower"},{"floor":45,"key":"Dota2Spire:LotusOrb"},{"floor":45,"key":"Dota2Spire:MantaStyle"}],"event_choices":[{"cards_removed":["rmod:strick"],"damage_healed":0.0,"max_hp_gain":0.0,"max_hp_loss":0.0,"gold_gain":0.0,"event_name":"Purifier","player_choice":"Purged","floor":5.0,"gold_loss":0.0,"damage_taken":0.0},{"cards_removed":["rmod:defend"],"damage_healed":0.0,"max_hp_gain":0.0,"max_hp_loss":0.0,"gold_gain":0.0,"event_name":"Golden Wing","player_choice":"Card Removal","floor":12.0,"gold_loss":0.0,"damage_taken":7.0},{"cards_removed":["rmod:strick"],"damage_healed":0.0,"max_hp_gain":0.0,"max_hp_loss":0.0,"gold_gain":0.0,"event_name":"Purifier","player_choice":"Purged","floor":19.0,"gold_loss":0.0,"damage_taken":0.0},{"damage_healed":0.0,"max_hp_gain":0.0,"max_hp_loss":0.0,"gold_gain":0.0,"event_name":"Masked Bandits","player_choice":"Fought Bandits","floor":27.0,"gold_loss":0.0,"damage_taken":0.0},{"damage_healed":0.0,"max_hp_gain":0.0,"max_hp_loss":0.0,"gold_gain":0.0,"event_name":"Duplicator","player_choice":"Ignored","floor":29.0,"gold_loss":0.0,"damage_taken":0.0},{"damage_healed":0.0,"max_hp_gain":0.0,"max_hp_loss":0.0,"gold_gain":0.0,"event_name":"SensoryStone","player_choice":"Memory 1","floor":37.0,"gold_loss":0.0,"damage_taken":0.0},{"damage_healed":0,"gold_gain":222,"player_choice":"Wore Mask","damage_taken":0,"max_hp_gain":0,"max_hp_loss":0,"event_name":"Tomb of Lord Red Mask","floor":47,"gold_loss":0}],"is_beta":false,"boss_relics":[{"not_picked":["Ectoplasm","Velvet Choker"],"picked":"RedLine:ReiMu"},{"not_picked":["Dota2Spire:RefresherOrb","Fusion Hammer"],"picked":"Black Star"}],"items_purged_floors":[21,36],"is_endless":false,"potions_floor_spawned":[2,3,4,7,16,18,25,27,30,33,39,42,45,48],"ascension_level":0}}