{"host":"h49usdrjeju7gyhi","time":1613527659,"event":{"mods":["BaseMod","Colored Map","Minty Spire (QoL Compilation)","SOS???????","StSLib"],"gold_per_floor":[135,135,173,236,311,353,353,353,353],"floor_reached":8,"language":"ENG","playtime":482,"items_purged":[],"score":67,"play_id":"e3732ff9-de88-4f6d-9a38-b108f3b7e4a6","local_time":"20210216210739","is_ascension_mode":true,"campfire_choices":[{"floor":7,"key":"REST"}],"circlet_count":0,"master_deck":["Attack_a","Attack_a","Attack_b","Shoot","Shoot","Provocation","Defend_Dante","Defend_Dante","Defend_Dante","Defend_Dante","Redorb","Discovery","Royaldefend","Fullhouse","Greenorb","Dash1"],"relics":["SSS","Combocheck","Golden Idol","Tiny Chest"],"acts_visited":["Exordium"],"potions_floor_usage":[8],"damage_taken":[{"damage":18,"enemies":"Cultist","floor":1,"turns":5},{"damage":0,"enemies":"2 Louse","floor":3,"turns":3},{"damage":10,"enemies":"Small Slimes","floor":4,"turns":4},{"damage":13,"enemies":"Lagavulin","floor":6,"turns":7},{"damage":49,"enemies":"Gremlin Nob","floor":8,"turns":4}],"seed_played":"6172962126105107561","potions_obtained":[{"floor":6,"key":"EssenceOfSteel"}],"is_trial":false,"path_per_floor":["M","?","M","M","?","E","R","E"],"character_chosen":"DANTE","items_purchased":[],"campfire_rested":1,"item_purchase_floors":[],"current_hp_per_floor":[62,42,47,43,32,22,46,0,0],"gold":353,"neow_bonus":"RANDOM_COLORLESS","is_daily":false,"chose_seed":false,"campfire_upgraded":0,"win_rate":0.0,"timestamp":1613527659,"path_taken":["M","?","M","M","?","E","R","E"],"items_purchased_type":[],"build_version":"2020-12-22","purchased_purges":0,"victory":false,"max_hp_per_floor":[80,80,80,80,80,80,80,80,80],"card_choices":[{"not_picked":["Panacea","Trip"],"picked":"Discovery","floor":0},{"not_picked":["VitalstarM","Chargeshoot"],"picked":"Royaldefend","floor":1},{"not_picked":["GilgameshcomboA","BeastUppercut"],"picked":"Fullhouse","floor":3},{"not_picked":["Dash1","Dash2"],"picked":"Greenorb","floor":4},{"not_picked":["Holywater","Millionstab"],"picked":"Dash1","floor":6}],"player_experience":1135158,"relics_obtained":[{"floor":6,"key":"Tiny Chest"}],"event_choices":[{"damage_healed":0,"gold_gain":0,"player_choice":"Take Damage","damage_taken":20,"relics_obtained":["Golden Idol"],"max_hp_gain":0,"max_hp_loss":0,"event_name":"Golden Idol","floor":2,"gold_loss":0},{"damage_healed":0,"gold_gain":75,"player_choice":"Gather Gold","damage_taken":11,"max_hp_gain":0,"max_hp_loss":0,"event_name":"World of Goop","floor":5,"gold_loss":0}],"is_beta":false,"boss_relics":[],"items_purged_floors":[],"is_endless":false,"potions_floor_spawned":[6],"killed_by":"Gremlin Nob","ascension_level":4}}