{"host":"2l5k2wp87eek7qja","time":1613586254,"event":{"mods":["BaseMod","Colored Map","Minty Spire (QoL Compilation)","Relic Stats"],"gold_per_floor":[114,164,184,184,184,184,211,221,221,68,68,93,93,111,111,189,189,207,207,47,47,61,61,96,96,96],"floor_reached":25,"language":"ENG","playtime":576,"items_purged":["Strike_G"],"score":504,"play_id":"cfcc1eaa-eaaf-47fb-b6e8-adceb1cf9f8c","local_time":"20210217202414","is_ascension_mode":true,"campfire_choices":[{"data":"Dagger Throw","floor":6,"key":"SMITH"},{"data":"Caltrops","floor":11,"key":"SMITH"},{"data":"Blade Dance","floor":15,"key":"SMITH"},{"data":"Neutralize","floor":23,"key":"SMITH"}],"circlet_count":0,"master_deck":["AscendersBane","Strike_G","Strike_G","Defend_G","Defend_G","Defend_G","Defend_G","Defend_G","Survivor","Neutralize+1","Dagger Throw+1","Sucker Punch+1","Dagger Spray","Caltrops+1","Blade Dance+1","Dodge and Roll+1","Backstab","Blade Dance+1","Necronomicurse","Acrobatics+1","Deflect"],"relics":["Ring of the Snake","NeowsBlessing","Du-Vu Doll","Boot","WristBlade","DollysMirror","Necronomicon","Tingsha"],"acts_visited":["Exordium","TheCity"],"potions_floor_usage":[22,24],"damage_taken":[{"damage":0,"enemies":"Small Slimes","floor":1,"turns":1},{"damage":0,"enemies":"Cultist","floor":3,"turns":1},{"damage":0,"enemies":"Gremlin Nob","floor":7,"turns":1},{"damage":4,"enemies":"Jaw Worm","floor":8,"turns":3},{"damage":14,"enemies":"3 Sentries","floor":12,"turns":8},{"damage":0,"enemies":"2 Fungi Beasts","floor":14,"turns":2},{"damage":30,"enemies":"Hexaghost","floor":16,"turns":9},{"damage":11,"enemies":"2 Thieves","floor":18,"turns":3},{"damage":11,"enemies":"Shell Parasite","floor":22,"turns":4},{"damage":12,"enemies":"Slavers","floor":24,"turns":5},{"damage":12,"enemies":"Chosen and Byrds","floor":25,"turns":3}],"seed_played":"7361401938484926403","potions_obtained":[{"floor":1,"key":"GamblersBrew"},{"floor":8,"key":"GhostInAJar"},{"floor":13,"key":"SkillPotion"},{"floor":14,"key":"Regen Potion"},{"floor":24,"key":"SkillPotion"}],"is_trial":false,"path_per_floor":["M","?","M","?","?","R","E","M","T","$","R","E","?","M","R","B",null,"M","?","$","?","M","R","E","M"],"character_chosen":"THE_SILENT","items_purchased":["Caltrops","DollysMirror"],"campfire_rested":0,"item_purchase_floors":[10,20],"current_hp_per_floor":[59,59,59,59,52,52,52,48,48,48,48,34,34,34,34,4,51,40,40,40,19,20,20,8,0,0],"gold":96,"neow_bonus":"THREE_ENEMY_KILL","is_daily":false,"chose_seed":false,"campfire_upgraded":4,"win_rate":0.0,"timestamp":1613586254,"path_taken":["M","?","?","?","?","R","E","?","T","$","R","E","?","?","R","BOSS","M","?","?","?","M","R","E","M"],"items_purchased_type":["Card","Relic"],"build_version":"2020-12-22","purchased_purges":1,"victory":false,"max_hp_per_floor":[66,66,66,66,66,66,66,66,66,66,66,66,66,66,66,66,66,66,66,66,66,66,66,66,66,66],"relic_stats":{"counters":[11,40],"Tingsha":[6],"Necronomicon":[0],"Boot":[13],"obtain_stats":[{"Du-Vu Doll":7,"NeowsBlessing":0,"WristBlade":17,"DollysMirror":20,"Tingsha":24,"Necronomicon":21,"Boot":12,"Ring of the Snake":0},{"Du-Vu Doll":3,"NeowsBlessing":0,"WristBlade":7,"DollysMirror":8,"Tingsha":10,"Necronomicon":8,"Boot":5,"Ring of the Snake":0},{"Du-Vu Doll":3,"NeowsBlessing":0,"WristBlade":25,"DollysMirror":28,"Tingsha":37,"Necronomicon":28,"Boot":14,"Ring of the Snake":0}],"Ring of the Snake":[22]},"card_choices":[{"not_picked":["Eviscerate","Dodge and Roll"],"picked":"Dagger Throw","floor":1},{"not_picked":["Cloak And Dagger","Escape Plan"],"picked":"Sucker Punch","floor":3},{"not_picked":["Underhanded Strike","Sucker Punch","Slice"],"picked":"SKIP","floor":7},{"not_picked":["PiercingWail","Choke"],"picked":"Dagger Spray","floor":8},{"not_picked":["Slice","Footwork"],"picked":"Blade Dance","floor":12},{"not_picked":["Bane","Masterful Stab","Outmaneuver"],"picked":"SKIP","floor":14},{"not_picked":["Quick Slash+1","Skewer+1"],"picked":"Dodge and Roll+1","floor":18},{"not_picked":["Bane","Escape Plan"],"picked":"Acrobatics+1","floor":22},{"not_picked":["Venomology","Acrobatics"],"picked":"Deflect","floor":24}],"player_experience":799348,"relics_obtained":[{"floor":7,"key":"Du-Vu Doll"},{"floor":12,"key":"Boot"},{"floor":21,"key":"Necronomicon"},{"floor":24,"key":"Tingsha"}],"event_choices":[{"damage_healed":0,"gold_gain":50,"player_choice":"Pray","damage_taken":0,"max_hp_gain":0,"max_hp_loss":0,"event_name":"Golden Shrine","floor":2,"gold_loss":0},{"damage_healed":0,"gold_gain":0,"player_choice":"Grow","damage_taken":0,"max_hp_gain":0,"max_hp_loss":0,"event_name":"Living Wall","floor":4,"gold_loss":0,"cards_upgraded":["Sucker Punch"]},{"cards_removed":["Strike_G"],"damage_healed":0,"gold_gain":0,"player_choice":"Card Removal","damage_taken":7,"max_hp_gain":0,"max_hp_loss":0,"event_name":"Golden Wing","floor":5,"gold_loss":0},{"damage_healed":0,"gold_gain":0,"player_choice":"Got Potions","damage_taken":0,"max_hp_gain":0,"max_hp_loss":0,"event_name":"Lab","floor":13,"gold_loss":0},{"damage_healed":0,"gold_gain":0,"cards_transformed":["Strike_G"],"player_choice":"Transformed","damage_taken":0,"max_hp_gain":0,"max_hp_loss":0,"event_name":"Transmorgrifier","floor":19,"gold_loss":0,"cards_obtained":["Backstab"]},{"damage_healed":0,"gold_gain":0,"player_choice":"Obtained Book","damage_taken":21,"max_hp_gain":0,"max_hp_loss":0,"event_name":"Cursed Tome","floor":21,"gold_loss":0}],"is_beta":false,"boss_relics":[{"not_picked":["Pandora\u0027s Box","Runic Pyramid"],"picked":"WristBlade"}],"items_purged_floors":[10],"is_endless":false,"potions_floor_spawned":[1,8,14,24],"killed_by":"Chosen and Byrds","ascension_level":20}}