{"host":"e3zuhorjxi9w14q4","time":1613568294,"event":{"mods":["AchievementEnabler","Aspiration","BaseMod","Defuse TimeMaze Blight","Downfall","Energized Spire","GifTheSpireLib","Hubris","Infinite Spire","Jorbs\u0027s Wanderer Trilogy","Minty Spire (QoL Compilation)","Reliquary","Replay The Spire","Spicy Shops","Spikes Relics","StSLib","Stuff the Spire","The Bug Knight","The Marked","The Poker Player","The Servant 0.9.4"],"gold_per_floor":[99,99,99,99,27,127,127,160,172,172,182,211,111,42,57,156,156,156,156,173,173,173,173,173,173,191,191,191,191,217,317,333,428,428,328,346,359,359,408,408,462,491,391,391,22,41,120,132,143,143,143,174,24,24,24,24],"floor_reached":57,"language":"ENG","playtime":7567,"items_purged":["champ:Strike","Regret","Decay","champ:Strike"],"score":1392,"play_id":"674dbecc-23c4-4e32-a2f4-914b2d1c53d5","local_time":"20210217142454","is_ascension_mode":false,"campfire_choices":[{"data":"champ:Taunt","floor":1,"key":"SMITH"},{"floor":10,"key":"RECALL"},{"data":"champ:BerserkerStyle","floor":13,"key":"SMITH"},{"data":"champ:Backstep","floor":18,"key":"SMITH"},{"data":"champ:FanOfKnives","floor":23,"key":"SMITH"},{"data":"champ:Lariat","floor":25,"key":"SMITH"},{"data":"champ:StrikeOfGenius","floor":27,"key":"SMITH"},{"data":"champ:AdrenalArmor","floor":29,"key":"SMITH"},{"data":"champ:AdrenalArmor","floor":35,"key":"SMITH"},{"data":"ReplayTheSpireMod:Faulty Equipment","floor":43,"key":"SMITH"},{"data":"champ:ShieldWall","floor":54,"key":"SMITH"}],"circlet_count":0,"master_deck":["champ:Strike","champ:Strike","champ:Defend","champ:Defend+1","champ:Defend","champ:Defend","champ:Execute","champ:Taunt+1","champ:BringItOn+1","champ:AdrenalArmor+1","champ:Lariat+1","champ:Duel","champ:Backstep+1","champ:ArenaPreparation","champ:BerserkerStyle+1","champ:FanOfKnives+1","champ:TornadoPunch","champ:TornadoPunch","champ:HeartStrike","champ:StrikeOfGenius+1","champ:FocusedBerserking","champ:Endure+1","champ:AdrenalArmor+1","champ:FaceSlap","champ:ShieldWall+1","champ:FanOfKnives+1","champ:ShieldWall"],"relics":["champ:ChampionCrown","downfall:HeartsMalice","hubris:Towel","Cauldron","aspiration:FrozenJewel","infinitespire:Beetle Shell","Odd Mushroom","downfall:HeartBlessingRed","aspiration:PoetsPen_weak","hubris:AstralHammer","SacredBark","Pondfish Scales","Bag of Preparation","Counterbalance","downfall:ExtraCursedKey","hubris:Backtick","Snack Pack","downfall:HeartBlessingGreen","StuffTheSpire:RubySignet","aspiration:RitualDagger","hubris:Potato","StuffTheSpire:GreaterSneckoEye","Replay:Rubber Ducky","downfall:HeartBlessingBlue","reliquary:FingerTrap","Membership Card","hubris:TenFootPole","Durian","PreservedInsect","BargainBundle","reliquary:PartyBalloon","infinitespire:CheckeredPen","War Paint","ExplosiveVial"],"acts_visited":["Exordium","TheCity","TheBeyond","TheEnding"],"potions_floor_usage":[8,33,47,55,55,56],"damage_taken":[{"damage":0,"enemies":"Cultist","floor":2,"turns":1},{"damage":0,"enemies":"Small Slimes","floor":3,"turns":1},{"damage":0,"enemies":"downfall:FleeingMerchant","floor":5,"turns":1},{"damage":99,"enemies":"Lagavulin","floor":8,"turns":10},{"damage":35,"enemies":"2 Louse","floor":9,"turns":4},{"damage":30,"enemies":"2 Fungi Beasts","floor":11,"turns":6},{"damage":10,"enemies":"The Mushroom Lair","floor":12,"turns":5},{"damage":62,"enemies":"downfall:FleeingMerchant","floor":14,"turns":4},{"damage":31,"enemies":"Lots of Slimes","floor":15,"turns":4},{"damage":106,"enemies":"WA_ARCHETYPE_RETAIN","floor":16,"turns":7},{"damage":21,"enemies":"3 Byrds","floor":20,"turns":4},{"damage":67,"enemies":"Spheric Guardian","floor":26,"turns":3},{"damage":92,"enemies":"Gremlin Leader","floor":30,"turns":7},{"damage":39,"enemies":"Snecko","floor":32,"turns":5},{"damage":59,"enemies":"DF_ARCHETYPE_CLAW","floor":33,"turns":5},{"damage":19,"enemies":"3 Shapes","floor":36,"turns":4},{"damage":20,"enemies":"Orb Walker","floor":37,"turns":3},{"damage":57,"enemies":"2 Orb Walkers","floor":39,"turns":4},{"damage":0,"enemies":"Giant Head","floor":42,"turns":4},{"damage":0,"enemies":"downfall:FleeingMerchant","floor":45,"turns":4},{"damage":0,"enemies":"Spire Growth","floor":46,"turns":3},{"damage":0,"enemies":"downfall:FleeingMerchant","floor":47,"turns":3},{"damage":0,"enemies":"Maw","floor":48,"turns":5},{"damage":0,"enemies":"3 Darklings","floor":49,"turns":3},{"damage":0,"enemies":"SI_POISON_ARCHETYPE","floor":50,"turns":8},{"damage":0,"enemies":"downfall:CharBossMerchant","floor":52,"turns":6},{"damage":0,"enemies":"downfall:NeowBoss","floor":55,"turns":9},{"damage":0,"enemies":"downfall:NeowBossFinal","floor":56,"turns":9}],"seed_played":"-7171461394330671352","potions_obtained":[{"floor":5,"key":"Swift Potion"},{"floor":5,"key":"Languid Potion"},{"floor":5,"key":"Slimebound:ThreeZeroPotion"},{"floor":11,"key":"champ:CounterPotion"},{"floor":16,"key":"LifebloodPotion"},{"floor":32,"key":"FearPotion"}],"is_trial":false,"path_per_floor":["R","M","M","?","$","?","T","E","M","R","M","?","R","$","M","B",null,"R","?","M","?","AVR","R","T","R","M","R","?","R","E","?","M","B",null,"R","M","M","AVR","?","?","T","E","R","?","$","M","$","M","M","B",null,"E","$","R","B","B",null],"character_chosen":"THE_CHAMP","items_purchased":["Cauldron","champ:TornadoPunch","reliquary:FingerTrap","Membership Card","hubris:TenFootPole","Durian","PreservedInsect","BargainBundle","PowerPotion","CultistPotion","reliquary:PartyBalloon","champ:ShieldWall","War Paint","ExplosiveVial"],"campfire_rested":0,"item_purchase_floors":[5,14,45,45,45,47,47,47,47,47,47,47,53,53],"current_hp_per_floor":[90,90,90,90,90,90,90,63,63,63,63,63,63,60,54,51,90,90,90,90,90,90,90,90,90,89,89,89,89,58,58,57,61,90,90,71,72,72,64,44,44,90,100,100,100,100,105,105,105,105,105,105,105,105,105,105],"gold":24,"neow_bonus":"THREE_ENEMY_KILL","is_daily":false,"chose_seed":false,"campfire_upgraded":10,"win_rate":0.0,"timestamp":1613568294,"path_taken":["R","M","M","?","$","?","T","E","M","R","M","?","R","$","M","BOSS","R","?","M","?","AVR","R","T","R","?","R","?","R","E","?","M","BOSS","R","M","M","AVR","?","?","T","E","R","?","$","M","?","M","M","BOSS","E","$","R","BOSS","BOSS"],"items_purchased_type":["Relic","Card","Relic","Relic","Relic","Relic","Relic","Relic","Potion","Potion","Relic","Card","Relic","Relic"],"build_version":"2020-12-22","purchased_purges":4,"victory":true,"max_hp_per_floor":[90,90,90,90,90,90,90,90,90,90,90,90,90,90,90,90,90,90,90,90,90,90,90,90,90,90,90,90,90,90,90,90,90,90,90,90,90,90,90,90,90,90,100,100,100,100,105,105,105,105,105,105,105,105,105,105],"card_choices":[{"not_picked":["champ:TornadoPunch","champ:Backstep"],"picked":"champ:BringItOn","floor":2},{"not_picked":["champ:Parry","champ:Shatter"],"picked":"champ:AdrenalArmor","floor":3},{"not_picked":["champ:PreciseThrust","champ:Parry"],"picked":"champ:Lariat","floor":5},{"not_picked":["champ:FlashCut","champ:Parry"],"picked":"champ:Duel","floor":8},{"not_picked":["champ:Circumvent","champ:EnragedBash"],"picked":"champ:Backstep","floor":9},{"not_picked":["champ:DeathBlow","champ:RisingSlash"],"picked":"champ:ArenaPreparation","floor":11},{"not_picked":["champ:Shatter","champ:PreemptiveStrike"],"picked":"champ:BerserkerStyle","floor":12},{"not_picked":["champ:Backstep","champ:Encircle"],"picked":"champ:FanOfKnives","floor":14},{"not_picked":["champ:FalseCounter","champ:CrownThrow"],"picked":"champ:HeartStrike","floor":15},{"not_picked":["champ:SteelEdge","champ:Devastate"],"picked":"champ:StrikeOfGenius","floor":16},{"not_picked":["champ:Shatter","champ:UltimateStance"],"picked":"champ:FocusedBerserking","floor":20},{"not_picked":["champ:GutPunch","champ:AdrenalArmor"],"picked":"champ:Endure+1","floor":26},{"not_picked":["champ:PreciseThrust","champ:FocusedDefense+1"],"picked":"champ:AdrenalArmor","floor":30},{"not_picked":["champ:PerfectedStrike","champ:BringItOn"],"picked":"champ:FaceSlap","floor":32},{"not_picked":["champ:PerfectedStrike+1","champ:Endure","champ:Lariat"],"picked":"SKIP","floor":36},{"not_picked":["champ:FanOfKnives","champ:FocusedBerserking","champ:AdrenalArmor"],"picked":"SKIP","floor":37},{"not_picked":["champ:FlashCut","champ:Backstep","champ:CrownThrow+1"],"picked":"SKIP","floor":42},{"not_picked":["champ:FalseCounter+1","champ:BerserkersShout+1"],"picked":"champ:ShieldWall","floor":45},{"not_picked":["champ:StanceDance","champ:SwordSigil","champ:EnGarde+1"],"picked":"SKIP","floor":46},{"not_picked":["champ:EnGarde","champ:FlashCut+1"],"picked":"champ:FanOfKnives+1","floor":47},{"not_picked":["champ:FanOfKnives+1","champ:Parry+1","champ:DefensiveStyle+1"],"picked":"SKIP","floor":48},{"not_picked":["champ:Haymaker","champ:AdrenalArmor+1","champ:ViciousMockery"],"picked":"SKIP","floor":49},{"not_picked":["champ:CrookedStrike","champ:EndlessRage+1","champ:TornadoPunch+1"],"picked":"SKIP","floor":52}],"player_experience":319271,"relics_obtained":[{"floor":7,"key":"aspiration:FrozenJewel"},{"floor":8,"key":"infinitespire:Beetle Shell"},{"floor":12,"key":"Odd Mushroom"},{"floor":21,"key":"hubris:AstralHammer"},{"floor":24,"key":"Bag of Preparation"},{"floor":30,"key":"Counterbalance"},{"floor":39,"key":"hubris:Potato"},{"floor":40,"key":"StuffTheSpire:GreaterSneckoEye"},{"floor":42,"key":"Replay:Rubber Ducky"},{"floor":52,"key":"infinitespire:CheckeredPen"}],"event_choices":[{"damage_healed":0,"gold_gain":0,"player_choice":"Fought Mushrooms","damage_taken":0,"max_hp_gain":0,"max_hp_loss":0,"event_name":"Mushrooms","floor":12,"gold_loss":0},{"damage_healed":0,"gold_gain":0,"player_choice":"Ignored","damage_taken":0,"max_hp_gain":0,"max_hp_loss":0,"event_name":"Ghosts","floor":19,"gold_loss":0},{"damage_healed":0,"gold_gain":0,"player_choice":"Relic","damage_taken":0,"max_hp_gain":0,"max_hp_loss":0,"event_name":"Wheel of Change","floor":21,"gold_loss":0},{"damage_healed":0,"gold_gain":0,"player_choice":"Fight","damage_taken":0,"max_hp_gain":0,"max_hp_loss":0,"event_name":"Mysterious Sphere","floor":39,"gold_loss":0}],"is_beta":false,"boss_relics":[{"not_picked":["Kintsugi","aspiration:SecretTechniqueScroll"],"picked":"aspiration:PoetsPen_weak"},{"not_picked":["hubris:VirtuousBlindfold","Pandora\u0027s Box"],"picked":"hubris:Backtick"}],"items_purged_floors":[22,38,45,47],"is_endless":false,"potions_floor_spawned":[11,12,15,16,26,32,48,49],"ascension_level":0}}