{"host":"os9owiyb0rak6c8n","time":1613571892,"event":{"mods":["AchievementEnabler","Astrologer","BaseMod","Beaked The Cultist","Better Third Choice","Block Reminder","Colored Map","Colored Powertips","Curses Come First","Dio Mod","Minty Spire (QoL Compilation)","Robot Space Explorer","Spicy Shops","StSLib","The Death Knight","The Necromancer"],"gold_per_floor":[115,134,134,35,45,45,71,71,116,126,126,145,19,19,19,119,119,137,62,62,77,77,77,102,115,142,102,119,131,150,150,150],"floor_reached":31,"language":"ENG","playtime":809,"items_purged":["Strike_B"],"score":476,"play_id":"5bbe71ce-ea39-49d6-8df1-9ef82acffa4a","local_time":"20210217152452","is_ascension_mode":true,"campfire_choices":[{"data":"Hologram","floor":6,"key":"SMITH"},{"floor":8,"key":"REST"},{"data":"Go for the Eyes","floor":11,"key":"SMITH"},{"floor":15,"key":"REST"},{"data":"Scrape","floor":23,"key":"SMITH"}],"circlet_count":0,"master_deck":["AscendersBane","Strike_B","Strike_B","Defend_B","Defend_B","Defend_B","Defend_B","Zap+1","Dualcast","All For One+1","Beam Cell","Scrape+1","Ball Lightning","Hologram+1","FTL","Go for the Eyes+1","Gash+1","Gash+1","All For One+1","Decay"],"relics":["Cracked Core","Happy Flower","Bag of Preparation","Busted Crown","Orichalcum","DeathKnight:PutricidesVial"],"acts_visited":["Exordium","TheCity"],"potions_floor_usage":[24,24,31,31],"damage_taken":[{"damage":2,"enemies":"Jaw Worm","floor":1,"turns":3},{"damage":0,"enemies":"Small Slimes","floor":2,"turns":3},{"damage":1,"enemies":"2 Louse","floor":5,"turns":2},{"damage":50,"enemies":"Lagavulin","floor":7,"turns":6},{"damage":0,"enemies":"2 Fungi Beasts","floor":10,"turns":2},{"damage":17,"enemies":"Gremlin Gang","floor":12,"turns":3},{"damage":0,"enemies":"Slime Boss","floor":16,"turns":4},{"damage":0,"enemies":"Shell Parasite","floor":18,"turns":2},{"damage":3,"enemies":"3 Byrds","floor":21,"turns":3},{"damage":3,"enemies":"Book of Stabbing","floor":24,"turns":3},{"damage":14,"enemies":"Snecko","floor":25,"turns":3},{"damage":0,"enemies":"Chosen and Byrds","floor":28,"turns":3},{"damage":6,"enemies":"Cultist and Chosen","floor":29,"turns":2},{"damage":15,"enemies":"Shelled Parasite and Fungi","floor":30,"turns":2},{"damage":4,"enemies":"3 Cultists","floor":31,"turns":2}],"seed_played":"-5404221923849511849","potions_obtained":[{"floor":5,"key":"EssenceOfSteel"},{"floor":10,"key":"BlessingOfTheForge"},{"floor":25,"key":"BlessingOfTheForge"},{"floor":30,"key":"AttackPotion"}],"is_trial":false,"path_per_floor":["M","M","?","$","M","R","E","R","T","M","R","M","$","?","R","B",null,"M","?","?","M","?","R","E","M","T","?","M","M","M","M"],"character_chosen":"DEFECT","items_purchased":["Ball Lightning","Gash","Block Potion"],"campfire_rested":2,"item_purchase_floors":[4,13,13],"current_hp_per_floor":[66,66,66,66,65,65,15,37,37,37,37,20,20,20,42,42,67,67,67,67,64,42,42,39,25,25,25,25,19,4,0,0],"gold":150,"neow_bonus":"ONE_RANDOM_RARE_CARD","is_daily":false,"chose_seed":false,"campfire_upgraded":3,"win_rate":0.0,"timestamp":1613571892,"path_taken":["M","M","?","$","M","R","E","R","T","M","R","M","$","?","R","BOSS","M","?","?","M","?","R","E","M","T","?","M","M","?","M"],"items_purchased_type":["Card","Card","Potion"],"build_version":"2020-12-22","purchased_purges":1,"victory":false,"max_hp_per_floor":[75,75,75,75,75,75,75,75,75,75,75,75,75,75,75,75,75,75,75,75,75,75,75,75,75,75,75,75,75,75,75,75],"card_choices":[{"not_picked":["Compile Driver","Stack"],"picked":"Beam Cell","floor":1},{"not_picked":["Rebound","Rip and Tear"],"picked":"Scrape","floor":2},{"not_picked":["Streamline","Compile Driver"],"picked":"Hologram","floor":5},{"not_picked":["Auto Shields","Rebound"],"picked":"FTL","floor":7},{"not_picked":["Steam","Cold Snap"],"picked":"Go for the Eyes","floor":10},{"not_picked":["Core Surge","Coolheaded"],"picked":"Gash","floor":12},{"not_picked":["Biased Cognition","Hyperbeam"],"picked":"All For One","floor":16},{"not_picked":["Rip and Tear"],"picked":"SKIP","floor":18},{"not_picked":["Turbo"],"picked":"SKIP","floor":21},{"not_picked":["Beam Cell"],"picked":"SKIP","floor":24},{"not_picked":["Go for the Eyes"],"picked":"SKIP","floor":25},{"not_picked":["Barrage"],"picked":"SKIP","floor":28},{"not_picked":["Conserve Battery"],"picked":"SKIP","floor":29},{"not_picked":["Static Discharge"],"picked":"SKIP","floor":30}],"player_experience":614203,"relics_obtained":[{"floor":7,"key":"Happy Flower"},{"floor":9,"key":"Bag of Preparation"},{"floor":24,"key":"Orichalcum"},{"floor":26,"key":"DeathKnight:PutricidesVial"}],"event_choices":[{"damage_healed":0,"gold_gain":0,"player_choice":"Grow","damage_taken":0,"max_hp_gain":0,"max_hp_loss":0,"event_name":"Living Wall","floor":3,"gold_loss":0,"cards_upgraded":["All For One"]},{"damage_healed":0,"gold_gain":0,"player_choice":"Ignored","damage_taken":19,"max_hp_gain":0,"max_hp_loss":0,"event_name":"betterThird:BetterSerpent","floor":14,"gold_loss":0},{"cards_removed":["Strike_B"],"damage_healed":0,"gold_gain":0,"player_choice":"Gave Gold","damage_taken":0,"max_hp_gain":0,"max_hp_loss":0,"event_name":"Beggar","floor":19,"gold_loss":75},{"damage_healed":0,"gold_gain":0,"player_choice":"Smashed Altar","damage_taken":0,"max_hp_gain":0,"max_hp_loss":0,"event_name":"Forgotten Altar","floor":20,"gold_loss":0,"cards_obtained":["Decay"]},{"damage_healed":0,"gold_gain":0,"player_choice":"Upgrade","damage_taken":0,"max_hp_gain":0,"max_hp_loss":0,"event_name":"Designer","floor":27,"gold_loss":40,"cards_upgraded":["Zap"]}],"is_beta":false,"boss_relics":[{"not_picked":["Runic Dome","Ectoplasm"],"picked":"Busted Crown"}],"items_purged_floors":[4],"is_endless":false,"potions_floor_spawned":[5,10,12,25,30],"killed_by":"3 Cultists","ascension_level":11}}