{"host":"flm17o2q7bfjyna6","time":1613577993,"event":{"mods":["2.2 Compatiblity","Act Like it!","BaseMod","Better Altar","Better Match","Better Note","Better Sensory Stone","Better Skull","Better Third Choice","Better Vampires","Colored Map","Colored Powertips","DeckTracker","Fox Events","Hermit","Minty Spire (QoL Compilation)","Quick Restart","Replay The Spire","Reworked Bosses","Spicy Shops","StSLib","TheSwordswoman","Wandering Minibosses"],"gold_per_floor":[209,209,33,208,208,241,80,107,107,133,133,148,148,1,1,104,104,123,33,33,44,61,94,94,122,198,211,16,49,49,49,49,147,147,160,2,21,21,41,72,72,104,174,192,192,226,226,245,245,245],"floor_reached":51,"language":"ENG","playtime":3287,"items_purged":["Doubt"],"score":1319,"play_id":"ef07a785-e883-4509-a593-82c40c888c1e","local_time":"20210217110633","is_ascension_mode":true,"campfire_choices":[{"data":"blazmod:DawnflutterDance","floor":11,"key":"SMITH"},{"data":"blazmod:SecondSight","floor":13,"key":"SMITH"},{"data":"blazmod:ApexLegends","floor":15,"key":"SMITH"},{"data":"blazmod:DawnflutterDance","floor":24,"key":"SMITH"},{"data":"blazmod:Observant","floor":30,"key":"SMITH"},{"data":"blazmod:KatanaStrike","floor":32,"key":"SMITH"},{"data":"blazmod:SeismicSlash","floor":41,"key":"SMITH"},{"data":"blazmod:SeismicSlash","floor":47,"key":"SMITH"},{"data":"blazmod:MyEverything","floor":49,"key":"SMITH"}],"circlet_count":0,"master_deck":["blazmod:Defend","blazmod:Kyokasuigetsu+1","blazmod:SecondSight+1","blazmod:FortifiedVigor+1","blazmod:BlindingFlash+1","Dramatic Entrance+1","blazmod:DawnflutterDance+1","blazmod:ApexLegends+1","blazmod:HoumatsuMugenKochouji","CurseOfTheBell","blazmod:RevolvingPhoenix+1","blazmod:DawnflutterDance+1","blazmod:Observant+1","blazmod:MyEverything+1","blazmod:KatanaStrike+1","blazmod:ButterflyForm+1","ReplayTheSpireMod:Faulty Equipment","Shame","blazmod:FortifiedVigor+1","blazmod:SeismicSlash+1","blazmod:SeismicSlash+1","blazmod:ButterflyBlade","blazmod:FleetingDawn+1","blazmod:Observant+1","Swift Strike","ReplayUltimateDefense+1","blazmod:SecondSight+1"],"relics":["blazmod:Venustas","blazmod:UnsignedBlade","Frozen Egg 2","WingedGreaves","MealTicket","Darkstone Periapt","Kunai","Chemical X","Calling Bell","Replay:Rubber Ducky","InkBottle","Pondfish Scales","Shuriken","Replay:Towering Pillar of Hats","Akabeko","Divine Protection","Membership Card","StoneCalendar","Whetstone","Kintsugi","Du-Vu Doll","Bag of Marbles","Iron Hammer","StrikeDummy"],"acts_visited":["Exordium","TheCity","TheBeyond"],"potions_floor_usage":[8,23,33,50],"damage_taken":[{"damage":0,"enemies":"2 Louse","floor":1,"turns":3},{"damage":0,"enemies":"3 Sentries","floor":6,"turns":5},{"damage":10,"enemies":"Lagavulin","floor":8,"turns":7},{"damage":2,"enemies":"3 Sentries","floor":10,"turns":7},{"damage":0,"enemies":"Jaw Worm","floor":12,"turns":3},{"damage":0,"enemies":"Hexaghost","floor":16,"turns":11},{"damage":1,"enemies":"Shell Parasite","floor":18,"turns":6},{"damage":0,"enemies":"2 Thieves","floor":21,"turns":3},{"damage":0,"enemies":"Snake Plant","floor":22,"turns":4},{"damage":9,"enemies":"Slavers","floor":23,"turns":3},{"damage":4,"enemies":"Book of Stabbing","floor":25,"turns":7},{"damage":0,"enemies":"Centurion and Healer","floor":27,"turns":3},{"damage":0,"enemies":"Slavers","floor":29,"turns":3},{"damage":0,"enemies":"bossMod:newChamp","floor":33,"turns":4},{"damage":0,"enemies":"3 Shapes","floor":35,"turns":1},{"damage":0,"enemies":"Orb Walker","floor":37,"turns":2},{"damage":0,"enemies":"4 Shapes","floor":39,"turns":2},{"damage":0,"enemies":"Giant Head","floor":40,"turns":4},{"damage":0,"enemies":"Nemesis","floor":42,"turns":7},{"damage":0,"enemies":"Sphere and 2 Shapes","floor":44,"turns":1},{"damage":0,"enemies":"Reptomancer","floor":46,"turns":3},{"damage":0,"enemies":"Jaw Worm Horde","floor":48,"turns":2},{"damage":0,"enemies":"bossMod:newShapes","floor":50,"turns":3}],"seed_played":"-7527285527745398654","potions_obtained":[{"floor":1,"key":"Energy Potion"},{"floor":6,"key":"Toxic Potion"},{"floor":10,"key":"Elixir"},{"floor":12,"key":"PowerPotion"},{"floor":21,"key":"Toxic Potion"},{"floor":23,"key":"Death Potion"},{"floor":33,"key":"Strength Potion"}],"is_trial":false,"path_per_floor":["M","?","$","?","?","E","$","E","T","E","R","M","R","$","R","B",null,"M","?","T","M","M","E","R","E","T","M","$","E","R","?","R","B",null,"M","$","M","$","M","E","R","E","T","M","?","E","R","M","R","B",null],"character_chosen":"THE_SWORDSWOMAN","items_purchased":["blazmod:UnsignedBlade","blazmod:FortifiedVigor","Dramatic Entrance","Chemical X","Membership Card","StoneCalendar","blazmod:SeismicSlash"],"campfire_rested":0,"item_purchase_floors":[3,3,7,14,28,28,36],"current_hp_per_floor":[40,36,36,36,36,36,36,26,26,24,24,24,24,39,39,39,46,45,45,45,45,45,36,36,32,32,32,46,46,46,46,46,46,58,58,58,58,58,58,58,58,58,58,58,58,58,58,58,58,58],"gold":245,"neow_bonus":"HUNDRED_GOLD","is_daily":false,"chose_seed":false,"campfire_upgraded":9,"win_rate":0.0,"timestamp":1613577993,"path_taken":["M","?","$","?","?","E","$","E","T","E","R","?","R","$","R","BOSS","M","?","?","?","?","E","R","E","T","M","$","E","R","?","R","BOSS","M","$","M","$","M","E","R","E","T","M","?","E","R","M","R","BOSS"],"items_purchased_type":["Relic","Card","Card","Relic","Relic","Relic","Card"],"build_version":"2020-12-22","purchased_purges":1,"victory":true,"max_hp_per_floor":[40,40,40,40,40,40,40,40,40,40,40,40,40,40,40,40,46,46,46,46,46,46,46,46,46,46,46,46,46,46,46,46,46,58,58,58,58,58,58,58,58,58,58,58,58,58,58,58,58,58],"card_choices":[{"not_picked":["blazmod:Trasient","blazmod:StanceChange"],"picked":"blazmod:SecondSight","floor":1},{"not_picked":["blazmod:Valiance","blazmod:PhysicalEndurance"],"picked":"blazmod:BlindingFlash","floor":6},{"not_picked":["blazmod:FlyFlyAgain+1","blazmod:Valiance","blazmod:MentalFocus"],"picked":"SKIP","floor":8},{"not_picked":["blazmod:GlasswingWaltz","blazmod:QuickBlade"],"picked":"blazmod:DawnflutterDance","floor":10},{"not_picked":["blazmod:Crosscut","blazmod:Contingency+1"],"picked":"blazmod:ApexLegends","floor":12},{"not_picked":["blazmod:InLoveAndWar","blazmod:MindAtPeace"],"picked":"blazmod:HoumatsuMugenKochouji","floor":16},{"not_picked":["blazmod:Trasient","blazmod:StanceChange","blazmod:FleetOfFoot"],"picked":"SKIP","floor":18},{"not_picked":["blazmod:ButterFlutter","blazmod:Crosscut","blazmod:MentalFocus"],"picked":"SKIP","floor":21},{"not_picked":["blazmod:Valiance","blazmod:FlashRock"],"picked":"blazmod:RevolvingPhoenix+1","floor":22},{"not_picked":["blazmod:Trasient+1","blazmod:MindsEye"],"picked":"blazmod:DawnflutterDance","floor":23},{"not_picked":["blazmod:FleetOfFoot","blazmod:DevilDivine"],"picked":"blazmod:Observant","floor":25},{"not_picked":["blazmod:FleetOfFoot","blazmod:VisionsOfButterflies"],"picked":"blazmod:MyEverything","floor":27},{"not_picked":["blazmod:MentalFocus","blazmod:FlashRock"],"picked":"blazmod:KatanaStrike","floor":29},{"not_picked":["blazmod:NaturesBeauty+1","blazmod:OneWithNature"],"picked":"blazmod:ButterflyForm+1","floor":33},{"not_picked":["blazmod:StanceChange","blazmod:MentalFocus"],"picked":"blazmod:FortifiedVigor+1","floor":35},{"not_picked":["blazmod:ButterFlutter+1","blazmod:Valiance","blazmod:SidewaySolace+1"],"picked":"SKIP","floor":37},{"not_picked":["blazmod:FlashRock+1","blazmod:StanceChange+1"],"picked":"blazmod:ButterflyBlade","floor":39},{"not_picked":["blazmod:FlawlessDraw","blazmod:HoumatsuMugenKochouji"],"picked":"blazmod:FleetingDawn+1","floor":40},{"not_picked":["blazmod:LoveAndHonor+1","blazmod:MentalFocus"],"picked":"blazmod:Observant+1","floor":42},{"not_picked":["blazmod:UnderPurifyingWaters+1","blazmod:ButterFlutter+1","blazmod:Crosscut+1"],"picked":"SKIP","floor":44},{"not_picked":["ReplayTheSpireMod:Trickstab","Discovery"],"picked":"Swift Strike","floor":45},{"not_picked":["Discovery","Dramatic Entrance"],"picked":"ReplayUltimateDefense+1","floor":45},{"not_picked":["blazmod:MyEverything","blazmod:PhysicalEndurance","blazmod:ForgeWays"],"picked":"SKIP","floor":46},{"not_picked":["blazmod:ButterFlutter+1","blazmod:FortifiedVigor+1"],"picked":"blazmod:SecondSight+1","floor":48}],"player_experience":1781947,"relics_obtained":[{"floor":6,"key":"WingedGreaves"},{"floor":8,"key":"MealTicket"},{"floor":9,"key":"Darkstone Periapt"},{"floor":10,"key":"Kunai"},{"floor":17,"key":"Replay:Rubber Ducky"},{"floor":17,"key":"InkBottle"},{"floor":17,"key":"Pondfish Scales"},{"floor":20,"key":"Shuriken"},{"floor":23,"key":"Replay:Towering Pillar of Hats"},{"floor":25,"key":"Akabeko"},{"floor":26,"key":"Divine Protection"},{"floor":29,"key":"Whetstone"},{"floor":40,"key":"Du-Vu Doll"},{"floor":42,"key":"Bag of Marbles"},{"floor":43,"key":"Iron Hammer"},{"floor":46,"key":"StrikeDummy"}],"event_choices":[{"damage_healed":0,"gold_gain":175,"player_choice":"AGREE","damage_taken":33,"max_hp_gain":0,"max_hp_loss":0,"event_name":"betterThird:BetterSerpent","floor":4,"gold_loss":0},{"damage_healed":0,"gold_gain":0,"player_choice":"Gave Potion","damage_taken":0,"relics_obtained":["Frozen Egg 2"],"max_hp_gain":0,"max_hp_loss":0,"event_name":"WeMeetAgain","floor":5,"gold_loss":0},{"cards_removed":["blazmod:Strike"],"damage_healed":0,"gold_gain":0,"player_choice":"Upgrade and Remove","damage_taken":0,"max_hp_gain":0,"max_hp_loss":0,"event_name":"Designer","floor":19,"gold_loss":90,"cards_upgraded":["Dramatic Entrance"]},{"cards_removed":["blazmod:Strike"],"damage_healed":0,"gold_gain":0,"player_choice":"Purged","damage_taken":0,"max_hp_gain":0,"max_hp_loss":0,"event_name":"Purifier","floor":31,"gold_loss":0},{"damage_healed":0,"gold_gain":3,"player_choice":"1","damage_taken":0,"max_hp_gain":0,"max_hp_loss":0,"event_name":"betterStone:BetterStone","floor":45,"gold_loss":0}],"is_beta":false,"boss_relics":[{"not_picked":["Philosopher\u0027s Stone","Coffee Dripper"],"picked":"Calling Bell"},{"not_picked":["Black Star","Abe\u0027s Treasure"],"picked":"Kintsugi"}],"items_purged_floors":[7],"is_endless":false,"potions_floor_spawned":[1,6,10,12,21,23,29,33,40,44,46,48],"ascension_level":3}}