{"host":"ypzi5hvah0ucsg44","time":1613535527,"event":{"mods":["BaseMod","Colored Map","Downfall","Googly Eyes","Minty Spire (QoL Compilation)","Quick Restart","Replay The Spire","StSLib","The Construct"],"gold_per_floor":[99,112,112,126,126,126,126,126,151,151,181,181,199,213,227,330,330,330,345,345,365,51,1,1,12,12,12,12],"floor_reached":26,"language":"ENG","playtime":2085,"items_purged":["Spreading Infection"],"score":216,"play_id":"7a51dfdd-ab7c-4c23-b724-73bffd27355f","local_time":"20210216201847","is_ascension_mode":false,"campfire_choices":[{"data":"Slimebound:Split","floor":1,"key":"SMITH"},{"floor":10,"key":"REST"},{"floor":12,"key":"REST"},{"data":"Slimebound:OozeBath","floor":18,"key":"SMITH"}],"circlet_count":0,"master_deck":["Slimebound:Strike_Slimebound","Slimebound:Strike_Slimebound","Slimebound:Strike_Slimebound","Slimebound:Tackle","Slimebound:Defend_Slimebound","Slimebound:Defend_Slimebound","Slimebound:Defend_Slimebound+1","Slimebound:Defend_Slimebound","Slimebound:Split+1","Slimebound:CorrosiveSpit+1","Slimebound:Equalize","Slimebound:Equalize","Slimebound:GoopSpray+1","Slimebound:GoopSpray","Slimebound:Repurpose","Slimebound:FinishingTackle","Slimebound:FirmFortitude","Slimebound:AcidTongue","Slimebound:OozeBath+1","Slimebound:RollThrough+1","Slimebound:SplitMire","Slimebound:ViciousTackle","Slimebound:Chomp","Doubt","Slimebound:Grow"],"relics":["Slimebound:AbsorbEndCombat","ReplayTheSpireMod:Ring of Addiction","Ring of Panic","SacredBark","Chameleon Ring","Onion Ring","Gremlin Food","Replay:Accelerometer","Cursed Key","Slimebound:SelfDamagePreventRelic","StoneCalendar"],"acts_visited":["Exordium","TheCity"],"potions_floor_usage":[],"damage_taken":[{"damage":10,"enemies":"Jaw Worm","floor":2,"turns":4},{"damage":0,"enemies":"Cultist","floor":4,"turns":3},{"damage":30,"enemies":"3 Sentries","floor":9,"turns":7},{"damage":11,"enemies":"Lagavulin","floor":11,"turns":5},{"damage":0,"enemies":"2 Louse","floor":13,"turns":3},{"damage":7,"enemies":"Exordium Thugs","floor":14,"turns":5},{"damage":0,"enemies":"Red Slaver","floor":15,"turns":1},{"damage":34,"enemies":"IC_STATUS_ARCHETYPE","floor":16,"turns":9},{"damage":39,"enemies":"downfall:LooterAlt2","floor":19,"turns":7},{"damage":17,"enemies":"3 Byrds","floor":21,"turns":6},{"damage":13,"enemies":"downfall:FleeingMerchant","floor":22,"turns":4},{"damage":26,"enemies":"Cultist and Chosen","floor":25,"turns":5},{"damage":49,"enemies":"Slavers","floor":26,"turns":2}],"seed_played":"-8098635251339791175","potions_obtained":[{"floor":6,"key":"Swift Potion"},{"floor":6,"key":"AttackPotion"},{"floor":6,"key":"SkillPotion"},{"floor":8,"key":"ColorlessPotion"},{"floor":8,"key":"SkillPotion"},{"floor":11,"key":"champ:CounterPotion"},{"floor":21,"key":"Slimebound:SlimedPotion"}],"is_trial":false,"path_per_floor":["R","M","?","M","?","?","T","R","E","R","E","R","M","M","M","B",null,"R","M","?","M","$","?","T","M","E"],"character_chosen":"SLIMEBOUND","items_purchased":["Slimebound:SelfDamagePreventRelic","Slimebound:Chomp"],"campfire_rested":2,"item_purchase_floors":[22,22],"current_hp_per_floor":[71,62,62,66,66,66,66,66,52,69,69,69,67,67,67,45,65,65,40,40,43,42,61,61,45,0,0,0],"gold":12,"neow_bonus":"TEN_PERCENT_HP_BONUS","is_daily":false,"chose_seed":false,"campfire_upgraded":2,"win_rate":0.0,"timestamp":1613535527,"path_taken":["R","M","?","?","?","?","T","R","E","R","E","R","M","M","M","BOSS","R","M","?","?","$","?","T","M","E"],"items_purchased_type":["Relic","Card"],"build_version":"2020-12-22","purchased_purges":1,"victory":false,"max_hp_per_floor":[71,71,71,71,71,71,71,71,71,69,69,69,67,67,67,65,65,65,63,63,63,61,61,61,59,59,59,59],"card_choices":[{"not_picked":["Slimebound:SamplingLick","Slimebound:ItLooksTasty"],"picked":"Slimebound:Equalize","floor":2},{"not_picked":["Slimebound:ProtectTheBoss","Slimebound:RollThrough"],"picked":"Slimebound:GoopSpray","floor":4},{"not_picked":["Slimebound:SplitAcid","Slimebound:SlimeSpikes"],"picked":"Slimebound:GoopSpray","floor":9},{"not_picked":["Slimebound:Replication","Slimebound:FinishingTackle"],"picked":"Slimebound:Repurpose","floor":11},{"not_picked":["Slimebound:LeechingTouch","Slimebound:SplitLeeching"],"picked":"Slimebound:FinishingTackle","floor":13},{"not_picked":["Slimebound:LivingWall","Slimebound:FinishingTackle"],"picked":"Slimebound:FirmFortitude","floor":14},{"not_picked":["Slimebound:ComboTackle","Slimebound:LeechingTouch"],"picked":"Slimebound:AcidTongue","floor":15},{"not_picked":["Slimebound:SlimeSlap","Slimebound:MassRepurpose"],"picked":"Slimebound:OozeBath","floor":16},{"not_picked":["Slimebound:ItLooksTasty+1","Slimebound:LeechEnergy"],"picked":"Slimebound:RollThrough+1","floor":19},{"not_picked":["Slimebound:SplitBruiser","Slimebound:SplitLeeching"],"picked":"Slimebound:SplitMire","floor":21},{"not_picked":["Slimebound:LeadByExample","Slimebound:Repurpose"],"picked":"Slimebound:ViciousTackle","floor":22},{"not_picked":["Slimebound:PressTheAttack","Slimebound:Schlurp"],"picked":"Slimebound:Grow","floor":25}],"player_experience":144692,"relics_obtained":[{"floor":6,"key":"ReplayTheSpireMod:Ring of Addiction"},{"floor":6,"key":"Ring of Panic"},{"floor":6,"key":"SacredBark"},{"floor":6,"key":"Chameleon Ring"},{"floor":7,"key":"Onion Ring"},{"floor":9,"key":"Gremlin Food"},{"floor":11,"key":"Replay:Accelerometer"},{"floor":24,"key":"StoneCalendar"}],"event_choices":[{"damage_healed":0,"gold_gain":0,"player_choice":"Grow","damage_taken":0,"max_hp_gain":0,"max_hp_loss":0,"event_name":"Living Wall","floor":5,"gold_loss":0,"cards_upgraded":["Slimebound:CorrosiveSpit"]}],"is_beta":false,"boss_relics":[{"not_picked":["SlaversCollar","construct:WeddingRing"],"picked":"Cursed Key"}],"items_purged_floors":[22],"is_endless":false,"potions_floor_spawned":[11,13,14,15,19,21],"killed_by":"Slavers","ascension_level":0}}