{"host":"qg654vxoo1kzp6cj","time":1613598640,"event":{"mods":["100% Spire Juice","2.2 Compatiblity","Act Like it!","Aspiration","BaseMod","Better Altar","Better Skull","Better Third Choice","Better Vampires","Bossed Relics","Displayed Cursed Tome","Downfall","Elementarium","Gensokyo","GifTheSpireLib","Hallownest","HololiveMod","Hubris","Ironclad Rager","Menagerie","Minty Spire (QoL Compilation)","MostiFishMod","Pale of the Ancients","Reliquary","Replay The Spire","Ruina","Shapeshifter Mod","Spicy Shops","StSLib","Stuff the Spire","The Animator","The Bug Knight","The Runesmith","The Senshi","The Servant 0.9.4","TheHero","Wandering Minibosses","WarShipGirlsR/????R mod"],"gold_per_floor":[-1286,-1286,-1271,-1256,-1256,-1256,-1222,-1209,-1209,-1199,-1185,-1185,-1158,-1142,-1142,-1042,-1042,-1024,-1013,-1013,-1013,-1013,-1013,-1002,-969,-957,-957,-881,-881,-881,-869,-869,-869,-869,-764,-764,-744,-734,0,0,0,0,0,0,0,12,25,103,140,154,154,154,173,173,216,241,241,241,241],"floor_reached":58,"language":"ENG","playtime":4205,"items_purged":[],"score":976,"play_id":"ed05005a-2b86-42c4-b875-59044c1bb002","local_time":"20210217165040","is_ascension_mode":false,"campfire_choices":[{"floor":6,"key":"REST"},{"data":"StSShapeShifter:VineHandcuffs","floor":15,"key":"SMITH"},{"floor":27,"key":"RECALL"},{"data":"StSShapeShifter:LionForm","floor":29,"key":"SMITH"},{"data":"StSShapeShifter:Evolution","floor":34,"key":"SMITH"},{"data":"StSShapeShifter:Sap_Burst","floor":42,"key":"SMITH"},{"data":"StuffTheSpire:Vigor","floor":44,"key":"SMITH"},{"data":"StSShapeShifter:Spring","floor":51,"key":"SMITH"},{"data":"StSShapeShifter:Garden","floor":57,"key":"SMITH"}],"circlet_count":0,"master_deck":["StSShapeShifter:ShapeShifter_Strike","StSShapeShifter:ShapeShifter_Strike","StSShapeShifter:ShapeShifter_Strike","StSShapeShifter:ShapeShifter_Strike","StSShapeShifter:ShapeShifter_Strike","StSShapeShifter:ShapeShifter_Defend","StSShapeShifter:ShapeShifter_Defend","StSShapeShifter:ShapeShifter_Defend","StSShapeShifter:ShapeShifter_Defend","StSShapeShifter:ShapeShifter_Defend","StSShapeShifter:Tortoise_Form","StSShapeShifter:Lynx_Form","StSShapeShifter:RatForm","StSShapeShifter:AdaptiveStrikes+1","StSShapeShifter:RockSlide","StSShapeShifter:LionForm+1","StSShapeShifter:Roar","StSShapeShifter:BloomingSlash","StSShapeShifter:PhoenixForm","StSShapeShifter:VineHandcuffs+1","StSShapeShifter:WolfForm","StSShapeShifter:BurrBomb","StSShapeShifter:OakBlade","StSShapeShifter:ClimbTree+1","StSShapeShifter:Garden+1","StSShapeShifter:FlamingoForm+1","StSShapeShifter:PorcupineForm","StSShapeShifter:Evolution+1","hubris:NaturalOne","StSShapeShifter:Spring+1","CurseOfTheBell","StSShapeShifter:WaspSwarmForm","StSShapeShifter:BurstingSpore+1","StSShapeShifter:ThornedSkin","StSShapeShifter:Sap_Burst+1","animator:Curse_Greed","StuffTheSpire:Vigor+1","StSShapeShifter:RaptorForm","StSShapeShifter:BurstingSpore+1","StSShapeShifter:BurstingSpore+1","StSShapeShifter:BarkSkin","StSShapeShifter:IntimidatingAura+1","StSShapeShifter:Sapling+1"],"relics":["StSShapeShifter:AnimalHeart","StSShapeShifter:TheShapeShiftersMagnolia","DaveBox","SynthV:MejaisSoulstealer","NeowsBlessing","SynthV:TestCard","reliquary:SharkskinSheath","Replay:Bottled Eggs","Hololive_LightStick","Ring of Chaos","hubris:FunFungus","Replay:Ringing Soul","Snack Pack","hubris:Icosahedron","ruina:PrescriptsGrace","Calling Bell","HollowMod:QueensCombRelic","hubris:ToyBattleship","StuffTheSpire:Rhapsscallions","Ring of Peace","Ring of Panic","reliquary:SharkskinSheath","Replay:Wax Seal","reliquary:Firecrackers","reliquary:Stiletto","paleoftheancients:Timepiece","paleoftheancients:KeyRelic","Sozu","CultistMask","StSShapeShifter:FrogOfVitality","Pet Ghost"],"acts_visited":["Exordium","Menagerie:Menagerie","ruina:Briah","Gensokyo:Gensokyoest"],"potions_floor_usage":[7,14,16,25,26,35,35,49],"damage_taken":[{"damage":0,"enemies":"Menagerie:2_RABBITS","floor":1,"turns":1},{"damage":0,"enemies":"Menagerie:StygianBoar","floor":3,"turns":1},{"damage":0,"enemies":"Menagerie:WhisperingWraith","floor":4,"turns":1},{"damage":0,"enemies":"Menagerie:Hydra","floor":7,"turns":4},{"damage":0,"enemies":"Menagerie:RedMage","floor":8,"turns":2},{"damage":0,"enemies":"Menagerie:Hexasnake","floor":10,"turns":3},{"damage":0,"enemies":"Menagerie:3_RABBITS","floor":11,"turns":3},{"damage":0,"enemies":"Menagerie:MaskedSummoner","floor":13,"turns":4},{"damage":0,"enemies":"Menagerie:EntropyWarlock","floor":14,"turns":1},{"damage":15,"enemies":"Menagerie:AVATARS","floor":16,"turns":4},{"damage":5,"enemies":"ruina:2_Scarecrows","floor":18,"turns":5},{"damage":12,"enemies":"ruina:Nosferatu","floor":19,"turns":4},{"damage":0,"enemies":"ruina:QueenOfHate","floor":24,"turns":2},{"damage":0,"enemies":"ruina:Mountain","floor":25,"turns":5},{"damage":0,"enemies":"ruina:KingOfGreed","floor":26,"turns":4},{"damage":9,"enemies":"ruina:Nos_and_Bat","floor":31,"turns":3},{"damage":16,"enemies":"ruina:Red_and_Wolf","floor":35,"turns":7},{"damage":37,"enemies":"Gensokyo:3_Bats","floor":37,"turns":5},{"damage":0,"enemies":"Gensokyo:AncientGuardian","floor":38,"turns":4},{"damage":0,"enemies":"Gensokyo:Rafflesia","floor":46,"turns":6},{"damage":0,"enemies":"Gensokyo:Sharpion","floor":47,"turns":4},{"damage":22,"enemies":"Gensokyo:Marisa","floor":49,"turns":6},{"damage":5,"enemies":"Gensokyo:3_Boulders","floor":50,"turns":5},{"damage":128,"enemies":"Gensokyo:Scarlet_Devils","floor":52,"turns":13},{"damage":42,"enemies":"Gensokyo:Scarlet_Devils","floor":53,"turns":14},{"damage":106,"enemies":"Gensokyo:Scarlet_Devils","floor":54,"turns":5},{"damage":117,"enemies":"Gensokyo:Scarlet_Devils","floor":58,"turns":7}],"seed_played":"7646484323674350402","potions_obtained":[{"floor":4,"key":"DistilledChaos"},{"floor":8,"key":"Dexterity Potion"},{"floor":13,"key":"DistilledChaos"},{"floor":16,"key":"LiquidMemories"},{"floor":24,"key":"FearPotion"},{"floor":25,"key":"Weak Potion"},{"floor":31,"key":"EssenceOfSteel"},{"floor":46,"key":"Fire Potion"}],"is_trial":false,"path_per_floor":["M","?","M","M","?","R","E","M","T","M","M","$","E","M","R","B",null,"M","M","?","?","PTL","PTL","M","E","M","R","T","R","?","M","?","?","R","B",null,"M","M","?","?","T","R","?","R","T","M","M","T","E","M","R","B","M","M","?","T","R","M"],"character_chosen":"SHAPESHIFTER","items_purchased":[],"campfire_rested":1,"item_purchase_floors":[],"current_hp_per_floor":[78,45,45,45,45,68,68,68,68,68,68,68,68,68,68,53,78,73,71,71,71,71,71,72,81,84,84,84,84,84,80,80,80,80,74,63,33,60,63,66,66,66,69,69,69,81,84,84,69,83,83,90,84,93,96,96,96,0,0],"gold":241,"neow_bonus":"THREE_ENEMY_KILL","is_daily":false,"chose_seed":false,"campfire_upgraded":7,"win_rate":0.0,"timestamp":1613598640,"path_taken":["M","?","M","?","?","R","E","M","T","M","M","?","E","M","R","BOSS","M","M","?","?","PTL","PTL","M","E","M","R","T","R","?","?","?","?","R","BOSS","M","M","?","?","?","R","?","R","T","?","M","?","E","M","R","BOSS","M","M","?","T","R","M"],"items_purchased_type":[],"build_version":"2020-12-22","purchased_purges":0,"victory":false,"max_hp_per_floor":[78,78,78,78,78,78,78,78,78,78,78,78,78,78,78,78,78,78,78,78,78,78,78,78,81,84,84,84,84,84,87,87,87,87,90,63,66,69,72,75,75,75,78,78,78,81,84,84,87,90,90,90,93,93,96,96,96,102,102],"card_choices":[{"not_picked":["StSShapeShifter:SunflowerShuriken","StSShapeShifter:MagicMushrooms"],"picked":"StSShapeShifter:RatForm","floor":1},{"not_picked":["StSShapeShifter:Hunt","StSShapeShifter:VineHandcuffs","StSShapeShifter:SquirrelForm","StSShapeShifter:LeapingSlash"],"picked":"StSShapeShifter:AdaptiveStrikes","floor":3},{"not_picked":["StSShapeShifter:Hunt","StSShapeShifter:ShiftingStrike","StSShapeShifter:DeerForm","StSShapeShifter:OpportuneSwoop"],"picked":"StSShapeShifter:RockSlide","floor":4},{"not_picked":["StSShapeShifter:VineHandcuffs","StSShapeShifter:Guard","StSShapeShifter:Maul","StSShapeShifter:Tornado"],"picked":"StSShapeShifter:LionForm","floor":7},{"not_picked":["StSShapeShifter:VineHandcuffs","StSShapeShifter:PoisonIvy","StSShapeShifter:ThornToss","StSShapeShifter:SunflowerShuriken"],"picked":"StSShapeShifter:Roar","floor":8},{"not_picked":["StSShapeShifter:RockSlide","StSShapeShifter:EntForm","StSShapeShifter:DiverseSpirit","StSShapeShifter:DeerForm"],"picked":"StSShapeShifter:BloomingSlash","floor":10},{"not_picked":["StSShapeShifter:TopazSkin","StSShapeShifter:Wildfire2","StSShapeShifter:MultiSpiritedStrike","StSShapeShifter:ReplenishingNectar"],"picked":"StSShapeShifter:PhoenixForm","floor":11},{"not_picked":["StSShapeShifter:RockSlide","StSShapeShifter:FallingLeaves","StSShapeShifter:BulwarkOfDiscovery","StSShapeShifter:FlowerShield"],"picked":"StSShapeShifter:VineHandcuffs","floor":13},{"not_picked":["StSShapeShifter:Mystical_Branch","StSShapeShifter:SunflowerShuriken","StSShapeShifter:SquirrelForm","StSShapeShifter:OwlForm"],"picked":"StSShapeShifter:WolfForm","floor":14},{"not_picked":["StSShapeShifter:RitualOfTheExtinct","StSShapeShifter:LionForm","StSShapeShifter:DragonForm","StSShapeShifter:PhoenixForm"],"picked":"StSShapeShifter:BurrBomb","floor":16},{"not_picked":["StSShapeShifter:AdaptiveStrikes","StSShapeShifter:DeerForm","StSShapeShifter:BladeOfGrass","StSShapeShifter:Roar"],"picked":"StSShapeShifter:OakBlade","floor":18},{"not_picked":["StSShapeShifter:SunflowerShuriken+1","StSShapeShifter:Roar","StSShapeShifter:ThornToss+1","StSShapeShifter:VineHandcuffs"],"picked":"StSShapeShifter:ClimbTree+1","floor":19},{"not_picked":["StSShapeShifter:ShiftingStrike","StSShapeShifter:EntForm","StSShapeShifter:SunflowerShuriken","StSShapeShifter:FesteringBite"],"picked":"StSShapeShifter:Garden","floor":24},{"not_picked":["StSShapeShifter:Garden+1","StSShapeShifter:BulwarkOfDiscovery","StSShapeShifter:ThornedSkin","StSShapeShifter:ThornToss+1"],"picked":"StSShapeShifter:FlamingoForm+1","floor":25},{"not_picked":["StSShapeShifter:Roar+1","StSShapeShifter:OakBlade+1","StSShapeShifter:SunflowerShuriken","StSShapeShifter:Pounce"],"picked":"StSShapeShifter:PorcupineForm","floor":26},{"not_picked":["StSShapeShifter:BarkSkin","StSShapeShifter:Consume+1","StSShapeShifter:PoisonIvy","StSShapeShifter:ClimbTree"],"picked":"StSShapeShifter:Evolution","floor":31},{"not_picked":["StSShapeShifter:RitualOfTheExtinct","StSShapeShifter:Tornado","StSShapeShifter:SkullBash","StSShapeShifter:Summon_Mountains"],"picked":"StSShapeShifter:Spring","floor":35},{"not_picked":["StSShapeShifter:BarkSkin","StSShapeShifter:Bonk","StSShapeShifter:LeapingSlash+1","StSShapeShifter:Rest"],"picked":"StSShapeShifter:WaspSwarmForm","floor":37},{"not_picked":["StSShapeShifter:Sapling+1","StSShapeShifter:FallingLeaves+1","StSShapeShifter:Roar+1","StSShapeShifter:DeerForm+1"],"picked":"StSShapeShifter:BurstingSpore+1","floor":38},{"not_picked":[],"picked":"StSShapeShifter:ThornedSkin","floor":39},{"not_picked":[],"picked":"StSShapeShifter:Sap_Burst","floor":39},{"not_picked":["StuffTheSpire:Ambrosia","StuffTheSpire:Innocence"],"picked":"StuffTheSpire:Vigor","floor":43},{"not_picked":["StSShapeShifter:Roar","StSShapeShifter:Garden","StSShapeShifter:Efflorescence+1","StSShapeShifter:FoxForm+1"],"picked":"StSShapeShifter:RaptorForm","floor":46},{"not_picked":["StSShapeShifter:VineHandcuffs+1","StSShapeShifter:Rest+1","StSShapeShifter:ForestFire","StSShapeShifter:BloomingSlash+1"],"picked":"StSShapeShifter:BurstingSpore+1","floor":47},{"not_picked":["StSShapeShifter:Garden","StSShapeShifter:Sapling+1","StSShapeShifter:Rabid","StSShapeShifter:HippoForm+1"],"picked":"StSShapeShifter:BurstingSpore+1","floor":49},{"not_picked":["StSShapeShifter:ShiftingStrike","StSShapeShifter:MultiSpiritedStrike","StSShapeShifter:OpportuneSwoop","StSShapeShifter:Rabid+1"],"picked":"StSShapeShifter:BarkSkin","floor":50},{"not_picked":["StSShapeShifter:BarkSkin","StSShapeShifter:VineHandcuffs","StSShapeShifter:ThornToss","StSShapeShifter:Earthquake"],"picked":"StSShapeShifter:IntimidatingAura+1","floor":53},{"not_picked":["StSShapeShifter:Maul+1","StSShapeShifter:EagleForm","StSShapeShifter:Rest","StSShapeShifter:Guard"],"picked":"StSShapeShifter:Sapling+1","floor":55}],"player_experience":852142,"relics_obtained":[{"floor":1,"key":"SynthV:TestCard"},{"floor":7,"key":"Replay:Bottled Eggs"},{"floor":13,"key":"Hololive_LightStick"},{"floor":25,"key":"Replay:Ringing Soul"},{"floor":28,"key":"Snack Pack"},{"floor":36,"key":"HollowMod:QueensCombRelic"},{"floor":36,"key":"hubris:ToyBattleship"},{"floor":36,"key":"StuffTheSpire:Rhapsscallions"},{"floor":40,"key":"Ring of Peace"},{"floor":40,"key":"Ring of Panic"},{"floor":41,"key":"reliquary:SculptingSteel"},{"floor":45,"key":"Replay:Wax Seal"},{"floor":48,"key":"reliquary:Firecrackers"},{"floor":49,"key":"reliquary:Stiletto"},{"floor":55,"key":"StSShapeShifter:FrogOfVitality"},{"floor":56,"key":"Pet Ghost"}],"event_choices":[{"damage_healed":0,"gold_gain":0,"player_choice":"RE RE ","damage_taken":37,"relics_obtained":["StuffTheSpire:Experiment12","reliquary:SharkskinSheath"],"max_hp_gain":0,"max_hp_loss":0,"event_name":"betterSkull:BetterSkull","floor":2,"gold_loss":0,"cards_upgraded":[]},{"damage_healed":0,"gold_gain":0,"player_choice":"Ignored","damage_taken":0,"max_hp_gain":0,"max_hp_loss":0,"event_name":"Menagerie:CorruptingLight","floor":5,"gold_loss":0}],"is_beta":false,"boss_relics":[{"not_picked":["reliquary:RedCape","Honey Jar"],"picked":"Ring of Chaos"},{"not_picked":["Replay:Ancient Bell","hubris:TerracottaHorce"],"picked":"Calling Bell"}],"items_purged_floors":[],"is_endless":false,"potions_floor_spawned":[4,8,13,16,24,25,31,46],"killed_by":"Gensokyo:Scarlet_Devils","ascension_level":0}}