{"host":"h49usdrjeju7gyhi","time":1613531624,"event":{"mods":["BaseMod","Colored Map","Minty Spire (QoL Compilation)","SOS???????","StSLib"],"gold_per_floor":[150,187,187,244,299,299,373,372,372,409,407,394,394,27,27,145,145,146,137,172,172,210,268,310,310,310,345,385,438,44,74,74,134,134,146,196,206,206,85,97,97,117,117,164,164,29,81,129,129,187,187,187,187,248,71],"floor_reached":56,"language":"ENG","playtime":3337,"items_purged":["Decay"],"score":1927,"play_id":"8e79be52-1fe7-4c03-aa08-b2bcd274eef4","local_time":"20210216221344","is_ascension_mode":true,"campfire_choices":[{"data":"Shock","floor":6,"key":"SMITH"},{"data":"Stinger","floor":13,"key":"SMITH"},{"data":"Dash2","floor":15,"key":"SMITH"},{"data":"Attack_b","floor":25,"key":"SMITH"},{"data":"Rebellion","floor":32,"key":"SMITH"},{"floor":41,"key":"RECALL"},{"data":"BeastUppercut","floor":45,"key":"SMITH"},{"data":"SSScard","floor":49,"key":"SMITH"},{"data":"Provocation","floor":52,"key":"SMITH"}],"circlet_count":0,"master_deck":["Attack_a","Attack_a","Attack_b+1","Provocation+1","Defend_Dante","Defend_Dante","Defend_Dante","Defend_Dante","Redorb","BeastUppercut+1","Dash2+1","Shock+1","Rebellion+1","Stinger+1","SSScard+1","DevilstarS+1","Weaponchange+1","Chargeshoot+1","Weaponreturn+1","CoyoteA","Trickster+1","CurseOfTheBell","Swordmaster+1","Airtrick+1","Millionstab+1","Stinger+1","Darkslayer+1","Purpleorb+1","Dash1+1","Airtrick+1"],"relics":["SSS","Combocheck","CultistMask","Toxic Egg 2","Molten Egg 2","ClockworkSouvenir","Juzu Bracelet","Calling Bell","Orichalcum","Singing Bowl","Pocketwatch","Blood Vial","Ornamental Fan","Gambling Chip","Anchor","Kunai","Philosopher\u0027s Stone","Lizard Tail","Matryoshka","Nunchaku","Boot","Gremlin Horn","Dream Catcher","Shuriken"],"acts_visited":["Exordium","TheCity","TheBeyond","TheEnding"],"potions_floor_usage":[16,55],"damage_taken":[{"damage":4,"enemies":"Jaw Worm","floor":1,"turns":4},{"damage":6,"enemies":"Cultist","floor":2,"turns":5},{"damage":0,"enemies":"Small Slimes","floor":4,"turns":3},{"damage":9,"enemies":"Red Slaver","floor":5,"turns":4},{"damage":6,"enemies":"Lagavulin","floor":7,"turns":5},{"damage":6,"enemies":"2 Fungi Beasts","floor":8,"turns":5},{"damage":0,"enemies":"Looter","floor":10,"turns":2},{"damage":0,"enemies":"Lots of Slimes","floor":11,"turns":1},{"damage":0,"enemies":"Blue Slaver","floor":12,"turns":2},{"damage":25,"enemies":"Hexaghost","floor":16,"turns":6},{"damage":0,"enemies":"Spheric Guardian","floor":18,"turns":2},{"damage":12,"enemies":"2 Thieves","floor":19,"turns":3},{"damage":8,"enemies":"Chosen and Byrds","floor":20,"turns":5},{"damage":0,"enemies":"Sentry and Sphere","floor":22,"turns":4},{"damage":0,"enemies":"Book of Stabbing","floor":23,"turns":2},{"damage":31,"enemies":"Shelled Parasite and Fungi","floor":24,"turns":4},{"damage":0,"enemies":"Gremlin Leader","floor":27,"turns":2},{"damage":0,"enemies":"Snake Plant","floor":28,"turns":1},{"damage":0,"enemies":"Book of Stabbing","floor":29,"turns":1},{"damage":0,"enemies":"Sentry and Sphere","floor":31,"turns":1},{"damage":0,"enemies":"Collector","floor":33,"turns":2},{"damage":0,"enemies":"3 Darklings","floor":35,"turns":1},{"damage":0,"enemies":"2 Orb Walkers","floor":36,"turns":1},{"damage":0,"enemies":"Orb Walker","floor":37,"turns":2},{"damage":0,"enemies":"4 Shapes","floor":39,"turns":1},{"damage":0,"enemies":"Giant Head","floor":40,"turns":3},{"damage":0,"enemies":"Reptomancer","floor":42,"turns":2},{"damage":0,"enemies":"Giant Head","floor":44,"turns":1},{"damage":0,"enemies":"Jaw Worm Horde","floor":46,"turns":1},{"damage":0,"enemies":"Reptomancer","floor":47,"turns":1},{"damage":0,"enemies":"3 Darklings","floor":48,"turns":1},{"damage":0,"enemies":"Awakened One","floor":50,"turns":2},{"damage":0,"enemies":"Shield and Spear","floor":54,"turns":1},{"damage":67,"enemies":"The Heart","floor":55,"turns":4}],"seed_played":"-7352317674562455346","potions_obtained":[{"floor":2,"key":"FairyPotion"},{"floor":5,"key":"LiquidBronze"},{"floor":7,"key":"CultistPotion"},{"floor":19,"key":"Block Potion"},{"floor":28,"key":"Fruit Juice"}],"is_trial":false,"path_per_floor":["M","M","?","M","M","R","E","M","T","M","M","M","R","$","R","B",null,"M","M","M","?","M","E","M","R","T","E","M","E","$","M","R","B",null,"M","?","M","?","M","E","R","E","T","E","R","M","E","M","R","B",null,"R","$","E","B",null],"character_chosen":"DANTE","items_purchased":["ClockworkSouvenir","Juzu Bracelet","Kunai","Darkslayer+1"],"campfire_rested":0,"item_purchase_floors":[14,14,30,30],"current_hp_per_floor":[76,70,70,70,61,61,55,49,49,49,49,49,49,49,49,24,80,82,72,66,66,66,68,39,39,39,43,45,47,47,51,51,53,92,94,96,96,95,99,103,103,104,104,106,106,108,110,112,112,112,112,112,112,114,52],"gold":71,"neow_bonus":"TRANSFORM_TWO_CARDS","is_daily":false,"chose_seed":false,"campfire_upgraded":8,"win_rate":0.0,"timestamp":1613531624,"path_taken":["M","M","?","M","M","R","E","M","T","M","?","M","R","$","R","BOSS","M","M","M","?","M","E","M","R","T","E","M","E","$","M","R","BOSS","M","?","M","?","M","E","R","E","T","E","R","M","E","M","R","BOSS","R","$","E","BOSS"],"items_purchased_type":["Relic","Relic","Relic","Card"],"build_version":"2020-12-22","purchased_purges":1,"victory":true,"max_hp_per_floor":[80,80,80,80,80,80,80,80,80,80,80,80,80,80,80,80,80,82,84,86,86,86,88,88,88,88,90,90,90,90,92,92,92,92,94,96,96,100,102,104,104,104,104,106,106,108,110,112,112,112,112,112,112,114,119],"card_choices":[{"not_picked":["Gunstinger","EbonyIvory"],"picked":"Shock","floor":1},{"not_picked":["Kick13","GilgameshcomboA"],"picked":"Rebellion","floor":2},{"not_picked":["Whiteorb","Chargeshoot"],"picked":"Stinger","floor":4},{"not_picked":["Shock","Lucifer"],"picked":"SSScard","floor":5},{"not_picked":["LucifercomboD","Dash1+1"],"picked":"DevilstarS+1","floor":7},{"not_picked":["Millionkick","GilgameshcomboA"],"picked":"Weaponchange+1","floor":8},{"not_picked":["LucifercomboA+1","Gunslinger+1"],"picked":"Chargeshoot+1","floor":10},{"not_picked":["LucifercomboC+1","CoyoteA"],"picked":"Weaponreturn+1","floor":11},{"not_picked":["Chargeshoot2+1","Airhike+1"],"picked":"CoyoteA","floor":12},{"not_picked":["Enemystep+1","Purpleorb+1"],"picked":"Trickster+1","floor":16},{"not_picked":["Honeycombofire+1","Rebellion","Greenorb+1"],"picked":"Singing Bowl","floor":18},{"not_picked":["Chargeshoot2+1","Weaponchange+1","LucifercomboD+1"],"picked":"Singing Bowl","floor":19},{"not_picked":["Greenorb+1","Whiteorb+1","VitalstarS+1"],"picked":"Singing Bowl","floor":20},{"not_picked":["Weaponchange+1","Millionstab+1"],"picked":"Swordmaster+1","floor":22},{"not_picked":["Gilgamesh","Whiteorb+1","Ecstasy+1"],"picked":"Singing Bowl","floor":23},{"not_picked":["LucifercomboC+1","SSScard+1"],"picked":"Airtrick+1","floor":24},{"not_picked":["Greenorb+1","Straight+1","SSScard+1"],"picked":"Singing Bowl","floor":27},{"not_picked":["Fullhouse+1","Chargeshoot2+1"],"picked":"Millionstab+1","floor":28},{"not_picked":["Dash2+1","Gunstinger+1"],"picked":"Stinger+1","floor":29},{"not_picked":["LucifercomboB+1","Greenorb+1","Splesh+1"],"picked":"Singing Bowl","floor":31},{"not_picked":["Goldorb+1","Royalguard+1"],"picked":"Purpleorb+1","floor":33},{"not_picked":["Pandora+1","Chargeshoot+1","CoyoteA"],"picked":"Singing Bowl","floor":35},{"not_picked":["Splesh+1","Kick13+1","LucifercomboA+1"],"picked":"Singing Bowl","floor":36},{"not_picked":["Hightime+1","DT+1"],"picked":"Dash1+1","floor":37},{"not_picked":["PanicButton+1","Jack Of All Trades+1","Enlightenment+1"],"picked":"Singing Bowl","floor":38},{"not_picked":["Violence+1","Trip+1","Impatience+1"],"picked":"Singing Bowl","floor":38},{"not_picked":["Whiteorb+1","EbonyIvory","Greenorb+1"],"picked":"Singing Bowl","floor":39},{"not_picked":["Stinger+1","Weaponupgrade+1","Fullhouse+1"],"picked":"Singing Bowl","floor":40},{"not_picked":["GilgameshcomboA+1","Honeycombofire+1"],"picked":"Airtrick+1","floor":42},{"not_picked":["Airhike+1","Millionkick+1","Goldorb+1"],"picked":"Singing Bowl","floor":44},{"not_picked":["Hightime+1","Airhike+1","Straight+1"],"picked":"Singing Bowl","floor":46},{"not_picked":["Lucifer+1","Stinger+1","EbonyIvory+1"],"picked":"Singing Bowl","floor":47},{"not_picked":["Chargeshoot+1","GilgameshcomboA+1","Millionstab+1"],"picked":"Singing Bowl","floor":48},{"not_picked":["Purpleorb+1","Ecstasy+1","EbonyIvory+1"],"picked":"Singing Bowl","floor":54}],"player_experience":1136235,"relics_obtained":[{"floor":7,"key":"Toxic Egg 2"},{"floor":9,"key":"Molten Egg 2"},{"floor":17,"key":"Orichalcum"},{"floor":17,"key":"Singing Bowl"},{"floor":17,"key":"Pocketwatch"},{"floor":23,"key":"Blood Vial"},{"floor":26,"key":"Ornamental Fan"},{"floor":27,"key":"Gambling Chip"},{"floor":29,"key":"Anchor"},{"floor":36,"key":"Lizard Tail"},{"floor":40,"key":"Matryoshka"},{"floor":42,"key":"Nunchaku"},{"floor":43,"key":"Boot"},{"floor":44,"key":"Gremlin Horn"},{"floor":47,"key":"Dream Catcher"},{"floor":54,"key":"Shuriken"}],"event_choices":[{"damage_healed":0,"gold_gain":0,"player_choice":"Trade","damage_taken":0,"relics_obtained":["CultistMask"],"max_hp_gain":0,"max_hp_loss":0,"event_name":"FaceTrader","floor":3,"gold_loss":0},{"damage_healed":0,"gold_gain":0,"player_choice":"Ignored","damage_taken":0,"max_hp_gain":0,"max_hp_loss":0,"event_name":"Vampires","floor":21,"gold_loss":0},{"damage_healed":0,"gold_gain":0,"player_choice":"Fight","damage_taken":0,"max_hp_gain":0,"max_hp_loss":0,"event_name":"Mysterious Sphere","floor":36,"gold_loss":0},{"damage_healed":0,"gold_gain":0,"player_choice":"Memory 2","damage_taken":5,"max_hp_gain":0,"max_hp_loss":0,"event_name":"SensoryStone","floor":38,"gold_loss":0}],"is_beta":false,"boss_relics":[{"not_picked":["Velvet Choker","Busted Crown"],"picked":"Calling Bell"},{"not_picked":["Black Star","Snecko Eye"],"picked":"Philosopher\u0027s Stone"}],"items_purged_floors":[14],"is_endless":false,"potions_floor_spawned":[2,5,7,10,12,19,28,29,31,33,36,39,40,44,46,48],"ascension_level":4}}