{"host":"ga4s3hj9m6nkn6gp","time":1613598508,"event":{"mods":["AchievementEnabler","BaseMod","Bestiary","Colored Powertips","Highlight Path","Minty Spire (QoL Compilation)","Relic Stats","everything is the same but u backflip on backflip"],"gold_per_floor":[118,132,282,282,12,12,47,47,74,100,175,187,220,237,237,311,311,331,348,348,126,126,126,41,41,41],"floor_reached":25,"language":"ENG","playtime":1141,"items_purged":["Strike_G","Writhe"],"score":484,"play_id":"b1b6a705-20af-4fd9-87bc-7de3547fece2","local_time":"20210217224828","is_ascension_mode":true,"campfire_choices":[{"data":"Apotheosis","floor":6,"key":"SMITH"},{"data":"Sucker Punch","floor":8,"key":"SMITH"},{"data":"Tactician","floor":15,"key":"SMITH"},{"data":"Crippling Poison","floor":23,"key":"SMITH"}],"circlet_count":0,"master_deck":["AscendersBane","Strike_G+1","Defend_G+1","Defend_G+1","Defend_G+1","Defend_G+1","Defend_G+1","Survivor","Neutralize","Sucker Punch+1","Predator","Apotheosis+1","Dagger Throw","Crippling Poison+1","Unload","Tactician+1","Wraith Form v2","Masterful Stab+1","Adrenaline+1","Dagger Spray+1","Wraith Form v2"],"relics":["Ring of the Snake","NeowsBlessing","Meat on the Bone","Smiling Mask","Mercury Hourglass","Potion Belt","Astrolabe","Boot","DollysMirror","Ancient Tea Set"],"acts_visited":["Exordium","TheCity"],"potions_floor_usage":[10,16,18,25],"damage_taken":[{"damage":0,"enemies":"Small Slimes","floor":1,"turns":1},{"damage":0,"enemies":"2 Louse","floor":2,"turns":1},{"damage":0,"enemies":"3 Sentries","floor":7,"turns":2},{"damage":29,"enemies":"Gremlin Nob","floor":10,"turns":4},{"damage":1,"enemies":"Jaw Worm","floor":12,"turns":3},{"damage":19,"enemies":"Lagavulin","floor":13,"turns":6},{"damage":1,"enemies":"Blue Slaver","floor":14,"turns":2},{"damage":5,"enemies":"The Guardian","floor":16,"turns":10},{"damage":3,"enemies":"Spheric Guardian","floor":18,"turns":4},{"damage":10,"enemies":"Shell Parasite","floor":19,"turns":6},{"damage":52,"enemies":"Slavers","floor":25,"turns":3}],"seed_played":"-5428944083035063345","potions_obtained":[{"floor":1,"key":"SkillPotion"},{"floor":12,"key":"GamblersBrew"},{"floor":14,"key":"Swift Potion"},{"floor":19,"key":"Poison Potion"}],"is_trial":false,"path_per_floor":["M","M","?","?","$","R","E","R","T","E","?","M","E","M","R","B",null,"M","M","?","$","?","R","?","E"],"character_chosen":"THE_SILENT","items_purchased":["Apotheosis","DollysMirror"],"campfire_rested":0,"item_purchase_floors":[5,21],"current_hp_per_floor":[59,59,59,52,52,52,52,52,52,35,24,35,28,39,39,34,58,55,45,45,45,45,45,45,0,0],"gold":41,"neow_bonus":"THREE_ENEMY_KILL","is_daily":false,"chose_seed":false,"campfire_upgraded":4,"win_rate":0.0,"timestamp":1613598508,"path_taken":["M","M","?","?","$","R","E","R","T","E","?","M","E","M","R","BOSS","M","M","?","$","?","R","?","E"],"items_purchased_type":["Card","Relic"],"build_version":"2020-12-22","purchased_purges":2,"victory":false,"max_hp_per_floor":[66,66,66,66,66,66,66,66,66,66,66,66,66,66,66,66,66,66,66,66,66,66,66,66,66,66],"relic_stats":{"counters":[11,42],"Astrolabe":["Masterful Stab","Adrenaline","Dagger Spray"],"Smiling Mask":50,"Boot":[1],"obtain_stats":[{"Potion Belt":13,"NeowsBlessing":0,"DollysMirror":21,"Astrolabe":17,"Smiling Mask":9,"Boot":20,"Ancient Tea Set":24,"Ring of the Snake":0,"Meat on the Bone":7,"Mercury Hourglass":10},{"Potion Belt":6,"NeowsBlessing":0,"DollysMirror":10,"Astrolabe":8,"Smiling Mask":3,"Boot":10,"Ancient Tea Set":10,"Ring of the Snake":0,"Meat on the Bone":3,"Mercury Hourglass":4},{"Potion Belt":17,"NeowsBlessing":0,"DollysMirror":39,"Astrolabe":29,"Smiling Mask":4,"Boot":39,"Ancient Tea Set":39,"Ring of the Snake":0,"Meat on the Bone":4,"Mercury Hourglass":8}],"Ring of the Snake":[22],"Meat on the Bone":48,"Mercury Hourglass":[75]},"card_choices":[{"not_picked":["Well Laid Plans","Backflip"],"picked":"Sucker Punch","floor":1},{"not_picked":["Outmaneuver","Quick Slash"],"picked":"Predator","floor":2},{"not_picked":["Reflex","Finisher"],"picked":"Dagger Throw","floor":7},{"not_picked":["Bane","Catalyst","Prepared"],"picked":"SKIP","floor":10},{"not_picked":["Setup","Dodge and Roll"],"picked":"Crippling Poison","floor":12},{"not_picked":["Riddle With Holes","Deflect"],"picked":"Unload","floor":13},{"not_picked":["Finisher","Dodge and Roll"],"picked":"Tactician","floor":14},{"not_picked":["Burst","Die Die Die"],"picked":"Wraith Form v2","floor":16},{"not_picked":["Escape Plan","Poisoned Stab+1","Dagger Spray+1"],"picked":"SKIP","floor":18},{"not_picked":["Flying Knee","Deadly Poison","Noxious Fumes"],"picked":"SKIP","floor":19}],"player_experience":782796,"relics_obtained":[{"floor":7,"key":"Meat on the Bone"},{"floor":9,"key":"Smiling Mask"},{"floor":10,"key":"Mercury Hourglass"},{"floor":13,"key":"Potion Belt"}],"event_choices":[{"damage_healed":0,"gold_gain":150,"player_choice":"AGREE","damage_taken":0,"max_hp_gain":0,"max_hp_loss":0,"event_name":"Liars Game","floor":3,"gold_loss":0,"cards_obtained":["Doubt"]},{"cards_removed":["Doubt"],"damage_healed":0,"gold_gain":0,"player_choice":"Card Removal","damage_taken":7,"max_hp_gain":0,"max_hp_loss":0,"event_name":"Golden Wing","floor":4,"gold_loss":0},{"damage_healed":0,"gold_gain":75,"player_choice":"Gather Gold","damage_taken":11,"max_hp_gain":0,"max_hp_loss":0,"event_name":"World of Goop","floor":11,"gold_loss":0},{"damage_healed":0,"gold_gain":0,"player_choice":"Opened","damage_taken":0,"relics_obtained":["Boot"],"max_hp_gain":0,"max_hp_loss":0,"event_name":"The Mausoleum","floor":20,"gold_loss":0,"cards_obtained":["Writhe"]},{"damage_healed":0,"gold_gain":0,"player_choice":"Simplicity","damage_taken":0,"max_hp_gain":0,"max_hp_loss":0,"event_name":"Back to Basics","floor":22,"gold_loss":0,"cards_upgraded":["Strike_G","Defend_G","Defend_G","Defend_G","Defend_G","Defend_G"]},{"damage_healed":0,"gold_gain":0,"player_choice":"Obtained Relic","damage_taken":0,"relics_obtained":["Ancient Tea Set"],"max_hp_gain":0,"max_hp_loss":0,"event_name":"Addict","floor":24,"gold_loss":85}],"is_beta":false,"boss_relics":[{"not_picked":["Runic Dome","Tiny House"],"picked":"Astrolabe"}],"items_purged_floors":[5,21],"is_endless":false,"potions_floor_spawned":[1,12,14,19],"killed_by":"Slavers","ascension_level":20}}