{"host":"ndpbn7fqb3wjbd7p","time":1613582747,"event":{"mods":["AchievementEnabler","Act Like it!","AlwaysNeverKeys","BaseMod","Better Vampires","Block Reminder","Colored Powertips","DeckTracker","Defuse TimeMaze Blight","Friendly Minions","Highlight Path","MarisaÅiñ∂âJÅ@ñÇóùçπÅj","Minty Spire (QoL Compilation)","Permanent Neow","Shade Mod","StSLib","SuperFastMode","Synergy Search","The Mystic","Unceasing Turn Reminder","Wandering Minibosses"],"gold_per_floor":[112,112,127,143,218,218,218,237,264,296,308,270,300,312,324,435,447,443,380,380,395,409,409,427,427,427,427,427],"floor_reached":27,"language":"ENG","playtime":1060,"items_purged":["Zap"],"score":338,"play_id":"babd3df0-4b81-4d72-a2c3-898363a3a7d3","local_time":"20210217182547","is_ascension_mode":true,"campfire_choices":[{"data":"Reprogram","floor":7,"key":"SMITH"},{"floor":15,"key":"REST"},{"data":"Go for the Eyes","floor":23,"key":"SMITH"},{"floor":25,"key":"REST"}],"circlet_count":0,"master_deck":["AscendersBane","Strike_B","Strike_B","Strike_B","Defend_B","Defend_B","Defend_B","Defend_B","Madness","Gash","Reprogram+1","Gash","Reinforced Body","Go for the Eyes+1","All For One","BootSequence+1","Self Repair+1"],"relics":["Cracked Core","Golden Idol","MealTicket","MawBank","Nuclear Battery","Juzu Bracelet"],"acts_visited":["Exordium","TheCity"],"potions_floor_usage":[8,16,16,21,24,24],"damage_taken":[{"damage":8,"enemies":"Jaw Worm","floor":1,"turns":4},{"damage":10,"enemies":"Small Slimes","floor":3,"turns":3},{"damage":6,"enemies":"2 Louse","floor":4,"turns":3},{"damage":2,"enemies":"2 Fungi Beasts","floor":8,"turns":4},{"damage":2,"enemies":"3 Louse","floor":10,"turns":3},{"damage":18,"enemies":"Lots of Slimes","floor":13,"turns":6},{"damage":22,"enemies":"The Guardian","floor":16,"turns":10},{"damage":22,"enemies":"2 Thieves","floor":18,"turns":4},{"damage":0,"enemies":"Spheric Guardian","floor":21,"turns":4},{"damage":37,"enemies":"Snake Plant","floor":22,"turns":6},{"damage":0,"enemies":"Sentry and Sphere","floor":24,"turns":5},{"damage":33,"enemies":"Shelled Parasite and Fungi","floor":27,"turns":3}],"seed_played":"5233175218717758452","potions_obtained":[{"floor":3,"key":"Energy Potion"},{"floor":4,"key":"Strength Potion"},{"floor":13,"key":"SteroidPotion"},{"floor":18,"key":"Block Potion"},{"floor":21,"key":"PowerPotion"},{"floor":22,"key":"Swift Potion"},{"floor":24,"key":"Ancient Potion"}],"is_trial":false,"path_per_floor":["M","?","M","M","?","?","R","M","T","M","?","?","M","?","R","B",null,"M","$","?","M","M","R","M","R","T","M"],"character_chosen":"DEFECT","items_purchased":[],"campfire_rested":2,"item_purchase_floors":[],"current_hp_per_floor":[60,60,50,44,33,8,8,6,6,4,27,27,9,9,29,7,54,32,47,47,47,10,10,10,30,30,0,0],"gold":427,"neow_bonus":"RANDOM_COLORLESS","is_daily":false,"chose_seed":false,"campfire_upgraded":2,"win_rate":0.0,"timestamp":1613582747,"path_taken":["M","?","M","M","?","?","R","M","T","M","?","?","M","?","R","BOSS","M","$","?","M","M","R","M","R","T","M"],"items_purchased_type":[],"build_version":"2020-12-22","purchased_purges":1,"victory":false,"max_hp_per_floor":[75,69,69,69,69,69,69,69,69,69,69,69,69,69,69,69,69,69,69,69,69,69,69,69,69,69,69,69],"card_choices":[{"not_picked":["Good Instincts","Swift Strike"],"picked":"Madness","floor":0},{"not_picked":["Consume","Rebound"],"picked":"Gash","floor":1},{"not_picked":["Darkness","Gash"],"picked":"Reprogram","floor":3},{"not_picked":["Sunder","Streamline"],"picked":"Gash","floor":4},{"not_picked":["Consume","Chill"],"picked":"Reinforced Body","floor":8},{"not_picked":["Cold Snap","Chill","Streamline"],"picked":"SKIP","floor":10},{"not_picked":["Sweeping Beam","Leap"],"picked":"Go for the Eyes","floor":13},{"not_picked":["Meteor Strike","Buffer"],"picked":"All For One","floor":16},{"not_picked":["Doom and Gloom+1","Leap"],"picked":"BootSequence+1","floor":18},{"not_picked":["Compile Driver","Cold Snap","Barrage"],"picked":"SKIP","floor":21},{"not_picked":["Coolheaded","Compile Driver"],"picked":"Self Repair+1","floor":22},{"not_picked":["Leap","Streamline+1","Cold Snap"],"picked":"SKIP","floor":24}],"player_experience":1220052,"relics_obtained":[{"floor":9,"key":"MawBank"},{"floor":26,"key":"Juzu Bracelet"}],"event_choices":[{"damage_healed":0,"gold_gain":0,"player_choice":"Lose Max HP","damage_taken":0,"relics_obtained":["Golden Idol"],"max_hp_gain":0,"max_hp_loss":6,"event_name":"Golden Idol","floor":2,"gold_loss":0},{"damage_healed":0,"gold_gain":75,"player_choice":"Gather Gold","damage_taken":11,"max_hp_gain":0,"max_hp_loss":0,"event_name":"World of Goop","floor":5,"gold_loss":0},{"damage_healed":0,"gold_gain":0,"player_choice":"Success","damage_taken":25,"relics_obtained":["MealTicket"],"max_hp_gain":0,"max_hp_loss":0,"event_name":"Scrap Ooze","floor":6,"gold_loss":0},{"damage_healed":23,"gold_gain":0,"player_choice":"Banana","damage_taken":0,"max_hp_gain":0,"max_hp_loss":0,"event_name":"Big Fish","floor":11,"gold_loss":0},{"cards_removed":["Dualcast"],"damage_healed":0,"gold_gain":0,"player_choice":"Card Removal","damage_taken":0,"max_hp_gain":0,"max_hp_loss":0,"event_name":"The Cleric","floor":12,"gold_loss":50},{"damage_healed":0,"gold_gain":0,"player_choice":"Ignored","damage_taken":0,"max_hp_gain":0,"max_hp_loss":0,"event_name":"Liars Game","floor":14,"gold_loss":0},{"cards_removed":["Strike_B"],"damage_healed":0,"gold_gain":0,"player_choice":"Elegance","damage_taken":0,"max_hp_gain":0,"max_hp_loss":0,"event_name":"Back to Basics","floor":20,"gold_loss":0}],"is_beta":false,"boss_relics":[{"not_picked":["Ectoplasm","Coffee Dripper"],"picked":"Nuclear Battery"}],"items_purged_floors":[19],"is_endless":false,"potions_floor_spawned":[3,4,13,18,21,22,24],"killed_by":"Shelled Parasite and Fungi","ascension_level":13}}