{"host":"x05n69rv5q9mps34","time":1613524733,"event":{"mods":["AchievementEnabler","BaseMod","Colored Map","Minty Spire (QoL Compilation)","SuperFastMode"],"gold_per_floor":[110,210,230,297,372,372,390,390,415,78,78,98,157,169,169,273,273,273,198,13,13,13],"floor_reached":21,"language":"ENG","playtime":844,"items_purged":["Strike_B"],"score":270,"play_id":"49c6f515-a0c4-44d0-9d8a-4d1b6244e948","local_time":"20210216231853","is_ascension_mode":true,"campfire_choices":[{"data":"Zap","floor":6,"key":"SMITH"},{"floor":8,"key":"REST"},{"data":"Barrage","floor":11,"key":"SMITH"},{"floor":15,"key":"REST"}],"circlet_count":0,"master_deck":["AscendersBane","Strike_B","Strike_B","Strike_B","Defend_B","Defend_B","Defend_B","Defend_B","Zap+1","Dualcast","Redo","Streamline","Ball Lightning","Barrage+1","Defragment","Darkness","Storm","Steam","Creative AI","Auto Shields","White Noise","Consume","PanicButton"],"relics":["Inserter","Potion Belt","Frozen Eye","Centennial Puzzle","Ectoplasm"],"acts_visited":["Exordium","TheCity"],"potions_floor_usage":[13,13,16,18,19,19,21,21],"damage_taken":[{"damage":1,"enemies":"2 Louse","floor":1,"turns":3},{"damage":5,"enemies":"Cultist","floor":3,"turns":5},{"damage":12,"enemies":"Jaw Worm","floor":7,"turns":3},{"damage":6,"enemies":"2 Fungi Beasts","floor":12,"turns":3},{"damage":35,"enemies":"3 Sentries","floor":13,"turns":8},{"damage":16,"enemies":"Exordium Wildlife","floor":14,"turns":4},{"damage":20,"enemies":"Hexaghost","floor":16,"turns":9},{"damage":25,"enemies":"3 Byrds","floor":18,"turns":4},{"damage":31,"enemies":"2 Thieves","floor":19,"turns":5},{"damage":19,"enemies":"Shelled Parasite and Fungi","floor":21,"turns":2}],"seed_played":"-4844161970817345065","potions_obtained":[{"floor":7,"key":"FocusPotion"},{"floor":12,"key":"SpeedPotion"},{"floor":13,"key":"EntropicBrew"},{"floor":16,"key":"AttackPotion"},{"floor":19,"key":"GamblersBrew"}],"is_trial":false,"path_per_floor":["M","?","M","?","?","R","M","R","T","$","R","M","?","M","R","B",null,"M","M","$","M"],"character_chosen":"DEFECT","items_purchased":["Barrage","Defragment","Frozen Eye","Consume","Block Potion","PanicButton"],"campfire_rested":2,"item_purchase_floors":[10,10,10,20,20,20],"current_hp_per_floor":[67,67,62,62,51,51,39,61,61,61,61,55,20,4,26,6,58,33,2,2,0,0],"gold":13,"neow_bonus":"BOSS_RELIC","is_daily":false,"chose_seed":false,"campfire_upgraded":2,"win_rate":0.0,"timestamp":1613524733,"path_taken":["M","?","?","?","?","R","M","R","T","?","R","M","?","?","R","BOSS","M","M","$","M"],"items_purchased_type":["Card","Card","Relic","Card","Potion","Card"],"build_version":"2020-12-22","purchased_purges":1,"victory":false,"max_hp_per_floor":[75,75,75,75,75,75,75,75,75,75,75,75,75,75,75,75,75,75,75,75,75,75],"card_choices":[{"not_picked":["Beam Cell","Skim"],"picked":"Redo","floor":1},{"not_picked":["Stack","Aggregate"],"picked":"Streamline","floor":3},{"not_picked":["Genetic Algorithm","Gash"],"picked":"Ball Lightning","floor":7},{"not_picked":["Compile Driver","Gash"],"picked":"Darkness","floor":12},{"not_picked":["Conserve Battery","Tempest"],"picked":"Storm","floor":13},{"not_picked":["Rip and Tear","Scrape"],"picked":"Steam","floor":14},{"not_picked":["Reboot","Hyperbeam"],"picked":"Creative AI","floor":16},{"not_picked":["Tempest","Sweeping Beam"],"picked":"Auto Shields","floor":18},{"not_picked":["Recycle","Reprogram+1"],"picked":"White Noise","floor":19}],"player_experience":1010599,"relics_obtained":[{"floor":9,"key":"Potion Belt"},{"floor":13,"key":"Centennial Puzzle"}],"event_choices":[{"damage_healed":0,"gold_gain":100,"player_choice":"Pray","damage_taken":0,"max_hp_gain":0,"max_hp_loss":0,"event_name":"Golden Shrine","floor":2,"gold_loss":0},{"damage_healed":0,"gold_gain":67,"player_choice":"Gained Gold","damage_taken":0,"max_hp_gain":0,"max_hp_loss":0,"event_name":"Golden Wing","floor":4,"gold_loss":0},{"damage_healed":0,"gold_gain":75,"player_choice":"Gather Gold","damage_taken":11,"max_hp_gain":0,"max_hp_loss":0,"event_name":"World of Goop","floor":5,"gold_loss":0},{"damage_healed":0,"gold_gain":0,"player_choice":"Searched \u00272\u0027 times","damage_taken":0,"max_hp_gain":0,"max_hp_loss":0,"event_name":"Dead Adventurer","floor":13,"gold_loss":0}],"is_beta":false,"boss_relics":[{"not_picked":["Sozu","Cursed Key"],"picked":"Ectoplasm"}],"items_purged_floors":[10],"is_endless":false,"potions_floor_spawned":[7,12,13,16,19],"killed_by":"Shelled Parasite and Fungi","ascension_level":12}}