{"host":"f5gffvlv6a66yqkd","time":1613596429,"event":{"mods":["2.2 Compatiblity","BaseMod","Colored Map","Custom Start","DeckTracker","Keyboard Shortcuts","Minty Spire (QoL Compilation)","Permanent Neow","Quick Restart","Relic Stats","StSLib","SuperFastMode"],"gold_per_floor":[118,134,134,134,59,59,93,93,118,138,138,63,90,90,90,188,188,208,217,217,71,90,90,90,90,116,130,130,130,1,26,26,133,192,219,239,149,167,185,185,203,230,308,308,324,324,324],"floor_reached":46,"language":"KOR","playtime":1223,"items_purged":["Defend_P","Strike_P+1"],"score":786,"play_id":"bbaadabf-62b6-4733-9c29-17ff77471153","local_time":"20210218061349","is_ascension_mode":true,"campfire_choices":[{"data":"Adaptation","floor":6.0,"key":"SMITH"},{"data":"WheelKick","floor":8.0,"key":"SMITH"},{"floor":11.0,"key":"REST"},{"data":"FlurryOfBlows","floor":15.0,"key":"SMITH"},{"data":"Prostrate","floor":23.0,"key":"SMITH"},{"data":"Prostrate","floor":28.0,"key":"SMITH"},{"floor":32.0,"key":"REST"},{"floor":40,"key":"REST"},{"floor":44,"key":"REST"}],"circlet_count":0,"master_deck":["AscendersBane","Strike_P+1","Defend_P+1","Defend_P+1","Defend_P+1","Eruption+1","Vigilance","BowlingBash","Adaptation+1","WheelKick+1","InnerPeace+1","FlurryOfBlows+1","Prostrate+1","Prostrate+1","MentalFortress+1","Vault","TalkToTheHand+1","MentalFortress+1","EmptyFist"],"relics":["PureWater","CeramicFish","Orichalcum","Runic Pyramid","TheAbacus","InkBottle","Potion Belt","PreservedInsect","Tiny House","Bronze Scales"],"acts_visited":["Exordium","TheCity","TheBeyond"],"potions_floor_usage":[39,41],"damage_taken":[{"damage":2.0,"enemies":"Cultist","floor":1.0,"turns":3.0},{"damage":0.0,"enemies":"2 Louse","floor":2.0,"turns":3.0},{"damage":47.0,"enemies":"Lagavulin","floor":7.0,"turns":6.0},{"damage":6.0,"enemies":"Jaw Worm","floor":10.0,"turns":2.0},{"damage":6.0,"enemies":"Gremlin Gang","floor":13.0,"turns":3.0},{"damage":28.0,"enemies":"Hexaghost","floor":16.0,"turns":6.0},{"damage":18.0,"enemies":"Chosen","floor":18.0,"turns":2.0},{"damage":6.0,"enemies":"Shell Parasite","floor":22.0,"turns":3.0},{"damage":2.0,"enemies":"Cultist and Chosen","floor":27.0,"turns":4.0},{"damage":14.0,"enemies":"Gremlin Leader","floor":31.0,"turns":4.0},{"damage":23.0,"enemies":"Champ","floor":33.0,"turns":6.0},{"damage":17.0,"enemies":"3 Darklings","floor":35.0,"turns":4.0},{"damage":14.0,"enemies":"Orb Walker","floor":36.0,"turns":4.0},{"damage":31,"enemies":"Writhing Mass","floor":38,"turns":5},{"damage":10,"enemies":"Spire Growth","floor":39,"turns":4},{"damage":6,"enemies":"3 Darklings","floor":41,"turns":5},{"damage":6,"enemies":"Reptomancer","floor":42,"turns":4},{"damage":27,"enemies":"Transient","floor":45,"turns":6},{"damage":21,"enemies":"4 Shapes","floor":46,"turns":1}],"seed_played":"-233759105923019581","potions_obtained":[{"floor":2.0,"key":"Regen Potion"},{"floor":10.0,"key":"Strength Potion"},{"floor":16.0,"key":"SneckoOil"},{"floor":33.0,"key":"Strength Potion"},{"floor":34.0,"key":"Ancient Potion"},{"floor":38,"key":"Fruit Juice"},{"floor":39,"key":"SkillPotion"}],"is_trial":false,"path_per_floor":["M","M","?","?","$","R","E","R","T","M","R","$","M","?","R","B",null,"M","?","?","$","M","R","$","T","T","M","R","?","$","E","R","B",null,"M","M","?","M","M","R","M","E","T","R","M","M"],"character_chosen":"WATCHER","items_purchased":["Adaptation","TheAbacus","MentalFortress"],"campfire_rested":4,"item_purchase_floors":[5,21,30],"current_hp_per_floor":[63,63,68,68,68,68,21,21,21,15,38,38,41,34,34,6,59,41,41,41,41,35,35,35,35,35,33,33,19,19,5,29,6,68,51,37,37,6,1,28,22,16,16,43,16,0,0],"gold":324,"neow_bonus":"UPGRADE_CARD","is_daily":false,"chose_seed":false,"campfire_upgraded":5,"win_rate":0.0,"timestamp":1613596429,"path_taken":["M","M","?","?","?","R","E","R","T","M","R","$","?","?","R","BOSS","M","?","?","$","?","R","$","?","T","M","R","?","?","E","R","BOSS","M","M","?","M","M","R","M","E","T","R","M","M"],"items_purchased_type":["Card","Relic","Card"],"build_version":"2020-12-22","purchased_purges":2,"victory":false,"max_hp_per_floor":[72,72,77,77,77,77,77,77,77,77,77,77,77,77,77,77,77,77,77,77,77,77,77,77,77,77,77,77,82,82,82,82,82,87,87,87,87,87,92,92,92,92,92,92,92,92,92],"relic_stats":{"TheAbacus":[174],"counters":[19,75],"CeramicFish":90,"Bronze Scales":[21],"PreservedInsect":62,"Orichalcum":[54],"obtain_stats":[{"Potion Belt":26,"TheAbacus":21,"Tiny House":34,"CeramicFish":7,"Bronze Scales":42,"PreservedInsect":31,"PureWater":0,"Orichalcum":9,"InkBottle":25,"Runic Pyramid":17},{"Potion Belt":8,"TheAbacus":7,"Tiny House":11,"CeramicFish":3,"Bronze Scales":17,"PreservedInsect":10,"PureWater":0,"Orichalcum":3,"InkBottle":8,"Runic Pyramid":6},{"Potion Belt":28,"TheAbacus":25,"Tiny House":42,"CeramicFish":12,"Bronze Scales":68,"PreservedInsect":36,"PureWater":0,"Orichalcum":12,"InkBottle":28,"Runic Pyramid":23}],"InkBottle":[30]},"card_choices":[{"not_picked":["EmptyBody","Crescendo"],"picked":"BowlingBash","floor":1.0},{"not_picked":["EmptyBody","WindmillStrike","Weave"],"picked":"SKIP","floor":2.0},{"not_picked":["FlyingSleeves","ReachHeaven"],"picked":"WheelKick","floor":7.0},{"not_picked":["Indignation","WreathOfFlame"],"picked":"InnerPeace","floor":10.0},{"not_picked":["Weave","EmptyBody"],"picked":"FlurryOfBlows","floor":13.0},{"not_picked":["Swivel","Crescendo"],"picked":"Prostrate","floor":18.0},{"not_picked":["EmptyFist+1","JustLucky","CrushJoints"],"picked":"SKIP","floor":22.0},{"not_picked":["CrushJoints+1","BowlingBash","Meditate+1"],"picked":"SKIP","floor":27.0},{"not_picked":["ThirdEye","Study+1","Crescendo"],"picked":"SKIP","floor":31.0},{"not_picked":["Ragnarok","SpiritShield"],"picked":"Vault","floor":33.0},{"not_picked":["Study","BowlingBash+1"],"picked":"TalkToTheHand+1","floor":34.0},{"not_picked":["Study","CrushJoints+1"],"picked":"MentalFortress+1","floor":35.0},{"not_picked":["ClearTheMind","BowlingBash"],"picked":"EmptyFist","floor":36.0},{"not_picked":["Conclude","WaveOfTheHand","BowlingBash"],"picked":"SKIP","floor":38},{"not_picked":["BowlingBash","CrushJoints+1","JustLucky+1"],"picked":"SKIP","floor":39},{"not_picked":["Wish","Prostrate","FlyingSleeves"],"picked":"SKIP","floor":41},{"not_picked":["EmptyFist+1","Consecrate+1","FollowUp"],"picked":"SKIP","floor":42},{"not_picked":["Evaluate+1","EmptyFist+1","ThirdEye"],"picked":"SKIP","floor":45}],"player_experience":1481451,"relics_obtained":[{"floor":7.0,"key":"CeramicFish"},{"floor":9.0,"key":"Orichalcum"},{"floor":25.0,"key":"InkBottle"},{"floor":26.0,"key":"Potion Belt"},{"floor":31.0,"key":"PreservedInsect"},{"floor":42,"key":"Bronze Scales"}],"event_choices":[{"damage_healed":0.0,"max_hp_gain":5.0,"max_hp_loss":0.0,"gold_gain":0.0,"event_name":"Big Fish","player_choice":"Donut","floor":3.0,"gold_loss":0.0,"damage_taken":0.0},{"damage_healed":0.0,"max_hp_gain":0.0,"max_hp_loss":0.0,"gold_gain":0.0,"event_name":"Liars Game","player_choice":"Ignored","floor":4.0,"gold_loss":0.0,"damage_taken":0.0},{"cards_removed":["Strike_P"],"damage_healed":0.0,"max_hp_gain":0.0,"max_hp_loss":0.0,"gold_gain":0.0,"event_name":"Golden Wing","player_choice":"Card Removal","floor":14.0,"gold_loss":0.0,"damage_taken":7.0},{"damage_healed":0.0,"max_hp_gain":0.0,"max_hp_loss":0.0,"gold_gain":0.0,"event_name":"The Library","player_choice":"Read","floor":19.0,"gold_loss":0.0,"damage_taken":0.0,"cards_obtained":["Prostrate"]},{"damage_healed":0.0,"max_hp_gain":0.0,"max_hp_loss":0.0,"gold_gain":0.0,"event_name":"Back to Basics","player_choice":"Simplicity","floor":20.0,"gold_loss":0.0,"damage_taken":0.0,"cards_upgraded":["Strike_P","Strike_P","Strike_P","Defend_P","Defend_P","Defend_P"]},{"damage_healed":0.0,"max_hp_gain":5.0,"max_hp_loss":0.0,"gold_gain":0.0,"event_name":"Forgotten Altar","player_choice":"Shed Blood","floor":29.0,"gold_loss":0.0,"damage_taken":19.0},{"cards_removed":["Strike_P"],"damage_healed":0,"gold_gain":0,"player_choice":"Upgrade and Remove","damage_taken":0,"max_hp_gain":0,"max_hp_loss":0,"event_name":"Designer","floor":37,"gold_loss":90,"cards_upgraded":["MentalFortress"]}],"is_beta":false,"boss_relics":[{"not_picked":["SacredBark","SlaversCollar"],"picked":"Runic Pyramid"},{"not_picked":["Coffee Dripper","Cursed Key"],"picked":"Tiny House"}],"items_purged_floors":[12,30],"is_endless":false,"potions_floor_spawned":[2,10,16,18,33,38,39],"killed_by":"4 Shapes","ascension_level":11}}