{"host":"0i8dz4ityulxi1rd","time":1613531673,"event":{"mods":["BaseMod","Colored Map","Colored Powertips","Custom Start","Highlight Path","Keyboard Shortcuts","Minty Spire (QoL Compilation)","StSLib","SuperFastMode"],"gold_per_floor":[113,123,142,8,158,191,191,202,229,229,261,261,288,303,303,303,303],"floor_reached":16,"language":"KOR","playtime":501,"items_purged":["Strike_G"],"score":290,"play_id":"9ffeccdd-00e2-4a6c-a862-3e59037765cc","local_time":"20210217121433","is_ascension_mode":true,"campfire_choices":[{"floor":7.0,"key":"REST"},{"data":"Skewer","floor":10.0,"key":"SMITH"},{"data":"PiercingWail","floor":12.0,"key":"SMITH"},{"floor":15.0,"key":"RECALL"}],"circlet_count":0,"master_deck":["AscendersBane","Strike_G","Strike_G","Strike_G","Strike_G","Defend_G","Defend_G","Defend_G","Defend_G","Defend_G","Survivor","Neutralize","Dagger Throw","Skewer+1","Blade Dance","Doubt","PiercingWail+1","Dagger Spray","Acrobatics","Footwork+1"],"relics":["Ring of the Snake","NeowsBlessing","Akabeko","Potion Belt","PreservedInsect","Frozen Egg 2"],"acts_visited":["Exordium"],"potions_floor_usage":[16,16],"damage_taken":[{"damage":0.0,"enemies":"Cultist","floor":1.0,"turns":1.0},{"damage":0.0,"enemies":"Small Slimes","floor":2.0,"turns":1.0},{"damage":0.0,"enemies":"2 Louse","floor":3.0,"turns":2.0},{"damage":30.0,"enemies":"3 Sentries","floor":6.0,"turns":12.0},{"damage":0.0,"enemies":"Lots of Slimes","floor":8.0,"turns":5.0},{"damage":17.0,"enemies":"Lagavulin","floor":11.0,"turns":4.0},{"damage":0.0,"enemies":"3 Sentries","floor":13.0,"turns":2.0},{"damage":0.0,"enemies":"2 Fungi Beasts","floor":14.0,"turns":2.0},{"damage":35,"enemies":"The Guardian","floor":16,"turns":15}],"seed_played":"6495884715272705778","potions_obtained":[{"floor":3.0,"key":"EssenceOfSteel"},{"floor":6.0,"key":"SneckoOil"},{"floor":8.0,"key":"FearPotion"},{"floor":11.0,"key":"CultistPotion"},{"floor":13.0,"key":"Fire Potion"}],"is_trial":false,"path_per_floor":["M","M","M","$","?","E","R","M","T","R","E","R","E","M","R","B"],"character_chosen":"THE_SILENT","items_purchased":["Blade Dance"],"campfire_rested":1,"item_purchase_floors":[4],"current_hp_per_floor":[59,59,59,59,59,29,48,48,48,48,31,31,31,31,31,0,0],"gold":303,"neow_bonus":"THREE_ENEMY_KILL","is_daily":false,"chose_seed":false,"campfire_upgraded":2,"win_rate":0.0,"timestamp":1613531673,"path_taken":["M","?","M","$","?","E","R","M","T","R","E","R","E","M","R","BOSS"],"items_purchased_type":["Card"],"build_version":"2020-12-22","purchased_purges":1,"victory":false,"max_hp_per_floor":[66,66,66,66,66,66,66,66,66,66,66,66,66,66,66,66,66],"card_choices":[{"not_picked":["Slice","Distraction","Well Laid Plans"],"picked":"SKIP","floor":1.0},{"not_picked":["Sucker Punch","PiercingWail"],"picked":"Dagger Throw","floor":2.0},{"not_picked":["Concentrate","Deadly Poison"],"picked":"Skewer","floor":3.0},{"not_picked":["Bullet Time","Sucker Punch"],"picked":"PiercingWail","floor":6.0},{"not_picked":["Deflect","Cloak And Dagger","Prepared"],"picked":"SKIP","floor":8.0},{"not_picked":["Blade Dance","Skewer"],"picked":"Dagger Spray","floor":11.0},{"not_picked":["Flechettes","Slice"],"picked":"Acrobatics","floor":13.0},{"not_picked":["Quick Slash","Dagger Spray"],"picked":"Footwork+1","floor":14.0}],"player_experience":1324063,"relics_obtained":[{"floor":6.0,"key":"Akabeko"},{"floor":9.0,"key":"Potion Belt"},{"floor":11.0,"key":"PreservedInsect"},{"floor":13.0,"key":"Frozen Egg 2"}],"event_choices":[{"damage_healed":0.0,"max_hp_gain":0.0,"max_hp_loss":0.0,"gold_gain":150.0,"event_name":"Liars Game","player_choice":"AGREE","floor":5.0,"gold_loss":0.0,"damage_taken":0.0,"cards_obtained":["Doubt"]}],"is_beta":false,"boss_relics":[],"items_purged_floors":[4],"is_endless":false,"potions_floor_spawned":[3,6,8,11,13],"killed_by":"The Guardian","ascension_level":20}}