{"host":"f8toxsj3bk02pkeu","time":1613560825,"event":{"mods":["BaseMod","Minty Spire (QoL Compilation)","Permanent Neow","Quick Restart","StSLib","SuperFastMode"],"gold_per_floor":[115,115,115,115,131,171,171,171,171],"floor_reached":8,"language":"ENG","playtime":123,"items_purged":[],"score":158,"play_id":"c74f1d0c-1c94-431e-820b-eaf881e5f243","local_time":"20210217042025","is_ascension_mode":true,"campfire_choices":[{"data":"Footwork","floor":7.0,"key":"SMITH"}],"circlet_count":0,"master_deck":["AscendersBane","Strike_G","Strike_G","Strike_G","Strike_G","Defend_G","Defend_G","Defend_G","Defend_G","Defend_G","Survivor","Neutralize","Footwork+1","Footwork+1","Backflip","Backflip"],"relics":["Ring of the Snake","NeowsBlessing","Golden Idol","StrikeDummy"],"acts_visited":["Exordium"],"potions_floor_usage":[],"damage_taken":[{"damage":0.0,"enemies":"Small Slimes","floor":1.0,"turns":1.0},{"damage":0.0,"enemies":"Jaw Worm","floor":5.0,"turns":1.0},{"damage":0.0,"enemies":"Gremlin Nob","floor":6.0,"turns":1.0},{"damage":22,"enemies":"Lagavulin","floor":8,"turns":14}],"seed_played":"-7749173917005710645","potions_obtained":[{"floor":1.0,"key":"Fruit Juice"}],"is_trial":false,"path_per_floor":["M","?","?","$","M","E","R","E"],"character_chosen":"THE_SILENT","items_purchased":[],"campfire_rested":0,"item_purchase_floors":[],"current_hp_per_floor":[59,59,36,36,36,41,41,19,19],"gold":171,"neow_bonus":"THREE_ENEMY_KILL","is_daily":false,"chose_seed":false,"campfire_upgraded":1,"win_rate":0.0,"timestamp":1613560825,"path_taken":["M","?","?","?","?","E","R","E"],"items_purchased_type":[],"build_version":"2020-12-22","purchased_purges":0,"victory":false,"max_hp_per_floor":[66,66,66,66,66,71,71,71,71],"card_choices":[{"not_picked":["Concentrate","Bane"],"picked":"Footwork","floor":1.0},{"not_picked":["Concentrate","Bane"],"picked":"Footwork","floor":1.0},{"not_picked":["Quick Slash","Dagger Spray"],"picked":"Backflip","floor":5.0},{"not_picked":["Leg Sweep","Prepared"],"picked":"Backflip","floor":6.0}],"player_experience":996557,"relics_obtained":[{"floor":6.0,"key":"StrikeDummy"}],"event_choices":[{"cards_removed":["Strike_G"],"damage_healed":0.0,"max_hp_gain":0.0,"max_hp_loss":0.0,"gold_gain":0.0,"event_name":"Living Wall","player_choice":"Forget","floor":2.0,"gold_loss":0.0,"damage_taken":0.0},{"damage_healed":0.0,"max_hp_gain":0.0,"max_hp_loss":0.0,"gold_gain":0.0,"event_name":"Golden Idol","player_choice":"Take Damage","floor":3.0,"gold_loss":0.0,"damage_taken":23.0,"relics_obtained":["Golden Idol"]}],"is_beta":false,"boss_relics":[],"items_purged_floors":[],"is_endless":false,"potions_floor_spawned":[1],"killed_by":"Lagavulin","ascension_level":20}}