{"host":"xsuxkwaivmtd234a","time":1613592973,"event":{"mods":["BaseMod","Bestiary","Colored Map","Filter the Spire","Minty Spire (QoL Compilation)","Relic Stats","StSLib"],"gold_per_floor":[14,14,32,47,47,47,90,114,114,114,155,169,182,198,198,321,321,340,363,363,376,35,35,35,79,79,39,39,77,97,122,122,245,245,261,274,289,1,1,42,42,76,76,76,97,160,195,69,69,69],"floor_reached":51,"language":"ENG","playtime":3282,"items_purged":[],"score":1034,"play_id":"18744621-a59d-470d-8a97-35bd7ce8516d","local_time":"20210217151613","is_ascension_mode":true,"campfire_choices":[{"data":"Blade Dance","floor":6,"key":"SMITH"},{"data":"Cloak And Dagger","floor":10,"key":"SMITH"},{"data":"Catalyst","floor":15,"key":"SMITH"},{"data":"Bouncing Flask","floor":23,"key":"SMITH"},{"data":"Noxious Fumes","floor":28,"key":"SMITH"},{"floor":32,"key":"REST"},{"floor":41,"key":"REST"},{"floor":44,"key":"REST"},{"floor":49,"key":"REST"}],"circlet_count":0,"master_deck":["Strike_G+1","Strike_G+1","Defend_G+1","Defend_G+1","Defend_G+1","Defend_G+1","Defend_G+1","Neutralize","Infinite Blades","Bouncing Flask+1","Blade Dance+1","Backstab","Cloak And Dagger+1","Dagger Spray","Cloak And Dagger","Catalyst+1","Deadly Poison","Malaise","Blur","Blade Dance","Outmaneuver","Noxious Fumes+1","Leg Sweep","Terror","Escape Plan","Corpse Explosion","Venomology","Prepared+1","Grand Finale+1","Dodge and Roll+1","Deadly Poison+1","Dodge and Roll+1","Bouncing Flask","Escape Plan","Writhe","Calculated Gamble+1","Malaise","Backflip","Footwork","Well Laid Plans"],"relics":["Ring of the Serpent","Ice Cream","Golden Idol","Art of War","Bronze Scales","Eternal Feather","Lee\u0027s Waffle","Turnip","The Courier","Ninja Scroll","Astrolabe","Kunai","Smiling Mask","Pen Nib","Incense Burner","Snake Skull","ClockworkSouvenir"],"acts_visited":["Exordium","TheCity","TheBeyond"],"potions_floor_usage":[7,7,11,19,29,33,33,36,37,40,40,42,42,47,47,50],"damage_taken":[{"damage":2,"enemies":"Jaw Worm","floor":1,"turns":4},{"damage":12,"enemies":"Small Slimes","floor":3,"turns":3},{"damage":0,"enemies":"2 Louse","floor":4,"turns":3},{"damage":0,"enemies":"Gremlin Nob","floor":7,"turns":2},{"damage":0,"enemies":"2 Fungi Beasts","floor":8,"turns":3},{"damage":2,"enemies":"3 Sentries","floor":11,"turns":7},{"damage":0,"enemies":"Large Slime","floor":12,"turns":4},{"damage":4,"enemies":"Gremlin Gang","floor":13,"turns":4},{"damage":0,"enemies":"Looter","floor":14,"turns":3},{"damage":16,"enemies":"The Guardian","floor":16,"turns":8},{"damage":15,"enemies":"Shell Parasite","floor":18,"turns":4},{"damage":6,"enemies":"Spheric Guardian","floor":19,"turns":3},{"damage":26,"enemies":"Shelled Parasite and Fungi","floor":21,"turns":6},{"damage":33,"enemies":"Slavers","floor":25,"turns":6},{"damage":23,"enemies":"Book of Stabbing","floor":29,"turns":4},{"damage":0,"enemies":"Snecko","floor":30,"turns":4},{"damage":9,"enemies":"Snake Plant","floor":31,"turns":3},{"damage":22,"enemies":"Champ","floor":33,"turns":11},{"damage":20,"enemies":"Orb Walker","floor":35,"turns":3},{"damage":1,"enemies":"3 Shapes","floor":36,"turns":7},{"damage":30,"enemies":"Jaw Worm Horde","floor":37,"turns":3},{"damage":36,"enemies":"Giant Head","floor":40,"turns":7},{"damage":32,"enemies":"Nemesis","floor":42,"turns":7},{"damage":7,"enemies":"Transient","floor":45,"turns":5},{"damage":0,"enemies":"Mind Bloom Boss Battle","floor":46,"turns":7},{"damage":21,"enemies":"Reptomancer","floor":47,"turns":9},{"damage":22,"enemies":"Donu and Deca","floor":50,"turns":7}],"seed_played":"-8058036067686264248","potions_obtained":[{"floor":1,"key":"Energy Potion"},{"floor":3,"key":"EssenceOfSteel"},{"floor":4,"key":"SteroidPotion"},{"floor":16,"key":"GamblersBrew"},{"floor":18,"key":"SneckoOil"},{"floor":25,"key":"SneckoOil"},{"floor":27,"key":"PowerPotion"},{"floor":27,"key":"Weak Potion"},{"floor":27,"key":"LiquidBronze"},{"floor":33,"key":"Fire Potion"},{"floor":37,"key":"PowerPotion"},{"floor":42,"key":"Poison Potion"},{"floor":45,"key":"PowerPotion"},{"floor":47,"key":"Explosive Potion"}],"is_trial":false,"path_per_floor":["M","?","M","M","?","R","E","M","T","R","E","M","M","M","R","B",null,"M","M","?","M","$","R","?","E","T","?","R","E","M","M","R","B",null,"M","M","M","$","?","E","R","E","T","R","M","?","E","$","R","B",null],"character_chosen":"THE_SILENT","items_purchased":["Lee\u0027s Waffle","Noxious Fumes","Leg Sweep","Terror","Kunai","Bouncing Flask","Escape Plan","ClockworkSouvenir"],"campfire_rested":4,"item_purchase_floors":[22,22,22,22,38,38,38,48],"current_hp_per_floor":[68,68,56,56,56,56,56,56,56,56,54,54,50,50,62,46,60,45,39,39,13,72,72,72,39,39,39,54,31,31,22,58,36,63,43,57,27,27,45,9,51,19,19,61,54,54,33,33,72,50],"gold":69,"neow_bonus":"ONE_RARE_RELIC","is_daily":false,"chose_seed":false,"campfire_upgraded":5,"win_rate":0.0,"timestamp":1613592973,"path_taken":["M","?","M","M","?","R","E","M","T","R","E","M","M","M","R","BOSS","M","M","?","M","$","R","?","E","T","?","R","E","M","M","R","BOSS","M","?","M","$","?","E","R","E","T","R","M","?","E","?","R","BOSS"],"items_purchased_type":["Relic","Card","Card","Card","Relic","Card","Card","Relic"],"build_version":"2020-12-22","purchased_purges":0,"victory":true,"max_hp_per_floor":[70,70,70,70,65,65,65,65,65,65,65,65,65,65,65,65,65,65,65,65,65,72,72,72,72,72,72,72,72,72,72,72,72,72,72,72,72,72,72,72,72,72,72,72,72,72,72,72,72,72],"relic_stats":{"Lee\u0027s Waffle":59,"counters":[27,137],"Golden Idol":193,"Astrolabe":["Prepared","Grand Finale","Dodge and Roll"],"Eternal Feather":108,"Pen Nib":[4],"Snake Skull":[10],"Smiling Mask":0,"Bronze Scales":[297],"Turnip":[6],"Art of War":[32],"Kunai":[12],"obtain_stats":[{"Ice Cream":0,"Lee\u0027s Waffle":22,"Golden Idol":5,"Astrolabe":34,"Eternal Feather":11,"The Courier":26,"Pen Nib":42,"Snake Skull":47,"Incense Burner":46,"Smiling Mask":40,"ClockworkSouvenir":48,"Ninja Scroll":29,"Bronze Scales":9,"Turnip":25,"Art of War":7,"Kunai":38,"Ring of the Serpent":17,"Ring of the Snake":0},{"Ice Cream":0,"Lee\u0027s Waffle":13,"Golden Idol":3,"Astrolabe":18,"Eternal Feather":6,"The Courier":14,"Pen Nib":23,"Snake Skull":26,"Incense Burner":25,"Smiling Mask":22,"ClockworkSouvenir":26,"Ninja Scroll":15,"Bronze Scales":5,"Turnip":14,"Art of War":4,"Kunai":21,"Ring of the Serpent":10,"Ring of the Snake":0},{"Ice Cream":0,"Lee\u0027s Waffle":54,"Golden Idol":10,"Astrolabe":82,"Eternal Feather":22,"The Courier":60,"Pen Nib":109,"Snake Skull":130,"Incense Burner":121,"Smiling Mask":102,"ClockworkSouvenir":130,"Ninja Scroll":64,"Bronze Scales":15,"Turnip":60,"Art of War":12,"Kunai":95,"Ring of the Serpent":41,"Ring of the Snake":0}]},"card_choices":[{"not_picked":["Outmaneuver","PiercingWail"],"picked":"Infinite Blades","floor":1},{"not_picked":["Terror","Poisoned Stab"],"picked":"Blade Dance","floor":3},{"not_picked":["Deflect","Escape Plan"],"picked":"Bane","floor":4},{"not_picked":["Quick Slash","Deadly Poison"],"picked":"Backstab","floor":7},{"not_picked":["Riddle With Holes","Quick Slash"],"picked":"Cloak And Dagger","floor":8},{"not_picked":["Grand Finale","Poisoned Stab"],"picked":"Dagger Spray","floor":11},{"not_picked":["Concentrate","Poisoned Stab"],"picked":"Cloak And Dagger","floor":12},{"not_picked":["Deflect","Acrobatics"],"picked":"Catalyst","floor":13},{"not_picked":["Outmaneuver","Flechettes"],"picked":"Deadly Poison","floor":14},{"not_picked":["Venomology","Die Die Die"],"picked":"Malaise","floor":16},{"not_picked":["Prepared","Sucker Punch"],"picked":"Blur","floor":18},{"not_picked":["Flying Knee","Riddle With Holes"],"picked":"Blade Dance","floor":19},{"not_picked":["Slice","Prepared"],"picked":"Outmaneuver","floor":21},{"not_picked":["Footwork","Concentrate"],"picked":"Corpse Explosion","floor":25},{"not_picked":["Poisoned Stab","Cloak And Dagger","Heel Hook"],"picked":"SKIP","floor":29},{"not_picked":["Deflect","Deadly Poison","Dagger Spray"],"picked":"SKIP","floor":30},{"not_picked":["Dagger Spray","Quick Slash","Eviscerate"],"picked":"SKIP","floor":31},{"not_picked":["Tools of the Trade","Storm of Steel"],"picked":"Venomology","floor":33},{"not_picked":["Dagger Spray+1","Underhanded Strike"],"picked":"Deadly Poison+1","floor":35},{"not_picked":["Slice+1","Outmaneuver","Tactician"],"picked":"SKIP","floor":36},{"not_picked":["All Out Attack","Setup+1"],"picked":"Dodge and Roll+1","floor":37},{"not_picked":["Reflex","Skewer"],"picked":"Calculated Gamble+1","floor":40},{"not_picked":["Outmaneuver+1","Quick Slash"],"picked":"Malaise","floor":42},{"not_picked":["Sucker Punch+1","All Out Attack"],"picked":"Backflip","floor":45},{"not_picked":["Dodge and Roll","Sucker Punch"],"picked":"Footwork","floor":46},{"not_picked":["Finisher","Skewer"],"picked":"Well Laid Plans","floor":47}],"player_experience":1282965,"relics_obtained":[{"floor":7,"key":"Art of War"},{"floor":9,"key":"Bronze Scales"},{"floor":11,"key":"Eternal Feather"},{"floor":25,"key":"Turnip"},{"floor":26,"key":"The Courier"},{"floor":29,"key":"Ninja Scroll"},{"floor":40,"key":"Smiling Mask"},{"floor":42,"key":"Pen Nib"},{"floor":46,"key":"Incense Burner"},{"floor":47,"key":"Snake Skull"}],"event_choices":[{"damage_healed":0,"gold_gain":0,"cards_transformed":["Strike_G"],"player_choice":"Change","damage_taken":0,"max_hp_gain":0,"max_hp_loss":0,"event_name":"Living Wall","floor":2,"gold_loss":0,"cards_obtained":["Bouncing Flask"]},{"damage_healed":0,"gold_gain":0,"player_choice":"Lose Max HP","damage_taken":0,"relics_obtained":["Golden Idol"],"max_hp_gain":0,"max_hp_loss":5,"event_name":"Golden Idol","floor":5,"gold_loss":0},{"damage_healed":0,"gold_gain":0,"player_choice":"Simplicity","damage_taken":0,"max_hp_gain":0,"max_hp_loss":0,"event_name":"Back to Basics","floor":20,"gold_loss":0,"cards_upgraded":["Strike_G","Strike_G","Strike_G","Strike_G","Defend_G","Defend_G","Defend_G","Defend_G","Defend_G"]},{"damage_healed":0,"gold_gain":0,"cards_transformed":["Survivor","Bane"],"player_choice":"Became Test Subject","damage_taken":0,"max_hp_gain":0,"max_hp_loss":0,"event_name":"Drug Dealer","floor":24,"gold_loss":0,"cards_obtained":["Eviscerate","Escape Plan"]},{"damage_healed":0,"gold_gain":0,"player_choice":"Bought 3 Potions","damage_taken":0,"max_hp_gain":0,"max_hp_loss":0,"event_name":"The Woman in Blue","floor":27,"gold_loss":0},{"damage_healed":18,"gold_gain":0,"player_choice":"Writhe","damage_taken":0,"max_hp_gain":0,"max_hp_loss":0,"event_name":"Winding Halls","floor":39,"gold_loss":0,"cards_obtained":["Writhe"]},{"damage_healed":0,"gold_gain":0,"player_choice":"Fight","damage_taken":0,"max_hp_gain":0,"max_hp_loss":0,"event_name":"MindBloom","floor":46,"gold_loss":0}],"is_beta":false,"boss_relics":[{"not_picked":["Velvet Choker","Black Star"],"picked":"Ring of the Serpent"},{"not_picked":["HoveringKite","Coffee Dripper"],"picked":"Astrolabe"}],"items_purged_floors":[],"is_endless":false,"potions_floor_spawned":[1,3,4,16,18,25,33,37,42,45,47],"ascension_level":5}}