{"host":"38p8qnzhmsyj15s2","time":1613544810,"event":{"mods":["AchievementEnabler","Act Like it!","Aspiration","BaseMod","BetterRewards","Challenge The Spire","Colored Powertips","Conspire","DeckTracker","Defuse TimeMaze Blight","Downfall","Energized Spire","GifTheSpireLib","Googly Eyes","Halation","Hermit","Infinite Spire","Jorbs\u0027s Wanderer Trilogy","Minty Spire (QoL Compilation)","Quick Restart","Random Character Button","Rare Cards Sparkle","Replay The Spire","StSLib","The Hayseed","The Hierophant","The Jungle","TheFirefly","Wandering Minibosses","everything is the same but u backflip on backflip"],"gold_per_floor":[115,125,135,152,167,197,207,207,277,296,296,6,22,122,122,222,222,238,250,270,284,19,19,45,145,145,145,163,163,175,22,22,124,124,135,152,152,163,163,163,175,175,202,202,229,229,229,255,271,289,289,289,289],"floor_reached":52,"language":"ENG","playtime":5793,"items_purged":["Voices"],"score":665,"play_id":"be03fcc0-ac7c-44ee-98b3-b91f5bfc83c9","local_time":"20210217065330","is_ascension_mode":false,"campfire_choices":[{"data":"Armaments","floor":8,"key":"SMITH"},{"data":"Life Link","floor":11,"key":"SMITH"},{"data":"Flame Barrier","floor":15,"key":"SMITH"},{"data":"Demonic Infusion","floor":23,"key":"SMITH"},{"data":"Rupture","floor":32,"key":"SMITH"},{"floor":42,"key":"REST"},{"data":"Double Tap","floor":44,"key":"SMITH"},{"data":"Eclipse","floor":46,"key":"SMITH"}],"circlet_count":0,"master_deck":["Defend_R","Defend_R+1","Defend_R","Defend_R","Bash","Reckless Charge","conspire:ExplosiveBarrier","Armaments+1","Pommel Strike","Replay:Many Hands","conspire:Charge+1","Flame Barrier+1","Bludgeon+1","Armaments+1","Headbutt+1","ReplayTheSpireMod:Muscle Training","Demonic Infusion+1","Shrug It Off+1","Eclipse+1","CurseOfTheBell","CurseOfTheBell","Rupture+1","Bite+1","Bite+1","Bite+1","Bite+1","Bite+1","Double Tap+1","ReplayTheSpireMod:Strike From Hell+1","Massacre+1","Sever Soul+1","Shrug It Off+1","ReplayTheSpireMod:Necrosis","aspiration:Lunge+1","Envenom","Dual Wield+1","Combust+1","Burning Pact+1"],"relics":["Burning Blood","Blue Doll","Bottled Lightning","Molten Egg 2","infinitespire:Burning Sword","Replay:Baseball","Replay:Towering Pillar of Hats","downfall:ExtraCursedBell","Simple Rune","Replay:Accelerometer","Peace Pipe","Mercury Hourglass","BargainBundle","Pet Ghost","Electric Blood","Charon\u0027s Ashes","Dream Catcher","Pear"],"acts_visited":["Exordium","TheCity","TheBeyond"],"potions_floor_usage":[2,6,6,16,33,33,33,38,41,50,52,52],"damage_taken":[{"damage":5,"enemies":"conspire:RoseBush","floor":1,"turns":2},{"damage":0,"enemies":"Cultist","floor":2,"turns":3},{"damage":0,"enemies":"Small Slimes","floor":3,"turns":4},{"damage":1,"enemies":"Exordium Wildlife","floor":4,"turns":3},{"damage":4,"enemies":"conspire:2 RoseBushes","floor":5,"turns":6},{"damage":12,"enemies":"Lagavulin","floor":6,"turns":6},{"damage":11,"enemies":"Gremlin Gang","floor":7,"turns":6},{"damage":9,"enemies":"Large Slime","floor":10,"turns":6},{"damage":5,"enemies":"Looter","floor":13,"turns":3},{"damage":40,"enemies":"Fading Forest","floor":16,"turns":11},{"damage":12,"enemies":"2 Thieves","floor":18,"turns":3},{"damage":7,"enemies":"conspire:FuzzyDice","floor":19,"turns":4},{"damage":0,"enemies":"Snecko","floor":20,"turns":2},{"damage":15,"enemies":"conspire:HollyBat","floor":21,"turns":8},{"damage":3,"enemies":"Gremlin Leader","floor":24,"turns":4},{"damage":18,"enemies":"Chosen and Byrds","floor":28,"turns":5},{"damage":16,"enemies":"Cultist and Chosen","floor":30,"turns":4},{"damage":24,"enemies":"conspire:MysteriousRune","floor":33,"turns":5},{"damage":25,"enemies":"3 Darklings","floor":35,"turns":5},{"damage":11,"enemies":"3 Shapes","floor":36,"turns":4},{"damage":23,"enemies":"3 Darklings","floor":38,"turns":4},{"damage":26,"enemies":"Spire Growth","floor":41,"turns":3},{"damage":16,"enemies":"R_Hoarder","floor":43,"turns":4},{"damage":6,"enemies":"Reptomancer","floor":48,"turns":2},{"damage":35,"enemies":"Maw","floor":49,"turns":5},{"damage":15,"enemies":"Writhing Mass","floor":50,"turns":3},{"damage":64,"enemies":"infinitespire:MassOfShapes","floor":52,"turns":4}],"seed_played":"8576022470864209502","potions_obtained":[{"floor":2,"key":"EntropicBrew"},{"floor":3,"key":"Adrenaline Potion"},{"floor":7,"key":"Dexterity Potion"},{"floor":13,"key":"Cursed Concoction"},{"floor":19,"key":"Adrenaline Potion"},{"floor":24,"key":"bronze:BurnAndBuffPotion"},{"floor":33,"key":"LiquidBronze"},{"floor":35,"key":"AttackPotion"},{"floor":36,"key":"FearPotion"},{"floor":43,"key":"sneckomod:MuddlingPotion"},{"floor":48,"key":"Venom Potion"}],"is_trial":false,"path_per_floor":["M","M","M","M","M","E","M","R","T","M","R","$","M","?","R","B",null,"M","M","M","M","$","R","E","?","T","AVR","M","?","M","$","R","B",null,"M","M","?","M","PTL","PTL","M","R","E","R","T","R","?","E","M","M","R","B"],"character_chosen":"IRONCLAD","items_purchased":["Molten Egg 2","conspire:Charge+1","Replay:Baseball","Demonic Infusion","Shrug It Off","Pet Ghost"],"campfire_rested":1,"item_purchase_floors":[12,12,22,22,22,31],"current_hp_per_floor":[80,80,80,80,80,74,69,69,69,66,66,66,67,67,67,43,80,74,73,79,70,70,70,73,73,73,73,61,56,49,49,49,41,56,45,51,51,46,46,46,32,48,41,41,41,41,41,51,28,22,41,0,0],"gold":289,"neow_bonus":"","is_daily":false,"chose_seed":false,"campfire_upgraded":7,"win_rate":0.0,"timestamp":1613544810,"path_taken":["M","M","M","M","M","E","M","R","T","M","R","$","M","?","R","BOSS","M","M","M","M","?","R","E","?","T","AVR","?","?","M","?","R","BOSS","M","?","?","M","PTL","PTL","M","R","E","R","T","R","?","E","M","M","R","BOSS"],"items_purchased_type":["Relic","Card","Relic","Card","Card","Relic"],"build_version":"2020-12-22","purchased_purges":1,"victory":false,"max_hp_per_floor":[80,80,80,80,80,80,80,80,80,80,80,80,80,80,80,80,80,80,80,80,80,80,80,80,80,80,80,80,56,56,56,56,56,56,56,56,56,56,56,56,56,56,56,56,56,56,56,66,66,66,66,66,66],"card_choices":[{"not_picked":["Iron Wave","Anger"],"picked":"Ghostly Armor","floor":1},{"not_picked":["Thunderclap","Anger"],"picked":"Reckless Charge","floor":2},{"not_picked":["Thunderclap","Searing Blow"],"picked":"conspire:ExplosiveBarrier","floor":3},{"not_picked":["Dual Wield","Power Through"],"picked":"Armaments","floor":4},{"not_picked":["Anger","Warcry"],"picked":"Pommel Strike","floor":5},{"not_picked":["Second Wind","Burning Pact"],"picked":"Replay:Many Hands","floor":6},{"not_picked":["Flex","Pommel Strike"],"picked":"Run Through","floor":7},{"not_picked":["Shrug It Off","Anger"],"picked":"Life Link","floor":10},{"not_picked":["Power Through","Shockwave"],"picked":"Flame Barrier","floor":13},{"not_picked":["Impervious","Brutality"],"picked":"Bludgeon+1","floor":16},{"not_picked":["Clash+1","Clothesline+1"],"picked":"Armaments+1","floor":18},{"not_picked":["Body Slam+1","Rage"],"picked":"Headbutt+1","floor":19},{"not_picked":["Rage","Body Slam+1"],"picked":"ReplayTheSpireMod:Muscle Training","floor":20},{"not_picked":["Pommel Strike+1","Replay:Undeath\u0027s Touch+1"],"picked":"Flex+1","floor":21},{"not_picked":["Clash+1","Clothesline+1"],"picked":"Eclipse","floor":24},{"not_picked":["Perfected Strike+1","Whirlwind+1"],"picked":"Rupture","floor":28},{"not_picked":["Sword Boomerang+1","Pommel Strike+1","Perfected Strike+1"],"picked":"SKIP","floor":30},{"not_picked":["Demonic Infusion","Reaper+1"],"picked":"Double Tap","floor":33},{"not_picked":["True Grit","Shrug It Off"],"picked":"ReplayTheSpireMod:Strike From Hell+1","floor":35},{"not_picked":["Offering","Replay:Undeath\u0027s Touch+1"],"picked":"Massacre+1","floor":36},{"not_picked":["Armaments","Anger+1","True Grit"],"picked":"SKIP","floor":38},{"not_picked":["Flex+1","Carnage+1"],"picked":"Sever Soul+1","floor":41},{"not_picked":["Clash+1","Sword Boomerang+1"],"picked":"Shrug It Off+1","floor":43},{"not_picked":["conspire:ExplosiveBarrier+1","Thunderclap+1","Flex+1"],"picked":"SKIP","floor":48},{"not_picked":["Clash+1","Perfected Strike+1"],"picked":"Dual Wield+1","floor":49},{"not_picked":["ReplayTheSpireMod:Corrosion Curse","Flex+1"],"picked":"Combust+1","floor":50},{"not_picked":["Seeing Red+1","Searing Blow+1"],"picked":"Burning Pact+1","floor":51}],"player_experience":0,"relics_obtained":[{"floor":6,"key":"Blue Doll"},{"floor":9,"key":"Bottled Lightning"},{"floor":24,"key":"Replay:Towering Pillar of Hats"},{"floor":25,"key":"Simple Rune"},{"floor":25,"key":"Replay:Accelerometer"},{"floor":25,"key":"Peace Pipe"},{"floor":26,"key":"Mercury Hourglass"},{"floor":43,"key":"Charon\u0027s Ashes"},{"floor":45,"key":"Dream Catcher"},{"floor":48,"key":"Pear"}],"event_choices":[{"damage_healed":0,"gold_gain":100,"player_choice":"Gold","damage_taken":0,"max_hp_gain":0,"max_hp_loss":0,"event_name":"Wheel of Change","floor":14,"gold_loss":0},{"damage_healed":0,"gold_gain":0,"player_choice":"Became a vampire","damage_taken":0,"max_hp_gain":0,"max_hp_loss":24,"event_name":"Vampires","floor":29,"gold_loss":0,"cards_obtained":["Bite","Bite","Bite","Bite","Bite"]},{"cards_removed":["Flex"],"damage_healed":0,"gold_gain":0,"player_choice":"Removed Skill","damage_taken":0,"max_hp_gain":0,"max_hp_loss":0,"event_name":"Falling","floor":37,"gold_loss":0}],"is_beta":false,"boss_relics":[{"not_picked":["Black Blood","halation:SmartPhone"],"picked":"infinitespire:Burning Sword"},{"not_picked":["SacredBark","Astrolabe"],"picked":"Electric Blood"}],"items_purged_floors":[27],"is_endless":false,"potions_floor_spawned":[2,3,5,7,13,19,20,24,33,35,36,43,48],"killed_by":"infinitespire:MassOfShapes","ascension_level":0}}