{"host":"6ulps5ednfgqn0to","time":1613568383,"event":{"mods":["AchievementEnabler","BaseMod","Colored Map","Highlight Path","Minty Spire (QoL Compilation)","Relic Sorter","Relic Stats","StSLib"],"gold_per_floor":[15,15,33,52,68,103,126,149,149,149,169,193,193,207,207,207,207],"floor_reached":16,"language":"ENG","playtime":756,"items_purged":[],"score":108,"play_id":"b46c3f50-8bf7-41db-a1e6-a9e29a2933cc","local_time":"20210217152623","is_ascension_mode":false,"campfire_choices":[{"data":"1","floor":10,"key":"LIFT"},{"data":"Barrage","floor":13,"key":"SMITH"},{"data":"Leap","floor":15,"key":"SMITH"}],"circlet_count":0,"master_deck":["Strike_B","Strike_B","Strike_B","Strike_B","Defend_B","Defend_B","Defend_B","Defend_B","Zap","Dualcast","Doom and Gloom","Leap+1","Barrage+1","Coolheaded","White Noise+1","Cold Snap","Buffer","Beam Cell","Compile Driver","Glacier+1"],"relics":["Cracked Core","Girya","Golden Idol","Toxic Egg 2","Bottled Flame"],"acts_visited":["Exordium"],"potions_floor_usage":[6,6,14,16],"damage_taken":[{"damage":3,"enemies":"Small Slimes","floor":1,"turns":3},{"damage":6,"enemies":"Jaw Worm","floor":3,"turns":2},{"damage":1,"enemies":"2 Louse","floor":4,"turns":2},{"damage":0,"enemies":"Looter","floor":5,"turns":4},{"damage":31,"enemies":"Lagavulin","floor":6,"turns":9},{"damage":0,"enemies":"Large Slime","floor":7,"turns":4},{"damage":0,"enemies":"2 Fungi Beasts","floor":8,"turns":4},{"damage":0,"enemies":"Lots of Slimes","floor":11,"turns":2},{"damage":14,"enemies":"3 Louse","floor":12,"turns":2},{"damage":2,"enemies":"2 Fungi Beasts","floor":14,"turns":2},{"damage":16,"enemies":"Hexaghost","floor":16,"turns":9}],"seed_played":"-9091244771040375490","potions_obtained":[{"floor":1,"key":"DistilledChaos"},{"floor":5,"key":"EssenceOfSteel"},{"floor":7,"key":"Swift Potion"},{"floor":11,"key":"ColorlessPotion"}],"is_trial":false,"path_per_floor":["M","?","M","M","M","E","M","M","T","R","M","M","R","M","R","B"],"character_chosen":"DEFECT","items_purchased":[],"campfire_rested":0,"item_purchase_floors":[],"current_hp_per_floor":[72,69,63,62,62,31,31,31,31,31,31,17,17,15,15,0,0],"gold":207,"neow_bonus":"ONE_RARE_RELIC","is_daily":false,"chose_seed":false,"campfire_upgraded":2,"win_rate":0.0,"timestamp":1613568383,"path_taken":["M","?","M","M","M","E","M","M","T","R","M","M","R","M","R","BOSS"],"items_purchased_type":[],"build_version":"2020-12-22","purchased_purges":0,"victory":false,"max_hp_per_floor":[75,69,69,69,69,69,69,69,69,69,69,69,69,69,69,69,69],"relic_stats":{"counters":[11,43],"Golden Idol":40,"obtain_stats":[{"Girya":0,"Bottled Flame":9,"Golden Idol":2,"Toxic Egg 2":6,"Cracked Core":0},{"Girya":0,"Bottled Flame":7,"Golden Idol":1,"Toxic Egg 2":5,"Cracked Core":0},{"Girya":0,"Bottled Flame":28,"Golden Idol":3,"Toxic Egg 2":20,"Cracked Core":0}]},"card_choices":[{"not_picked":["Scrape","Ball Lightning"],"picked":"Doom and Gloom","floor":1},{"not_picked":["Hologram","Fusion"],"picked":"Leap","floor":3},{"not_picked":["Self Repair","Go for the Eyes"],"picked":"Barrage","floor":4},{"not_picked":["Conserve Battery","White Noise"],"picked":"Coolheaded","floor":5},{"not_picked":["Loop","Redo+1"],"picked":"White Noise+1","floor":6},{"not_picked":["FTL","Hologram+1"],"picked":"Cold Snap","floor":7},{"not_picked":["Sunder","Compile Driver"],"picked":"Buffer","floor":8},{"not_picked":["FTL","Redo+1"],"picked":"Beam Cell","floor":11},{"not_picked":["Static Discharge","Coolheaded+1"],"picked":"Compile Driver","floor":12},{"not_picked":["Steam+1","Loop"],"picked":"Glacier+1","floor":14}],"player_experience":39017,"relics_obtained":[{"floor":6,"key":"Toxic Egg 2"},{"floor":9,"key":"Bottled Flame"}],"event_choices":[{"damage_healed":0,"gold_gain":0,"player_choice":"Lose Max HP","damage_taken":0,"relics_obtained":["Golden Idol"],"max_hp_gain":0,"max_hp_loss":6,"event_name":"Golden Idol","floor":2,"gold_loss":0}],"is_beta":false,"boss_relics":[],"items_purged_floors":[],"is_endless":false,"potions_floor_spawned":[1,5,7,11],"killed_by":"Hexaghost","ascension_level":0}}