{"host":"bsgp9wgausrmthh2","time":1613577474,"event":{"mods":["AchievementEnabler","BaseMod","Colored Map","Minty Spire (QoL Compilation)","StSLib"],"gold_per_floor":[117,192,69,89,103,103,119,133,209,221,221,221],"floor_reached":11,"language":"ENG","playtime":462,"items_purged":[],"score":67,"play_id":"ad7a5b45-d3ac-4629-b7fa-0a8c8e7102fe","local_time":"20210217105754","is_ascension_mode":false,"campfire_choices":[{"floor":6,"key":"RECALL"}],"circlet_count":0,"master_deck":["Strike_B","Strike_B","Strike_B","Strike_B","Defend_B","Defend_B","Defend_B","Defend_B","Zap","Dualcast","Conserve Battery","Defragment","Beam Cell","Barrage","Sweeping Beam","Steam","FTL","Turbo"],"relics":["Cracked Core","NeowsBlessing"],"acts_visited":["Exordium"],"potions_floor_usage":[],"damage_taken":[{"damage":0,"enemies":"2 Louse","floor":1,"turns":1},{"damage":0,"enemies":"Jaw Worm","floor":4,"turns":1},{"damage":0,"enemies":"Cultist","floor":5,"turns":1},{"damage":0,"enemies":"Large Slime","floor":7,"turns":4},{"damage":0,"enemies":"Looter","floor":8,"turns":3},{"damage":8,"enemies":"Exordium Thugs","floor":10,"turns":5},{"damage":76,"enemies":"Gremlin Nob","floor":11,"turns":5}],"seed_played":"2355895362344857267","potions_obtained":[{"floor":10,"key":"LiquidBronze"}],"is_trial":false,"path_per_floor":["M","?","$","M","M","R","M","M","T","M","E"],"character_chosen":"DEFECT","items_purchased":["Defragment","Beam Cell"],"campfire_rested":0,"item_purchase_floors":[3,3],"current_hp_per_floor":[75,64,64,64,64,64,64,64,64,56,0,0],"gold":221,"neow_bonus":"THREE_ENEMY_KILL","is_daily":false,"chose_seed":false,"campfire_upgraded":0,"win_rate":0.0,"timestamp":1613577474,"path_taken":["M","?","?","?","M","R","M","M","T","M","E"],"items_purchased_type":["Card","Card"],"build_version":"2020-12-22","purchased_purges":0,"victory":false,"max_hp_per_floor":[75,75,75,75,75,75,75,75,75,75,75,75],"card_choices":[{"not_picked":["Redo","Skim"],"picked":"Conserve Battery","floor":1},{"not_picked":["Reprogram","Rebound"],"picked":"Barrage","floor":4},{"not_picked":["Hologram","Rebound"],"picked":"Sweeping Beam","floor":5},{"not_picked":["Reinforced Body","Redo"],"picked":"Steam","floor":7},{"not_picked":["Gash","Barrage"],"picked":"FTL","floor":8},{"not_picked":["Rainbow","Sunder"],"picked":"Turbo","floor":10}],"player_experience":275138,"relics_obtained":[],"event_choices":[{"damage_healed":0,"gold_gain":75,"player_choice":"Gather Gold","damage_taken":11,"max_hp_gain":0,"max_hp_loss":0,"event_name":"World of Goop","floor":2,"gold_loss":0}],"is_beta":false,"boss_relics":[],"items_purged_floors":[],"is_endless":false,"potions_floor_spawned":[10],"killed_by":"Gremlin Nob","ascension_level":0}}