{"host":"ju66gn9zov5ov15o","time":1613587535,"event":{"mods":["100% Spire Juice","2.2 Compatiblity","Act Like it!","Arknights","Aspiration","BaseMod","Conspire","Downfall","GifTheSpireLib","Hubris","Lobotomy","LobotomyExtend","Marisa????????","Minty Spire (QoL Compilation)","Pale of the Ancients","Rare Cards Sparkle","Relic Stats","Ruina","Shapeshifter Mod","StSLib","The Alterego","The Animator","The Marked"],"gold_per_floor":[113,125,125,125,135,166,166,36,36,49,49,65,81,95,95,194,194,206,206,226,238,238,273,60,77,101,130,144,144,159,170,170,181,181],"floor_reached":33,"language":"ENG","playtime":2605,"items_purged":[],"score":293,"play_id":"2e356268-4ad3-4018-a2ec-e9c1b669762e","local_time":"20210217194535","is_ascension_mode":false,"campfire_choices":[{"data":"StSShapeShifter:WolfsBane","floor":11,"key":"SMITH"},{"data":"StSShapeShifter:PhoenixForm","floor":15,"key":"SMITH"},{"floor":29,"key":"REST"},{"floor":32,"key":"REST"}],"circlet_count":0,"master_deck":["StSShapeShifter:ShapeShifter_Strike+1","StSShapeShifter:ShapeShifter_Strike","StSShapeShifter:ShapeShifter_Strike","StSShapeShifter:ShapeShifter_Strike","StSShapeShifter:ShapeShifter_Strike","StSShapeShifter:ShapeShifter_Defend","StSShapeShifter:ShapeShifter_Defend","StSShapeShifter:ShapeShifter_Defend","StSShapeShifter:ShapeShifter_Defend","StSShapeShifter:ShapeShifter_Defend","StSShapeShifter:Tortoise_Form","StSShapeShifter:Lynx_Form","StSShapeShifter:MooseForm+1","StSShapeShifter:Garden","StSShapeShifter:BurstingSpore","StSShapeShifter:VineHandcuffs","StSShapeShifter:HippoForm","StSShapeShifter:WolfsBane+1","StSShapeShifter:MonkeyForm","StSShapeShifter:BarkSkin","StSShapeShifter:PhoenixForm+1","StSShapeShifter:Flood","StSShapeShifter:CosmicShifter","StSShapeShifter:FallingLeaves","StSShapeShifter:FoxForm","ruina:FadedMemories","StSShapeShifter:RockSlide","StSShapeShifter:Synchronicity","StSShapeShifter:Evolution+1","StSShapeShifter:Wildfire2"],"relics":["StSShapeShifter:AnimalHeart","StSShapeShifter:TheShapeShiftersMagnolia","RedMistMask","Regal Pillow","aspiration:StickyExplosives_weak","conspire:SeveredTorchhead","hubris:TenFootPole","Bag of Marbles","Molten Egg 2"],"acts_visited":["Exordium","ruina:Briah"],"potions_floor_usage":[10,16,16,23,25,33,33],"damage_taken":[{"damage":2,"enemies":"ats:Genji","floor":1,"turns":9},{"damage":6,"enemies":"Jaw Worm","floor":2,"turns":3},{"damage":0,"enemies":"Cultist","floor":5,"turns":3},{"damage":12,"enemies":"Gremlin Nob","floor":6,"turns":3},{"damage":4,"enemies":"2 Fungi Beasts","floor":10,"turns":3},{"damage":0,"enemies":"Exordium Thugs","floor":12,"turns":2},{"damage":3,"enemies":"Gremlin Gang","floor":13,"turns":3},{"damage":5,"enemies":"Exordium Wildlife","floor":14,"turns":3},{"damage":15,"enemies":"The Guardian","floor":16,"turns":9},{"damage":28,"enemies":"ruina:3_Bats","floor":18,"turns":6},{"damage":0,"enemies":"ruina:2_Scarecrows","floor":20,"turns":2},{"damage":20,"enemies":"ruina:QueenOfHate","floor":21,"turns":5},{"damage":44,"enemies":"ruina:Mountain","floor":23,"turns":7},{"damage":18,"enemies":"ruina:KnightOfDespair","floor":25,"turns":4},{"damage":13,"enemies":"ruina:ServantOfWrath","floor":27,"turns":4},{"damage":31,"enemies":"ruina:Woodsman","floor":28,"turns":5},{"damage":21,"enemies":"ruina:QueenOfHate","floor":30,"turns":4},{"damage":13,"enemies":"ruina:KnightOfDespair","floor":31,"turns":3},{"damage":91,"enemies":"ruina:Red_and_Wolf","floor":33,"turns":11}],"seed_played":"-8111793677457435197","potions_obtained":[{"floor":4,"key":"sneckomod:MuddlingPotion"},{"floor":4,"key":"GamblersBrew"},{"floor":4,"key":"SkillPotion"},{"floor":10,"key":"Swift Potion"},{"floor":18,"key":"LiquidBronze"},{"floor":23,"key":"ColorlessPotion"},{"floor":27,"key":"hexamod:SoulburnPotion"},{"floor":30,"key":"SteroidPotion"}],"is_trial":false,"path_per_floor":["M","M","?","?","M","E","?","$","T","M","R","M","M","M","R","B",null,"M","?","M","M","?","E","$","M","T","E","M","R","M","M","R","B"],"character_chosen":"SHAPESHIFTER","items_purchased":["StSShapeShifter:WolfsBane","StSShapeShifter:MonkeyForm","ruina:FadedMemories","StSShapeShifter:RockSlide"],"campfire_rested":2,"item_purchase_floors":[8,8,24,24],"current_hp_per_floor":[76,70,54,54,56,44,52,52,52,48,48,48,45,40,40,25,78,50,58,58,38,46,2,2,25,25,12,11,51,30,17,57,0,0],"gold":181,"neow_bonus":"ONE_RANDOM_RARE_CARD","is_daily":false,"chose_seed":false,"campfire_upgraded":2,"win_rate":0.0,"timestamp":1613587535,"path_taken":["M","?","?","?","?","E","?","?","T","M","R","?","M","M","R","BOSS","M","?","?","M","?","E","?","M","T","E","?","R","M","M","R","BOSS"],"items_purchased_type":["Card","Card","Card","Card"],"build_version":"2020-12-22","purchased_purges":0,"victory":false,"max_hp_per_floor":[78,78,78,78,78,78,78,78,78,78,78,78,78,78,78,78,78,78,78,78,78,86,86,86,86,86,86,86,86,86,86,86,86,86],"relic_stats":{"Regal Pillow":30,"counters":[19,89],"obtain_stats":[{"StSShapeShifter:TheShapeShiftersMagnolia":0,"conspire:SeveredTorchhead":17,"Frozen Eye":20,"Regal Pillow":6,"StSShapeShifter:AnimalHeart":0,"Molten Egg 2":27,"RedMistMask":1,"hubris:TenFootPole":23,"Bag of Marbles":26,"aspiration:StickyExplosives_weak":9},{"StSShapeShifter:TheShapeShiftersMagnolia":0,"conspire:SeveredTorchhead":9,"Frozen Eye":10,"Regal Pillow":4,"StSShapeShifter:AnimalHeart":0,"Molten Egg 2":15,"RedMistMask":1,"hubris:TenFootPole":13,"Bag of Marbles":14,"aspiration:StickyExplosives_weak":4},{"StSShapeShifter:TheShapeShiftersMagnolia":0,"conspire:SeveredTorchhead":38,"Frozen Eye":44,"Regal Pillow":18,"StSShapeShifter:AnimalHeart":0,"Molten Egg 2":66,"RedMistMask":9,"hubris:TenFootPole":58,"Bag of Marbles":62,"aspiration:StickyExplosives_weak":18}]},"card_choices":[{"not_picked":["StSShapeShifter:FlowerShield","StSShapeShifter:OpportuneSwoop"],"picked":"StSShapeShifter:Garden","floor":1},{"not_picked":["StSShapeShifter:Rest","StSShapeShifter:ShiftingStrike"],"picked":"StSShapeShifter:BurstingSpore","floor":2},{"not_picked":["StSShapeShifter:AdaptiveStrikes","StSShapeShifter:GoldenBerries"],"picked":"StSShapeShifter:VineHandcuffs","floor":5},{"not_picked":["StSShapeShifter:FlamingoForm","StSShapeShifter:PoisonIvy"],"picked":"StSShapeShifter:HippoForm","floor":6},{"not_picked":["StSShapeShifter:VineHandcuffs","StSShapeShifter:DeerForm","StSShapeShifter:BarkSkin"],"picked":"SKIP","floor":10},{"not_picked":["StSShapeShifter:BurstingSpore","StSShapeShifter:ThornToss","StSShapeShifter:ShiftingStrike"],"picked":"SKIP","floor":12},{"not_picked":["StSShapeShifter:BearForm","StSShapeShifter:MultiSpiritedStrike"],"picked":"StSShapeShifter:BarkSkin","floor":13},{"not_picked":["StSShapeShifter:PoisonIvy","StSShapeShifter:Guard"],"picked":"StSShapeShifter:PhoenixForm","floor":14},{"not_picked":["StSShapeShifter:MooseForm","StSShapeShifter:Summon_Mountains"],"picked":"StSShapeShifter:Flood","floor":16},{"not_picked":["StSShapeShifter:Flourish","StSShapeShifter:VineHandcuffs"],"picked":"StSShapeShifter:CosmicShifter","floor":18},{"not_picked":["StSShapeShifter:BarkSkin+1","StSShapeShifter:BloomingSlash","StSShapeShifter:FlowerShield+1"],"picked":"SKIP","floor":20},{"not_picked":["StSShapeShifter:MagicMushrooms+1","StSShapeShifter:ThornToss"],"picked":"StSShapeShifter:FallingLeaves","floor":21},{"not_picked":["StSShapeShifter:MonkeyForm+1","StSShapeShifter:Maul"],"picked":"StSShapeShifter:FoxForm","floor":23},{"not_picked":["StSShapeShifter:DiverseSpirit","StSShapeShifter:Rest+1","StSShapeShifter:WiltingWrath"],"picked":"SKIP","floor":25},{"not_picked":["StSShapeShifter:Hunt+1","StSShapeShifter:BloomingSlash+1"],"picked":"StSShapeShifter:Synchronicity","floor":27},{"not_picked":["StSShapeShifter:OakBlade+1","StSShapeShifter:SquirrelForm","StSShapeShifter:ThornToss+1"],"picked":"SKIP","floor":28},{"not_picked":["StSShapeShifter:Sapling","StSShapeShifter:PoisonIvy"],"picked":"StSShapeShifter:Evolution+1","floor":30},{"not_picked":["StSShapeShifter:Rabid","StSShapeShifter:ShiftingStrike+1"],"picked":"StSShapeShifter:Wildfire2","floor":31}],"player_experience":468608,"relics_obtained":[{"floor":1,"key":"RedMistMask"},{"floor":6,"key":"Regal Pillow"},{"floor":9,"key":"aspiration:StickyExplosives_weak"},{"floor":23,"key":"hubris:TenFootPole"},{"floor":26,"key":"Bag of Marbles"},{"floor":27,"key":"Molten Egg 2"}],"event_choices":[{"damage_healed":0,"gold_gain":0,"player_choice":"Entered Light","damage_taken":16,"max_hp_gain":0,"max_hp_loss":0,"event_name":"Shining Light","floor":3,"gold_loss":0,"cards_upgraded":["StSShapeShifter:MooseForm","StSShapeShifter:ShapeShifter_Strike"]},{"damage_healed":0,"gold_gain":0,"player_choice":"Got Potions","damage_taken":0,"max_hp_gain":0,"max_hp_loss":0,"event_name":"Lab","floor":4,"gold_loss":0}],"is_beta":false,"boss_relics":[{"not_picked":["hubris:Backtick","Pandora\u0027s Box"],"picked":"conspire:SeveredTorchhead"}],"items_purged_floors":[],"is_endless":false,"potions_floor_spawned":[6,10,12,13,14,18,23,27,30],"killed_by":"ruina:Red_and_Wolf","ascension_level":0}}