{"host":"k919bq8mkuzdqhzi","time":1613531364,"event":{"mods":["AchievementEnabler","BaseMod","Colored Map","Colored Powertips","DeckTracker","Minty Spire (QoL Compilation)","Relic Sorter","SuperFastMode"],"gold_per_floor":[110,129,129,147,34,34,34,55,79,97,116,137,177,196,196,321,321,341,341,90,104,123,123,137,137,162,187,207,220,220,145,145,269,269,294,307,326,326,32,32,55,55,55,98,98,98,98,116,116,116,116],"floor_reached":50,"language":"ENG","playtime":1970,"items_purged":["Injury"],"score":480,"play_id":"40fcc397-8cc2-4bc5-b960-7a07156e3e48","local_time":"20210216220924","is_ascension_mode":false,"campfire_choices":[{"data":"Uppercut","floor":6,"key":"SMITH"},{"floor":15,"key":"REST"},{"data":"Disarm","floor":23,"key":"SMITH"},{"data":"Shockwave","floor":25,"key":"SMITH"},{"floor":30,"key":"REST"},{"floor":32,"key":"REST"},{"floor":40,"key":"REST"},{"floor":42,"key":"REST"},{"floor":47,"key":"REST"},{"floor":49,"key":"RECALL"}],"circlet_count":0,"master_deck":["Strike_R","Strike_R","Strike_R","Strike_R","Defend_R","Defend_R","Defend_R","Defend_R","Bash","Heavy Blade","Flex","Clothesline","Uppercut+1","Cleave","Disarm+1","Shockwave+1","Flex","Flex","Battle Trance","Clash","Pommel Strike","Armaments+1","Iron Wave+1","Thunderclap+1","Demon Form","Body Slam","Heavy Blade+1"],"relics":["Burning Blood","Golden Idol","Vajra","Juzu Bracelet","Sozu","Bottled Lightning","Busted Crown","Happy Flower","Orichalcum","Mummified Hand","Regal Pillow","Kunai"],"acts_visited":["Exordium","TheCity","TheBeyond"],"potions_floor_usage":[8,16,33],"damage_taken":[{"damage":6,"enemies":"2 Louse","floor":1,"turns":3},{"damage":20,"enemies":"Jaw Worm","floor":2,"turns":4},{"damage":0,"enemies":"Cultist","floor":4,"turns":2},{"damage":2,"enemies":"3 Louse","floor":8,"turns":5},{"damage":24,"enemies":"Exordium Wildlife","floor":10,"turns":6},{"damage":12,"enemies":"Exordium Thugs","floor":11,"turns":5},{"damage":8,"enemies":"Lots of Slimes","floor":12,"turns":4},{"damage":37,"enemies":"Lagavulin","floor":13,"turns":7},{"damage":7,"enemies":"Blue Slaver","floor":14,"turns":4},{"damage":30,"enemies":"Hexaghost","floor":16,"turns":10},{"damage":18,"enemies":"2 Thieves","floor":18,"turns":4},{"damage":6,"enemies":"Chosen","floor":21,"turns":3},{"damage":15,"enemies":"Snecko","floor":22,"turns":5},{"damage":20,"enemies":"Centurion and Healer","floor":24,"turns":4},{"damage":17,"enemies":"Cultist and Chosen","floor":27,"turns":5},{"damage":31,"enemies":"Sentry and Sphere","floor":28,"turns":6},{"damage":7,"enemies":"Shelled Parasite and Fungi","floor":29,"turns":4},{"damage":65,"enemies":"Collector","floor":33,"turns":11},{"damage":20,"enemies":"3 Shapes","floor":35,"turns":3},{"damage":13,"enemies":"Orb Walker","floor":36,"turns":3},{"damage":50,"enemies":"Spire Growth","floor":37,"turns":5},{"damage":26,"enemies":"Maw","floor":41,"turns":6},{"damage":76,"enemies":"Reptomancer","floor":44,"turns":7},{"damage":6,"enemies":"3 Darklings","floor":48,"turns":4},{"damage":84,"enemies":"Time Eater","floor":50,"turns":9}],"seed_played":"6348761793079722961","potions_obtained":[{"floor":2,"key":"BlessingOfTheForge"},{"floor":4,"key":"BlessingOfTheForge"},{"floor":12,"key":"Ancient Potion"},{"floor":13,"key":"ElixirPotion"},{"floor":16,"key":"FairyPotion"}],"is_trial":false,"path_per_floor":["M","M","?","M","$","R","?","M","T","M","M","M","E","M","R","B",null,"M","?","$","M","M","R","M","R","T","M","M","M","R","?","R","B",null,"M","M","M","?","$","R","M","R","T","E","T","$","R","M","R","B"],"character_chosen":"IRONCLAD","items_purchased":["Uppercut","Bottled Lightning","Happy Flower","Orichalcum"],"campfire_rested":6,"item_purchase_floors":[5,20,39,39],"current_hp_per_floor":[88,74,74,80,80,80,85,89,89,71,65,63,32,31,58,34,93,81,81,81,81,72,72,58,58,58,47,22,21,48,48,75,16,93,79,72,28,28,28,55,35,62,62,33,33,33,75,75,75,0,0],"gold":116,"neow_bonus":"TEN_PERCENT_HP_BONUS","is_daily":false,"chose_seed":false,"campfire_upgraded":3,"win_rate":0.0,"timestamp":1613531364,"path_taken":["M","M","?","M","$","R","?","M","T","?","M","M","E","M","R","BOSS","M","?","$","M","M","R","M","R","T","M","M","M","R","?","R","BOSS","M","M","M","?","$","R","M","R","T","E","?","?","R","M","R","BOSS"],"items_purchased_type":["Card","Relic","Relic","Relic"],"build_version":"2020-12-22","purchased_purges":1,"victory":false,"max_hp_per_floor":[88,88,88,88,88,88,93,93,93,93,93,93,93,93,93,93,93,93,93,93,93,93,93,93,93,93,93,93,93,93,93,93,93,93,93,93,93,93,93,93,93,93,93,93,93,93,93,93,93,93,93],"card_choices":[{"not_picked":["Sword Boomerang","Second Wind"],"picked":"Heavy Blade","floor":1},{"not_picked":["Sever Soul","Wild Strike"],"picked":"Flex","floor":2},{"not_picked":["Power Through","Havoc"],"picked":"Clothesline","floor":4},{"not_picked":["Corruption","Clash"],"picked":"Cleave","floor":8},{"not_picked":["Dark Embrace","Rupture"],"picked":"Disarm","floor":10},{"not_picked":["Clothesline","Rampage"],"picked":"Shockwave","floor":11},{"not_picked":["Reckless Charge","Anger"],"picked":"Flex","floor":12},{"not_picked":["Reckless Charge","True Grit","Shockwave"],"picked":"SKIP","floor":13},{"not_picked":["Sword Boomerang","Warcry"],"picked":"Flex","floor":14},{"not_picked":["Impervious","Offering"],"picked":"Bludgeon","floor":16},{"not_picked":["Heavy Blade","Clash"],"picked":"Battle Trance","floor":18},{"not_picked":["Sever Soul+1","Cleave"],"picked":"Clash","floor":21},{"not_picked":["Perfected Strike","Power Through"],"picked":"Pommel Strike","floor":22},{"not_picked":["Pommel Strike","Headbutt+1"],"picked":"Armaments+1","floor":24},{"not_picked":["Juggernaut","Havoc+1"],"picked":"Iron Wave+1","floor":27},{"not_picked":["Flame Barrier","Reckless Charge","Cleave+1"],"picked":"SKIP","floor":28},{"not_picked":["Headbutt","Twin Strike+1"],"picked":"Thunderclap+1","floor":29},{"not_picked":["Juggernaut","Offering"],"picked":"Demon Form","floor":33},{"not_picked":["Uppercut+1"],"picked":"SKIP","floor":35},{"not_picked":["Twin Strike"],"picked":"SKIP","floor":36},{"not_picked":["Intimidate+1"],"picked":"SKIP","floor":37},{"not_picked":["Cleave"],"picked":"SKIP","floor":41},{"not_picked":[],"picked":"Body Slam","floor":44},{"not_picked":[],"picked":"Heavy Blade+1","floor":48}],"player_experience":165334,"relics_obtained":[{"floor":9,"key":"Vajra"},{"floor":13,"key":"Juzu Bracelet"},{"floor":43,"key":"Mummified Hand"},{"floor":44,"key":"Regal Pillow"},{"floor":45,"key":"Kunai"}],"event_choices":[{"damage_healed":0,"gold_gain":0,"player_choice":"Take Wound","damage_taken":0,"relics_obtained":["Golden Idol"],"max_hp_gain":0,"max_hp_loss":0,"event_name":"Golden Idol","floor":3,"gold_loss":0,"cards_obtained":["Injury"]},{"damage_healed":0,"gold_gain":0,"player_choice":"Donut","damage_taken":0,"max_hp_gain":5,"max_hp_loss":0,"event_name":"Big Fish","floor":7,"gold_loss":0},{"damage_healed":0,"gold_gain":0,"player_choice":"Ignored","damage_taken":0,"max_hp_gain":0,"max_hp_loss":0,"event_name":"Cursed Tome","floor":19,"gold_loss":0},{"cards_removed":["Strike_R"],"damage_healed":0,"gold_gain":0,"player_choice":"Gave Gold","damage_taken":0,"max_hp_gain":0,"max_hp_loss":0,"event_name":"Beggar","floor":31,"gold_loss":75},{"cards_removed":["Bludgeon"],"damage_healed":0,"gold_gain":0,"player_choice":"Removed Attack","damage_taken":0,"max_hp_gain":0,"max_hp_loss":0,"event_name":"Falling","floor":38,"gold_loss":0}],"is_beta":false,"boss_relics":[{"not_picked":["Fusion Hammer","Mark of Pain"],"picked":"Sozu"},{"not_picked":["Cursed Key","Runic Cube"],"picked":"Busted Crown"}],"items_purged_floors":[5],"is_endless":false,"potions_floor_spawned":[2,4,12,13,16,24,27,28,36,37],"killed_by":"Time Eater","ascension_level":0}}