{"host":"o5tjqk3pv43rrbqu","time":1613584020,"event":{"mods":["Aspiration","BaseMod","Hubris","Infinite Spire","Minty Spire (QoL Compilation)","Quick Restart","Relic Stats","Replay The Spire","Shop Mod","StSLib"],"gold_per_floor":[116,391,404,184,207,239,239,272,272,272,272],"floor_reached":10,"language":"ENG","playtime":78929,"items_purged":["Regret"],"score":78,"play_id":"4af6dca2-a5b9-41d4-bd16-48fa7e614636","local_time":"20210217114700","is_ascension_mode":true,"campfire_choices":[],"circlet_count":0,"master_deck":["Strike_R","Strike_R","Strike_R","Strike_R","Strike_R","Defend_R","Defend_R","Defend_R","Defend_R","Bash","ReplayTheSpireMod:LeadingStrike","Heavy Blade","Pot Of Greed","Pot Of Greed","hubris:ReadiedAction"],"relics":["Burning Blood","MerchantsRug","Grinning Jar","Regal Pillow","Replay:Baseball","hubris:Reverence"],"acts_visited":["Exordium"],"potions_floor_usage":[],"damage_taken":[{"damage":6,"enemies":"Jaw Worm","floor":1,"turns":3},{"damage":9,"enemies":"Cultist","floor":3,"turns":3},{"damage":28,"enemies":"Gremlin Nob","floor":6,"turns":4},{"damage":36,"enemies":"Lagavulin","floor":8,"turns":6},{"damage":27,"enemies":"3 Sentries","floor":10,"turns":4}],"seed_played":"-4870132789713845133","potions_obtained":[{"floor":6,"key":"Dexterity Potion"}],"is_trial":true,"path_per_floor":["M","?","M","$","T","E","?","E","T","E"],"character_chosen":"IRONCLAD","items_purchased":["MerchantsRug"],"campfire_rested":0,"item_purchase_floors":[4],"current_hp_per_floor":[80,80,77,77,77,55,55,25,25,0,0],"gold":272,"neow_bonus":"","is_daily":false,"chose_seed":false,"campfire_upgraded":0,"win_rate":0.0,"timestamp":1613584020,"path_taken":["M","?","M","$","?","E","?","E","T","E"],"items_purchased_type":["Relic"],"build_version":"2020-12-22","purchased_purges":1,"victory":false,"max_hp_per_floor":[80,80,80,80,80,80,80,80,80,80,80],"relic_stats":{"Regal Pillow":0,"counters":[5,20],"obtain_stats":[{"MerchantsRug":4,"Regal Pillow":6,"Replay:Baseball":8,"Grinning Jar":5,"Burning Blood":0,"hubris:Reverence":9},{"MerchantsRug":2,"Regal Pillow":3,"Replay:Baseball":4,"Grinning Jar":2,"Burning Blood":0,"hubris:Reverence":4},{"MerchantsRug":6,"Regal Pillow":10,"Replay:Baseball":16,"Grinning Jar":6,"Burning Blood":0,"hubris:Reverence":16}],"Burning Blood":24},"card_choices":[{"not_picked":["Body Slam","Iron Wave"],"picked":"ReplayTheSpireMod:LeadingStrike","floor":1},{"not_picked":["Replay:Undeath\u0027s Touch","Pommel Strike"],"picked":"Heavy Blade","floor":3},{"not_picked":["Warcry","Massacre"],"picked":"hubris:ReadiedAction","floor":6},{"not_picked":["Abandon","Havoc","Thunderclap"],"picked":"SKIP","floor":8}],"player_experience":386747,"relics_obtained":[{"floor":5,"key":"Grinning Jar"},{"floor":6,"key":"Regal Pillow"},{"floor":8,"key":"Replay:Baseball"},{"floor":9,"key":"hubris:Reverence"}],"event_choices":[{"damage_healed":0,"gold_gain":275,"player_choice":"Desecrate","damage_taken":0,"max_hp_gain":0,"max_hp_loss":0,"event_name":"Golden Shrine","floor":2,"gold_loss":0,"cards_obtained":["Regret"]},{"damage_healed":0,"gold_gain":0,"player_choice":"0 cards matched","damage_taken":0,"max_hp_gain":0,"max_hp_loss":0,"event_name":"Match and Keep!","floor":7,"gold_loss":0,"cards_obtained":[]}],"is_beta":false,"boss_relics":[],"items_purged_floors":[4],"is_endless":false,"potions_floor_spawned":[6],"killed_by":"3 Sentries","ascension_level":1}}