{"host":"a6ztjasp7lxlo10n","time":1613551116,"event":{"mods":["Act Like it!","BaseMod","Colored Map","Marisa£®ÏF”Í°°ƒß¿Ì…≥£©","Minty Spire (QoL Compilation)","Quick Restart","StSLib","SuperFastMode","UnlockEverythingMod"],"gold_per_floor":[116,116,134,134,134,134,164,67,91,105,123,123,149,70,70,141,141,157,157,157,157],"floor_reached":20,"language":"ZHS","playtime":507,"items_purged":[],"score":410,"play_id":"5f61489b-3496-4729-b3e6-96c6781455f1","local_time":"20210217163836","is_ascension_mode":true,"campfire_choices":[{"data":"Twin Strike","floor":6.0,"key":"SMITH"},{"data":"Uppercut","floor":12.0,"key":"SMITH"},{"floor":15,"key":"REST"}],"circlet_count":0,"master_deck":["AscendersBane","Strike_R","Strike_R","Strike_R","Strike_R","Defend_R","Defend_R","Defend_R","Defend_R","Bash","Twin Strike+1","Evolve","Uppercut+1","Deep Breath","Limit Break","Hemokinesis","Fire Breathing","Rupture","Feed"],"relics":["Burning Blood","Sundial","Vajra","Omamori","PreservedInsect","Runic Cube","Nloth\u0027s Gift"],"acts_visited":["Exordium","TheCity"],"potions_floor_usage":[13],"damage_taken":[{"damage":0.0,"enemies":"Small Slimes","floor":1.0,"turns":1.0},{"damage":0.0,"enemies":"Cultist","floor":3.0,"turns":1.0},{"damage":0.0,"enemies":"3 Sentries","floor":7.0,"turns":1.0},{"damage":2.0,"enemies":"Jaw Worm","floor":10.0,"turns":3.0},{"damage":46.0,"enemies":"Exordium Wildlife","floor":11.0,"turns":6.0},{"damage":32,"enemies":"Lagavulin","floor":13,"turns":4},{"damage":35,"enemies":"Slime Boss","floor":16,"turns":9},{"damage":34,"enemies":"Shell Parasite","floor":18,"turns":4},{"damage":41,"enemies":"Spheric Guardian","floor":20,"turns":4}],"seed_played":"1740764400372052843","potions_obtained":[{"floor":3.0,"key":"SpeedPotion"},{"floor":7.0,"key":"AttackPotion"},{"floor":16,"key":"GamblersBrew"}],"is_trial":false,"path_per_floor":["M","?","M","?","T","R","E","$","T","M","M","R","E","$","R","B",null,"M","?","M"],"character_chosen":"IRONCLAD","items_purchased":["Deep Breath","Rupture"],"campfire_rested":1,"item_purchase_floors":[8,14],"current_hp_per_floor":[74,74,75,80,80,80,80,80,80,80,40,40,14,14,38,9,62,34,34,0,0],"gold":157,"neow_bonus":"THREE_ENEMY_KILL","is_daily":false,"chose_seed":false,"campfire_upgraded":2,"win_rate":0.0,"timestamp":1613551116,"path_taken":["M","?","?","?","?","R","E","?","T","M","M","R","E","?","R","BOSS","M","?","M"],"items_purchased_type":["Card","Card"],"build_version":"2020-12-22","purchased_purges":0,"victory":false,"max_hp_per_floor":[75,75,75,80,80,80,80,80,80,80,80,80,80,80,80,80,80,80,80,80,80],"card_choices":[{"not_picked":["Warcry","Dropkick"],"picked":"Twin Strike","floor":1.0},{"not_picked":["Pommel Strike","Twin Strike"],"picked":"Evolve","floor":3.0},{"not_picked":["Clothesline","Flex"],"picked":"Uppercut","floor":7.0},{"not_picked":["Heavy Blade","Sword Boomerang"],"picked":"Limit Break","floor":10.0},{"not_picked":["True Grit","Flame Barrier"],"picked":"Hemokinesis","floor":11.0},{"not_picked":["Thunderclap","Spot Weakness"],"picked":"Fire Breathing","floor":13},{"not_picked":["Double Tap","Barricade"],"picked":"Feed","floor":16},{"not_picked":["Twin Strike","Heavy Blade","Battle Trance"],"picked":"SKIP","floor":18}],"player_experience":246523,"relics_obtained":[{"floor":5.0,"key":"Sundial"},{"floor":7.0,"key":"Vajra"},{"floor":9.0,"key":"Omamori"},{"floor":13,"key":"PreservedInsect"}],"event_choices":[{"cards_removed":["Strike_R"],"damage_healed":0.0,"max_hp_gain":0.0,"max_hp_loss":0.0,"gold_gain":0.0,"event_name":"Purifier","player_choice":"Purged","floor":2.0,"gold_loss":0.0,"damage_taken":0.0},{"damage_healed":0.0,"max_hp_gain":5.0,"max_hp_loss":0.0,"gold_gain":0.0,"event_name":"Big Fish","player_choice":"Donut","floor":4.0,"gold_loss":0.0,"damage_taken":0.0},{"damage_healed":0,"gold_gain":0,"player_choice":"Traded Relic","damage_taken":0,"relics_obtained":["Nloth\u0027s Gift"],"max_hp_gain":0,"max_hp_loss":0,"event_name":"N\u0027loth","floor":19,"relics_lost":["NeowsBlessing"],"gold_loss":0}],"is_beta":false,"boss_relics":[{"not_picked":["Fusion Hammer","Ectoplasm"],"picked":"Runic Cube"}],"items_purged_floors":[],"is_endless":false,"potions_floor_spawned":[3,7,16,18],"killed_by":"Spheric Guardian","ascension_level":20}}