{"host":"i0avyit1s6jb1siw","time":1613570889,"event":{"mods":["BaseMod","DeckTracker","Dota2Spire","Highlight Path","Minty Spire (QoL Compilation)","Quick Restart","StSLib","SuperFastMode"],"gold_per_floor":[17,35,55,105,53,70,70,80,80,80,80,100,100,112,112,112,184,184,195,195,24,40,40,40,55,55,74,121,46,75,75,75,92,92,92,92],"floor_reached":35,"language":"ENG","playtime":917,"items_purged":["Strike_G"],"score":538,"play_id":"f57a037c-2055-45a5-b7e9-026bbfe17674","local_time":"20210217150809","is_ascension_mode":true,"campfire_choices":[{"data":"Prepared","floor":7.0,"key":"SMITH"},{"data":"Reflex","floor":11.0,"key":"SMITH"},{"data":"Flechettes","floor":16.0,"key":"SMITH"},{"data":"Acrobatics","floor":24,"key":"SMITH"},{"data":"Accuracy","floor":26,"key":"SMITH"},{"floor":32,"key":"REST"},{"floor":34,"key":"REST"}],"circlet_count":0,"master_deck":["AscendersBane","Strike_G","Strike_G","Strike_G","Strike_G","Defend_G","Defend_G","Defend_G","Defend_G","Defend_G","Survivor","Neutralize+1","Prepared+1","Reflex+1","Escape Plan","Acrobatics+1","Blade Dance","Flechettes+1","Backflip","PiercingWail","Accuracy+1","Footwork"],"relics":["Ring of the Snake","Tingsha","Omamori","Gambling Chip","Runic Pyramid","Medical Kit","Dota2Spire:Vanguard"],"acts_visited":["Exordium","TheCity"],"potions_floor_usage":[35],"damage_taken":[{"damage":0.0,"enemies":"2 Louse","floor":1.0,"turns":4.0},{"damage":2.0,"enemies":"Cultist","floor":2.0,"turns":5.0},{"damage":7.0,"enemies":"Jaw Worm","floor":3.0,"turns":6.0},{"damage":20.0,"enemies":"Large Slime","floor":6.0,"turns":11.0},{"damage":9.0,"enemies":"3 Louse","floor":8.0,"turns":2.0},{"damage":0.0,"enemies":"Red Slaver","floor":12.0,"turns":3.0},{"damage":2.0,"enemies":"Large Slime","floor":14.0,"turns":3.0},{"damage":29.0,"enemies":"Hexaghost","floor":17.0,"turns":10.0},{"damage":6,"enemies":"2 Thieves","floor":19,"turns":3},{"damage":0,"enemies":"Spheric Guardian","floor":22,"turns":1},{"damage":0,"enemies":"Centurion and Healer","floor":25,"turns":6},{"damage":0,"enemies":"Snake Plant","floor":27,"turns":3},{"damage":46,"enemies":"Slavers","floor":30,"turns":6},{"damage":4,"enemies":"Shelled Parasite and Fungi","floor":33,"turns":5},{"damage":54,"enemies":"Collector","floor":35,"turns":6}],"seed_played":"-4236910306798257539","potions_obtained":[{"floor":1.0,"key":"SpeedPotion"},{"floor":6.0,"key":"EssenceOfSteel"},{"floor":25,"key":"FearPotion"}],"is_trial":false,"path_per_floor":["M","M","M","?","$","M","R","M","T","T","R","M","?","M","?","R","B",null,"M","?","$","M","?","R","M","R","M","T","$","E","$","R","M","R","B"],"character_chosen":"THE_SILENT","items_purchased":["Acrobatics","Medical Kit"],"campfire_rested":2,"item_purchase_floors":[5,21],"current_hp_per_floor":[59,57,50,50,50,30,30,21,21,21,21,21,43,41,41,41,12,53,47,47,47,47,47,47,47,47,47,47,47,1,1,20,16,35,0,0],"gold":92,"neow_bonus":"ONE_RARE_RELIC","is_daily":false,"chose_seed":false,"campfire_upgraded":5,"win_rate":0.0,"timestamp":1613570889,"path_taken":["M","M","M","?","?","M","R","M","T","T","R","M","?","?","?","R","BOSS","M","?","$","?","?","R","M","R","M","T","$","E","?","R","?","R","BOSS"],"items_purchased_type":["Card","Relic"],"build_version":"2020-12-22","purchased_purges":1,"victory":false,"max_hp_per_floor":[66,66,66,66,66,66,66,66,66,66,66,66,66,66,66,66,66,66,66,66,66,66,66,66,66,66,66,66,66,66,66,66,66,66,66,66],"card_choices":[{"not_picked":["Footwork","Deadly Poison"],"picked":"Prepared","floor":1.0},{"not_picked":["Bouncing Flask","Caltrops"],"picked":"Reflex","floor":2.0},{"not_picked":["Blur","Deflect"],"picked":"Escape Plan","floor":3.0},{"not_picked":["Backstab","Poisoned Stab"],"picked":"Blade Dance","floor":6.0},{"not_picked":["Distraction","Underhanded Strike","Quick Slash"],"picked":"SKIP","floor":8.0},{"not_picked":["Infinite Blades","Poisoned Stab"],"picked":"Flechettes","floor":12.0},{"not_picked":["Flying Knee","Dodge and Roll"],"picked":"Backflip","floor":14.0},{"not_picked":["Slice","Acrobatics","Quick Slash+1"],"picked":"SKIP","floor":19},{"not_picked":["Dagger Throw","Cloak And Dagger"],"picked":"PiercingWail","floor":22},{"not_picked":["Bane","Distraction+1"],"picked":"Accuracy","floor":25},{"not_picked":["Cloak And Dagger","Prepared"],"picked":"Footwork","floor":27},{"not_picked":["Crippling Poison","Dodge and Roll","Storm of Steel"],"picked":"SKIP","floor":30},{"not_picked":["Underhanded Strike","Heel Hook+1","Quick Slash"],"picked":"SKIP","floor":33}],"player_experience":2449850,"relics_obtained":[{"floor":9.0,"key":"Omamori"},{"floor":10.0,"key":"Gambling Chip"},{"floor":30,"key":"Dota2Spire:Vanguard"}],"event_choices":[{"damage_healed":0.0,"max_hp_gain":0.0,"max_hp_loss":0.0,"gold_gain":50.0,"event_name":"Golden Shrine","player_choice":"Pray","floor":4.0,"gold_loss":0.0,"damage_taken":0.0},{"damage_healed":22.0,"max_hp_gain":0.0,"max_hp_loss":0.0,"gold_gain":0.0,"event_name":"Big Fish","player_choice":"Banana","floor":13.0,"gold_loss":0.0,"damage_taken":0.0},{"damage_healed":0.0,"max_hp_gain":0.0,"max_hp_loss":0.0,"gold_gain":0.0,"event_name":"Scrap Ooze","player_choice":"Fled","floor":15.0,"gold_loss":0.0,"damage_taken":0.0},{"damage_healed":0,"gold_gain":0,"player_choice":"Forge","damage_taken":0,"max_hp_gain":0,"max_hp_loss":0,"event_name":"Accursed Blacksmith","floor":20,"gold_loss":0,"cards_upgraded":["Neutralize"]},{"damage_healed":0,"gold_gain":0,"player_choice":"Ignored","damage_taken":0,"max_hp_gain":0,"max_hp_loss":0,"event_name":"Vampires","floor":23,"gold_loss":0}],"is_beta":false,"boss_relics":[{"not_picked":["Philosopher\u0027s Stone","Runic Dome"],"picked":"Runic Pyramid"}],"items_purged_floors":[29],"is_endless":false,"potions_floor_spawned":[1,6,12,25,27],"killed_by":"Collector","ascension_level":20}}