{"host":"cjhtzh7tp54jdfyv","time":1613522914,"event":{"mods":["AchievementEnabler","BaseMod","Colored Map","Colored Powertips","Curses Come First","DeckTracker","Filter the Spire","Minty Spire (QoL Compilation)","RNG Fix","Relic Sorter","Relic Stats","StSLib","UnlockEverythingMod","ojb\u0027s Better Paths Mod","ojb\u0027s Info Mod"],"gold_per_floor":[117,135,147,159,159,191,191,191,191],"floor_reached":8,"language":"ENG","playtime":471,"items_purged":[],"score":116,"play_id":"0990a01f-bc3b-4664-bf4f-19709a3699ea","local_time":"20210216194834","is_ascension_mode":true,"campfire_choices":[{"floor":7,"key":"REST"}],"circlet_count":0,"master_deck":["AscendersBane","Strike_P","Strike_P","Strike_P","Strike_P","Defend_P","Defend_P","Defend_P","Eruption","Vigilance","JustLucky","FearNoEvil","CrushJoints","Weave"],"relics":["SlaversCollar","Ancient Tea Set"],"acts_visited":["Exordium"],"potions_floor_usage":[6],"damage_taken":[{"damage":8,"enemies":"2 Louse","floor":1,"turns":4},{"damage":1,"enemies":"Cultist","floor":2,"turns":4},{"damage":5,"enemies":"Small Slimes","floor":3,"turns":4},{"damage":15,"enemies":"Exordium Thugs","floor":4,"turns":4},{"damage":28,"enemies":"3 Sentries","floor":6,"turns":7},{"damage":24,"enemies":"Lagavulin","floor":8,"turns":3}],"seed_played":"-7862584608224009121","potions_obtained":[{"floor":1,"key":"LiquidBronze"}],"is_trial":false,"path_per_floor":["M","M","M","M","?","E","R","E"],"character_chosen":"WATCHER","items_purchased":[],"campfire_rested":1,"item_purchase_floors":[],"current_hp_per_floor":[53,52,47,32,32,4,24,0,0],"gold":191,"neow_bonus":"BOSS_RELIC","is_daily":false,"chose_seed":false,"campfire_upgraded":0,"win_rate":0.0,"timestamp":1613522914,"path_taken":["M","M","M","M","?","E","R","E"],"items_purchased_type":[],"build_version":"2020-12-22","purchased_purges":0,"victory":false,"max_hp_per_floor":[68,68,68,68,68,68,68,68,68],"relic_stats":{"counters":[6,26],"obtain_stats":[{"SlaversCollar":0,"PureWater":0,"Ancient Tea Set":6},{"SlaversCollar":0,"PureWater":0,"Ancient Tea Set":5},{"SlaversCollar":0,"PureWater":0,"Ancient Tea Set":23}]},"card_choices":[{"not_picked":["WreathOfFlame","EmptyBody"],"picked":"JustLucky","floor":1},{"not_picked":["Wallop","PathToVictory"],"picked":"FearNoEvil","floor":2},{"not_picked":["Conclude","Prostrate"],"picked":"CrushJoints","floor":3},{"not_picked":["Halt","Protect"],"picked":"Weave","floor":4},{"not_picked":["CarveReality","CrushJoints","Fasting2"],"picked":"SKIP","floor":6}],"player_experience":4946138,"relics_obtained":[{"floor":6,"key":"Ancient Tea Set"}],"event_choices":[{"cards_removed":["Defend_P"],"damage_healed":0,"gold_gain":0,"player_choice":"Purged","damage_taken":0,"max_hp_gain":0,"max_hp_loss":0,"event_name":"Purifier","floor":5,"gold_loss":0}],"is_beta":false,"boss_relics":[],"items_purged_floors":[],"is_endless":false,"potions_floor_spawned":[1],"killed_by":"Lagavulin","ascension_level":20}}