{"host":"2qyxu97h6u4ukicb","time":1613605517,"event":{"mods":["AchievementEnabler","BaseMod","BetterRewards","Colored Map","Colored Powertips","Minty Spire (QoL Compilation)","Replay The Spire","Shop Mod","StSLib"],"gold_per_floor":[110,185,185,200,200,200,200,200,216,216,240,258,278,302,336,351,351,450,450,450],"floor_reached":19,"language":"ENG","playtime":1131,"items_purged":[],"score":167,"play_id":"5caf7d57-4240-49fe-8f72-e55241427f2b","local_time":"20210217174517","is_ascension_mode":false,"campfire_choices":[{"data":"Anger","floor":6,"key":"SMITH"},{"data":"Run Through","floor":17,"key":"SMITH"}],"circlet_count":0,"master_deck":["Strike_R","Strike_R","Strike_R","Strike_R","Strike_R","Defend_R","Defend_R","Defend_R","Shrug It Off+1","Anger+1","Armaments+1","Run Through+1","Limit Break+1","AbeCurse","Parasite","Ghostly Armor+1","Warcry+1"],"relics":["Burning Blood","NeowsBlessing","Toxic Egg 2","Orichalcum","Replay:Rubber Ducky","Bird Faced Urn","Replay:Grab Bag","ReplayTheSpireMod:Onyx Gauntlets","Abe\u0027s Treasure","Astrolabe"],"acts_visited":["Exordium","TheCity"],"potions_floor_usage":[12,18,18],"damage_taken":[{"damage":0,"enemies":"Small Slimes","floor":1,"turns":1},{"damage":0,"enemies":"Jaw Worm","floor":4,"turns":1},{"damage":0,"enemies":"Cultist","floor":9,"turns":1},{"damage":4,"enemies":"Exordium Thugs","floor":12,"turns":3},{"damage":8,"enemies":"Blue Slaver","floor":13,"turns":4},{"damage":30,"enemies":"3 Sentries","floor":15,"turns":9},{"damage":4,"enemies":"Red Slaver","floor":16,"turns":3},{"damage":52,"enemies":"The Guardian","floor":18,"turns":12}],"seed_played":"-3544772438527362092","potions_obtained":[{"floor":9,"key":"BloodPotion"},{"floor":12,"key":"Fruit Juice"},{"floor":13,"key":"Death Potion"},{"floor":15,"key":"Weak Potion"}],"is_trial":false,"path_per_floor":["M","?","?","M","?","R","PTL","PTL","M","$","T","M","M","T","E","M","R","B",null],"character_chosen":"IRONCLAD","items_purchased":[],"campfire_rested":0,"item_purchase_floors":[],"current_hp_per_floor":[80,69,69,75,75,75,75,75,80,80,80,85,83,83,59,61,61,15,85,85],"gold":450,"neow_bonus":"THREE_ENEMY_KILL","is_daily":false,"chose_seed":false,"campfire_upgraded":2,"win_rate":0.0,"timestamp":1613605517,"path_taken":["M","?","?","M","?","R","PTL","PTL","M","?","T","M","?","?","E","M","R","BOSS"],"items_purchased_type":[],"build_version":"2020-12-22","purchased_purges":0,"victory":false,"max_hp_per_floor":[80,80,80,80,80,80,80,80,80,80,80,85,85,85,85,85,85,85,85,85],"card_choices":[{"not_picked":["Whirlwind","Pommel Strike"],"picked":"Heavy Blade","floor":1},{"not_picked":["Armaments","Metallicize"],"picked":"Anger","floor":4},{"not_picked":["True Grit+1","ReplayTheSpireMod:Strike From Hell","Shrug It Off+1"],"picked":"SKIP","floor":9},{"not_picked":["Warcry+1","Wild Strike"],"picked":"Armaments+1","floor":12},{"not_picked":["Feed","Body Slam"],"picked":"Run Through","floor":13},{"not_picked":["Headbutt","Twin Strike","ReplayTheSpireMod:Strike From Hell"],"picked":"SKIP","floor":15},{"not_picked":["Replay:Undeath\u0027s Touch","Shockwave+1","Iron Wave"],"picked":"SKIP","floor":16},{"not_picked":["Corruption","Demonic Infusion+1"],"picked":"Limit Break+1","floor":18}],"player_experience":831815,"relics_obtained":[{"floor":11,"key":"Orichalcum"},{"floor":14,"key":"Replay:Rubber Ducky"},{"floor":15,"key":"Bird Faced Urn"}],"event_choices":[{"damage_healed":0,"gold_gain":75,"player_choice":"Gather Gold","damage_taken":11,"max_hp_gain":0,"max_hp_loss":0,"event_name":"World of Goop","floor":2,"gold_loss":0},{"damage_healed":0,"gold_gain":0,"player_choice":"Box","damage_taken":0,"relics_obtained":["Toxic Egg 2"],"max_hp_gain":0,"max_hp_loss":0,"event_name":"Big Fish","floor":5,"gold_loss":0,"cards_obtained":["Regret"]}],"is_beta":false,"boss_relics":[{"not_picked":["Calling Bell","Fusion Hammer"],"picked":"Replay:Grab Bag"},{"not_picked":["Runic Dome","Mark of Pain"],"picked":"ReplayTheSpireMod:Onyx Gauntlets"},{"not_picked":["Painkiller Herb","Coffee Dripper"],"picked":"Abe\u0027s Treasure"},{"not_picked":["Pandora\u0027s Box","Runic Cube"],"picked":"Astrolabe"}],"items_purged_floors":[],"is_endless":false,"potions_floor_spawned":[9,12,13,15],"ascension_level":0}}