{"host":"fxrgx7wt2cpkbhka","time":1613558491,"event":{"mods":["AchievementEnabler","BaseMod","Colored Powertips","Dark Map","Minty Spire (QoL Compilation)","Permanent Neow","Quick Restart","Slay-I","StSLib","Waifu the Spire"],"gold_per_floor":[109,184,10,30,30,30,57,57,57,57,91,91,91,120,120,200,200,226,69,69,78,93,93,136,136,136,136,160,160,160],"floor_reached":29,"language":"ENG","playtime":521,"items_purged":[],"score":534,"play_id":"595a5364-a08a-481f-8c72-e69e6817b61d","local_time":"20210217024131","is_ascension_mode":true,"campfire_choices":[{"data":"Perfected Strike","floor":6,"key":"SMITH"},{"data":"Flex","floor":8,"key":"SMITH"},{"data":"Twin Strike","floor":10,"key":"SMITH"},{"data":"Clash","floor":15,"key":"SMITH"},{"data":"Limit Break","floor":23,"key":"SMITH"},{"data":"Inflame","floor":25,"key":"SMITH"},{"floor":27,"key":"REST"}],"circlet_count":0,"master_deck":["AscendersBane","Strike_R","Strike_R","Strike_R","Strike_R","Strike_R","Defend_R","Defend_R","Defend_R","Defend_R+1","Bash+1","Perfected Strike+1","Flex+1","Twin Strike+1","Clash+1","Limit Break+1","Perfected Strike","Writhe","Inflame+1","Inflame"],"relics":["Black Blood","NeowsBlessing","Strawberry","CeramicFish","PreservedInsect","Oddly Smooth Stone","Question Card","Lizard Tail","Regal Pillow","Gambling Chip","Smiling Mask"],"acts_visited":["Exordium","TheCity"],"potions_floor_usage":[16,24],"damage_taken":[{"damage":0,"enemies":"Small Slimes","floor":1,"turns":1},{"damage":0,"enemies":"2 Louse","floor":4,"turns":1},{"damage":0,"enemies":"Gremlin Nob","floor":7,"turns":1},{"damage":20,"enemies":"Lagavulin","floor":11,"turns":3},{"damage":0,"enemies":"Gremlin Nob","floor":14,"turns":2},{"damage":35,"enemies":"Hexaghost","floor":16,"turns":7},{"damage":24,"enemies":"Shell Parasite","floor":18,"turns":5},{"damage":5,"enemies":"Spheric Guardian","floor":22,"turns":3},{"damage":93,"enemies":"Gremlin Leader","floor":24,"turns":7},{"damage":49,"enemies":"3 Cultists","floor":28,"turns":6},{"damage":50,"enemies":"Masked Bandits","floor":29,"turns":4}],"seed_played":"4748538458967831300","potions_obtained":[{"floor":11,"key":"SteroidPotion"},{"floor":18,"key":"Regen Potion"}],"is_trial":false,"path_per_floor":["M","?","$","M","?","R","E","R","T","R","E","$","?","E","R","B",null,"M","$","?","?","M","R","E","R","T","R","M","?"],"character_chosen":"IRONCLAD","items_purchased":["Flex","Strawberry","Regal Pillow"],"campfire_rested":1,"item_purchase_floors":[3,3,19],"current_hp_per_floor":[74,63,70,76,71,71,77,77,77,77,63,63,38,44,44,15,65,53,53,53,53,60,60,39,39,39,78,41,0,0],"gold":160,"neow_bonus":"THREE_ENEMY_KILL","is_daily":false,"chose_seed":false,"campfire_upgraded":6,"win_rate":0.0,"timestamp":1613558491,"path_taken":["M","?","$","M","?","R","E","R","T","R","E","$","?","E","R","BOSS","M","$","?","?","M","R","E","R","T","R","M","?"],"items_purchased_type":["Card","Relic","Relic"],"build_version":"2020-12-22","purchased_purges":0,"victory":false,"max_hp_per_floor":[75,75,82,82,82,82,82,82,82,82,82,82,82,82,82,82,82,82,82,82,82,82,82,82,82,82,82,82,82,82],"card_choices":[{"not_picked":["Pommel Strike","Shrug It Off"],"picked":"Perfected Strike","floor":1},{"not_picked":["Wild Strike","Flame Barrier"],"picked":"Twin Strike","floor":4},{"not_picked":["Warcry","Reaper","Feel No Pain"],"picked":"SKIP","floor":7},{"not_picked":["Sever Soul","Anger"],"picked":"Clash","floor":11},{"not_picked":["Headbutt","Blood for Blood","Armaments","Thunderclap"],"picked":"SKIP","floor":14},{"not_picked":["Demon Form","Double Tap","Berserk"],"picked":"Limit Break","floor":16},{"not_picked":["Cleave","Battle Trance","Heavy Blade"],"picked":"Perfected Strike","floor":18},{"not_picked":["Warcry","Dual Wield","Entrench","Havoc+1"],"picked":"SKIP","floor":22},{"not_picked":["Fiend Fire","Perfected Strike","Carnage"],"picked":"Inflame","floor":24},{"not_picked":["Perfected Strike","Wild Strike","Heavy Blade"],"picked":"Inflame","floor":28}],"player_experience":786659,"relics_obtained":[{"floor":7,"key":"PreservedInsect"},{"floor":9,"key":"Oddly Smooth Stone"},{"floor":11,"key":"Question Card"},{"floor":14,"key":"Lizard Tail"},{"floor":24,"key":"Smiling Mask"}],"event_choices":[{"damage_healed":0,"gold_gain":75,"player_choice":"Gather Gold","damage_taken":11,"max_hp_gain":0,"max_hp_loss":0,"event_name":"World of Goop","floor":2,"gold_loss":0},{"damage_healed":0,"gold_gain":0,"player_choice":"Success","damage_taken":5,"relics_obtained":["CeramicFish"],"max_hp_gain":0,"max_hp_loss":0,"event_name":"Scrap Ooze","floor":5,"gold_loss":0},{"damage_healed":0,"gold_gain":0,"player_choice":"Entered Light","damage_taken":25,"max_hp_gain":0,"max_hp_loss":0,"event_name":"Shining Light","floor":13,"gold_loss":0,"cards_upgraded":["Bash","Defend_R"]},{"damage_healed":0,"gold_gain":0,"player_choice":"Opened","damage_taken":0,"relics_obtained":["Gambling Chip"],"max_hp_gain":0,"max_hp_loss":0,"event_name":"The Mausoleum","floor":21,"gold_loss":0,"cards_obtained":["Writhe"]},{"damage_healed":0,"gold_gain":0,"player_choice":"Fought Bandits","damage_taken":0,"max_hp_gain":0,"max_hp_loss":0,"event_name":"Masked Bandits","floor":29,"gold_loss":0}],"is_beta":false,"boss_relics":[{"not_picked":["Runic Cube","Runic Pyramid"],"picked":"Black Blood"}],"items_purged_floors":[],"is_endless":false,"potions_floor_spawned":[11,18],"killed_by":"Masked Bandits","ascension_level":15}}