{"host":"o8qgt737q1lp1iok","time":1613561291,"event":{"mods":["BaseMod","Colored Map","Colored Powertips","Marisa????????","Minty Spire (QoL Compilation)","StSLib"],"gold_per_floor":[418,436,39,89,164,164,164,187,187,187,213,239,286,13,13,146,146,188,232,6,50,78,78,109,120,120,120,120,155,155,188,188,317,317,359,388,244,244,45,109,109,165,165,165,215,215,215,227,227,227],"floor_reached":51,"language":"ENG","playtime":2978,"items_purged":["Clumsy","Strike_MRS","Strike_MRS"],"score":877,"play_id":"0f25c150-8342-40fd-8d80-fd7456b33bcf","local_time":"20210217032811","is_ascension_mode":true,"campfire_choices":[{"data":"Mayhem","floor":6,"key":"SMITH"},{"data":"DarkMatter","floor":10,"key":"SMITH"},{"floor":15,"key":"REST"},{"data":"EscapeVelocity","floor":23,"key":"SMITH"},{"floor":28,"key":"REST"},{"floor":32,"key":"REST"},{"floor":41,"key":"REST"},{"floor":46,"key":"REST"},{"floor":49,"key":"REST"}],"circlet_count":0,"master_deck":["Strike_MRS","Strike_MRS","Defend_MRS","Defend_MRS","Defend_MRS","Defend_MRS","MasterSpark","UpSweep","DarkMatter+1","WitchOfGreed","Mayhem+1","MeteoricShower","WitchOfGreed","EscapeVelocity+1","MeteoricShower","SatelliteIllusion","StarlightTyphoon+1","GalacticHalo+1","DragonMeteor","DragonMeteor+1","GalacticHalo+1","Singularity+1","ShootingEcho","TreasureHunter","ManaConvection+1","Parasite","Wraith","SuperPerseids","Finesse","Jack Of All Trades","The Bomb","Parasite"],"relics":["MiniHakkero","Old Coin","Ice Cream","Tiny Chest","Omamori","Membership Card","Anchor","ExperimentalFamiliar","SimpleLauncher","Bottled Tornado","Nunchaku","Pear","Happy Flower","Calling Bell","Juzu Bracelet","InkBottle","Mango","Strawberry","ShroomBag","Matryoshka","ClockworkSouvenir","Ancient Tea Set","StrikeDummy","MealTicket","Sundial","PreservedInsect","Pantograph"],"acts_visited":["Exordium","TheCity","TheBeyond"],"potions_floor_usage":[12,12,13,13,16,18,18,18,19,19,21,21,21,22,22,24,25,31,33,35,35,40,40,42,42,45,45,48,48],"damage_taken":[{"damage":7,"enemies":"2 Louse","floor":1,"turns":2},{"damage":0,"enemies":"Small Slimes","floor":2,"turns":3},{"damage":11,"enemies":"Jaw Worm","floor":4,"turns":5},{"damage":1,"enemies":"Looter","floor":12,"turns":2},{"damage":11,"enemies":"Red Slaver","floor":13,"turns":3},{"damage":32,"enemies":"Hexaghost","floor":16,"turns":9},{"damage":10,"enemies":"3 Byrds","floor":18,"turns":5},{"damage":0,"enemies":"Spheric Guardian","floor":19,"turns":3},{"damage":25,"enemies":"3 Cultists","floor":21,"turns":4},{"damage":1,"enemies":"Centurion and Healer","floor":22,"turns":6},{"damage":27,"enemies":"Slavers","floor":24,"turns":3},{"damage":7,"enemies":"Shelled Parasite and Fungi","floor":25,"turns":3},{"damage":0,"enemies":"Snecko","floor":29,"turns":4},{"damage":7,"enemies":"Snake Plant","floor":31,"turns":3},{"damage":13,"enemies":"Collector","floor":33,"turns":7},{"damage":6,"enemies":"3 Darklings","floor":35,"turns":4},{"damage":18,"enemies":"Orb Walker","floor":36,"turns":3},{"damage":61,"enemies":"Nemesis","floor":40,"turns":5},{"damage":36,"enemies":"Giant Head","floor":42,"turns":7},{"damage":16,"enemies":"Writhing Mass","floor":45,"turns":4},{"damage":0,"enemies":"Transient","floor":48,"turns":5},{"damage":70,"enemies":"Awakened One","floor":50,"turns":7}],"seed_played":"8754009915382370133","potions_obtained":[{"floor":2,"key":"BottledSpark"},{"floor":4,"key":"EssenceOfSteel"},{"floor":4,"key":"EssenceOfSteel"},{"floor":12,"key":"Fire Potion"},{"floor":13,"key":"Fire Potion"},{"floor":16,"key":"PowerPotion"},{"floor":16,"key":"Strength Potion"},{"floor":16,"key":"Fire Potion"},{"floor":18,"key":"SpeedPotion"},{"floor":18,"key":"Energy Potion"},{"floor":19,"key":"AttackPotion"},{"floor":19,"key":"StarNLove"},{"floor":19,"key":"SkillPotion"},{"floor":21,"key":"Swift Potion"},{"floor":21,"key":"PowerPotion"},{"floor":22,"key":"LiquidMemories"},{"floor":24,"key":"Strength Potion"},{"floor":29,"key":"FairyPotion"},{"floor":29,"key":"PowerPotion"},{"floor":31,"key":"Explosive Potion"},{"floor":33,"key":"Explosive Potion"},{"floor":33,"key":"Fire Potion"},{"floor":35,"key":"FearPotion"},{"floor":35,"key":"SpeedPotion"},{"floor":36,"key":"ColorlessPotion"},{"floor":40,"key":"Weak Potion"},{"floor":40,"key":"AttackPotion"},{"floor":42,"key":"Regen Potion"},{"floor":42,"key":"GamblersBrew"},{"floor":42,"key":"Dexterity Potion"},{"floor":45,"key":"Explosive Potion"},{"floor":45,"key":"Explosive Potion"}],"is_trial":false,"path_per_floor":["M","M","$","M","?","R","?","T","T","R","T","M","M","$","R","B",null,"M","M","$","M","M","R","E","M","T","T","R","M","T","M","R","B",null,"M","M","$","?","$","E","R","E","T","?","M","R","T","M","R","B",null],"character_chosen":"MARISA","items_purchased":["Mayhem","MeteoricShower","WitchOfGreed","Membership Card","Anchor","DragonMeteor","SimpleLauncher","Strawberry","ShroomBag","Matryoshka","ClockworkSouvenir"],"campfire_rested":6,"item_purchase_floors":[3,3,3,14,14,20,20,37,37,39,39],"current_hp_per_floor":[68,68,68,57,46,46,34,34,34,34,34,33,22,22,44,12,75,65,65,65,40,39,39,12,5,5,15,40,40,40,33,58,45,99,93,75,82,82,82,23,54,18,18,8,6,37,37,41,72,31],"gold":227,"neow_bonus":"ONE_RARE_RELIC","is_daily":false,"chose_seed":false,"campfire_upgraded":3,"win_rate":0.0,"timestamp":1613561291,"path_taken":["M","M","$","M","?","R","?","?","T","R","?","M","M","$","R","BOSS","M","M","$","M","M","R","E","M","T","?","R","?","?","?","R","BOSS","M","M","$","?","$","E","R","E","T","?","M","R","?","M","R","BOSS"],"items_purchased_type":["Card","Card","Card","Relic","Relic","Card","Relic","Relic","Relic","Relic","Relic"],"build_version":"2020-12-22","purchased_purges":3,"victory":true,"max_hp_per_floor":[75,75,75,75,75,75,75,75,75,75,75,75,75,75,75,75,75,75,75,75,75,75,75,75,75,75,85,85,85,85,85,85,85,99,99,99,106,106,106,106,106,106,106,106,106,106,106,106,106,106],"card_choices":[{"not_picked":["GravityBeat","PowerUp"],"picked":"DarkMatter","floor":1},{"not_picked":["OortCloud","GalacticHalo"],"picked":"WitchOfGreed","floor":2},{"not_picked":["DoubleSpark","GrandCross","EventHorizon"],"picked":"SKIP","floor":4},{"not_picked":["Orbital","DC"],"picked":"EscapeVelocity","floor":12},{"not_picked":["PropBag","GrandCross"],"picked":"MeteoricShower","floor":13},{"not_picked":["FinalSpark","StarDustReverie"],"picked":"SatelliteIllusion","floor":16},{"not_picked":["GrandCross","DC"],"picked":"StarlightTyphoon+1","floor":18},{"not_picked":["NonDirectionalLaser","PowerUp"],"picked":"GalacticHalo+1","floor":19},{"not_picked":["ShootingEcho+1","IllusionStar"],"picked":"DragonMeteor+1","floor":21},{"not_picked":["AbsoluteMagnitude","Orbital"],"picked":"GalacticHalo+1","floor":22},{"not_picked":["OpenUniverse","GrandCross+1"],"picked":"Singularity+1","floor":24},{"not_picked":["SprinkleStarSeal","LuminesStrike+1","DoubleSpark"],"picked":"SKIP","floor":25},{"not_picked":["AlicesGift","IllusionStar+1","WitchOfGreed"],"picked":"SKIP","floor":29},{"not_picked":["NonDirectionalLaser+1","SporeBomb"],"picked":"ShootingEcho","floor":31},{"not_picked":["BinaryStars","BlazingStar"],"picked":"TreasureHunter","floor":33},{"not_picked":["UnstableBomb","MilkyWay","WitchOfGreed+1"],"picked":"SKIP","floor":35},{"not_picked":["MagicAbsorber+1","ShootTheMoon"],"picked":"ManaConvection+1","floor":36},{"not_picked":["Acceleration+1","SprinkleStarSeal+1","MeteoricShower"],"picked":"SKIP","floor":40},{"not_picked":["DarkMatter","GalacticHalo"],"picked":"SuperPerseids","floor":42},{"not_picked":["Swift Strike","Good Instincts"],"picked":"Finesse","floor":44},{"not_picked":["Discovery","Finesse"],"picked":"Jack Of All Trades","floor":44},{"not_picked":["Purity","Deep Breath"],"picked":"The Bomb","floor":44},{"not_picked":["MeteoricShower+1","PowerUp+1","StarBarrage"],"picked":"SKIP","floor":45},{"not_picked":["MeteoricShower+1","Acceleration","Robbery+1"],"picked":"SKIP","floor":48}],"player_experience":402087,"relics_obtained":[{"floor":8,"key":"Tiny Chest"},{"floor":11,"key":"Omamori"},{"floor":24,"key":"Bottled Tornado"},{"floor":26,"key":"Nunchaku"},{"floor":27,"key":"Pear"},{"floor":30,"key":"Happy Flower"},{"floor":34,"key":"Juzu Bracelet"},{"floor":34,"key":"InkBottle"},{"floor":34,"key":"Mango"},{"floor":40,"key":"Ancient Tea Set"},{"floor":42,"key":"StrikeDummy"},{"floor":43,"key":"MealTicket"},{"floor":43,"key":"Sundial"},{"floor":47,"key":"PreservedInsect"},{"floor":47,"key":"Pantograph"}],"event_choices":[{"damage_healed":0,"gold_gain":75,"player_choice":"Gather Gold","damage_taken":11,"max_hp_gain":0,"max_hp_loss":0,"event_name":"World of Goop","floor":5,"gold_loss":0},{"damage_healed":0,"gold_gain":0,"player_choice":"Success","damage_taken":12,"relics_obtained":["Ice Cream"],"max_hp_gain":0,"max_hp_loss":0,"event_name":"Scrap Ooze","floor":7,"gold_loss":0},{"damage_healed":0,"gold_gain":0,"player_choice":"Ignored","damage_taken":0,"max_hp_gain":0,"max_hp_loss":0,"event_name":"OrinTheCat","floor":38,"gold_loss":0},{"damage_healed":0,"gold_gain":0,"player_choice":"Memory 3","damage_taken":10,"max_hp_gain":0,"max_hp_loss":0,"event_name":"SensoryStone","floor":44,"gold_loss":0}],"is_beta":false,"boss_relics":[{"not_picked":["Coffee Dripper","Velvet Choker"],"picked":"ExperimentalFamiliar"},{"not_picked":["Pandora\u0027s Box","Tiny House"],"picked":"Calling Bell"}],"items_purged_floors":[3,14,20],"is_endless":false,"potions_floor_spawned":[2,13,16,18,19,24,29,36,42],"ascension_level":1}}