{"host":"sum4dy402bbv9y4o","time":1613593061,"event":{"mods":["Aspiration","BaseMod","Conspire","Highlight Path","Minty Spire (QoL Compilation)","StSLib"],"gold_per_floor":[113,113,132,3,20,20,34,63,63,98,15,15,45,118,118,195,195,205,224,174,46,46,46],"floor_reached":22,"language":"ENG","playtime":671,"items_purged":["Strike_P","Strike_P"],"score":404,"play_id":"482a5cc3-e634-4b4d-953b-41c4cf6cbe7f","local_time":"20210217231741","is_ascension_mode":true,"campfire_choices":[{"data":"Eruption","floor":6,"key":"SMITH"},{"data":"SashWhip","floor":12,"key":"SMITH"},{"data":"MentalFortress","floor":15,"key":"SMITH"}],"circlet_count":0,"master_deck":["AscendersBane","Strike_P","Strike_P","Defend_P","Defend_P","Defend_P","Eruption+1","Vigilance","Perseverance","Halt","SashWhip+1","Consecrate","CutThroughFate","Halt","Consecrate","MentalFortress+1","MentalFortress","Protect","Consecrate","FlurryOfBlows"],"relics":["PureWater","Pantograph","Torii","InkBottle","Art of War","Bird Faced Urn","Pear","SacredBark"],"acts_visited":["Exordium","TheCity"],"potions_floor_usage":[8,10,16,18],"damage_taken":[{"damage":0,"enemies":"Jaw Worm","floor":1,"turns":3},{"damage":0,"enemies":"Cultist","floor":3,"turns":2},{"damage":9,"enemies":"Small Slimes","floor":5,"turns":4},{"damage":0,"enemies":"Looter","floor":7,"turns":2},{"damage":4,"enemies":"Gremlin Nob","floor":8,"turns":3},{"damage":3,"enemies":"Lagavulin","floor":10,"turns":6},{"damage":7,"enemies":"Gremlin Nob","floor":13,"turns":4},{"damage":43,"enemies":"Slime Boss","floor":16,"turns":6},{"damage":32,"enemies":"Spheric Guardian","floor":18,"turns":8},{"damage":32,"enemies":"3 Byrds","floor":19,"turns":5},{"damage":14,"enemies":"Snake Plant","floor":22,"turns":2}],"seed_played":"7705977282554011586","potions_obtained":[{"floor":5,"key":"SkillPotion"},{"floor":10,"key":"SkillPotion"},{"floor":13,"key":"AttackPotion"}],"is_trial":false,"path_per_floor":["M","?","M","$","M","R","M","E","T","E","$","R","E","T","R","B",null,"M","M","?","$","M"],"character_chosen":"WATCHER","items_purchased":["PowerPotion","MentalFortress","FlurryOfBlows"],"campfire_rested":0,"item_purchase_floors":[4,11,21],"current_hp_per_floor":[61,50,50,50,41,41,41,37,37,34,34,34,27,37,37,23,64,36,8,8,8,0,0],"gold":46,"neow_bonus":"TRANSFORM_CARD","is_daily":false,"chose_seed":false,"campfire_upgraded":3,"win_rate":0.0,"timestamp":1613593061,"path_taken":["M","?","M","$","M","R","M","E","T","E","$","R","E","?","R","BOSS","M","M","?","$","?"],"items_purchased_type":["Potion","Card","Card"],"build_version":"2020-12-22","purchased_purges":2,"victory":false,"max_hp_per_floor":[68,68,68,68,68,68,68,68,68,68,68,68,68,78,78,78,78,78,78,78,78,78,78],"card_choices":[{"not_picked":["ThirdEye","Worship"],"picked":"Halt","floor":1},{"not_picked":["EmptyFist","Consecrate"],"picked":"SashWhip","floor":3},{"not_picked":["Meditate","Sanctity"],"picked":"Consecrate","floor":5},{"not_picked":["Worship","Crescendo"],"picked":"CutThroughFate","floor":7},{"not_picked":["SandsOfTime","SignatureMove"],"picked":"Halt","floor":8},{"not_picked":["PathToVictory","Halt"],"picked":"Consecrate","floor":10},{"not_picked":["Nirvana","Vault"],"picked":"MentalFortress","floor":13},{"not_picked":["ThirdEye","CrushJoints"],"picked":"Protect","floor":18},{"not_picked":["WreathOfFlame","ClearTheMind"],"picked":"Consecrate","floor":19}],"player_experience":3109083,"relics_obtained":[{"floor":8,"key":"Torii"},{"floor":9,"key":"InkBottle"},{"floor":10,"key":"Art of War"},{"floor":13,"key":"Bird Faced Urn"},{"floor":14,"key":"Pear"}],"event_choices":[{"damage_healed":0,"gold_gain":0,"player_choice":"Success","damage_taken":11,"relics_obtained":["Pantograph"],"max_hp_gain":0,"max_hp_loss":0,"event_name":"Scrap Ooze","floor":2,"gold_loss":0},{"damage_healed":0,"gold_gain":0,"player_choice":"Bet on Murderer","damage_taken":0,"max_hp_gain":0,"max_hp_loss":0,"event_name":"The Joust","floor":20,"gold_loss":50}],"is_beta":false,"boss_relics":[{"not_picked":["conspire:RunicOctahedron","conspire:RoyalGoblet"],"picked":"SacredBark"}],"items_purged_floors":[4,21],"is_endless":false,"potions_floor_spawned":[5,10,13],"killed_by":"Snake Plant","ascension_level":20}}