{"host":"hygln5axy5suw4oc","time":1613531799,"event":{"mods":["BaseMod","Colored Powertips","Custom Start","Infinite Spire","Minty Spire (QoL Compilation)","StSLib"],"gold_per_floor":[112,112,99477,99477,99490,99490,99490,98895,98973,98973,98449,98449,98465,98479,98479,98581,98581,98597,98597,98797,98287,98305,98305,98305,98305,98341,98341,98358,98273,98282,98296,98296,98406,98406,98417,98427,98436,98436,98454,98454,98454,98454,98463,98497,98497,97997,97997,97239,97239,97239],"floor_reached":51,"language":"ENG","playtime":2111,"items_purged":["Strike_P","Defend_P","Strike_P","Defend_P"],"score":803,"play_id":"dfbc16f7-fe91-4644-abcd-df2ec0bc7d3e","local_time":"20210216221639","daily_mods":["Vintage","Heirloom","Flight"],"is_ascension_mode":false,"campfire_choices":[{"data":"Strike_P","floor":6,"key":"PURGE"},{"data":"ForeignInfluence","floor":10,"key":"SMITH"},{"data":"Adaptation","floor":12,"key":"SMITH"},{"data":"Vigilance","floor":15,"key":"SMITH"},{"data":"infinitespire:Collect","floor":23,"key":"SMITH"},{"data":"infinitespire:UltimateForm","floor":24,"key":"SMITH"},{"data":"MasterReality","floor":25,"key":"SMITH"},{"data":"infinitespire:Pacifist","floor":27,"key":"PURGE"},{"data":"MentalFortress","floor":32,"key":"SMITH"},{"data":"DevaForm","floor":40,"key":"SMITH"},{"data":"Conclude","floor":41,"key":"SMITH"},{"data":"Madness","floor":42,"key":"SMITH"},{"data":"infinitespire:UltimateForm","floor":45,"key":"SMITH"},{"data":"infinitespire:DeathsTouch","floor":47,"key":"SMITH"},{"data":"LikeWater","floor":49,"key":"SMITH"}],"circlet_count":0,"master_deck":["Strike_P+1","Eruption+1","Vigilance+1","ForeignInfluence+1","EmptyBody","MentalFortress+1","Adaptation+1","Conclude+1","MasterReality+1","infinitespire:Collect+1","infinitespire:UltimateForm+1","Doubt","DevaForm+1","Madness+1","infinitespire:DeathsTouch+1","infinitespire:UltimateForm+1","Clumsy","Evaluate+1","Nirvana","LikeWater+1"],"relics":["PureWater","Peace Pipe","Shovel","infinitespire:Lucky Rock","Medical Kit","Ancient Tea Set","GoldenEye","Pen Nib","Incense Burner","ClockworkSouvenir","Pear","Question Card","Frozen Eye","infinitespire:WardingShard","Bag of Preparation","Cursed Key","infinitespire:PuzzleCube","CeramicFish","infinitespire:EmpoweringShard","infinitespire:Beetle Shell","Oddly Smooth Stone","Pantograph","Du-Vu Doll","infinitespire:CursedDice","Bag of Marbles","Sozu","Ornamental Fan","Bottled Flame","Sundial","Damaru","Nunchaku","Strawberry","Melange","Shuriken","Strange Spoon","Akabeko"],"acts_visited":["Exordium","TheCity","TheBeyond"],"potions_floor_usage":[],"damage_taken":[{"damage":0,"enemies":"Jaw Worm","floor":1,"turns":4},{"damage":0,"enemies":"Cultist","floor":5,"turns":2},{"damage":0,"enemies":"Small Slimes","floor":13,"turns":2},{"damage":4,"enemies":"Exordium Thugs","floor":14,"turns":2},{"damage":26,"enemies":"Slime Boss","floor":16,"turns":5},{"damage":0,"enemies":"Spheric Guardian","floor":18,"turns":2},{"damage":2,"enemies":"2 Thieves","floor":28,"turns":2},{"damage":0,"enemies":"3 Cultists","floor":31,"turns":2},{"damage":0,"enemies":"Collector","floor":33,"turns":3},{"damage":0,"enemies":"3 Shapes","floor":35,"turns":2},{"damage":0,"enemies":"3 Darklings","floor":36,"turns":2},{"damage":21,"enemies":"Nemesis","floor":44,"turns":5},{"damage":46,"enemies":"Awakened One","floor":50,"turns":6}],"seed_played":"-7213236656153638001","potions_obtained":[{"floor":5,"key":"BottledMiracle"},{"floor":13,"key":"SkillPotion"},{"floor":31,"key":"SpeedPotion"}],"is_trial":true,"path_per_floor":["M","?","$","?","M","R","?","$","T","R","$","R","M","M","R","B",null,"M","?","?","$","AVR","R","R","R","T","R","M","?","T","M","R","B",null,"M","M","?","?","AVR","R","R","R","T","E","R","$","R","$","R","B",null],"character_chosen":"WATCHER","items_purchased":["ForeignInfluence","EmptyBody","infinitespire:Lucky Rock","Medical Kit","Ancient Tea Set","Pen Nib","Incense Burner","ClockworkSouvenir","Question Card","Frozen Eye","Adaptation","Conclude","CeramicFish","infinitespire:EmpoweringShard","Strawberry","Melange","Nirvana","Shuriken","Strange Spoon","Akabeko","LikeWater"],"campfire_rested":0,"item_purchase_floors":[3,3,3,3,3,8,8,8,11,11,11,11,21,21,46,46,46,48,48,48,48],"current_hp_per_floor":[72,58,58,51,51,51,51,51,61,61,61,61,61,57,57,31,82,82,66,66,66,66,66,66,66,66,66,64,64,64,64,64,82,82,82,82,82,82,82,82,82,82,82,61,61,68,68,68,68,43],"gold":97239,"neow_bonus":"","is_daily":false,"chose_seed":false,"campfire_upgraded":13,"win_rate":0.0,"timestamp":1613531799,"path_taken":["M","?","$","?","?","R","?","$","T","R","$","R","M","M","R","BOSS","M","?","?","$","AVR","R","R","R","T","R","?","?","?","?","R","BOSS","M","M","?","?","AVR","R","R","R","T","E","R","$","R","$","R","BOSS"],"items_purchased_type":["Card","Card","Relic","Relic","Relic","Relic","Relic","Relic","Relic","Relic","Card","Card","Relic","Relic","Relic","Relic","Card","Relic","Relic","Relic","Card"],"build_version":"2020-12-22","purchased_purges":4,"victory":true,"max_hp_per_floor":[72,72,72,72,72,72,72,72,82,82,82,82,82,82,82,82,82,82,82,82,82,82,82,82,82,82,82,82,82,82,82,82,82,82,82,82,82,82,82,82,82,82,82,82,82,89,89,89,89,89],"card_choices":[{"not_picked":["Brilliance","ConjureBlade","Wish"],"picked":"MasterReality","floor":16},{"not_picked":["Alpha","Ragnarok","Brilliance"],"picked":"DevaForm","floor":33},{"not_picked":["Secret Technique","Violence","Finesse"],"picked":"Madness","floor":37},{"not_picked":["CutThroughFate","FearNoEvil","Fasting2+1"],"picked":"Evaluate+1","floor":44}],"player_experience":434140,"relics_obtained":[{"floor":1,"key":"Shovel"},{"floor":5,"key":"GoldenEye"},{"floor":9,"key":"Pear"},{"floor":13,"key":"infinitespire:WardingShard"},{"floor":14,"key":"Bag of Preparation"},{"floor":18,"key":"infinitespire:PuzzleCube"},{"floor":26,"key":"Oddly Smooth Stone"},{"floor":28,"key":"Pantograph"},{"floor":30,"key":"infinitespire:CursedDice"},{"floor":31,"key":"Bag of Marbles"},{"floor":35,"key":"Ornamental Fan"},{"floor":36,"key":"Bottled Flame"},{"floor":43,"key":"Damaru"},{"floor":44,"key":"Nunchaku"}],"event_choices":[{"damage_healed":0,"gold_gain":0,"player_choice":"Entered Light","damage_taken":14,"max_hp_gain":0,"max_hp_loss":0,"event_name":"Shining Light","floor":2,"gold_loss":0,"cards_upgraded":["Eruption","Strike_P"]},{"cards_removed":["Defend_P"],"damage_healed":0,"gold_gain":0,"player_choice":"Card Removal","damage_taken":7,"max_hp_gain":0,"max_hp_loss":0,"event_name":"Golden Wing","floor":4,"gold_loss":0},{"damage_healed":0,"gold_gain":0,"cards_transformed":["Defend_P"],"player_choice":"Change","damage_taken":0,"max_hp_gain":0,"max_hp_loss":0,"event_name":"Living Wall","floor":7,"gold_loss":0,"cards_obtained":["MentalFortress"]},{"damage_healed":0,"gold_gain":0,"player_choice":"Obtained Book","damage_taken":16,"max_hp_gain":0,"max_hp_loss":0,"event_name":"Cursed Tome","floor":19,"gold_loss":0},{"damage_healed":0,"gold_gain":200,"player_choice":"Gold","damage_taken":0,"max_hp_gain":0,"max_hp_loss":0,"event_name":"Wheel of Change","floor":20,"gold_loss":0},{"damage_healed":0,"gold_gain":0,"player_choice":"Obtained Relic","damage_taken":0,"relics_obtained":["Du-Vu Doll"],"max_hp_gain":0,"max_hp_loss":0,"event_name":"Addict","floor":29,"gold_loss":85},{"damage_healed":0,"gold_gain":0,"player_choice":"Memory 1","damage_taken":0,"max_hp_gain":0,"max_hp_loss":0,"event_name":"SensoryStone","floor":37,"gold_loss":0},{"damage_healed":0,"gold_gain":0,"player_choice":"Bought 0 Potions","damage_taken":0,"max_hp_gain":0,"max_hp_loss":0,"event_name":"The Woman in Blue","floor":38,"gold_loss":0}],"is_beta":false,"boss_relics":[{"not_picked":["Coffee Dripper","Calling Bell"],"picked":"Cursed Key"},{"not_picked":["Pandora\u0027s Box","Astrolabe"],"picked":"Sozu"}],"items_purged_floors":[3,21,46,48],"is_endless":false,"potions_floor_spawned":[5,13,18,31,33,35],"ascension_level":0}}