{"host":"8o45mh5p3pp1o2mi","time":1613522562,"event":{"mods":["BaseMod","Bestiary","Better Match","Better Third Choice","BetterRewards","Dark Map","Downfall","Fox Events","Minty Spire (QoL Compilation)","Rare Cards Sparkle","Relic Stats","Replay The Spire","Shop Mod","Spire Exporter","StSLib","everything is the same but u backflip on backflip"],"gold_per_floor":[99,112,126,136,136,170,170,170,170,181,66,66,80,114,132,232,282,182,198,210,223,223,236,305,405,96,96,96,114,14,114,128,128,128,128],"floor_reached":33,"language":"ENG","playtime":3405,"items_purged":[],"score":334,"play_id":"7770b7cb-bb47-43c6-b87c-955ee566be60","local_time":"20210217004242","is_ascension_mode":false,"campfire_choices":[{"data":"hexamod:Sear","floor":1,"key":"SMITH"},{"data":"hexamod:FastForward","floor":9,"key":"SMITH"},{"floor":12,"key":"REST"},{"data":"hexamod:Toasty","floor":18,"key":"SMITH"},{"floor":27,"key":"REST"},{"floor":30,"key":"REST"}],"circlet_count":0,"master_deck":["hexamod:Strike+1","hexamod:Strike","hexamod:Defend","hexamod:Defend","hexamod:Sear+1","hexamod:Float","hexamod:FastForward+1","hexamod:SkipABeat+1","hexamod:InspiringFlames","Adrenaline+1","hexamod:ExtraCrispy","hexamod:ChargedBarrage+1","hexamod:Hexaguard","hexamod:HauntingEcho","hexamod:VolcanoVisage","hexamod:HeatMetal","hexamod:Toasty+1","hexamod:DynamicBlow+1","hexamod:FlamesFromBeyond+1","Panacea","hexamod:Sear","hexamod:BurningTouch+1","hexamod:SixthSeal","hexamod:HexaLevel","J.A.X.","hexamod:SkipABeat","hexamod:EmpoweredFlame+1","hexamod:SoulSteal+1"],"relics":["hexamod:SpiritBrand","Ancient Tea Set","Akabeko","Divine Protection","Replay:Accelerometer","Tiny House","downfall:HeartBlessingGreen","MutagenicStrength","Strange Spoon","downfall:RedIOU","downfall:HeartBlessingBlue","Unceasing Top","Mercury Hourglass"],"acts_visited":["Exordium","TheCity"],"potions_floor_usage":[11,23],"damage_taken":[{"damage":1,"enemies":"Cultist","floor":2,"turns":3},{"damage":0,"enemies":"Small Slimes","floor":3,"turns":3},{"damage":1,"enemies":"Jaw Worm","floor":4,"turns":3},{"damage":0,"enemies":"Replay:BlueRogue","floor":6,"turns":5},{"damage":0,"enemies":"Blue Slaver","floor":10,"turns":3},{"damage":0,"enemies":"downfall:FleeingMerchant","floor":11,"turns":4},{"damage":0,"enemies":"Gremlin Gang","floor":13,"turns":4},{"damage":6,"enemies":"Lagavulin","floor":14,"turns":5},{"damage":0,"enemies":"2 Fungi Beasts","floor":15,"turns":4},{"damage":8,"enemies":"IC_STATUS_ARCHETYPE","floor":16,"turns":6},{"damage":4,"enemies":"3 Byrds","floor":19,"turns":4},{"damage":10,"enemies":"downfall:LooterAlt2","floor":20,"turns":3},{"damage":4,"enemies":"Cultist and Chosen","floor":21,"turns":5},{"damage":0,"enemies":"Snecko","floor":23,"turns":4},{"damage":34,"enemies":"downfall:Augmenter","floor":25,"turns":7},{"damage":1,"enemies":"downfall:FleeingMerchant","floor":26,"turns":4},{"damage":18,"enemies":"3 Cultists","floor":29,"turns":5},{"damage":13,"enemies":"Colosseum Nobs","floor":31,"turns":5},{"damage":0,"enemies":"Cultist and Chosen","floor":32,"turns":4},{"damage":57,"enemies":"DF_ARCHETYPE_CLAW","floor":33,"turns":5}],"seed_played":"-4248944318033934485","potions_obtained":[{"floor":2,"key":"FearPotion"},{"floor":6,"key":"Toxic Potion"},{"floor":13,"key":"Doom Potion"},{"floor":14,"key":"Dexterity Potion"},{"floor":21,"key":"hexamod:EctoCoolerPotion"},{"floor":29,"key":"Dexterity Potion"},{"floor":31,"key":"DuplicationPotion"}],"is_trial":false,"path_per_floor":["R","M","M","M","?","E","T","?","R","M","$","R","M","E","M","B",null,"R","M","M","M","?","M","T","?","$","R","?","M","R","?","M","B"],"character_chosen":"THE_SPIRIT","items_purchased":["hexamod:Hexaguard","hexamod:HauntingEcho","Strange Spoon","Bronze Scales"],"campfire_rested":3,"item_purchase_floors":[11,11,26,26],"current_hp_per_floor":[49,48,48,47,39,39,39,39,39,39,39,60,60,54,54,46,75,75,71,61,57,57,57,57,23,22,44,44,26,61,48,48,0,0,0],"gold":128,"neow_bonus":"REMOVE_TWO","is_daily":false,"chose_seed":false,"campfire_upgraded":3,"win_rate":0.0,"timestamp":1613522562,"path_taken":["R","M","?","M","?","E","T","?","R","M","$","R","M","E","M","BOSS","R","M","M","M","?","?","T","?","$","R","?","M","R","?","M","BOSS"],"items_purchased_type":["Card","Card","Relic","Relic"],"build_version":"2020-12-22","purchased_purges":0,"victory":false,"max_hp_per_floor":[70,70,70,70,70,70,70,70,70,70,70,70,70,70,70,70,75,75,75,75,75,75,75,75,75,75,75,75,75,85,85,85,85,85,85],"relic_stats":{"Strange Spoon":[10],"counters":[20,86],"obtain_stats":[{"Divine Protection":7,"Replay:Accelerometer":14,"Tiny House":17,"downfall:HeartBlessingGreen":18,"Ancient Tea Set":5,"Akabeko":6,"Mercury Hourglass":31,"Strange Spoon":26,"downfall:HeartBlessingBlue":30,"MutagenicStrength":25,"Bronze Scales":26,"downfall:RedIOU":28,"hexamod:SpiritBrand":0,"Unceasing Top":31},{"Divine Protection":4,"Replay:Accelerometer":8,"Tiny House":10,"downfall:HeartBlessingGreen":10,"Ancient Tea Set":3,"Akabeko":4,"Mercury Hourglass":18,"Strange Spoon":16,"downfall:HeartBlessingBlue":17,"MutagenicStrength":15,"Bronze Scales":16,"downfall:RedIOU":16,"hexamod:SpiritBrand":0,"Unceasing Top":18},{"Divine Protection":14,"Replay:Accelerometer":30,"Tiny House":40,"downfall:HeartBlessingGreen":40,"Ancient Tea Set":9,"Akabeko":14,"Mercury Hourglass":77,"Strange Spoon":67,"downfall:HeartBlessingBlue":72,"MutagenicStrength":63,"Bronze Scales":67,"downfall:RedIOU":67,"hexamod:SpiritBrand":0,"Unceasing Top":77}],"Unceasing Top":[1],"Mercury Hourglass":[57]},"card_choices":[{"not_picked":["hexamod:AdvancingGuard","hexamod:SpectersWail"],"picked":"hexamod:FastForward","floor":2},{"not_picked":["hexamod:BurningTouch","hexamod:NightmareStrike"],"picked":"hexamod:SkipABeat","floor":3},{"not_picked":["hexamod:GhostLash","hexamod:SuperheatedStrike"],"picked":"hexamod:InspiringFlames","floor":4},{"not_picked":["hexamod:GhostOfSpirePast","hexamod:ThirdSeal"],"picked":"hexamod:ExtraCrispy","floor":6},{"not_picked":["hexamod:SpectersWail","hexamod:FlamesFromBeyond"],"picked":"hexamod:ChargedBarrage","floor":10},{"not_picked":["hexamod:BacktrackSmack","hexamod:FourthSeal","hexamod:SpectralAdrenaline"],"picked":"SKIP","floor":11},{"not_picked":["hexamod:SpectralAdrenaline","hexamod:RainOfEmbers"],"picked":"hexamod:VolcanoVisage","floor":13},{"not_picked":["hexamod:NightmareStrike","hexamod:EtherealExpedition"],"picked":"hexamod:HeatMetal","floor":14},{"not_picked":["hexamod:GhostOfSpireFuture","hexamod:HeatMetal","hexamod:NightmareStrike"],"picked":"SKIP","floor":15},{"not_picked":["hexamod:ParanormalForm","hexamod:FifthSeal"],"picked":"hexamod:Toasty","floor":16},{"not_picked":["hexamod:PowerFromBeyond","hexamod:NightmareStrike"],"picked":"hexamod:DynamicBlow","floor":17},{"not_picked":["hexamod:Haunt+1","hexamod:GhostLash","hexamod:InspiringFlames+1"],"picked":"SKIP","floor":19},{"not_picked":["hexamod:SpectralAdrenaline","hexamod:SpectersWail","hexamod:DynamicBlow+1"],"picked":"SKIP","floor":20},{"not_picked":["hexamod:GhostLash","hexamod:SpectersWail"],"picked":"hexamod:FlamesFromBeyond+1","floor":21},{"not_picked":["hexamod:CatchUp","hexamod:AdvancingGuard"],"picked":"hexamod:BurningTouch+1","floor":23},{"not_picked":[],"picked":"J.A.X.","floor":25},{"not_picked":["hexamod:InspiringFlames","hexamod:SpectersWail"],"picked":"hexamod:SkipABeat","floor":25},{"not_picked":["hexamod:Firestarter+1","hexamod:RecurringNightmare+1"],"picked":"hexamod:EmpoweredFlame","floor":26},{"not_picked":["hexamod:SwordOfDarkness","hexamod:Rewind","hexamod:GhostOfSpirePast+1"],"picked":"SKIP","floor":29},{"not_picked":["hexamod:NecessarySacrifice+1","hexamod:Haunt+1"],"picked":"hexamod:SoulSteal+1","floor":31},{"not_picked":["hexamod:FastForward","hexamod:Firestarter","hexamod:Rewind"],"picked":"SKIP","floor":32}],"player_experience":217557,"relics_obtained":[{"floor":6,"key":"Akabeko"},{"floor":7,"key":"Divine Protection"},{"floor":14,"key":"Replay:Accelerometer"},{"floor":25,"key":"MutagenicStrength"},{"floor":31,"key":"Unceasing Top"},{"floor":31,"key":"Mercury Hourglass"}],"event_choices":[],"is_beta":false,"boss_relics":[{"not_picked":["Runic Dome","ReplayTheSpireMod:DimensionalGlitch"],"picked":"Tiny House"}],"items_purged_floors":[],"is_endless":false,"potions_floor_spawned":[2,6,13,14,21,29,31,32],"killed_by":"DF_ARCHETYPE_CLAW","ascension_level":0}}