{"host":"a6ztjasp7lxlo10n","time":1613531923,"event":{"mods":["Act Like it!","BaseMod","Colored Map","Marisa£®ÏF”Í°°ƒß¿Ì…≥£©","Minty Spire (QoL Compilation)","Quick Restart","StSLib","SuperFastMode"],"gold_per_floor":[118,132,143,143,155,155,8,8,8,22,52,64,91,111,111,111,111],"floor_reached":16,"language":"ZHS","playtime":592,"items_purged":["Strike_R"],"score":171,"play_id":"2643a5de-8403-4e8d-a7d4-9ad11382baf3","local_time":"20210217111843","is_ascension_mode":true,"campfire_choices":[{"data":"Body Slam","floor":6.0,"key":"SMITH"},{"data":"True Grit","floor":15.0,"key":"SMITH"}],"circlet_count":0,"master_deck":["AscendersBane","Strike_R","Strike_R","Strike_R","Defend_R","Defend_R","Defend_R","Defend_R","Bash","Body Slam+1","Inflame","Rampage","Second Wind","Dual Wield","Barricade","Burning Pact","True Grit+1"],"relics":["Burning Blood","NeowsBlessing","Unceasing Top","Calipers","Question Card","Bottled Lightning"],"acts_visited":["Exordium"],"potions_floor_usage":[],"damage_taken":[{"damage":0.0,"enemies":"Small Slimes","floor":1.0,"turns":1.0},{"damage":0.0,"enemies":"Jaw Worm","floor":2.0,"turns":1.0},{"damage":0.0,"enemies":"Cultist","floor":3.0,"turns":1.0},{"damage":15.0,"enemies":"Large Slime","floor":5.0,"turns":6.0},{"damage":0.0,"enemies":"2 Fungi Beasts","floor":10.0,"turns":3.0},{"damage":36.0,"enemies":"Lagavulin","floor":11.0,"turns":7.0},{"damage":11.0,"enemies":"Blue Slaver","floor":12.0,"turns":3.0},{"damage":25.0,"enemies":"3 Sentries","floor":13.0,"turns":7.0},{"damage":7.0,"enemies":"Looter","floor":14.0,"turns":4.0},{"damage":21,"enemies":"The Guardian","floor":16,"turns":2}],"seed_played":"1614261565743224532","potions_obtained":[{"floor":1.0,"key":"Fruit Juice"},{"floor":10.0,"key":"Weak Potion"},{"floor":11.0,"key":"SteroidPotion"},{"floor":12.0,"key":"Dexterity Potion"},{"floor":13.0,"key":"LiquidMemories"},{"floor":14.0,"key":"Fire Potion"}],"is_trial":false,"path_per_floor":["M","M","M","?","M","R","$","?","T","M","E","M","E","M","R","B"],"character_chosen":"IRONCLAD","items_purchased":["Rampage"],"campfire_rested":0,"item_purchase_floors":[7],"current_hp_per_floor":[78,80,80,73,69,69,69,69,69,75,45,40,21,20,20,0,0],"gold":111,"neow_bonus":"THREE_ENEMY_KILL","is_daily":false,"chose_seed":false,"campfire_upgraded":2,"win_rate":0.0,"timestamp":1613531923,"path_taken":["M","M","M","?","M","R","$","?","T","?","E","M","E","M","R","BOSS"],"items_purchased_type":["Card"],"build_version":"2020-12-22","purchased_purges":1,"victory":false,"max_hp_per_floor":[80,80,80,80,85,85,85,85,85,85,85,85,85,85,85,85,85],"card_choices":[{"not_picked":["Thunderclap","Warcry","Clash"],"picked":"SKIP","floor":1.0},{"not_picked":["Intimidate","Warcry"],"picked":"Body Slam","floor":2.0},{"not_picked":["Wild Strike","Sentinel"],"picked":"Inflame","floor":3.0},{"not_picked":["Iron Wave","Headbutt","Cleave"],"picked":"SKIP","floor":5.0},{"not_picked":["Body Slam","Havoc","Clothesline"],"picked":"SKIP","floor":10.0},{"not_picked":["Cleave","Armaments"],"picked":"Dual Wield","floor":11.0},{"not_picked":["Feel No Pain","Perfected Strike","Shrug It Off"],"picked":"Barricade","floor":12.0},{"not_picked":["Battle Trance","Twin Strike","Wild Strike"],"picked":"Burning Pact","floor":13.0},{"not_picked":["Twin Strike","Armaments","Inflame"],"picked":"True Grit","floor":14.0}],"player_experience":238737,"relics_obtained":[{"floor":9.0,"key":"Calipers"},{"floor":11.0,"key":"Question Card"},{"floor":13.0,"key":"Bottled Lightning"}],"event_choices":[{"damage_healed":0.0,"max_hp_gain":0.0,"max_hp_loss":0.0,"gold_gain":0.0,"event_name":"Scrap Ooze","player_choice":"Success","floor":4.0,"gold_loss":0.0,"damage_taken":7.0,"relics_obtained":["Unceasing Top"]},{"damage_healed":0.0,"max_hp_gain":0.0,"max_hp_loss":0.0,"gold_gain":0.0,"cards_transformed":["Strike_R"],"event_name":"Transmorgrifier","player_choice":"Transformed","floor":8.0,"gold_loss":0.0,"damage_taken":0.0,"cards_obtained":["Second Wind"]}],"is_beta":false,"boss_relics":[],"items_purged_floors":[7],"is_endless":false,"potions_floor_spawned":[1,10,11,12,13,14],"killed_by":"The Guardian","ascension_level":10}}