{"host":"pi8b3ffzwvxqztac","time":1611680236,"event":{"mods":["BaseMod","Colored Map","Custom Start","Downfall","Minty Spire (QoL Compilation)","StSLib"],"gold_per_floor":[118,132,146,160,16,16,42,55,55,55,55,55,82,94,94,193,193,205,205,304,304,158,192,204,230,255,265,276,291,291,308,308,411,411,422,422,422,436,436,436,462,462,485,518,533,552,563,413,413,510,510,523,523,578,593,611,611,645,645,672,672,701,715,354,366,366,469,469,483,509,509,7,17,31,66,66,92,108,127,127,160,7,7,108,108,128,104,119,0,28,28,45,45,79,79,92,109,134,144,144,239,289,302,334,334,351,380,405,423,449,483,483,502,502,502,502],"floor_reached":115,"language":"ENG","playtime":3543,"items_purged":["True Grit+1","Juggernaut+1"],"score":4061,"play_id":"df2bbc48-3a3f-4839-9894-c3224c282399","local_time":"20210127055716","daily_mods":["Uncertain Future"],"is_ascension_mode":true,"campfire_choices":[{"data":"Body Slam","floor":6,"key":"SMITH"},{"data":"Flame Barrier","floor":11,"key":"SMITH"},{"data":"True Grit","floor":15,"key":"SMITH"},{"data":"True Grit","floor":30,"key":"SMITH"},{"data":"Entrench","floor":32,"key":"SMITH"},{"floor":40,"key":"REST"},{"floor":42,"key":"REST"},{"floor":49,"key":"REST"},{"floor":57,"key":"REST"},{"floor":59,"key":"REST"},{"floor":66,"key":"REST"}],"circlet_count":0,"master_deck":["Body Slam+1","Defend_R+1","Defend_R+1","Shrug It Off+1","Shrug It Off+1","Entrench+1","Barricade+1","Body Slam+1","Flame Barrier+1","Entrench+1","True Grit+1","Flame Barrier+1","Shrug It Off+1","Body Slam+1"],"relics":["Burning Blood","Black Blood","bronze:BronzeIdol","hexamod:IceCube","bronze:DonusWashers","Ancient Tea Set","Mummified Hand","War Paint","bronze:MakeshiftBattery","PreservedInsect","FossilizedHelix","Potion Belt","hexamod:BolsterEngine","Philosopher\u0027s Stone","Mango","Dream Catcher","Tiny Chest","Omamori","Runic Cube","Pantograph","Letter Opener","Whetstone","Bird Faced Urn","Coffee Dripper","Pear","Blood Vial","Slimebound:StickyStick","Calling Bell","Red Skull","Molten Egg 2","StoneCalendar","Red Mask","Blue Candle","Tiny House"],"acts_visited":["Exordium","TheCity","TheBeyond","Exordium","TheCity","TheBeyond","Exordium"],"potions_floor_usage":[31,31,31,31,31,50,50,77,77,77,77,78,90,101,101,101,101],"damage_taken":[{"damage":0,"enemies":"Small Slimes","floor":1,"turns":2},{"damage":0,"enemies":"2 Louse","floor":2,"turns":2},{"damage":0,"enemies":"Cultist","floor":3,"turns":2},{"damage":11,"enemies":"Looter","floor":4,"turns":2},{"damage":0,"enemies":"3 Sentries","floor":7,"turns":4},{"damage":0,"enemies":"3 Louse","floor":8,"turns":2},{"damage":0,"enemies":"Lagavulin","floor":13,"turns":2},{"damage":0,"enemies":"Exordium Wildlife","floor":14,"turns":2},{"damage":0,"enemies":"Slime Boss","floor":16,"turns":3},{"damage":0,"enemies":"3 Byrds","floor":18,"turns":4},{"damage":0,"enemies":"Book of Stabbing","floor":23,"turns":3},{"damage":0,"enemies":"Chosen","floor":24,"turns":1},{"damage":0,"enemies":"Slavers","floor":25,"turns":4},{"damage":0,"enemies":"3 Cultists","floor":27,"turns":4},{"damage":0,"enemies":"Snecko","floor":28,"turns":3},{"damage":0,"enemies":"Snake Plant","floor":29,"turns":2},{"damage":0,"enemies":"3 Cultists","floor":31,"turns":3},{"damage":0,"enemies":"Champ","floor":33,"turns":7},{"damage":0,"enemies":"Orb Walker","floor":35,"turns":2},{"damage":10,"enemies":"3 Darklings","floor":38,"turns":4},{"damage":0,"enemies":"Nemesis","floor":41,"turns":3},{"damage":0,"enemies":"Reptomancer","floor":44,"turns":2},{"damage":0,"enemies":"Maw","floor":45,"turns":5},{"damage":0,"enemies":"Writhing Mass","floor":46,"turns":4},{"damage":0,"enemies":"Sphere and 2 Shapes","floor":47,"turns":6},{"damage":19,"enemies":"Time Eater","floor":50,"turns":8},{"damage":0,"enemies":"2 Louse","floor":52,"turns":3},{"damage":0,"enemies":"Lagavulin Event","floor":54,"turns":3},{"damage":0,"enemies":"Jaw Worm","floor":55,"turns":2},{"damage":0,"enemies":"Small Slimes","floor":56,"turns":1},{"damage":0,"enemies":"3 Sentries","floor":58,"turns":3},{"damage":0,"enemies":"Gremlin Nob","floor":62,"turns":2},{"damage":0,"enemies":"Gremlin Gang","floor":63,"turns":3},{"damage":0,"enemies":"3 Louse","floor":65,"turns":2},{"damage":0,"enemies":"The Guardian","floor":67,"turns":2},{"damage":0,"enemies":"2 Thieves","floor":69,"turns":3},{"damage":0,"enemies":"Book of Stabbing","floor":70,"turns":3},{"damage":0,"enemies":"Shell Parasite","floor":73,"turns":1},{"damage":0,"enemies":"Snake Plant","floor":74,"turns":3},{"damage":0,"enemies":"Slavers","floor":75,"turns":3},{"damage":3,"enemies":"Book of Stabbing","floor":77,"turns":1},{"damage":0,"enemies":"3 Cultists","floor":78,"turns":4},{"damage":0,"enemies":"Centurion and Healer","floor":79,"turns":4},{"damage":0,"enemies":"Gremlin Leader","floor":81,"turns":3},{"damage":0,"enemies":"Automaton","floor":84,"turns":3},{"damage":0,"enemies":"Orb Walker","floor":86,"turns":2},{"damage":19,"enemies":"3 Darklings","floor":88,"turns":3},{"damage":36,"enemies":"Reptomancer","floor":90,"turns":4},{"damage":0,"enemies":"Sphere and 2 Shapes","floor":92,"turns":3},{"damage":0,"enemies":"Giant Head","floor":94,"turns":3},{"damage":0,"enemies":"Transient","floor":96,"turns":3},{"damage":0,"enemies":"4 Shapes","floor":97,"turns":4},{"damage":0,"enemies":"Reptomancer","floor":98,"turns":3},{"damage":0,"enemies":"3 Darklings","floor":99,"turns":4},{"damage":0,"enemies":"Time Eater","floor":101,"turns":4},{"damage":0,"enemies":"Small Slimes","floor":103,"turns":2},{"damage":0,"enemies":"3 Sentries","floor":104,"turns":2},{"damage":0,"enemies":"2 Louse","floor":106,"turns":2},{"damage":0,"enemies":"Gremlin Nob","floor":107,"turns":2},{"damage":0,"enemies":"Lagavulin","floor":108,"turns":2},{"damage":0,"enemies":"Jaw Worm","floor":109,"turns":1},{"damage":0,"enemies":"3 Sentries","floor":110,"turns":3},{"damage":0,"enemies":"Lagavulin","floor":111,"turns":2},{"damage":0,"enemies":"2 Fungi Beasts","floor":113,"turns":1},{"damage":0,"enemies":"Gremlin Gang","floor":115,"turns":1}],"seed_played":"-1715762472564522930","potions_obtained":[{"floor":3,"key":"BloodPotion"},{"floor":4,"key":"Explosive Potion"},{"floor":8,"key":"BlessingOfTheForge"},{"floor":25,"key":"Fire Potion"},{"floor":28,"key":"Explosive Potion"},{"floor":35,"key":"GamblersBrew"},{"floor":45,"key":"SteroidPotion"},{"floor":52,"key":"Slimebound:ThreeZeroPotion"},{"floor":56,"key":"GamblersBrew"},{"floor":63,"key":"LiquidMemories"},{"floor":65,"key":"SteroidPotion"},{"floor":69,"key":"Fire Potion"},{"floor":79,"key":"hexamod:SoulburnPotion"},{"floor":88,"key":"Explosive Potion"},{"floor":90,"key":"Fruit Juice"},{"floor":97,"key":"ColorlessPotion"},{"floor":98,"key":"ElixirPotion"},{"floor":99,"key":"Weak Potion"},{"floor":101,"key":"Fruit Juice"},{"floor":102,"key":"GamblersBrew"},{"floor":104,"key":"bronze:BurnAndBuffPotion"},{"floor":106,"key":"Guardian:BlockOnCardUsePotion"},{"floor":113,"key":"PowerPotion"}],"is_trial":true,"path_per_floor":["M","M","M","M","$","R","E","M","T","?","R","?","E","M","R","B",null,"M","?","?","?","$","E","M","E","T","M","M","M","R","M","R","B",null,"M","?","?","M","?","R","E","R","T","E","M","M","M","$","R","B",null,"M","?","?","M","M","R","E","R","T","?","E","M","$","M","R","B",null,"M","E","?","$","M","M","E","R","E","M","M","R","E","$","R","B",null,"M","$","M","?","E","R","M","R","E","?","M","M","E","M","R","B",null,"M","E","?","M","E","E","M","E","E","R","M","R","M"],"character_chosen":"IRONCLAD","items_purchased":["bronze:DonusWashers","PreservedInsect","Omamori","Bird Faced Urn","Pear","Blood Vial","Slimebound:StickyStick","Body Slam+1"],"campfire_rested":6,"item_purchase_floors":[5,22,48,64,72,72,82,87],"current_hp_per_floor":[80,80,80,80,80,80,80,80,80,80,80,80,80,80,80,80,80,80,80,80,80,80,80,80,80,80,80,80,80,80,80,80,80,80,80,80,80,80,80,80,94,94,94,94,94,94,94,94,94,93,94,94,61,79,94,94,94,94,94,94,94,94,94,94,94,94,94,94,94,94,75,85,105,109,109,109,109,109,109,109,109,109,109,109,109,109,109,109,109,96,96,114,114,114,114,114,114,114,114,114,119,124,124,124,129,129,129,129,129,129,129,129,129,129,129,129],"gold":502,"neow_bonus":"","is_daily":false,"chose_seed":false,"campfire_upgraded":5,"win_rate":0.0,"timestamp":1611680236,"path_taken":["M","M","M","M","$","R","E","M","T","?","R","?","E","?","R","BOSS","M","?","?","?","$","E","M","E","T","M","M","M","R","M","R","BOSS","M","?","?","M","?","R","E","R","T","E","M","M","M","$","R","BOSS","M","?","?","M","M","R","E","R","T","?","E","M","$","M","R","BOSS","M","?","?","$","M","M","E","R","E","M","M","R","E","?","R","BOSS","M","$","M","?","?","R","M","R","E","?","M","M","E","M","R","BOSS","M","?","?","M","?","E","M","E","E","R","M","R","M"],"items_purchased_type":["Relic","Relic","Relic","Relic","Relic","Relic","Relic","Card"],"build_version":"2020-12-22","purchased_purges":2,"victory":false,"max_hp_per_floor":[80,80,80,80,80,80,80,80,80,80,80,80,80,80,80,80,80,80,80,80,80,80,80,80,80,80,80,80,80,80,80,80,80,80,80,80,80,80,80,80,94,94,94,94,94,94,94,94,94,94,94,94,94,94,94,94,94,94,94,94,94,94,94,94,94,94,94,94,94,94,99,109,109,109,109,109,109,109,109,109,109,109,109,109,109,109,109,109,109,114,114,114,114,114,114,114,114,114,114,114,119,124,124,124,129,129,129,129,129,129,129,129,129,129,129,129],"card_choices":[{"not_picked":["Cleave","Reckless Charge","Wild Strike"],"picked":"SKIP","floor":1},{"not_picked":["Wild Strike","Dual Wield","Whirlwind"],"picked":"SKIP","floor":2},{"not_picked":["Searing Blow","Battle Trance","Armaments"],"picked":"SKIP","floor":3},{"not_picked":["Warcry","Pommel Strike"],"picked":"Body Slam","floor":4},{"not_picked":["Heavy Blade","Cleave","Wild Strike"],"picked":"SKIP","floor":7},{"not_picked":["Twin Strike","Clash"],"picked":"Flame Barrier","floor":8},{"not_picked":["Twin Strike","Second Wind"],"picked":"True Grit","floor":13},{"not_picked":["Whirlwind","Twin Strike","Ghostly Armor"],"picked":"SKIP","floor":14},{"not_picked":["Perfected Strike","Blood for Blood","Pummel+1"],"picked":"SKIP","floor":18},{"not_picked":["Carnage","Cleave","Rampage+1"],"picked":"SKIP","floor":23},{"not_picked":["Armaments","Clash"],"picked":"Entrench","floor":24},{"not_picked":["Armaments","Dual Wield+1","Bloodletting+1"],"picked":"SKIP","floor":25},{"not_picked":["Thunderclap","Havoc+1","Flame Barrier"],"picked":"SKIP","floor":27},{"not_picked":["Bloodletting","Sever Soul"],"picked":"True Grit","floor":28},{"not_picked":["Inflame","Battle Trance","Heavy Blade+1"],"picked":"SKIP","floor":29},{"not_picked":["Body Slam+1","Evolve","Iron Wave+1"],"picked":"SKIP","floor":31},{"not_picked":["Heavy Blade+1","Anger+1","Warcry"],"picked":"SKIP","floor":35},{"not_picked":["Hemokinesis","Dual Wield+1","Clash"],"picked":"SKIP","floor":38},{"not_picked":["Warcry+1","Sentinel"],"picked":"Flame Barrier+1","floor":41},{"not_picked":["Hemokinesis+1","Dark Embrace","Warcry"],"picked":"SKIP","floor":44},{"not_picked":["Wild Strike","True Grit","Warcry"],"picked":"SKIP","floor":45},{"not_picked":["Sword Boomerang+1","Dark Embrace"],"picked":"Shrug It Off+1","floor":46},{"not_picked":["Heavy Blade+1","Rupture","Seeing Red"],"picked":"SKIP","floor":47},{"not_picked":["Iron Wave","Twin Strike","Thunderclap"],"picked":"SKIP","floor":52},{"not_picked":["Burning Pact","Cleave","Whirlwind"],"picked":"SKIP","floor":55},{"not_picked":["Havoc","Headbutt","Shockwave"],"picked":"SKIP","floor":56},{"not_picked":["Combust","Twin Strike","Battle Trance"],"picked":"SKIP","floor":58},{"not_picked":["Infernal Blade","Spot Weakness","Flame Barrier"],"picked":"SKIP","floor":62},{"not_picked":["Iron Wave","Shrug It Off","Pommel Strike"],"picked":"SKIP","floor":63},{"not_picked":["Thunderclap","Sever Soul","Clash"],"picked":"SKIP","floor":65},{"not_picked":["Shrug It Off","Iron Wave+1","Heavy Blade"],"picked":"SKIP","floor":69},{"not_picked":["Wild Strike","Sword Boomerang","Exhume"],"picked":"SKIP","floor":70},{"not_picked":["Metallicize","Anger","Burning Pact+1"],"picked":"SKIP","floor":73},{"not_picked":["Shrug It Off","Power Through","Seeing Red"],"picked":"SKIP","floor":74},{"not_picked":["Anger","Flex+1","Blood for Blood+1"],"picked":"SKIP","floor":75},{"not_picked":["Anger","Headbutt","Armaments+1"],"picked":"SKIP","floor":77},{"not_picked":["Sword Boomerang+1","Burning Pact","Perfected Strike+1"],"picked":"SKIP","floor":78},{"not_picked":["Havoc","Body Slam","Sentinel+1"],"picked":"SKIP","floor":79},{"not_picked":["Whirlwind","Bludgeon","Reckless Charge"],"picked":"SKIP","floor":81},{"not_picked":["Heavy Blade+1","Power Through","Twin Strike+1"],"picked":"SKIP","floor":86},{"not_picked":["Ghostly Armor","Clothesline+1","Headbutt+1"],"picked":"SKIP","floor":88},{"not_picked":["Cleave+1","Battle Trance","Reaper+1"],"picked":"SKIP","floor":90},{"not_picked":["Seeing Red+1","Anger+1","Sword Boomerang+1"],"picked":"SKIP","floor":92},{"not_picked":["Sword Boomerang+1","Iron Wave+1","Cleave+1"],"picked":"SKIP","floor":94},{"not_picked":["Iron Wave+1","Warcry+1","Clothesline+1"],"picked":"SKIP","floor":96},{"not_picked":["Battle Trance+1","Bludgeon+1","Twin Strike+1"],"picked":"SKIP","floor":97},{"not_picked":["Feed+1","Shrug It Off","Armaments+1"],"picked":"SKIP","floor":98},{"not_picked":["Warcry","Perfected Strike+1","Pummel+1"],"picked":"SKIP","floor":99},{"not_picked":["Clash+1","Twin Strike+1","True Grit"],"picked":"SKIP","floor":103},{"not_picked":["Blood for Blood+1","Infernal Blade","Hemokinesis+1"],"picked":"SKIP","floor":104},{"not_picked":["Dropkick+1","Metallicize","True Grit"],"picked":"SKIP","floor":106},{"not_picked":["Thunderclap+1","Sentinel","Reckless Charge+1"],"picked":"SKIP","floor":107},{"not_picked":["Wild Strike+1","Intimidate","Headbutt+1"],"picked":"SKIP","floor":108},{"not_picked":["Wild Strike+1","Clothesline+1","Anger+1"],"picked":"SKIP","floor":109},{"not_picked":["Headbutt+1","Dark Embrace","Wild Strike+1"],"picked":"SKIP","floor":110},{"not_picked":["Pommel Strike+1","Offering","True Grit"],"picked":"SKIP","floor":111},{"not_picked":["Flex","True Grit","Disarm"],"picked":"SKIP","floor":113}],"player_experience":625864,"relics_obtained":[{"floor":7,"key":"Ancient Tea Set"},{"floor":9,"key":"Mummified Hand"},{"floor":13,"key":"War Paint"},{"floor":23,"key":"FossilizedHelix"},{"floor":25,"key":"Potion Belt"},{"floor":26,"key":"hexamod:BolsterEngine"},{"floor":41,"key":"Mango"},{"floor":43,"key":"Dream Catcher"},{"floor":44,"key":"Tiny Chest"},{"floor":60,"key":"Whetstone"},{"floor":85,"key":"Red Skull"},{"floor":85,"key":"Molten Egg 2"},{"floor":85,"key":"StoneCalendar"}],"event_choices":[{"damage_healed":0,"gold_gain":0,"player_choice":"Ignored","damage_taken":0,"max_hp_gain":0,"max_hp_loss":0,"event_name":"Golden Wing","floor":10,"gold_loss":0},{"cards_removed":["Defend_R"],"damage_healed":0,"gold_gain":0,"player_choice":"Offered Basic","damage_taken":0,"max_hp_gain":0,"max_hp_loss":0,"event_name":"Bonfire Elementals","floor":12,"gold_loss":0},{"damage_healed":0,"gold_gain":0,"player_choice":"Ignored","damage_taken":0,"max_hp_gain":0,"max_hp_loss":0,"event_name":"Vampires","floor":19,"gold_loss":0},{"damage_healed":0,"gold_gain":99,"player_choice":"Stole From Cult","damage_taken":0,"max_hp_gain":0,"max_hp_loss":0,"event_name":"Nest","floor":20,"gold_loss":0},{"damage_healed":0,"gold_gain":0,"player_choice":"Ignored","damage_taken":0,"max_hp_gain":0,"max_hp_loss":0,"event_name":"Ghosts","floor":21,"gold_loss":0},{"cards_removed":["Shrug It Off"],"damage_healed":0,"gold_gain":0,"player_choice":"Removed Skill","damage_taken":0,"max_hp_gain":0,"max_hp_loss":0,"event_name":"Falling","floor":36,"gold_loss":0},{"damage_healed":0,"gold_gain":0,"player_choice":"Ignored","damage_taken":0,"max_hp_gain":0,"max_hp_loss":0,"event_name":"Tomb of Lord Red Mask","floor":37,"gold_loss":0},{"damage_healed":0,"gold_gain":0,"player_choice":"Memory 1","damage_taken":0,"max_hp_gain":0,"max_hp_loss":0,"event_name":"SensoryStone","floor":39,"gold_loss":0},{"damage_healed":0,"gold_gain":0,"player_choice":"Success","damage_taken":33,"relics_obtained":["Pantograph"],"max_hp_gain":0,"max_hp_loss":0,"event_name":"Scrap Ooze","floor":53,"gold_loss":0},{"damage_healed":0,"gold_gain":0,"player_choice":"Searched \u00272\u0027 times","damage_taken":0,"relics_obtained":["Letter Opener"],"max_hp_gain":0,"max_hp_loss":0,"event_name":"Dead Adventurer","floor":54,"gold_loss":0},{"damage_healed":0,"gold_gain":0,"player_choice":"Ignored","damage_taken":0,"max_hp_gain":0,"max_hp_loss":0,"event_name":"Accursed Blacksmith","floor":61,"gold_loss":0},{"damage_healed":0,"gold_gain":0,"player_choice":"Shed Blood","damage_taken":24,"max_hp_gain":5,"max_hp_loss":0,"event_name":"Forgotten Altar","floor":71,"gold_loss":0},{"damage_healed":0,"gold_gain":0,"player_choice":"Paid","damage_taken":0,"relics_obtained":["Red Mask"],"max_hp_gain":0,"max_hp_loss":0,"event_name":"Tomb of Lord Red Mask","floor":89,"gold_loss":119},{"damage_healed":0,"gold_gain":0,"player_choice":"Gave Potion","damage_taken":0,"relics_obtained":["Blue Candle"],"max_hp_gain":0,"max_hp_loss":0,"event_name":"WeMeetAgain","floor":95,"gold_loss":0},{"damage_healed":0,"gold_gain":0,"player_choice":"Donut","damage_taken":0,"max_hp_gain":5,"max_hp_loss":0,"event_name":"Big Fish","floor":105,"gold_loss":0}],"is_beta":false,"boss_relics":[{"not_picked":["Ectoplasm","Tiny House"],"picked":"bronze:MakeshiftBattery"},{"not_picked":["Pandora\u0027s Box","SlaversCollar"],"picked":"Philosopher\u0027s Stone"},{"not_picked":["Busted Crown","Sozu"],"picked":"Runic Cube"},{"not_picked":["Snecko Eye","Pandora\u0027s Box"],"picked":"Coffee Dripper"},{"not_picked":["expansioncontent:StudyCardRelic","Fusion Hammer"],"picked":"Calling Bell"},{"not_picked":["Runic Dome","Astrolabe"],"picked":"Tiny House"}],"items_purged_floors":[64,72],"is_endless":true,"potions_floor_spawned":[3,4,8,16,23,25,28,29,35,45,52,56,63,65,69,70,75,79,88,90,97,98,99,101,104,106,113],"killed_by":"Gremlin Gang","ascension_level":5}}