{"host":"dyudzmz1c60osjjw","time":1611623375,"event":{"mods":["AchievementEnabler","BaseMod","BetterRewards","Colored Map","Conspire","Downfall","Duelist Mod","Friendly Minions","Hermit","Hubris","Infinite Spire","Koishi","Marisa????????","Minty Spire (QoL Compilation)","StSLib","The Administrix","The Animator","The Cursed","The Disciple","The Mystic","The Runesmith","The Servant 0.9.4"],"gold_per_floor":[116,132,132,151,151,151,179,201,279,307,307,322,341,341,341],"floor_reached":14,"language":"ENG","playtime":1283,"items_purged":[],"score":100,"play_id":"3637442d-ddc0-4ef4-9f85-fd6895faeb36","local_time":"20210126120935","is_ascension_mode":false,"campfire_choices":[{"floor":6,"key":"REST"},{"floor":11,"key":"REST"}],"circlet_count":0,"master_deck":["Strike_Br","Strike_Br","Strike_Br","Strike_Br","Defend_Br","Defend_Br","Defend_Br","Defend_Br","SecondHand","PatternShift","PrimeTime","EscortCommand","LockedWarPaint","infinitespire:Execution","DaylightSavings","BeatsPerMinute"],"relics":["Chronometer","Whetstone?","Juzu Bracelet","Odd Mushroom","Eternal Feather","infinitespire:Eraser"],"acts_visited":["Exordium"],"potions_floor_usage":[7,8],"damage_taken":[{"damage":0,"enemies":"2 Louse","floor":1,"turns":5},{"damage":2,"enemies":"Jaw Worm","floor":2,"turns":4},{"damage":0,"enemies":"Small Slimes","floor":4,"turns":3},{"damage":13,"enemies":"Lagavulin","floor":7,"turns":5},{"damage":27,"enemies":"The Mushroom Lair","floor":8,"turns":7},{"damage":11,"enemies":"3 Sentries","floor":10,"turns":11},{"damage":6,"enemies":"3 Louse","floor":12,"turns":4},{"damage":5,"enemies":"Large Slime","floor":13,"turns":4},{"damage":45,"enemies":"Gremlin Nob","floor":14,"turns":4}],"seed_played":"6623903798544344050","potions_obtained":[{"floor":1,"key":"ColorlessPotion"},{"floor":2,"key":"WardPotion"}],"is_trial":false,"path_per_floor":["M","M","?","M","?","R","E","?","T","E","R","M","M","E"],"character_chosen":"CHRONO_CLASS","items_purchased":[],"campfire_rested":2,"item_purchase_floors":[],"current_hp_per_floor":[71,69,69,69,52,71,58,31,31,20,50,44,39,0,0],"gold":341,"neow_bonus":"TEN_PERCENT_HP_BONUS","is_daily":false,"chose_seed":false,"campfire_upgraded":0,"win_rate":0.0,"timestamp":1611623375,"path_taken":["M","M","?","M","?","R","E","?","T","E","R","M","M","E"],"items_purchased_type":[],"build_version":"2020-12-22","purchased_purges":0,"victory":false,"max_hp_per_floor":[71,71,71,71,71,71,71,71,71,71,71,71,71,71,71],"card_choices":[{"not_picked":["ResonantCall","Parity"],"picked":"PrimeTime","floor":1},{"not_picked":["CrunchTime","LockedOrichalcum"],"picked":"EscortCommand","floor":2},{"not_picked":["Analog","PrimeTime"],"picked":"LockedWarPaint","floor":4},{"not_picked":["hubris:InfiniteBlow","infinitespire:UltimateForm"],"picked":"infinitespire:Execution","floor":5},{"not_picked":["ReapSow","LockedThread"],"picked":"DaylightSavings","floor":7},{"not_picked":["LockedBlood","LockedTurtyl","Echoward"],"picked":"SKIP","floor":10},{"not_picked":["Recurrance","CrunchTime","LockedPlans"],"picked":"SKIP","floor":12},{"not_picked":["BlueShift","Echoward"],"picked":"BeatsPerMinute","floor":13}],"player_experience":195263,"relics_obtained":[{"floor":7,"key":"Juzu Bracelet"},{"floor":8,"key":"Odd Mushroom"},{"floor":9,"key":"Eternal Feather"},{"floor":10,"key":"infinitespire:Eraser"}],"event_choices":[{"damage_healed":0,"gold_gain":0,"player_choice":"Fought Mushrooms","damage_taken":0,"max_hp_gain":0,"max_hp_loss":0,"event_name":"Mushrooms","floor":8,"gold_loss":0}],"is_beta":false,"boss_relics":[],"items_purged_floors":[],"is_endless":false,"potions_floor_spawned":[1,2],"killed_by":"Gremlin Nob","ascension_level":0}}