{"host":"52jmisti11ysmja4","time":1611704165,"event":{"mods":["Aspiration","BaseMod","Better Third Choice","Minty Spire (QoL Compilation)","Remove Card Discount Mod","StSLib","The Bug Knight","The Marked"],"gold_per_floor":[112,130,64,64,79,111,123,123,123,153,167,202,52,68,68,165,165,175,191,191,138,155,155,189,207,207,237,237,237,250,250,250],"floor_reached":31,"language":"ENG","playtime":2525,"items_purged":["theMarked:Strike","theMarked:Strike","theMarked:Strike","theMarked:Strike","theMarked:Strike","theMarked:Defend","theMarked:Defend","theMarked:Defend","theMarked:Defend"],"score":312,"play_id":"34c8b36b-afc6-41e2-9197-33e6716f2a48","local_time":"20210126153605","is_ascension_mode":false,"campfire_choices":[{"data":"theMarked:Parry","floor":8,"key":"SMITH"},{"data":"theMarked:MysticalArsenal","floor":15,"key":"SMITH"},{"data":"theMarked:ResourceFulStrike","floor":23,"key":"SMITH"},{"data":"theMarked:EternalStudent","floor":28,"key":"SMITH"}],"circlet_count":0,"master_deck":["theMarked:SoldierOfQuellstein+1","theMarked:Parry+1","theMarked:SwordAndMagic+1","theMarked:SwordAndMagic+1","theMarked:Overcharge","theMarked:Polarize","theMarked:MysticalArsenal+1","theMarked:Overcharge","theMarked:Aftermath","theMarked:ResourceFulStrike+1","theMarked:EternalStudent+1","theMarked:Frustration+1","theMarked:BanishingStrike","theMarked:HeightenedSenses"],"relics":["theMarked:ArtifactOfAir","NeowsBlessing","Tiny Chest","InkBottle","Odd Mushroom","Mummified Hand","Whetstone","Busted Crown","Nunchaku","Sundial","StoneCalendar","HornCleat"],"acts_visited":["Exordium","TheCity"],"potions_floor_usage":[6,12,16,22,22,24,24],"damage_taken":[{"damage":0,"enemies":"Jaw Worm","floor":1,"turns":1},{"damage":0,"enemies":"Cultist","floor":2,"turns":1},{"damage":0,"enemies":"2 Louse","floor":5,"turns":1},{"damage":13,"enemies":"3 Sentries","floor":6,"turns":6},{"damage":1,"enemies":"Exordium Wildlife","floor":7,"turns":2},{"damage":4,"enemies":"The Mushroom Lair","floor":10,"turns":2},{"damage":0,"enemies":"2 Fungi Beasts","floor":11,"turns":2},{"damage":0,"enemies":"Lagavulin","floor":12,"turns":2},{"damage":3,"enemies":"3 Louse","floor":14,"turns":3},{"damage":46,"enemies":"The Guardian","floor":16,"turns":6},{"damage":0,"enemies":"Spheric Guardian","floor":18,"turns":2},{"damage":5,"enemies":"3 Byrds","floor":19,"turns":3},{"damage":0,"enemies":"Snecko","floor":22,"turns":2},{"damage":2,"enemies":"Book of Stabbing","floor":24,"turns":2},{"damage":15,"enemies":"Centurion and Healer","floor":25,"turns":2},{"damage":12,"enemies":"Slavers","floor":27,"turns":3},{"damage":2,"enemies":"Shelled Parasite and Fungi","floor":30,"turns":2},{"damage":37,"enemies":"Gremlin Leader","floor":31,"turns":1}],"seed_played":"5151449082380992823","potions_obtained":[{"floor":1,"key":"LiquidBronze"},{"floor":7,"key":"SmokeBomb"},{"floor":10,"key":"Swift Potion"},{"floor":14,"key":"Energy Potion"},{"floor":18,"key":"EntropicBrew"},{"floor":22,"key":"Strength Potion"},{"floor":27,"key":"GamblersBrew"}],"is_trial":false,"path_per_floor":["M","M","$","?","M","E","M","R","T","?","M","E","$","M","R","B",null,"M","M","?","$","M","R","E","M","T","E","R","?","M","E"],"character_chosen":"THE_DEFAULT","items_purchased":["theMarked:SwordAndMagic","Whetstone","theMarked:BanishingStrike"],"campfire_rested":0,"item_purchase_floors":[3,13,21],"current_hp_per_floor":[70,70,70,70,70,57,56,56,56,52,52,52,52,49,49,3,70,70,65,65,65,65,65,63,48,48,36,36,36,34,0,0],"gold":250,"neow_bonus":"THREE_ENEMY_KILL","is_daily":false,"chose_seed":false,"campfire_upgraded":4,"win_rate":0.0,"timestamp":1611704165,"path_taken":["M","M","$","?","M","E","M","R","T","?","M","E","$","M","R","BOSS","M","M","?","$","M","R","E","M","T","E","R","?","M","E"],"items_purchased_type":["Card","Relic","Card"],"build_version":"2020-12-22","purchased_purges":9,"victory":false,"max_hp_per_floor":[70,70,70,70,70,70,70,70,70,70,70,70,70,70,70,70,70,70,70,70,70,70,70,70,70,70,70,70,70,70,70,70],"card_choices":[{"not_picked":["theMarked:Parkour","theMarked:ChannelForce"],"picked":"theMarked:Parry","floor":1},{"not_picked":["theMarked:BanishingStrike","theMarked:AttractMetal"],"picked":"theMarked:SwordAndMagic","floor":2},{"not_picked":["theMarked:HeightenedSenses","theMarked:Memento"],"picked":"theMarked:Overcharge","floor":5},{"not_picked":["theMarked:TurnInvisible","theMarked:EnhanceMovement","theMarked:TheMission"],"picked":"SKIP","floor":6},{"not_picked":["theMarked:TheMission","theMarked:Static"],"picked":"theMarked:Polarize","floor":7},{"not_picked":["theMarked:RogueSparks","theMarked:TwofoldDefense"],"picked":"theMarked:MysticalArsenal","floor":10},{"not_picked":["theMarked:TwofoldDefense","theMarked:Memento"],"picked":"theMarked:Overcharge","floor":11},{"not_picked":["theMarked:CreepingChasm","theMarked:Electrify"],"picked":"theMarked:Aftermath","floor":12},{"not_picked":["theMarked:Improvise","theMarked:SwordAndMagic"],"picked":"theMarked:ResourceFulStrike","floor":14},{"not_picked":["theMarked:Abjuration","theMarked:Challenge"],"picked":"theMarked:EternalStudent","floor":16},{"not_picked":["theMarked:WardOff"],"picked":"SKIP","floor":18},{"not_picked":[],"picked":"theMarked:Frustration+1","floor":19},{"not_picked":[],"picked":"theMarked:HeightenedSenses","floor":22},{"not_picked":["theMarked:TakeCover"],"picked":"SKIP","floor":24},{"not_picked":["theMarked:CreepingChasm"],"picked":"SKIP","floor":25},{"not_picked":["theMarked:Parkour"],"picked":"SKIP","floor":27},{"not_picked":["theMarked:WastefulAttack"],"picked":"SKIP","floor":30}],"player_experience":585402,"relics_obtained":[{"floor":6,"key":"Tiny Chest"},{"floor":9,"key":"InkBottle"},{"floor":10,"key":"Odd Mushroom"},{"floor":12,"key":"Mummified Hand"},{"floor":24,"key":"Nunchaku"},{"floor":26,"key":"Sundial"},{"floor":27,"key":"StoneCalendar"}],"event_choices":[{"damage_healed":0,"gold_gain":0,"player_choice":"Grow","damage_taken":0,"max_hp_gain":0,"max_hp_loss":0,"event_name":"Living Wall","floor":4,"gold_loss":0,"cards_upgraded":["theMarked:SoldierOfQuellstein"]},{"damage_healed":0,"gold_gain":0,"player_choice":"Fought Mushrooms","damage_taken":0,"max_hp_gain":0,"max_hp_loss":0,"event_name":"Mushrooms","floor":10,"gold_loss":0},{"damage_healed":0,"gold_gain":0,"player_choice":"Ignored","damage_taken":0,"max_hp_gain":0,"max_hp_loss":0,"event_name":"Ghosts","floor":20,"gold_loss":0},{"damage_healed":0,"gold_gain":0,"player_choice":"Gave Potion","damage_taken":0,"relics_obtained":["HornCleat"],"max_hp_gain":0,"max_hp_loss":0,"event_name":"WeMeetAgain","floor":29,"gold_loss":0}],"is_beta":false,"boss_relics":[{"not_picked":["Astrolabe","Runic Dome"],"picked":"Busted Crown"}],"items_purged_floors":[3,3,3,3,3,3,3,3,3],"is_endless":false,"potions_floor_spawned":[1,7,10,14,18,22,27],"killed_by":"Gremlin Leader","ascension_level":0}}