{"host":"ef3ybc9bdsabvdps","time":1611649686,"event":{"mods":["BaseMod","Minty Spire (QoL Compilation)"],"gold_per_floor":[118,131,131,56,67,99,119,119,145,170,170,22,22,22,22,22,22],"floor_reached":16,"language":"KOR","playtime":430,"items_purged":["Strike_B"],"score":130,"play_id":"6d5f4289-e343-4e7b-b0b0-e3c5e07f1df3","local_time":"20210126172806","is_ascension_mode":true,"campfire_choices":[{"floor":8,"key":"REST"},{"floor":11,"key":"REST"},{"floor":13,"key":"REST"},{"floor":15,"key":"REST"}],"circlet_count":0,"master_deck":["Strike_B","Strike_B","Strike_B","Defend_B+1","Defend_B+1","Defend_B","Defend_B","Zap+1","Dualcast","Gash","Gash","Auto Shields","White Noise","Seek"],"relics":["SlaversCollar","Akabeko","Omamori","Bag of Marbles","Membership Card"],"acts_visited":["Exordium"],"potions_floor_usage":[10],"damage_taken":[{"damage":5,"enemies":"Small Slimes","floor":1,"turns":3},{"damage":13,"enemies":"Jaw Worm","floor":2,"turns":5},{"damage":1,"enemies":"Cultist","floor":5,"turns":3},{"damage":15,"enemies":"Lagavulin","floor":6,"turns":7},{"damage":23,"enemies":"Large Slime","floor":7,"turns":6},{"damage":30,"enemies":"3 Sentries","floor":10,"turns":9},{"damage":0,"enemies":"Slime Boss","floor":16,"turns":1}],"seed_played":"2398999494888729630","potions_obtained":[{"floor":2,"key":"FearPotion"},{"floor":7,"key":"SpeedPotion"}],"is_trial":false,"path_per_floor":["M","M","?","$","M","E","M","R","T","E","R","$","R","?","R","B"],"character_chosen":"DEFECT","items_purchased":["Membership Card"],"campfire_rested":4,"item_purchase_floors":[12],"current_hp_per_floor":[70,57,57,57,56,41,18,40,40,10,32,32,54,39,61,61,61],"gold":22,"neow_bonus":"BOSS_RELIC","is_daily":false,"chose_seed":false,"campfire_upgraded":0,"win_rate":0.0,"timestamp":1611649686,"path_taken":["M","M","?","$","M","E","M","R","T","E","R","$","R","?","R","BOSS"],"items_purchased_type":["Relic"],"build_version":"2020-12-22","purchased_purges":1,"victory":false,"max_hp_per_floor":[75,75,75,75,75,75,75,75,75,75,75,75,75,75,75,75,75],"card_choices":[{"not_picked":["Redo","Storm"],"picked":"Gash","floor":1},{"not_picked":["Turbo","Undo"],"picked":"Gash","floor":2},{"not_picked":["Compile Driver","Coolheaded"],"picked":"Auto Shields","floor":5},{"not_picked":["FTL","Undo"],"picked":"White Noise","floor":6},{"not_picked":["Leap","Cold Snap","Reinforced Body"],"picked":"SKIP","floor":7},{"not_picked":["Capacitor","Melter"],"picked":"Seek","floor":10}],"player_experience":318520,"relics_obtained":[{"floor":6,"key":"Akabeko"},{"floor":9,"key":"Omamori"},{"floor":10,"key":"Bag of Marbles"}],"event_choices":[{"damage_healed":0,"gold_gain":0,"player_choice":"Grow","damage_taken":0,"max_hp_gain":0,"max_hp_loss":0,"event_name":"Living Wall","floor":3,"gold_loss":0,"cards_upgraded":["Zap"]},{"damage_healed":0,"gold_gain":0,"player_choice":"Entered Light","damage_taken":15,"max_hp_gain":0,"max_hp_loss":0,"event_name":"Shining Light","floor":14,"gold_loss":0,"cards_upgraded":["Defend_B","Defend_B"]}],"is_beta":false,"boss_relics":[],"items_purged_floors":[4],"is_endless":false,"potions_floor_spawned":[2,7],"killed_by":"Slime Boss","ascension_level":4}}