{"host":"q206iib20se9i6w7","time":1611687061,"event":{"mods":["AchievementEnabler","BaseMod","Bestiary","Block Reminder","Colored Map","Colored Powertips","Curses Come First","Googly Eyes","Highlight Path","Key Reminder","Minty Spire (QoL Compilation)","Quick Restart","Random Character Button","Relic Stats","StSLib","SuperFastMode","Unceasing Turn Reminder"],"gold_per_floor":[364,375,395,395,13,48,48,80,80,80,106,120,9,21,21,120,120,130,148,247,257,12,12,12,12],"floor_reached":24,"language":"ENG","playtime":1522,"items_purged":["Strike_B","Strike_B"],"score":302,"play_id":"f2705c21-c900-43ca-a3f8-81e5558717e5","local_time":"20210126125101","is_ascension_mode":true,"campfire_choices":[{"floor":7,"key":"REST"},{"floor":10,"key":"REST"},{"data":"Chaos","floor":15,"key":"SMITH"},{"floor":23,"key":"REST"}],"circlet_count":0,"master_deck":["Strike_B","Defend_B","Defend_B","Defend_B","Defend_B","Zap","Dualcast","Rip and Tear","Sweeping Beam","Sunder","Turbo","Chaos+1","Defragment","Skim","Loop","Compile Driver","Buffer","Hologram+1","Stack+1","Steam+1"],"relics":["Cracked Core","Question Card","Omamori","HornCleat","PreservedInsect","Gremlin Horn","Calipers","Velvet Choker","DataDisk"],"acts_visited":["Exordium","TheCity"],"potions_floor_usage":[6,16,19,24],"damage_taken":[{"damage":0,"enemies":"Cultist","floor":1,"turns":4},{"damage":0,"enemies":"Small Slimes","floor":2,"turns":2},{"damage":7,"enemies":"2 Louse","floor":3,"turns":2},{"damage":22,"enemies":"Lagavulin","floor":6,"turns":8},{"damage":20,"enemies":"3 Sentries","floor":8,"turns":6},{"damage":18,"enemies":"Lagavulin","floor":11,"turns":6},{"damage":0,"enemies":"Large Slime","floor":12,"turns":3},{"damage":4,"enemies":"3 Louse","floor":14,"turns":2},{"damage":8,"enemies":"Hexaghost","floor":16,"turns":7},{"damage":27,"enemies":"Shell Parasite","floor":18,"turns":5},{"damage":10,"enemies":"2 Thieves","floor":19,"turns":4},{"damage":12,"enemies":"Cultist and Chosen","floor":21,"turns":6},{"damage":33,"enemies":"Gremlin Leader","floor":24,"turns":5}],"seed_played":"-3266193163701988646","potions_obtained":[{"floor":1,"key":"Weak Potion"},{"floor":2,"key":"FocusPotion"},{"floor":14,"key":"SpeedPotion"},{"floor":18,"key":"DistilledChaos"},{"floor":19,"key":"Strength Potion"}],"is_trial":false,"path_per_floor":["M","M","M","?","$","E","R","E","T","R","E","M","$","M","R","B",null,"M","M","?","M","$","R","E"],"character_chosen":"DEFECT","items_purchased":["Question Card","Omamori","Loop","DataDisk"],"campfire_rested":3,"item_purchase_floors":[5,5,13,22],"current_hp_per_floor":[50,50,43,43,43,21,43,23,23,45,27,27,27,23,23,15,60,33,23,23,11,11,33,0,0],"gold":12,"neow_bonus":"TWO_FIFTY_GOLD","is_daily":false,"chose_seed":false,"campfire_upgraded":1,"win_rate":0.0,"timestamp":1611687061,"path_taken":["M","M","?","?","?","E","R","E","T","R","E","?","$","M","R","BOSS","M","?","?","M","$","R","E"],"items_purchased_type":["Relic","Relic","Card","Relic"],"build_version":"2020-12-22","purchased_purges":2,"victory":false,"max_hp_per_floor":[75,75,75,75,75,75,75,75,75,75,75,75,75,75,75,75,75,75,75,75,75,75,75,75,75],"relic_stats":{"Gremlin Horn":[7,7],"counters":[13,60],"PreservedInsect":75,"Question Card":9,"obtain_stats":[{"DataDisk":22,"HornCleat":6,"Calipers":11,"Gremlin Horn":9,"Velvet Choker":17,"PreservedInsect":8,"Omamori":5,"Cracked Core":0,"Question Card":5},{"DataDisk":12,"HornCleat":4,"Calipers":6,"Gremlin Horn":5,"Velvet Choker":9,"PreservedInsect":5,"Omamori":3,"Cracked Core":0,"Question Card":3},{"DataDisk":55,"HornCleat":16,"Calipers":28,"Gremlin Horn":22,"Velvet Choker":40,"PreservedInsect":22,"Omamori":8,"Cracked Core":0,"Question Card":8}]},"card_choices":[{"not_picked":["Rebound","Loop"],"picked":"Rip and Tear","floor":1},{"not_picked":["Reprogram","Heatsinks"],"picked":"Sweeping Beam","floor":2},{"not_picked":["Barrage","Steam"],"picked":"Sunder","floor":3},{"not_picked":["Double Energy","Scrape","Steam"],"picked":"Turbo","floor":6},{"not_picked":["Amplify","Sweeping Beam","Steam"],"picked":"Chaos","floor":8},{"not_picked":["Coolheaded","Turbo","Steam"],"picked":"Defragment","floor":11},{"not_picked":["Recycle","Hello World","Go for the Eyes"],"picked":"Skim","floor":12},{"not_picked":["Redo","BootSequence","Conserve Battery"],"picked":"Compile Driver","floor":14},{"not_picked":["All For One","Hyperbeam","Thunder Strike"],"picked":"Buffer","floor":16},{"not_picked":["Stack","Compile Driver+1","Steam"],"picked":"Hologram+1","floor":18},{"not_picked":["Ball Lightning","Fusion+1","Biased Cognition"],"picked":"Stack+1","floor":19},{"not_picked":["Compile Driver+1","Beam Cell","Loop"],"picked":"Steam+1","floor":21}],"player_experience":276951,"relics_obtained":[{"floor":6,"key":"HornCleat"},{"floor":8,"key":"PreservedInsect"},{"floor":9,"key":"Gremlin Horn"},{"floor":11,"key":"Calipers"}],"event_choices":[{"cards_removed":["Strike_B"],"damage_healed":0,"gold_gain":0,"player_choice":"Offered Basic","damage_taken":0,"max_hp_gain":0,"max_hp_loss":0,"event_name":"Bonfire Elementals","floor":4,"gold_loss":0},{"damage_healed":0,"gold_gain":99,"player_choice":"Stole From Cult","damage_taken":0,"max_hp_gain":0,"max_hp_loss":0,"event_name":"Nest","floor":20,"gold_loss":0}],"is_beta":false,"boss_relics":[{"not_picked":["Runic Pyramid","Tiny House"],"picked":"Velvet Choker"}],"items_purged_floors":[13,22],"is_endless":false,"potions_floor_spawned":[1,2,14,18,19],"killed_by":"Gremlin Leader","ascension_level":8}}