{"host":"f6w7z8zvb0mi4wy9","time":1611687565,"event":{"mods":["BaseMod","Colored Map","Minty Spire (QoL Compilation)","READ ME - Guardian Mod","StSLib","SuperFastMode","The Jungle"],"gold_per_floor":[119,119,119,37,48,3,20,51,51,51,85,85,102,127,127,232,232,252,252,56,56,76,102,201,201,201],"floor_reached":25,"language":"KOR","playtime":442,"items_purged":[],"score":441,"play_id":"1b844722-9281-450b-9b28-eeda12e8033c","local_time":"20210127035925","is_ascension_mode":true,"campfire_choices":[{"data":"Creative AI","floor":10.0,"key":"SMITH"},{"data":"Zap","floor":12.0,"key":"SMITH"},{"data":"Dualcast","floor":15.0,"key":"SMITH"}],"circlet_count":0,"master_deck":["Strike_B+1","Strike_B+1","Strike_B","Strike_B","Defend_B","Defend_B","Defend_B","Defend_B","Zap+1","Dualcast+1","Streamline","Dramatic Entrance","Electrodynamics","Cold Snap","Bandage Up","Gash","Ball Lightning","Beam Cell","Creative AI+1","Steam","Core Surge","Gash","Trip","Hologram"],"relics":["Cracked Core","NeowsBlessing","Ice Cream","Mango","Juzu Bracelet","Eternal Feather","Black Star","PreservedInsect","Smiling Mask"],"acts_visited":["Exordium","TheCity"],"potions_floor_usage":[],"damage_taken":[{"damage":0.0,"enemies":"Jaw Worm","floor":1.0,"turns":1.0},{"damage":0.0,"enemies":"Small Slimes","floor":5.0,"turns":1.0},{"damage":0.0,"enemies":"Cultist","floor":7.0,"turns":1.0},{"damage":25.0,"enemies":"Gremlin Nob","floor":8.0,"turns":4.0},{"damage":10.0,"enemies":"3 Sentries","floor":11.0,"turns":3.0},{"damage":7.0,"enemies":"2 Fungi Beasts","floor":13.0,"turns":2.0},{"damage":20.0,"enemies":"Gremlin Nob","floor":14.0,"turns":4.0},{"damage":0.0,"enemies":"Slime Boss","floor":16.0,"turns":6.0},{"damage":17.0,"enemies":"Spheric Guardian","floor":18.0,"turns":4.0},{"damage":51.0,"enemies":"2 Thieves","floor":22.0,"turns":4.0},{"damage":19.0,"enemies":"Book of Stabbing","floor":23.0,"turns":3.0},{"damage":11,"enemies":"Masked Bandits","floor":25,"turns":2}],"seed_played":"-1659767816551259376","potions_obtained":[{"floor":7.0,"key":"EssenceOfSteel"},{"floor":8.0,"key":"AttackPotion"},{"floor":16.0,"key":"Energy Potion"},{"floor":21.0,"key":"Regen Potion"},{"floor":21.0,"key":"LiquidBronze"},{"floor":22.0,"key":"EntropicBrew"}],"is_trial":false,"path_per_floor":["M","?","?","$","M","$","M","E","T","R","E","R","M","E","R","B",null,"M","?","$","?","M","E","?","?"],"character_chosen":"DEFECT","items_purchased":["Bandage Up","Ball Lightning","Fruit Juice","Trip"],"campfire_rested":0,"item_purchase_floors":[4,6,20,20],"current_hp_per_floor":[68,53,53,53,53,53,53,32,46,46,36,36,29,13,25,29,74,57,57,62,62,27,8,8,0,0],"gold":201,"neow_bonus":"THREE_ENEMY_KILL","is_daily":false,"chose_seed":false,"campfire_upgraded":3,"win_rate":0.0,"timestamp":1611687565,"path_taken":["M","?","?","$","M","$","?","E","T","R","E","R","M","E","R","BOSS","M","?","$","?","M","E","?","?"],"items_purchased_type":["Card","Card","Potion","Card"],"build_version":"2020-12-22","purchased_purges":0,"victory":false,"max_hp_per_floor":[75,75,75,75,75,75,75,75,89,89,89,89,89,89,89,89,89,89,89,94,94,94,94,94,94,94],"card_choices":[{"not_picked":["Coolheaded","Rip and Tear"],"picked":"Streamline","floor":1.0},{"not_picked":["Streamline","Go for the Eyes"],"picked":"Gash","floor":5.0},{"not_picked":["Storm","Hologram"],"picked":"Beam Cell","floor":7.0},{"not_picked":["Sunder","Streamline"],"picked":"Creative AI","floor":8.0},{"not_picked":["Coolheaded","Hello World"],"picked":"Steam","floor":11.0},{"not_picked":["Beam Cell","Compile Driver","Skim"],"picked":"SKIP","floor":13.0},{"not_picked":["Compile Driver","Leap","Doom and Gloom"],"picked":"SKIP","floor":14.0},{"not_picked":["Buffer","Seek"],"picked":"Core Surge","floor":16.0},{"not_picked":["Darkness","Hello World+1"],"picked":"Gash","floor":18.0},{"not_picked":["Rip and Tear+1","Ball Lightning","Coolheaded"],"picked":"SKIP","floor":22.0},{"not_picked":["Turbo+1","Sweeping Beam"],"picked":"Hologram","floor":23.0}],"player_experience":901651,"relics_obtained":[{"floor":8.0,"key":"Ice Cream"},{"floor":9.0,"key":"Mango"},{"floor":11.0,"key":"Juzu Bracelet"},{"floor":14.0,"key":"Eternal Feather"},{"floor":23.0,"key":"PreservedInsect"},{"floor":23.0,"key":"Smiling Mask"}],"event_choices":[{"damage_healed":0.0,"max_hp_gain":0.0,"max_hp_loss":0.0,"gold_gain":0.0,"event_name":"Shining Light","player_choice":"Entered Light","floor":2.0,"gold_loss":0.0,"damage_taken":15.0,"cards_upgraded":["Strike_B","Strike_B"]},{"damage_healed":0.0,"max_hp_gain":0.0,"max_hp_loss":0.0,"gold_gain":0.0,"event_name":"Match and Keep!","player_choice":"3 cards matched","floor":3.0,"gold_loss":0.0,"damage_taken":0.0,"cards_obtained":["Dramatic Entrance","Electrodynamics","Cold Snap"]},{"damage_healed":0.0,"max_hp_gain":0.0,"max_hp_loss":0.0,"gold_gain":0.0,"event_name":"Cursed Tome","player_choice":"Ignored","floor":19.0,"gold_loss":0.0,"damage_taken":0.0},{"damage_healed":0.0,"max_hp_gain":0.0,"max_hp_loss":0.0,"gold_gain":0.0,"event_name":"Lab","player_choice":"Got Potions","floor":21.0,"gold_loss":0.0,"damage_taken":0.0},{"damage_healed":0.0,"max_hp_gain":0.0,"max_hp_loss":0.0,"gold_gain":99.0,"event_name":"Nest","player_choice":"Stole From Cult","floor":24.0,"gold_loss":0.0,"damage_taken":0.0},{"damage_healed":0,"gold_gain":0,"player_choice":"Fought Bandits","damage_taken":0,"max_hp_gain":0,"max_hp_loss":0,"event_name":"Masked Bandits","floor":25,"gold_loss":0}],"is_beta":false,"boss_relics":[{"not_picked":["Empty Cage","Fusion Hammer"],"picked":"Black Star"}],"items_purged_floors":[],"is_endless":false,"potions_floor_spawned":[7,8,16,22],"killed_by":"Masked Bandits","ascension_level":9}}