{"host":"uv231blk40vjdojr","time":1611673989,"event":{"mods":["AchievementEnabler","BaseMod","Bestiary","Minty Spire (QoL Compilation)","Relic Stats"],"gold_per_floor":[112,112,112,112,123,123,156,156,180,44,61,61,77,109,109,186,186,198,198,227,241,23,23,23,53,128,128,147,147,165,165,165],"floor_reached":31,"language":"ENG","playtime":716,"items_purged":[],"score":572,"play_id":"7dda0792-6264-4416-b6e8-c208857660aa","local_time":"20210126161309","is_ascension_mode":true,"campfire_choices":[{"data":"Cold Snap","floor":6.0,"key":"SMITH"},{"floor":15.0,"key":"REST"},{"floor":23,"key":"REST"},{"floor":27,"key":"REST"}],"circlet_count":0,"master_deck":["AscendersBane","Strike_B","Strike_B","Defend_B","Defend_B","Zap","Dualcast","Coolheaded","Cold Snap+1","Static Discharge","Streamline","Hologram","Biased Cognition","Leap","Biased Cognition","Doom and Gloom","FTL","Genetic Algorithm+1","Ball Lightning+1","Loop","Core Surge"],"relics":["Cracked Core","NeowsBlessing","Tiny Chest","CultistMask","Potion Belt","Mercury Hourglass","Akabeko","Runic Dome","Red Mask","Bag of Preparation","Calipers","Kunai","Symbiotic Virus"],"acts_visited":["Exordium","TheCity"],"potions_floor_usage":[25,25,25],"damage_taken":[{"damage":0.0,"enemies":"Jaw Worm","floor":1.0,"turns":1.0},{"damage":0.0,"enemies":"2 Louse","floor":5.0,"turns":1.0},{"damage":0.0,"enemies":"3 Sentries","floor":7.0,"turns":1.0},{"damage":8.0,"enemies":"Small Slimes","floor":11.0,"turns":3.0},{"damage":4.0,"enemies":"Exordium Thugs","floor":13.0,"turns":3.0},{"damage":44.0,"enemies":"Gremlin Nob","floor":14.0,"turns":4.0},{"damage":20.0,"enemies":"The Guardian","floor":16.0,"turns":8.0},{"damage":22,"enemies":"Shell Parasite","floor":18,"turns":5},{"damage":9,"enemies":"Masked Bandits","floor":20,"turns":3},{"damage":16,"enemies":"2 Thieves","floor":21,"turns":2},{"damage":4,"enemies":"Book of Stabbing","floor":25,"turns":4},{"damage":0,"enemies":"Cultist and Chosen","floor":28,"turns":4},{"damage":0,"enemies":"Snake Plant","floor":30,"turns":3},{"damage":43,"enemies":"Gremlin Leader","floor":31,"turns":2}],"seed_played":"6568603851703892155","potions_obtained":[{"floor":7.0,"key":"Strength Potion"},{"floor":13.0,"key":"LiquidBronze"},{"floor":18,"key":"Dexterity Potion"},{"floor":25,"key":"Explosive Potion"},{"floor":28,"key":"Explosive Potion"},{"floor":30,"key":"AttackPotion"}],"is_trial":false,"path_per_floor":["M","?","?","?","M","R","E","?","T","$","M","T","M","E","R","B",null,"M","?","?","M","$","R","?","E","T","R","M","T","M","E"],"character_chosen":"DEFECT","items_purchased":["Streamline","Regen Potion","Bag of Preparation","Weak Potion"],"campfire_rested":3,"item_purchase_floors":[10,10,22,22],"current_hp_per_floor":[64,57,46,46,46,46,46,46,46,46,38,38,34,2,23,3,54,32,32,23,7,7,28,16,12,12,33,33,33,33,0,0],"gold":165,"neow_bonus":"THREE_ENEMY_KILL","is_daily":false,"chose_seed":false,"campfire_upgraded":1,"win_rate":0.0,"timestamp":1611673989,"path_taken":["M","?","?","?","?","R","E","?","T","$","M","?","M","E","R","BOSS","M","?","?","M","$","R","?","E","T","R","M","?","M","E"],"items_purchased_type":["Card","Potion","Relic","Potion"],"build_version":"2020-12-22","purchased_purges":0,"victory":false,"max_hp_per_floor":[71,71,71,71,71,71,71,71,71,71,71,71,71,71,71,71,71,71,71,71,71,71,71,71,71,71,71,71,71,71,71,71],"relic_stats":{"counters":[14,44],"Tiny Chest":2,"Bag of Preparation":[8],"Kunai":[2],"obtain_stats":[{"Potion Belt":7,"Calipers":25,"NeowsBlessing":0,"Bag of Preparation":22,"Akabeko":14,"Mercury Hourglass":12,"Runic Dome":17,"Tiny Chest":3,"CultistMask":4,"Red Mask":20,"Kunai":26,"Cracked Core":0,"Symbiotic Virus":29},{"Potion Belt":3,"Calipers":11,"NeowsBlessing":0,"Bag of Preparation":10,"Akabeko":6,"Mercury Hourglass":4,"Runic Dome":7,"Tiny Chest":1,"CultistMask":1,"Red Mask":9,"Kunai":11,"Cracked Core":0,"Symbiotic Virus":12},{"Potion Belt":3,"Calipers":35,"NeowsBlessing":0,"Bag of Preparation":31,"Akabeko":13,"Mercury Hourglass":6,"Runic Dome":21,"Tiny Chest":1,"CultistMask":1,"Red Mask":29,"Kunai":35,"Cracked Core":0,"Symbiotic Virus":39}],"Mercury Hourglass":[129]},"card_choices":[{"not_picked":["Gash","Heatsinks"],"picked":"Coolheaded","floor":1.0},{"not_picked":["Beam Cell","Loop"],"picked":"Cold Snap","floor":5.0},{"not_picked":["Gash","Consume"],"picked":"Static Discharge","floor":7.0},{"not_picked":["Turbo","Streamline","Fusion"],"picked":"SKIP","floor":11.0},{"not_picked":["Redo","Double Energy"],"picked":"Hologram","floor":13.0},{"not_picked":["Sunder","Rip and Tear","Fusion"],"picked":"SKIP","floor":14.0},{"not_picked":["Buffer","Fission"],"picked":"Biased Cognition","floor":16.0},{"not_picked":["Coolheaded","Redo"],"picked":"Leap","floor":18},{"not_picked":["Capacitor","Coolheaded"],"picked":"FTL","floor":20},{"not_picked":["Hologram","Go for the Eyes+1"],"picked":"Genetic Algorithm+1","floor":21},{"not_picked":["Cold Snap","Storm"],"picked":"Ball Lightning+1","floor":25},{"not_picked":["Rebound","Compile Driver"],"picked":"Loop","floor":28},{"not_picked":["Sweeping Beam","Scrape"],"picked":"Core Surge","floor":30}],"player_experience":721979,"relics_obtained":[{"floor":7.0,"key":"Potion Belt"},{"floor":12.0,"key":"Mercury Hourglass"},{"floor":14.0,"key":"Akabeko"},{"floor":20,"key":"Red Mask"},{"floor":25,"key":"Calipers"},{"floor":26,"key":"Kunai"},{"floor":29,"key":"Symbiotic Virus"}],"event_choices":[{"cards_removed":["Defend_B"],"damage_healed":0.0,"max_hp_gain":0.0,"max_hp_loss":0.0,"gold_gain":0.0,"event_name":"Golden Wing","player_choice":"Card Removal","floor":2.0,"gold_loss":0.0,"damage_taken":7.0},{"damage_healed":0.0,"max_hp_gain":0.0,"max_hp_loss":0.0,"gold_gain":0.0,"event_name":"Scrap Ooze","player_choice":"Success","floor":3.0,"gold_loss":0.0,"damage_taken":11.0,"relics_obtained":["Tiny Chest"]},{"damage_healed":0.0,"max_hp_gain":0.0,"max_hp_loss":0.0,"gold_gain":0.0,"event_name":"FaceTrader","player_choice":"Trade","floor":4.0,"gold_loss":0.0,"damage_taken":0.0,"relics_obtained":["CultistMask"]},{"cards_removed":["Strike_B"],"damage_healed":0.0,"max_hp_gain":0.0,"max_hp_loss":0.0,"gold_gain":0.0,"event_name":"Bonfire Elementals","player_choice":"Offered Basic","floor":8.0,"gold_loss":0.0,"damage_taken":0.0},{"damage_healed":0,"gold_gain":0,"cards_transformed":["Strike_B","Defend_B"],"player_choice":"Became Test Subject","damage_taken":0,"max_hp_gain":0,"max_hp_loss":0,"event_name":"Drug Dealer","floor":19,"gold_loss":0,"cards_obtained":["Biased Cognition","Doom and Gloom"]},{"damage_healed":0,"gold_gain":0,"player_choice":"Fought Bandits","damage_taken":0,"max_hp_gain":0,"max_hp_loss":0,"event_name":"Masked Bandits","floor":20,"gold_loss":0},{"damage_healed":0,"gold_gain":0,"player_choice":"POTION ","damage_taken":12,"max_hp_gain":0,"max_hp_loss":0,"event_name":"Knowing Skull","floor":24,"potions_obtained":["PotionOfCapacity"],"gold_loss":0,"cards_obtained":[]}],"is_beta":false,"boss_relics":[{"not_picked":["Runic Pyramid","Busted Crown"],"picked":"Runic Dome"}],"items_purged_floors":[],"is_endless":false,"potions_floor_spawned":[7,13,18,25,28,30],"killed_by":"Gremlin Leader","ascension_level":20}}