{"host":"g01l53quoe6lrer0","time":1611673548,"event":{"mods":["2.2 Compatiblity","AchievementEnabler","BaseMod","Colored Map","Highlight Path","Keyboard Shortcuts","Minty Spire (QoL Compilation)","Permanent Neow","StSLib","SuperFastMode","everything is the same but u backflip on backflip"],"gold_per_floor":[154,154,154,193,229,229,229,229,254,299,398,444,480,28,28,176,176,220,238,438,454,354,354,420,420,420,420,420,420,345,388,388,466,466,509,509,529,529,529,529,529,529],"floor_reached":41,"language":"KOR","playtime":1204,"items_purged":["Strike_G","Defend_G"],"score":748,"play_id":"b921b8e1-b3cd-4521-abe5-66d52e360fe5","local_time":"20210127000548","is_ascension_mode":true,"campfire_choices":[{"data":"HandOfGreed","floor":6.0,"key":"SMITH"},{"floor":8.0,"key":"REST"},{"floor":15.0,"key":"REST"},{"data":"Malaise","floor":23.0,"key":"SMITH"},{"data":"Accuracy","floor":25.0,"key":"SMITH"},{"data":"Neutralize","floor":27.0,"key":"SMITH"},{"data":"Infinite Blades","floor":29.0,"key":"SMITH"},{"data":"Night Terror","floor":32,"key":"SMITH"},{"data":"A Thousand Cuts","floor":40,"key":"SMITH"}],"circlet_count":0,"master_deck":["AscendersBane","Defend_G","Defend_G","Defend_G","Survivor","Neutralize+1","HandOfGreed+1","All Out Attack","Blade Dance","Quick Slash","Accuracy+1","Infinite Blades+1","Backflip","Blade Dance","Backflip","Malaise+1","Dagger Throw","PiercingWail","Acrobatics","Caltrops+1","Night Terror+1","Masterful Stab","Blade Dance","A Thousand Cuts+1","Accuracy","Footwork","Writhe"],"relics":["Ring of the Snake","Bloody Idol","Vajra","Matryoshka","Tough Bandages","Coffee Dripper","The Courier","Pocketwatch","Empty Cage"],"acts_visited":["Exordium","TheCity","TheBeyond"],"potions_floor_usage":[31,41],"damage_taken":[{"damage":2.0,"enemies":"Small Slimes","floor":1.0,"turns":3.0},{"damage":0.0,"enemies":"Cultist","floor":4.0,"turns":3.0},{"damage":2.0,"enemies":"Jaw Worm","floor":5.0,"turns":3.0},{"damage":0.0,"enemies":"3 Louse","floor":10.0,"turns":2.0},{"damage":1.0,"enemies":"Lots of Slimes","floor":11.0,"turns":8.0},{"damage":6.0,"enemies":"Looter","floor":12.0,"turns":2.0},{"damage":6.0,"enemies":"Lagavulin","floor":13.0,"turns":5.0},{"damage":13.0,"enemies":"Slime Boss","floor":16.0,"turns":14.0},{"damage":1.0,"enemies":"Chosen","floor":18.0,"turns":5.0},{"damage":14.0,"enemies":"2 Thieves","floor":19.0,"turns":4.0},{"damage":10.0,"enemies":"Snake Plant","floor":21.0,"turns":7.0},{"damage":12.0,"enemies":"Shelled Parasite and Fungi","floor":24.0,"turns":5.0},{"damage":1,"enemies":"3 Cultists","floor":31,"turns":5},{"damage":29,"enemies":"Collector","floor":33,"turns":7},{"damage":3,"enemies":"Orb Walker","floor":35,"turns":2},{"damage":55,"enemies":"3 Darklings","floor":37,"turns":6},{"damage":47,"enemies":"Transient","floor":41,"turns":3}],"seed_played":"3484589991599672794","potions_obtained":[{"floor":1.0,"key":"PowerPotion"},{"floor":4.0,"key":"SpeedPotion"},{"floor":13.0,"key":"FairyPotion"},{"floor":16.0,"key":"GamblersBrew"},{"floor":21.0,"key":"LiquidBronze"},{"floor":35,"key":"Swift Potion"}],"is_trial":false,"path_per_floor":["M","?","?","M","M","R","?","R","T","M","M","M","E","$","R","B",null,"M","M","?","M","$","R","M","R","T","R","?","R","?","M","R","B",null,"M","?","M","?","?","R","M"],"character_chosen":"THE_SILENT","items_purchased":["Tough Bandages","Backflip"],"campfire_rested":2,"item_purchase_floors":[14,14],"current_hp_per_floor":[42,42,42,42,40,40,33,51,51,51,50,44,38,38,56,43,56,55,41,41,31,31,31,19,19,19,19,19,19,19,28,28,23,51,58,58,8,8,20,20,0,0],"gold":529,"neow_bonus":"RANDOM_COLORLESS_2","is_daily":false,"chose_seed":false,"campfire_upgraded":7,"win_rate":0.0,"timestamp":1611673548,"path_taken":["M","?","?","M","M","R","?","R","T","M","M","M","E","$","R","BOSS","M","M","?","?","$","R","M","R","T","R","?","R","?","?","R","BOSS","M","?","?","?","?","R","M"],"items_purchased_type":["Relic","Card"],"build_version":"2020-12-22","purchased_purges":2,"victory":false,"max_hp_per_floor":[66,60,60,60,60,60,60,60,60,60,60,60,60,60,60,60,60,60,60,60,60,60,60,60,60,60,60,60,60,60,60,60,60,60,60,60,60,60,60,60,60,60],"card_choices":[{"not_picked":["Magnetism","Violence"],"picked":"HandOfGreed","floor":0.0},{"not_picked":["Dagger Spray","Poisoned Stab"],"picked":"All Out Attack","floor":1.0},{"not_picked":["Dodge and Roll","Outmaneuver"],"picked":"Blade Dance","floor":4.0},{"not_picked":["Dagger Spray","Deadly Poison"],"picked":"Quick Slash","floor":5.0},{"not_picked":["Blade Dance","Backflip"],"picked":"Accuracy","floor":10.0},{"not_picked":["Wraith Form v2","Skewer"],"picked":"Infinite Blades","floor":11.0},{"not_picked":["Well Laid Plans","Quick Slash"],"picked":"Backflip","floor":12.0},{"not_picked":["Concentrate","Backstab"],"picked":"Blade Dance","floor":13.0},{"not_picked":["Venomology","Grand Finale"],"picked":"Malaise","floor":16.0},{"not_picked":["Sucker Punch","Bane"],"picked":"Dagger Throw","floor":18.0},{"not_picked":["Dagger Spray","Deflect"],"picked":"PiercingWail","floor":19.0},{"not_picked":["Dagger Spray","Catalyst"],"picked":"Acrobatics","floor":21.0},{"not_picked":["Poisoned Stab","Tools of the Trade"],"picked":"Caltrops+1","floor":24.0},{"not_picked":["Concentrate","Expertise"],"picked":"Blade Dance","floor":31},{"not_picked":["Venomology","Grand Finale"],"picked":"A Thousand Cuts","floor":33},{"not_picked":["Calculated Gamble","Quick Slash"],"picked":"Accuracy","floor":35},{"not_picked":["Slice+1","Backflip"],"picked":"Footwork","floor":37}],"player_experience":303442,"relics_obtained":[{"floor":9.0,"key":"Vajra"},{"floor":13.0,"key":"Matryoshka"},{"floor":26.0,"key":"The Courier"},{"floor":26.0,"key":"Pocketwatch"}],"event_choices":[{"damage_healed":0.0,"max_hp_gain":0.0,"max_hp_loss":6.0,"gold_gain":0.0,"event_name":"Golden Idol","player_choice":"Lose Max HP","floor":2.0,"gold_loss":0.0,"damage_taken":0.0,"relics_obtained":["Golden Idol"]},{"damage_healed":0.0,"max_hp_gain":0.0,"max_hp_loss":0.0,"gold_gain":0.0,"event_name":"Liars Game","player_choice":"Ignored","floor":3.0,"gold_loss":0.0,"damage_taken":0.0},{"cards_removed":["Strike_G"],"damage_healed":0.0,"max_hp_gain":0.0,"max_hp_loss":0.0,"gold_gain":0.0,"event_name":"Golden Wing","player_choice":"Card Removal","floor":7.0,"gold_loss":0.0,"damage_taken":7.0},{"damage_healed":0.0,"max_hp_gain":0.0,"max_hp_loss":0.0,"gold_gain":250.0,"event_name":"The Joust","player_choice":"Bet on Owner","floor":20.0,"gold_loss":50.0,"damage_taken":0.0},{"damage_healed":0.0,"max_hp_gain":0.0,"max_hp_loss":0.0,"gold_gain":0.0,"event_name":"Forgotten Altar","player_choice":"Gave Idol","floor":28.0,"relics_lost":["Golden Idol"],"gold_loss":0.0,"damage_taken":0.0,"relics_obtained":["Bloody Idol"]},{"damage_healed":0.0,"max_hp_gain":0.0,"max_hp_loss":0.0,"gold_gain":0.0,"cards_transformed":["Strike_G","Strike_G"],"event_name":"Designer","player_choice":"Transformed Cards","floor":30.0,"gold_loss":75.0,"damage_taken":0.0,"cards_obtained":["Night Terror","Masterful Stab"]},{"damage_healed":0,"gold_gain":0,"player_choice":"0 cards matched","damage_taken":0,"max_hp_gain":0,"max_hp_loss":0,"event_name":"Match and Keep!","floor":36,"gold_loss":0,"cards_obtained":[]},{"damage_healed":0,"gold_gain":0,"player_choice":"Ignored","damage_taken":0,"max_hp_gain":0,"max_hp_loss":0,"event_name":"Tomb of Lord Red Mask","floor":38,"gold_loss":0},{"damage_healed":12,"gold_gain":0,"player_choice":"Writhe","damage_taken":0,"max_hp_gain":0,"max_hp_loss":0,"event_name":"Winding Halls","floor":39,"gold_loss":0,"cards_obtained":["Writhe"]}],"is_beta":false,"boss_relics":[{"not_picked":["Velvet Choker","Ectoplasm"],"picked":"Coffee Dripper"},{"not_picked":["Ring of the Serpent","Pandora\u0027s Box"],"picked":"Empty Cage"}],"items_purged_floors":[14,22],"is_endless":false,"potions_floor_spawned":[1,4,13,16,21,35],"killed_by":"Transient","ascension_level":17}}