{"host":"zrg8yzdwi219jxzu","time":1611634906,"event":{"mods":["BaseMod","Dio Mod","Minty Spire (QoL Compilation)","StSLib","The IronCluck","slay the spire mod where everything is the same but ironclad has a cowboy hat"],"gold_per_floor":[109,124,399,410,422,448,448],"floor_reached":6,"language":"ENG","playtime":205,"items_purged":[],"score":48,"play_id":"c22308d3-8a25-4528-a95f-8bc3d42f7ab2","local_time":"20210125232146","is_ascension_mode":false,"campfire_choices":[],"circlet_count":0,"master_deck":["dioMod:Strike","dioMod:Strike","dioMod:Strike","dioMod:Strike","Bite","dioMod:Defend","dioMod:Defend","dioMod:Defend","dioMod:Defend","dioMod:GoodbyeJojo","dioMod:VengefulMuda","Regret","dioMod:FlyAway","dioMod:BlendIn"],"relics":["dioMod:VampireBlood","NeowsBlessing","Bottled Flame"],"acts_visited":["Exordium"],"potions_floor_usage":[6],"damage_taken":[{"damage":0,"enemies":"Small Slimes","floor":1,"turns":2},{"damage":0,"enemies":"Cultist","floor":2,"turns":1},{"damage":0,"enemies":"2 Louse","floor":4,"turns":1},{"damage":2,"enemies":"Looter","floor":5,"turns":4},{"damage":58,"enemies":"Lagavulin","floor":6,"turns":7}],"seed_played":"5573024996850015743","potions_obtained":[{"floor":1,"key":"dioMod:HumanBlood"},{"floor":6,"key":"Weak Potion"}],"is_trial":false,"path_per_floor":["M","M","?","M","M","E"],"character_chosen":"THE_DEFAULT","items_purchased":[],"campfire_rested":0,"item_purchase_floors":[],"current_hp_per_floor":[75,75,75,75,75,28,28],"gold":448,"neow_bonus":"THREE_ENEMY_KILL","is_daily":false,"chose_seed":false,"campfire_upgraded":0,"win_rate":0.0,"timestamp":1611634906,"path_taken":["M","M","?","?","M","E"],"items_purchased_type":[],"build_version":"2020-12-22","purchased_purges":0,"victory":false,"max_hp_per_floor":[75,75,75,75,75,75,75],"card_choices":[{"not_picked":["dioMod:SadisticLaugh","dioMod:ComposedMuda"],"picked":"dioMod:GoodbyeJojo","floor":1},{"not_picked":["dioMod:SecretPlan","dioMod:CautiousMuda"],"picked":"dioMod:VengefulMuda","floor":2},{"not_picked":["dioMod:BloodSplash","dioMod:HeavyLifting"],"picked":"dioMod:FlyAway","floor":4},{"not_picked":["dioMod:SecretPlan","dioMod:Hiss"],"picked":"dioMod:BlendIn","floor":5},{"not_picked":["dioMod:Freeze","dioMod:Minions","dioMod:BlendIn"],"picked":"SKIP","floor":6}],"player_experience":138484,"relics_obtained":[{"floor":6,"key":"Bottled Flame"}],"event_choices":[{"damage_healed":0,"gold_gain":275,"player_choice":"Desecrate","damage_taken":0,"max_hp_gain":0,"max_hp_loss":0,"event_name":"Golden Shrine","floor":3,"gold_loss":0,"cards_obtained":["Regret"]}],"is_beta":false,"boss_relics":[],"items_purged_floors":[],"is_endless":false,"potions_floor_spawned":[1,6],"killed_by":"Lagavulin","ascension_level":0}}