{"host":"jmumkimrafwvkspb","time":1611673073,"event":{"mods":["AchievementEnabler","BaseMod","Colored Map","Minty Spire (QoL Compilation)","Replay The Spire","StSLib"],"gold_per_floor":[111,121,121,121,4,4,18,18,18,18,29,45,72,88,88,166,166,177,92,104,4,4,33,33,58,103,133,149,24,24,56,56,129,129,144,154,134,150,167,196,196,221,221,248,248,279,279,21,21,21,21],"floor_reached":50,"language":"ENG","playtime":3675,"items_purged":["Strike_B","Strike_B","Amnesia"],"score":1422,"play_id":"76729713-e859-4d5c-a7e2-f3f171187ba7","local_time":"20210126155753","is_ascension_mode":true,"campfire_choices":[{"data":"Crow Ritual","floor":6.0,"key":"SMITH"},{"data":"Go for the Eyes","floor":8.0,"key":"SMITH"},{"data":"Pot Of Greed","floor":15.0,"key":"SMITH"},{"data":"Pot Of Greed","floor":30.0,"key":"SMITH"},{"data":"Fission","floor":32.0,"key":"SMITH"},{"data":"Pot Of Greed","floor":41.0,"key":"SMITH"},{"data":"Reboot","floor":45,"key":"SMITH"},{"floor":47,"key":"RECALL"},{"floor":49,"key":"REST"}],"circlet_count":0,"master_deck":["AscendersBane","Strike_B+1","Strike_B+1","Defend_B","Defend_B","Defend_B","Defend_B","Zap","Dualcast","Crow Ritual+1","BootSequence","Go for the Eyes+1","Pot Of Greed+1","Pot Of Greed+1","Self Repair+1","Coolheaded","Undo","Fission+1","Scrape+1","Undo","Conserve Battery","Hologram","Beam Cell+1","Pot Of Greed+1","Hologram","Sunder","Fusion","Chill","Reboot+1","Panache"],"relics":["Cracked Core","Grinning Jar","Replay:Accelerometer","Replay:Kaleidoscope","Ring of Chaos","Nunchaku","Ring of Peace","ReplayTheSpireMod:Ninjato","Mercury Hourglass","Gremlin Food","Simple Rune","Prayer Wheel","Nuclear Battery","Blood Vial","Bag of Preparation","Replay:Baseball","Chameleon Ring"],"acts_visited":["Exordium","TheCity","TheBeyond"],"potions_floor_usage":[44,50],"damage_taken":[{"damage":0.0,"enemies":"Jaw Worm","floor":1.0,"turns":3.0},{"damage":0.0,"enemies":"2 Louse","floor":2.0,"turns":4.0},{"damage":6.0,"enemies":"Small Slimes","floor":7.0,"turns":3.0},{"damage":6.0,"enemies":"3 Louse","floor":11.0,"turns":3.0},{"damage":0.0,"enemies":"Looter","floor":12.0,"turns":3.0},{"damage":26.0,"enemies":"Lagavulin","floor":13.0,"turns":9.0},{"damage":5.0,"enemies":"Exordium Wildlife","floor":14.0,"turns":4.0},{"damage":11.0,"enemies":"Hexaghost","floor":16.0,"turns":7.0},{"damage":9.0,"enemies":"Shell Parasite","floor":18.0,"turns":5.0},{"damage":14.0,"enemies":"2 Thieves","floor":20.0,"turns":3.0},{"damage":24.0,"enemies":"Slavers","floor":23.0,"turns":4.0},{"damage":2.0,"enemies":"Replay:Snechameleon","floor":25.0,"turns":7.0},{"damage":5.0,"enemies":"Book of Stabbing","floor":27.0,"turns":5.0},{"damage":0.0,"enemies":"Sentry and Sphere","floor":28.0,"turns":3.0},{"damage":2.0,"enemies":"Slavers","floor":31.0,"turns":4.0},{"damage":21.0,"enemies":"Pondfish","floor":33.0,"turns":8.0},{"damage":0.0,"enemies":"3 Shapes","floor":35.0,"turns":7.0},{"damage":9.0,"enemies":"3 Darklings","floor":36.0,"turns":4.0},{"damage":0.0,"enemies":"Sphere and 2 Shapes","floor":38.0,"turns":3.0},{"damage":0.0,"enemies":"Jaw Worm Horde","floor":39.0,"turns":4.0},{"damage":39.0,"enemies":"Reptomancer","floor":40.0,"turns":5.0},{"damage":0.0,"enemies":"Giant Head","floor":42.0,"turns":3.0},{"damage":42,"enemies":"Reptomancer","floor":44,"turns":7},{"damage":0,"enemies":"Giant Head","floor":46,"turns":4},{"damage":67,"enemies":"Replay:Hell Engine","floor":50,"turns":6}],"seed_played":"4404292594464988473","potions_obtained":[{"floor":11.0,"key":"Adrenaline Potion"},{"floor":13.0,"key":"Elixir"},{"floor":16.0,"key":"EssenceOfSteel"},{"floor":25.0,"key":"Block Potion"},{"floor":27.0,"key":"PowerPotion"},{"floor":28.0,"key":"Swift Potion"},{"floor":31.0,"key":"EssenceOfSteel"},{"floor":35.0,"key":"Explosive Potion"},{"floor":37.0,"key":"SteroidPotion"},{"floor":38.0,"key":"LiquidMemories"},{"floor":46,"key":"Energy Potion"}],"is_trial":false,"path_per_floor":["M","M","?","?","$","R","M","R","T","?","M","M","E","M","R","B",null,"M","?","M","$","?","E","$","E","T","E","M","$","R","E","R","B",null,"M","M","?","M","M","E","R","E","T","E","R","E","R","$","R","B"],"character_chosen":"DEFECT","items_purchased":["Self Repair","Panache","Adrenaline Potion"],"campfire_rested":1,"item_purchase_floors":[5,48,48],"current_hp_per_floor":[46,46,28,33,33,33,34,34,34,34,38,48,32,37,37,36,66,67,67,63,63,63,49,49,57,57,62,72,72,72,76,76,65,73,76,76,76,76,76,47,47,59,59,29,29,41,41,41,63,0,0],"gold":21,"neow_bonus":"RANDOM_COLORLESS_2","is_daily":false,"chose_seed":false,"campfire_upgraded":7,"win_rate":0.0,"timestamp":1611673073,"path_taken":["M","M","?","?","$","R","M","R","T","?","M","M","E","M","R","BOSS","M","?","M","$","?","E","?","E","T","E","M","$","R","E","R","BOSS","M","M","?","?","M","E","R","E","T","E","R","E","R","$","R","BOSS"],"items_purchased_type":["Card","Card","Potion"],"build_version":"2020-12-22","purchased_purges":3,"victory":false,"max_hp_per_floor":[71,71,71,76,76,76,76,76,76,76,76,76,76,76,76,76,76,76,76,76,76,76,76,76,76,76,76,76,76,76,76,76,76,76,76,76,76,76,76,76,76,76,76,76,76,76,76,76,76,76,76],"card_choices":[{"not_picked":["Panache","Poisoned Strike"],"picked":"Crow Ritual","floor":0.0},{"not_picked":["Steam","BasicCrystalCard"],"picked":"BootSequence","floor":1.0},{"not_picked":["Crystallizer","Turbo"],"picked":"Go for the Eyes","floor":2.0},{"not_picked":["Scrape","Streamline","Loop"],"picked":"SKIP","floor":7.0},{"not_picked":["Storm","Leap","Sweeping Beam"],"picked":"SKIP","floor":11.0},{"not_picked":["Chaos","Reprogram","Go for the Eyes"],"picked":"SKIP","floor":12.0},{"not_picked":["Rip and Tear","Reinforced Body"],"picked":"Coolheaded","floor":13.0},{"not_picked":["Steam","Skim"],"picked":"Undo","floor":14.0},{"not_picked":["Mirror Shield","Multi-Cast"],"picked":"Fission","floor":16.0},{"not_picked":["Hologram","ReplayTheSpireMod:System Scan"],"picked":"Scrape","floor":18.0},{"not_picked":["Rebound","Self Repair"],"picked":"Undo","floor":20.0},{"not_picked":["Darkness","ReplayTheSpireMod:GoodbyeWorld","ReplayRNGCard"],"picked":"SKIP","floor":23.0},{"not_picked":["Meteor Strike","ReplayGash"],"picked":"Conserve Battery","floor":25.0},{"not_picked":["Turbo","Conserve Battery"],"picked":"Hologram","floor":27.0},{"not_picked":["Heatsinks","Ball Lightning"],"picked":"Beam Cell+1","floor":28.0},{"not_picked":["ReplayRNGCard","Streamline+1","Force Field"],"picked":"SKIP","floor":31.0},{"not_picked":["Sweeping Beam+1","Ball Lightning","Hologram"],"picked":"SKIP","floor":35.0},{"not_picked":["Capacitor","Stack+1","Ball Lightning"],"picked":"SKIP","floor":35.0},{"not_picked":["White Noise","ReplayTheSpireMod:Calculation Training"],"picked":"Hologram","floor":36.0},{"not_picked":["Force Field+1","Static Discharge","Ball Lightning"],"picked":"SKIP","floor":36.0},{"not_picked":["Go for the Eyes","Leap"],"picked":"Sunder","floor":38.0},{"not_picked":["ReplayTheSpireMod:GoodbyeWorld","Time Bomb","Beam Cell+1"],"picked":"SKIP","floor":38.0},{"not_picked":["Steam+1","Compile Driver"],"picked":"Fusion","floor":39.0},{"not_picked":["Lockon","Heatsinks","Electrodynamics"],"picked":"SKIP","floor":39.0},{"not_picked":["Storm","Panic Button"],"picked":"Chill","floor":40.0},{"not_picked":["Go for the Eyes","Steam Power","ReplayTheSpireMod:GoodbyeWorld+1"],"picked":"SKIP","floor":42.0},{"not_picked":["Leap","Sweeping Beam"],"picked":"Reboot","floor":44},{"not_picked":["Rainbow","Redo","Thunder Strike"],"picked":"SKIP","floor":46}],"player_experience":1610767,"relics_obtained":[{"floor":9.0,"key":"Replay:Accelerometer"},{"floor":13.0,"key":"Replay:Kaleidoscope"},{"floor":22.0,"key":"Ring of Peace"},{"floor":23.0,"key":"ReplayTheSpireMod:Ninjato"},{"floor":25.0,"key":"Mercury Hourglass"},{"floor":26.0,"key":"Gremlin Food"},{"floor":27.0,"key":"Simple Rune"},{"floor":31.0,"key":"Prayer Wheel"},{"floor":40.0,"key":"Blood Vial"},{"floor":42.0,"key":"Bag of Preparation"},{"floor":44,"key":"Replay:Baseball"},{"floor":46,"key":"Chameleon Ring"}],"event_choices":[{"damage_healed":0.0,"max_hp_gain":0.0,"max_hp_loss":0.0,"gold_gain":0.0,"event_name":"Scrap Ooze","player_choice":"Success","floor":3.0,"gold_loss":0.0,"damage_taken":18.0,"relics_obtained":["Grinning Jar"]},{"damage_healed":0.0,"max_hp_gain":5.0,"max_hp_loss":0.0,"gold_gain":0.0,"event_name":"Big Fish","player_choice":"Donut","floor":4.0,"gold_loss":0.0,"damage_taken":0.0},{"damage_healed":0.0,"max_hp_gain":0.0,"max_hp_loss":0.0,"gold_gain":0.0,"event_name":"Living Wall","player_choice":"Grow","floor":10.0,"gold_loss":0.0,"damage_taken":0.0,"cards_upgraded":["Self Repair"]},{"damage_healed":0.0,"max_hp_gain":0.0,"max_hp_loss":0.0,"gold_gain":0.0,"event_name":"Addict","player_choice":"Obtained Relic","floor":19.0,"gold_loss":85.0,"damage_taken":0.0,"relics_obtained":["Nunchaku"]},{"damage_healed":0.0,"max_hp_gain":0.0,"max_hp_loss":0.0,"gold_gain":0.0,"event_name":"The Woman in Blue","player_choice":"Bought 1 Potion","floor":37.0,"gold_loss":0.0,"damage_taken":0.0}],"is_beta":false,"boss_relics":[{"not_picked":["Abe\u0027s Treasure","Tiny House"],"picked":"Ring of Chaos"},{"not_picked":["Velvet Choker","Coffee Dripper"],"picked":"Nuclear Battery"}],"items_purged_floors":[5,21,29],"is_endless":false,"potions_floor_spawned":[11,13,16,25,27,28,31,35,38,46],"killed_by":"Replay:Hell Engine","ascension_level":20}}