{"host":"oz4ht6ec7xzo36kd","time":1611663393,"event":{"mods":["Act Like it!","BaseMod","Friendly Minions","Marisa¡]Ãú«B¡@Å]²z¨F¡^","Minty Spire (QoL Compilation)","Remilia¡]Á¢¦Ì²ú?¡^","StSLib","The Servant 0.9.4","WarShipGirlsR/??¤Ö¤kR mod","Youmu¡]»î¾z§¯?¡^"],"gold_per_floor":[11,11,11,11,31,56,73,104,104,119,133,133,133,159,159,262,312,327,327,345,422,109,168,181,181,206,206,206,216,21,37,37,190,190,201,201,201,201,220,279,314,346,372,372,372,422,26,44,44],"floor_reached":48,"language":"ZHT","playtime":1659,"items_purged":[],"score":860,"play_id":"a97bafca-ce0e-4dbf-ad14-eadd052ea551","local_time":"20210126201633","is_ascension_mode":true,"campfire_choices":[{"floor":12,"key":"RECALL"},{"data":"DC","floor":15,"key":"SMITH"},{"data":"SuperNova","floor":27,"key":"SMITH"},{"data":"OrrerysSun","floor":32,"key":"SMITH"},{"floor":44,"key":"REST"}],"circlet_count":0,"master_deck":["Strike_MRS","Strike_MRS","Strike_MRS+1","Strike_MRS","Defend_MRS","MasterSpark","UpSweep","6A","BlazingStar","DC+1","MasterSpark+1","PulseMagic","MysteriousBeam","AsteroidBelt","TreasureHunter","GrandCross","RefractionSpark","SporeBomb","SuperNova+1","IllusionStar","Robbery+1","PropBag+1","NonDirectionalLaser+1","LuminesStrike","Acceleration","Mayhem","OrrerysSun+1","CollectingQuirk","LuminesStrike+1","JA","WitchLeyline+1","UnstableBomb+1","MeteoricShower+1","MilkyWay+1","Madness+1","Madness+1","OneTimeOff+1"],"relics":["BewitchedHakkero","Vajra","Du-Vu Doll","Happy Flower","AntiCross","Tiny House","Gremlin Horn","Mango","Blue Candle","Whetstone","Molten Egg 2","WingedGreaves","Toxic Egg 2","Torii","Regal Pillow","Bird Faced Urn","Sling","Pantograph","Mercury Hourglass"],"acts_visited":["Exordium","TheCity","TheBeyond"],"potions_floor_usage":[8,20,23,31,31,41,48],"damage_taken":[{"damage":7,"enemies":"Jaw Worm","floor":1,"turns":3},{"damage":0,"enemies":"Small Slimes","floor":5,"turns":2},{"damage":17,"enemies":"3 Sentries","floor":6,"turns":4},{"damage":0,"enemies":"2 Louse","floor":7,"turns":1},{"damage":11,"enemies":"Lagavulin","floor":8,"turns":4},{"damage":0,"enemies":"Gremlin Gang","floor":10,"turns":3},{"damage":4,"enemies":"Lots of Slimes","floor":11,"turns":2},{"damage":0,"enemies":"Gremlin Nob","floor":14,"turns":3},{"damage":14,"enemies":"The Guardian","floor":16,"turns":4},{"damage":15,"enemies":"3 Byrds","floor":18,"turns":3},{"damage":11,"enemies":"2 Thieves","floor":20,"turns":2},{"damage":30,"enemies":"Slavers","floor":23,"turns":3},{"damage":11,"enemies":"Centurion and Healer","floor":24,"turns":2},{"damage":2,"enemies":"Snake Plant","floor":29,"turns":2},{"damage":7,"enemies":"Cultist and Chosen","floor":31,"turns":3},{"damage":19,"enemies":"Collector","floor":33,"turns":5},{"damage":17,"enemies":"3 Shapes","floor":35,"turns":2},{"damage":7,"enemies":"Orb Walker","floor":39,"turns":2},{"damage":32,"enemies":"Giant Head","floor":40,"turns":5},{"damage":38,"enemies":"Reptomancer","floor":41,"turns":4},{"damage":21,"enemies":"Nemesis","floor":42,"turns":3},{"damage":10,"enemies":"Mind Bloom Boss Battle","floor":46,"turns":4},{"damage":99,"enemies":"Writhing Mass","floor":48,"turns":3}],"seed_played":"-5901713918176771659","potions_obtained":[{"floor":1,"key":"Weak Potion"},{"floor":6,"key":"FairyPotion"},{"floor":11,"key":"FairyPotion"},{"floor":16,"key":"SmokeBomb"},{"floor":17,"key":"PowerPotion"},{"floor":19,"key":"BlessingOfTheForge"},{"floor":19,"key":"LiquidBronze"},{"floor":24,"key":"Strength Potion"},{"floor":29,"key":"Block Potion"},{"floor":31,"key":"FairyPotion"},{"floor":35,"key":"Swift Potion"},{"floor":46,"key":"BottledSpark"}],"is_trial":false,"path_per_floor":["M","?","?","?","M","E","M","E","T","M","M","R","$","E","R","B",null,"M","?","M","T","$","E","M","?","T","R","?","M","$","M","R","B",null,"M","?","?","T","M","E","E","E","T","R","?","?","$","M"],"character_chosen":"MARISA","items_purchased":["Mango","Mayhem","Sling","Pantograph"],"campfire_rested":1,"item_purchase_floors":[22,30,47,47],"current_hp_per_floor":[61,61,36,36,36,19,19,8,8,8,4,4,4,4,4,14,65,50,50,39,39,53,23,12,12,12,12,12,10,10,15,15,24,77,60,60,60,60,53,21,40,19,19,62,50,52,52,0,0],"gold":44,"neow_bonus":"REMOVE_TWO","is_daily":false,"chose_seed":false,"campfire_upgraded":3,"win_rate":0.0,"timestamp":1611663393,"path_taken":["M","?","?","?","?","E","M","E","T","M","M","R","?","E","R","BOSS","M","?","?","?","?","E","M","?","T","R","?","M","$","M","R","BOSS","M","?","?","?","?","E","E","E","T","R","?","?","?","M"],"items_purchased_type":["Relic","Card","Relic","Relic"],"build_version":"2020-12-22","purchased_purges":0,"victory":false,"max_hp_per_floor":[75,75,75,75,75,75,75,75,75,75,75,75,75,75,75,75,80,80,80,80,80,94,94,94,94,94,94,94,94,94,94,94,94,94,94,94,94,94,94,94,94,94,94,94,94,94,94,94,94],"card_choices":[{"not_picked":["AlicesGift","DoubleSpark"],"picked":"6A","floor":1},{"not_picked":["SprinkleStarSeal","DarkSpark"],"picked":"PulseMagic","floor":5},{"not_picked":["DarkMatter","CasketOfStar"],"picked":"MysteriousBeam","floor":6},{"not_picked":["LuminesStrike","Orbital"],"picked":"AsteroidBelt","floor":7},{"not_picked":["IllusionStar","6A"],"picked":"TreasureHunter","floor":8},{"not_picked":["PulseMagic","SprinkleStarSeal"],"picked":"GrandCross","floor":10},{"not_picked":["OneTimeOff","StarlightTyphoon"],"picked":"RefractionSpark","floor":11},{"not_picked":["Orbital","ShootingEcho"],"picked":"SporeBomb","floor":14},{"not_picked":["BlazingStar","ManaRampage"],"picked":"SuperNova","floor":16},{"not_picked":["DC","SporeBomb"],"picked":"IllusionStar","floor":17},{"not_picked":["GasGiant","LuminesStrike"],"picked":"Robbery","floor":18},{"not_picked":["OneTimeOff","GalacticHalo"],"picked":"PropBag+1","floor":20},{"not_picked":["GalacticHalo","6A"],"picked":"NonDirectionalLaser+1","floor":23},{"not_picked":["6A","UnstableBomb"],"picked":"LuminesStrike","floor":24},{"not_picked":["GrandCross","OneTimeOff"],"picked":"Acceleration","floor":29},{"not_picked":["GasGiant+1","MysteriousBeam"],"picked":"OrrerysSun","floor":31},{"not_picked":["AbsoluteMagnitude","TreasureHunter"],"picked":"CollectingQuirk","floor":33},{"not_picked":["EventHorizon","6A+1"],"picked":"LuminesStrike+1","floor":35},{"not_picked":[],"picked":"JA","floor":36},{"not_picked":["OpenUniverse+1","SporeBomb"],"picked":"WitchLeyline+1","floor":39},{"not_picked":["ShootingEcho+1","Acceleration"],"picked":"UnstableBomb+1","floor":40},{"not_picked":["Acceleration+1","ShootingEcho+1"],"picked":"MeteoricShower+1","floor":41},{"not_picked":["ChargingUp+1","EventHorizon"],"picked":"MilkyWay+1","floor":42},{"not_picked":["UnstableBomb+1","MeteoricShower+1"],"picked":"OneTimeOff+1","floor":46}],"player_experience":397588,"relics_obtained":[{"floor":6,"key":"Du-Vu Doll"},{"floor":8,"key":"Happy Flower"},{"floor":14,"key":"AntiCross"},{"floor":21,"key":"Gremlin Horn"},{"floor":23,"key":"Blue Candle"},{"floor":26,"key":"Whetstone"},{"floor":38,"key":"Molten Egg 2"},{"floor":40,"key":"WingedGreaves"},{"floor":41,"key":"Toxic Egg 2"},{"floor":42,"key":"Torii"},{"floor":43,"key":"Regal Pillow"},{"floor":46,"key":"Bird Faced Urn"}],"event_choices":[{"damage_healed":0,"gold_gain":0,"cards_transformed":["Defend_MRS"],"player_choice":"Change","damage_taken":0,"max_hp_gain":0,"max_hp_loss":0,"event_name":"Living Wall","floor":2,"gold_loss":0,"cards_obtained":["BlazingStar"]},{"damage_healed":0,"gold_gain":0,"player_choice":"Success","damage_taken":25,"relics_obtained":["Vajra"],"max_hp_gain":0,"max_hp_loss":0,"event_name":"Scrap Ooze","floor":3,"gold_loss":0},{"damage_healed":0,"gold_gain":0,"player_choice":"2 cards matched","damage_taken":0,"max_hp_gain":0,"max_hp_loss":0,"event_name":"Match and Keep!","floor":4,"gold_loss":0,"cards_obtained":["DC","MasterSpark"]},{"damage_healed":0,"gold_gain":0,"player_choice":"Got Potions","damage_taken":0,"max_hp_gain":0,"max_hp_loss":0,"event_name":"Lab","floor":19,"gold_loss":0},{"damage_healed":0,"gold_gain":0,"player_choice":"Ignored","damage_taken":0,"max_hp_gain":0,"max_hp_loss":0,"event_name":"Vampires","floor":25,"gold_loss":0},{"damage_healed":0,"gold_gain":0,"player_choice":"Ignored","damage_taken":0,"max_hp_gain":0,"max_hp_loss":0,"event_name":"Ghosts","floor":28,"gold_loss":0},{"damage_healed":0,"gold_gain":0,"player_choice":"Memory 1","damage_taken":0,"max_hp_gain":0,"max_hp_loss":0,"event_name":"SensoryStone","floor":37,"gold_loss":0},{"damage_healed":0,"gold_gain":0,"player_choice":"Embrace Madness","damage_taken":12,"max_hp_gain":0,"max_hp_loss":0,"event_name":"Winding Halls","floor":45,"gold_loss":0,"cards_obtained":["Madness","Madness"]},{"damage_healed":0,"gold_gain":0,"player_choice":"Fight","damage_taken":0,"max_hp_gain":0,"max_hp_loss":0,"event_name":"MindBloom","floor":46,"gold_loss":0}],"is_beta":false,"boss_relics":[{"not_picked":["Calling Bell","Empty Cage"],"picked":"Tiny House"},{"not_picked":["Fusion Hammer","Sozu"],"picked":"BewitchedHakkero"}],"items_purged_floors":[],"is_endless":false,"potions_floor_spawned":[1,6,11,16,24,29,31,35,46],"killed_by":"Writhing Mass","ascension_level":6}}