{"host":"3qsmo3lm67voi999","time":1611679529,"event":{"mods":["BaseMod","Minty Spire (QoL Compilation)"],"gold_per_floor":[109,120,139,152,77,77,103,103,103,131,31,31,31,0,0,74,74,90,0,0,0,16,16,16],"floor_reached":23,"language":"ENG","playtime":648,"items_purged":["Strike_R","Strike_R"],"score":364,"play_id":"a7ca2eaa-5bfd-4223-9fc7-b7f54f748bc3","local_time":"20210126174529","is_ascension_mode":true,"campfire_choices":[{"data":"Armaments","floor":6,"key":"SMITH"},{"data":"Uppercut","floor":8,"key":"SMITH"},{"floor":13,"key":"REST"},{"data":"Shockwave","floor":15,"key":"SMITH"}],"circlet_count":0,"master_deck":["AscendersBane","Defend_R","Defend_R","Bash","Headbutt","Shockwave+1","Shrug It Off","Armaments+1","Uppercut+1","Pommel Strike","Headbutt","Feed","Wild Strike","Clash","Cleave"],"relics":["Burning Blood","Happy Flower","Juzu Bracelet","Mercury Hourglass","Empty Cage"],"acts_visited":["Exordium","TheCity"],"potions_floor_usage":[10,16,23],"damage_taken":[{"damage":6,"enemies":"Cultist","floor":1,"turns":3},{"damage":10,"enemies":"Small Slimes","floor":2,"turns":3},{"damage":12,"enemies":"2 Louse","floor":3,"turns":3},{"damage":10,"enemies":"Exordium Wildlife","floor":4,"turns":4},{"damage":32,"enemies":"Gremlin Nob","floor":7,"turns":5},{"damage":31,"enemies":"3 Sentries","floor":10,"turns":11},{"damage":29,"enemies":"Slime Boss","floor":16,"turns":8},{"damage":33,"enemies":"Spheric Guardian","floor":18,"turns":7},{"damage":21,"enemies":"3 Byrds","floor":22,"turns":5},{"damage":31,"enemies":"Book of Stabbing","floor":23,"turns":3}],"seed_played":"-5011016405914687762","potions_obtained":[{"floor":2,"key":"Fruit Juice"},{"floor":4,"key":"FearPotion"},{"floor":16,"key":"SteroidPotion"},{"floor":18,"key":"GamblersBrew"}],"is_trial":false,"path_per_floor":["M","M","M","M","$","R","E","R","T","E","$","?","R","?","R","B",null,"M","?","?","?","M","E"],"character_chosen":"IRONCLAD","items_purchased":[],"campfire_rested":1,"item_purchase_floors":[],"current_hp_per_floor":[75,71,65,61,61,61,35,35,35,15,15,15,41,41,41,18,70,43,43,43,43,31,0,0],"gold":16,"neow_bonus":"TEN_PERCENT_HP_BONUS","is_daily":false,"chose_seed":false,"campfire_upgraded":3,"win_rate":0.0,"timestamp":1611679529,"path_taken":["M","M","M","M","$","R","E","R","T","E","$","?","R","?","R","BOSS","M","?","?","?","M","E"],"items_purchased_type":[],"build_version":"2020-12-22","purchased_purges":2,"victory":false,"max_hp_per_floor":[82,82,82,82,82,82,82,82,82,87,87,87,87,87,87,87,87,87,87,87,87,90,90,90],"card_choices":[{"not_picked":["Clothesline","Flex"],"picked":"Headbutt","floor":1},{"not_picked":["Intimidate","Perfected Strike"],"picked":"Shockwave","floor":2},{"not_picked":["Seeing Red","Iron Wave"],"picked":"Shrug It Off","floor":3},{"not_picked":["Clothesline","Clash"],"picked":"Armaments","floor":4},{"not_picked":["Rage","Berserk"],"picked":"Uppercut","floor":7},{"not_picked":["Twin Strike","Dual Wield"],"picked":"Pommel Strike","floor":10},{"not_picked":["Brutality","Corruption"],"picked":"Feed","floor":16},{"not_picked":["Clothesline","Hemokinesis","Armaments"],"picked":"SKIP","floor":18},{"not_picked":["Shrug It Off+1","Burning Pact"],"picked":"Cleave","floor":22}],"player_experience":350304,"relics_obtained":[{"floor":7,"key":"Happy Flower"},{"floor":9,"key":"Juzu Bracelet"},{"floor":10,"key":"Mercury Hourglass"}],"event_choices":[{"damage_healed":0,"gold_gain":0,"cards_transformed":["Strike_R"],"player_choice":"Change","damage_taken":0,"max_hp_gain":0,"max_hp_loss":0,"event_name":"Living Wall","floor":12,"gold_loss":0,"cards_obtained":["Headbutt"]},{"damage_healed":0,"gold_gain":0,"player_choice":"Left Gold","damage_taken":0,"max_hp_gain":0,"max_hp_loss":0,"event_name":"World of Goop","floor":14,"gold_loss":31},{"damage_healed":0,"gold_gain":0,"player_choice":"Paid Fearfully","damage_taken":0,"max_hp_gain":0,"max_hp_loss":0,"event_name":"Masked Bandits","floor":19,"gold_loss":90},{"damage_healed":0,"gold_gain":0,"cards_transformed":["Strike_R","Defend_R"],"player_choice":"Became Test Subject","damage_taken":0,"max_hp_gain":0,"max_hp_loss":0,"event_name":"Drug Dealer","floor":20,"gold_loss":0,"cards_obtained":["Wild Strike","Clash"]},{"damage_healed":0,"gold_gain":0,"player_choice":"Ignored","damage_taken":0,"max_hp_gain":0,"max_hp_loss":0,"event_name":"Vampires","floor":21,"gold_loss":0}],"is_beta":false,"boss_relics":[{"not_picked":["SacredBark","Runic Cube"],"picked":"Empty Cage"}],"items_purged_floors":[5,11],"is_endless":false,"potions_floor_spawned":[2,4,16,18,22],"killed_by":"Book of Stabbing","ascension_level":17}}