{"host":"bplbr8uekuotory4","time":1611661925,"event":{"mods":["Act Like it!","BaseMod","Minty Spire (QoL Compilation)","Quick Restart","Replay The Spire","Spicy Shops","StSLib","TestMod","The Blackbeard","[IsaacMod]ÒÔÈö¼âËþ"],"gold_per_floor":[117,33,80,95,11,11,28,28,75,123,123,319,354,388,388,402,402],"floor_reached":16,"language":"ZHS","playtime":425,"items_purged":["Injury","Shame"],"score":175,"play_id":"40ef35a0-52f6-4c7f-930e-0e904a0645a3","local_time":"20210126195205","is_ascension_mode":false,"campfire_choices":[{"data":"Eruption","floor":6,"key":"SMITH"},{"data":"MentalFortress","floor":8,"key":"SMITH"},{"data":"Vault","floor":11,"key":"SMITH"},{"data":"CutThroughFate","floor":15,"key":"SMITH"}],"circlet_count":0,"master_deck":["Strike_P","Strike_P","Strike_P","Strike_P","Defend_P","Defend_P","Defend_P","Defend_P","Eruption+1","Vigilance","FlurryOfBlows","CarveReality","MentalFortress+1","Vault+1","CutThroughFate+1","Protect"],"relics":["PureWater","testmod-TestBox","HushsDoor","testmod-HarvestTotem","NeowsBlessing","BFFS","Divine Protection","Bag of Preparation","Replay:Bandana","BloodDonationBag","testmod-CasingShield","Iron Hammer"],"acts_visited":["Exordium"],"potions_floor_usage":[16,16],"damage_taken":[{"damage":0,"enemies":"Cultist","floor":1,"turns":1},{"damage":0,"enemies":"2 Louse","floor":4,"turns":1},{"damage":0,"enemies":"Jaw Worm","floor":7,"turns":1},{"damage":12,"enemies":"Gremlin Nob","floor":10,"turns":3},{"damage":18,"enemies":"Exordium Thugs","floor":13,"turns":3},{"damage":0,"enemies":"2 Fungi Beasts","floor":14,"turns":2},{"damage":9,"enemies":"The Guardian","floor":16,"turns":12}],"seed_played":"-4273084498622979203","potions_obtained":[{"floor":10,"key":"BottledMiracle"},{"floor":14,"key":"LiquidMemories"}],"is_trial":false,"path_per_floor":["M","$","?","M","$","R","M","R","T","E","R","?","M","M","R","B"],"character_chosen":"WATCHER","items_purchased":["BFFS","Divine Protection","Bag of Preparation","Replay:Bandana","testmod-CasingShield"],"campfire_rested":0,"item_purchase_floors":[2,2,2,5,5],"current_hp_per_floor":[144,88,73,73,36,36,36,36,36,24,24,24,6,6,6,0,0],"gold":402,"neow_bonus":"THREE_ENEMY_KILL","is_daily":false,"chose_seed":false,"campfire_upgraded":4,"win_rate":0.0,"timestamp":1611661925,"path_taken":["M","$","?","M","$","R","M","R","T","E","R","?","M","M","R","BOSS"],"items_purchased_type":["Relic","Relic","Relic","Relic","Relic"],"build_version":"2020-12-22","purchased_purges":2,"victory":false,"max_hp_per_floor":[144,144,144,144,144,144,144,144,144,144,144,144,144,144,144,144,144],"card_choices":[{"not_picked":["FollowUp","Replay:AllIn"],"picked":"FlurryOfBlows","floor":1},{"not_picked":["PathToVictory","SashWhip"],"picked":"CarveReality","floor":4},{"not_picked":["LikeWater","Halt"],"picked":"MentalFortress","floor":7},{"not_picked":["CrushJoints","Pray"],"picked":"Vault","floor":10},{"not_picked":["WheelKick","Study"],"picked":"CutThroughFate","floor":12},{"not_picked":["Sanctity","Replay:ManipulateFuture"],"picked":"Protect","floor":13},{"not_picked":["Crescendo","Consecrate","CutThroughFate"],"picked":"SKIP","floor":14}],"player_experience":439028,"relics_obtained":[{"floor":10,"key":"Iron Hammer"}],"event_choices":[],"is_beta":false,"boss_relics":[],"items_purged_floors":[2,5],"is_endless":false,"potions_floor_spawned":[10,14],"killed_by":"The Guardian","ascension_level":0}}