{"host":"0dvp4uxbao5ucv2j","time":1611625495,"event":{"mods":["AchievementEnabler","Aspiration","BaseMod","Beaked The Cultist","BetterRewards","DNKmod","DNKmod Update","Downfall","Friendly Minions","GifTheSpireLib","Hubris","Infinite Spire","Minty Spire (QoL Compilation)","Replay The Spire","StSLib"],"gold_per_floor":[10000,10000,10000,10000,10000,8926,8980,8994,8994,8994,9004,9018,9051,8204,8214,8313,8313,8313,8331,8345,8365,7264,7291,7291,7291,7330,7330,7351,7363,7363,7386,7405,7514,7514,7514,7531,7033,7033,7050,7065,7065,7081,7081,6579,6606,6618,6618,6618,6634,6648],"floor_reached":51,"language":"ENG","playtime":3419,"items_purged":["Regret","Slimebound:Defend_Slimebound","Slimebound:Defend_Slimebound"],"score":952,"play_id":"80c7ae64-18ff-4514-8bc6-55a7fa62466e","local_time":"20210126024455","is_ascension_mode":true,"campfire_choices":[{"floor":1,"key":"RECALL"},{"data":"Slimebound:MinionMaster","floor":18,"key":"SMITH"},{"data":"Slimebound:MassRepurpose","floor":30,"key":"SMITH"},{"data":"Slimebound:SlimeBrawl","floor":43,"key":"SMITH"}],"circlet_count":0,"master_deck":["Slimebound:Strike_Slimebound","Slimebound:Strike_Slimebound","Slimebound:Strike_Slimebound","Slimebound:Defend_Slimebound","Slimebound:Defend_Slimebound","Slimebound:Split","Slimebound:CorrosiveSpit","Slimebound:SplitBruiser","Slimebound:SlimeBarrage","Slimebound:PressTheAttack","Slimebound:ForwardTackle","Slimebound:SplitMire+1","Slimebound:SplitMire+1","Slimebound:SplitBruiser+1","Slimebound:AcidTongue","expansioncontent:DashGenerateEvil","Slimebound:SplitMire+1","Slimebound:PressTheAttack","Slimebound:MinionMaster+1","Slimebound:ServeAndProtect","ReplayTheSpireMod:Brewmster","hubris:Insight","Slimebound:SlimeBrawl+1","Slimebound:MassRepurpose+1","Slimebound:SplitAcid","Slimebound:ServeAndProtect+1","Slimebound:PressTheAttack+1","Slimebound:LevelUp+1","Slimebound:Darklings","Slimebound:SlimeBarrage","Slimebound:Prepare+1","Slimebound:GoopSpray+1","Slimebound:SplitMire+1","Slimebound:LeechEnergy+1","Slimebound:GoopTackle","Slimebound:MinionMaster+1","Slimebound:SlimeTap","Slimebound:LevelUp+1","Slimebound:PressTheAttack","Slimebound:Overexert","Slimebound:ComboTackle+1","Panache","Secret Technique","Sadistic Nature","hubris:Insight","Slimebound:MinionMaster","ReplayTheSpireMod:Chaos Vortex","Slimebound:SplitAcid+1","Slimebound:PressTheAttack+1","Doubt","Slimebound:SplitAcid+1"],"relics":["Slimebound:AbsorbEndCombat","downfall:HeartsMalice","hubris:HerbalPaste","Replay:PocketPolymizer","Replay:Bottled Eggs","Potion Belt","Darkstone Periapt","Chameleon Ring","BargainBundle","CaptainsWheel","aspiration:HummingbirdHeart","Ring of Chaos","Letter Opener","Pocketwatch","Orrery","Replay:Bandana","hubris:MedicalManual","hubris:ToyBattleship","Strawberry","aspiration:SecretTechniqueScroll","Slimebound:MaxSlimesRelic","Pen Nib","ReplayTheSpireMod:ShopPack","Pet Ghost","infinitespire:Lucky Rock","MealTicket","ReplayTheSpireMod:Ring of Exchange","Ring of Panic"],"acts_visited":["Exordium","TheCity","TheBeyond"],"potions_floor_usage":[14,22,22,23,26,26,32,33,33,33,50,50,50,50],"damage_taken":[{"damage":0,"enemies":"2 Louse","floor":2,"turns":1},{"damage":0,"enemies":"Cultist","floor":3,"turns":1},{"damage":0,"enemies":"Small Slimes","floor":5,"turns":1},{"damage":13,"enemies":"downfall:FleeingMerchant","floor":6,"turns":4},{"damage":3,"enemies":"Red Slaver","floor":8,"turns":2},{"damage":0,"enemies":"2 Fungi Beasts","floor":11,"turns":1},{"damage":12,"enemies":"Gremlin Gang","floor":12,"turns":3},{"damage":8,"enemies":"Gremlin Nob","floor":13,"turns":3},{"damage":20,"enemies":"downfall:FleeingMerchant","floor":14,"turns":4},{"damage":6,"enemies":"Lots of Slimes","floor":15,"turns":3},{"damage":4,"enemies":"IC_STATUS_ARCHETYPE","floor":16,"turns":4},{"damage":4,"enemies":"Shell Parasite","floor":19,"turns":5},{"damage":0,"enemies":"Spheric Guardian","floor":20,"turns":4},{"damage":10,"enemies":"Centurion and Healer","floor":21,"turns":4},{"damage":10,"enemies":"downfall:FleeingMerchant","floor":22,"turns":4},{"damage":4,"enemies":"Gremlin Leader","floor":23,"turns":5},{"damage":15,"enemies":"Slavers","floor":26,"turns":3},{"damage":9,"enemies":"Snake Plant","floor":28,"turns":3},{"damage":0,"enemies":"Snecko","floor":29,"turns":3},{"damage":6,"enemies":"3 Cultists","floor":31,"turns":4},{"damage":15,"enemies":"Snake Plant","floor":32,"turns":3},{"damage":14,"enemies":"SI_MIRROR_ARCHETYPE","floor":33,"turns":5},{"damage":8,"enemies":"3 Shapes","floor":36,"turns":2},{"damage":0,"enemies":"downfall:FleeingMerchant","floor":37,"turns":1},{"damage":2,"enemies":"Orb Walker","floor":39,"turns":2},{"damage":13,"enemies":"3 Darklings","floor":40,"turns":2},{"damage":12,"enemies":"Jaw Worm Horde","floor":42,"turns":4},{"damage":3,"enemies":"Nemesis","floor":45,"turns":3},{"damage":7,"enemies":"Transient","floor":46,"turns":5},{"damage":0,"enemies":"4 Shapes","floor":49,"turns":2},{"damage":59,"enemies":"DF_ARCHETYPE_ORBS","floor":50,"turns":3}],"seed_played":"-2520006069922154939","potions_obtained":[{"floor":12,"key":"FearPotion"},{"floor":13,"key":"Cursed Concoction"},{"floor":15,"key":"SteroidPotion"},{"floor":16,"key":"Milkshake"},{"floor":19,"key":"CultistPotion"},{"floor":20,"key":"hexamod:SoulburnPotion"},{"floor":26,"key":"Slimebound:SpawnSlimePotion"},{"floor":29,"key":"PowerPotion"},{"floor":36,"key":"SkillPotion"},{"floor":49,"key":"champ:CounterPotion"}],"is_trial":false,"path_per_floor":["R","M","M","?","M","$","T","M","?","?","M","M","E","$","M","B",null,"R","M","M","M","$","E","T","T","E","?","M","M","R","M","M","B",null,"R","M","$","T","M","M","T","M","R","?","E","M","?","?","M","B",null],"character_chosen":"SLIMEBOUND","items_purchased":["hubris:HerbalPaste","Replay:PocketPolymizer","Slimebound:SplitMire","Slimebound:SplitBruiser","Slimebound:AcidTongue","expansioncontent:DashGenerateEvil","Replay:Bottled Eggs","BargainBundle","CaptainsWheel","aspiration:HummingbirdHeart","ReplayTheSpireMod:Brewmster","hubris:Insight","Letter Opener","Pocketwatch","Slimebound:LevelUp+1","Slimebound:Darklings","Slimebound:SlimeBarrage","Orrery","Panache","Slimebound:MaxSlimesRelic","Pen Nib","ReplayTheSpireMod:ShopPack"],"campfire_rested":0,"item_purchase_floors":[6,6,6,6,6,6,6,14,14,14,14,14,22,22,22,22,22,22,37,37,37,37],"current_hp_per_floor":[120,120,120,120,120,113,113,115,121,121,121,116,117,110,111,119,126,126,124,126,126,119,125,125,125,120,120,118,125,125,130,122,122,133,133,127,127,127,132,124,124,118,118,118,120,127,127,133,138,87],"gold":6648,"neow_bonus":"THREE_ENEMY_KILL","is_daily":false,"chose_seed":false,"campfire_upgraded":3,"win_rate":0.0,"timestamp":1611625495,"path_taken":["R","M","M","?","M","$","T","?","?","?","M","M","E","$","M","BOSS","R","M","M","M","$","E","T","?","E","?","?","M","R","M","M","BOSS","R","M","$","?","M","?","T","M","R","?","E","M","?","?","M","BOSS"],"items_purchased_type":["Relic","Relic","Card","Card","Card","Card","Relic","Relic","Relic","Relic","Card","Card","Relic","Relic","Card","Card","Card","Relic","Card","Relic","Relic","Relic"],"build_version":"2020-12-22","purchased_purges":3,"victory":true,"max_hp_per_floor":[120,120,120,120,120,120,120,120,126,126,126,126,126,126,126,126,126,126,126,126,126,126,126,126,126,133,133,133,133,133,133,133,133,133,133,133,133,133,133,133,133,133,133,133,133,133,133,139,139,139],"card_choices":[{"not_picked":["Slimebound:SplitLeeching","Slimebound:Prepare"],"picked":"Slimebound:SplitBruiser","floor":2},{"not_picked":["Slimebound:SpikyOuterGoop","Slimebound:HauntingLick"],"picked":"Slimebound:SlimeBarrage","floor":3},{"not_picked":["Slimebound:ComboTackle","Slimebound:ItLooksTasty"],"picked":"Slimebound:PressTheAttack","floor":5},{"not_picked":["Slimebound:LeechingTouch","Slimebound:CheckThePlaybook"],"picked":"Slimebound:ForwardTackle","floor":6},{"not_picked":["Slimebound:LivingWall","Slimebound:HauntingLick"],"picked":"Slimebound:SplitMire","floor":8},{"not_picked":["Slimebound:Nibble","Slimebound:AcidTongue"],"picked":"Slimebound:PressTheAttack","floor":11},{"not_picked":["Slimebound:MegaLick","Slimebound:LivingWall","Slimebound:Gluttony"],"picked":"SKIP","floor":12},{"not_picked":["Slimebound:RollThrough","Slimebound:GrowthPunch"],"picked":"Slimebound:MinionMaster","floor":13},{"not_picked":["Slimebound:GoopSpray","Slimebound:MegaLick"],"picked":"Slimebound:ServeAndProtect","floor":14},{"not_picked":["Slimebound:LivingWall","Slimebound:GoopSpray"],"picked":"Slimebound:SlimeBrawl","floor":15},{"not_picked":["Slimebound:LeechLife","Slimebound:OozeBath"],"picked":"Slimebound:MassRepurpose","floor":16},{"not_picked":["Slimebound:PressTheAttack+1","Slimebound:HauntingLick"],"picked":"Slimebound:SplitAcid","floor":19},{"not_picked":["Slimebound:ItLooksTasty","Slimebound:SlimeSpikes","Slimebound:GoopSpray"],"picked":"SKIP","floor":20},{"not_picked":["Slimebound:SplitBruiser","Slimebound:SlimeTap+1"],"picked":"Slimebound:ServeAndProtect+1","floor":21},{"not_picked":["Slimebound:ForwardTackle","Slimebound:GoopSpray"],"picked":"Slimebound:PressTheAttack+1","floor":22},{"not_picked":["Slimebound:WasteNot","Slimebound:PressTheAttack"],"picked":"Slimebound:Prepare+1","floor":22},{"not_picked":["Slimebound:ViciousTackle","Slimebound:Repurpose"],"picked":"Slimebound:GoopSpray+1","floor":22},{"not_picked":["Slimebound:RainOfGoop","Slimebound:SpikyOuterGoop"],"picked":"Slimebound:SplitMire","floor":22},{"not_picked":["Slimebound:ProtectTheBoss","Slimebound:LivingWall+1"],"picked":"Slimebound:LeechEnergy+1","floor":23},{"not_picked":["Slimebound:HauntingLick","Slimebound:RainOfGoop"],"picked":"Slimebound:GoopTackle","floor":26},{"not_picked":["Slimebound:LeechingTouch","Slimebound:HauntingLick","Slimebound:MegaLick"],"picked":"SKIP","floor":28},{"not_picked":["Slimebound:FinishingTackle","Slimebound:Equalize+1"],"picked":"Slimebound:SlimeTap","floor":29},{"not_picked":["Slimebound:Prepare+1","Slimebound:SamplingLick+1"],"picked":"Slimebound:LevelUp+1","floor":31},{"not_picked":["Slimebound:Equalize","Slimebound:Replication"],"picked":"Slimebound:PressTheAttack","floor":32},{"not_picked":["Slimebound:MassRepurpose","Slimebound:CheckThePlaybook"],"picked":"Slimebound:Overexert","floor":33},{"not_picked":["Slimebound:LeechingTouch","Slimebound:GoopSpray"],"picked":"Slimebound:ComboTackle+1","floor":36},{"not_picked":["Slimebound:SamplingLick","Slimebound:SpikyOuterGoop","Slimebound:ViciousTackle+1"],"picked":"SKIP","floor":37},{"not_picked":["hubris:EnhanceAbility","HandOfGreed"],"picked":"Secret Technique","floor":37},{"not_picked":["Panacea","Replay:Sssssssssshield"],"picked":"Sadistic Nature","floor":37},{"not_picked":["Replay:Bootleg Shield Generator","Replay:Sssssssssstrike"],"picked":"hubris:Insight","floor":37},{"not_picked":["Slimebound:FormOfPuddle","Slimebound:LeechEnergy+1","Slimebound:ForwardTackle"],"picked":"SKIP","floor":39},{"not_picked":["Slimebound:ForwardTackle+1","Slimebound:HauntingLick+1","Slimebound:LivingWall"],"picked":"SKIP","floor":40},{"not_picked":["Slimebound:SamplingLick","Slimebound:RollThrough"],"picked":"Slimebound:MinionMaster","floor":42},{"not_picked":["infinitespire:Oblivion","infinitespire:Collect"],"picked":"ReplayTheSpireMod:Chaos Vortex","floor":44},{"not_picked":["Slimebound:ForwardTackle+1","Slimebound:Equalize"],"picked":"Slimebound:SplitAcid+1","floor":45},{"not_picked":["Slimebound:FlameTackle+1","Slimebound:RejuvenatingLick+1"],"picked":"Slimebound:PressTheAttack+1","floor":46},{"not_picked":["Slimebound:Schlurp+1","Slimebound:FinishingTackle+1"],"picked":"Slimebound:SplitAcid+1","floor":49}],"player_experience":153074,"relics_obtained":[{"floor":7,"key":"Potion Belt"},{"floor":13,"key":"Chameleon Ring"},{"floor":23,"key":"Replay:Bandana"},{"floor":24,"key":"hubris:MedicalManual"},{"floor":25,"key":"hubris:ToyBattleship"},{"floor":26,"key":"Strawberry"},{"floor":38,"key":"Pet Ghost"},{"floor":41,"key":"infinitespire:Lucky Rock"},{"floor":45,"key":"MealTicket"},{"floor":48,"key":"ReplayTheSpireMod:Ring of Exchange"},{"floor":48,"key":"Ring of Panic"}],"event_choices":[{"damage_healed":0,"gold_gain":0,"player_choice":"Box","damage_taken":0,"relics_obtained":["Darkstone Periapt"],"max_hp_gain":0,"max_hp_loss":0,"event_name":"Big Fish","floor":9,"gold_loss":0,"cards_obtained":["Regret"]}],"is_beta":false,"boss_relics":[{"not_picked":["hubris:VirtuousBlindfold","Replay:Wanted Poster"],"picked":"Ring of Chaos"},{"not_picked":["ReplayTheSpireMod:DimensionalGlitch","hubris:CrackedHourglass"],"picked":"aspiration:SecretTechniqueScroll"}],"items_purged_floors":[14,22,37],"is_endless":false,"potions_floor_spawned":[12,13,15,16,19,20,26,29,31,36,49],"ascension_level":1}}