{"host":"g5fmetnswx4f9rhi","time":1611682924,"event":{"mods":["AchievementEnabler","Act Like it!","Aspiration","BaseMod","Conspire","Downfall","Friendly Minions","Gensokyo","GifTheSpireLib","Halation","Hallownest","Hubris","Koishi","Lobotomy","LobotomyExtend","Luminous","Mari Mod (Legacy)","Mari\u0027s V1 Patch","Marisa????????","Mimic Mod","Minty Spire (QoL Compilation)","Railgun Mod","Reimu??????","Remilia??????","Replay The Spire","StSLib","Td1madao Mod","The Administrix","The Alterego","The Animator","The Bladedancer","The Bug Knight","The Cursed","The Jungle","The Marked","The Senshi","The Servant 0.9.4","TheFirefly","Yakumo Yukari mod","Yuri Mod"],"gold_per_floor":[140,137,137,137,62,78,78],"floor_reached":6,"language":"ENG","playtime":751,"items_purged":["MariMod:Mari_Strike"],"score":34,"play_id":"5148d827-66ec-42d7-aac1-808419fa1e2f","local_time":"20210126114204","is_ascension_mode":false,"campfire_choices":[],"circlet_count":0,"master_deck":["MariMod:Mari_Strike","MariMod:Mari_Strike","MariMod:Mari_Strike","MariMod:Mari_Defend","MariMod:Mari_Defend","MariMod:Mari_Defend","MariMod:Mari_Defend","MariMod:Mari_Reminisce","MariMod:Mari_Debut","MariMod:Mari_Emotional_Episode","MariMod:Mari_Cash_Back","MariMod:Mari_Overexertion"],"relics":["MariMod:MariTheSpark","LetterFromLob","halation:StarCompass"],"acts_visited":["Hallownest:Greenpath"],"potions_floor_usage":[],"damage_taken":[{"damage":5,"enemies":"Hallownest:monsterHuskGuard","floor":1,"turns":6},{"damage":10,"enemies":"2_ Uuma","floor":2,"turns":9},{"damage":13,"enemies":"Hallownest:eliteVengeflyKing","floor":6,"turns":4}],"seed_played":"7064464940336830525","potions_obtained":[{"floor":1,"key":"SteroidPotion"},{"floor":2,"key":"SmokeBomb"}],"is_trial":false,"path_per_floor":["M","M","?","?","$","E"],"character_chosen":"MARI","items_purchased":[],"campfire_rested":0,"item_purchase_floors":[],"current_hp_per_floor":[60,50,50,50,50,37,37],"gold":78,"neow_bonus":"REMOVE_TWO","is_daily":false,"chose_seed":false,"campfire_upgraded":0,"win_rate":0.0,"timestamp":1611682924,"path_taken":["M","M","?","?","?","E"],"items_purchased_type":[],"build_version":"2020-12-22","purchased_purges":1,"victory":false,"max_hp_per_floor":[65,65,65,65,65,65,65],"card_choices":[{"not_picked":["MariMod:Mari_Golden_Glint","MariMod:Mari_Defiance"],"picked":"MariMod:Mari_Emotional_Episode","floor":1},{"not_picked":["MariMod:Mari_Shine","MariMod:Mari_The_Planisphere"],"picked":"MariMod:Mari_Cash_Back","floor":2},{"not_picked":["MariMod:Mari_Its_Joke","MariMod:Mari_Lie_In_Wait"],"picked":"MariMod:Mari_Overexertion","floor":2}],"player_experience":20570,"relics_obtained":[{"floor":2,"key":"LetterFromLob"}],"event_choices":[],"is_beta":false,"boss_relics":[],"items_purged_floors":[5],"is_endless":false,"potions_floor_spawned":[1,2],"killed_by":"Hallownest:eliteVengeflyKing","ascension_level":0}}