{"host":"hc8xbdd8p6sd75vx","time":1611644121,"event":{"mods":["AchievementEnabler","AlwaysNeverKeys","BaseMod","Better Altar","Better Match","Better Sensory Stone","Better Skull","Better Third Choice","Colored Map","Hermit","Minty Spire (QoL Compilation)","Quick Restart","Shade Mod","Shop Mod","Spicy Shops","StSLib","The Servant 0.9.4"],"gold_per_floor":[116,129,129,145,155,173,190,190,237,237,267,267,267,288,288,288,288],"floor_reached":16,"language":"ENG","playtime":615,"items_purged":[],"score":108,"play_id":"af004f87-92bf-4fbb-ae6c-271e2dd19562","local_time":"20210125225521","is_ascension_mode":true,"campfire_choices":[{"floor":8,"key":"REST"},{"data":"Phantasmal Killer","floor":13,"key":"SMITH"},{"floor":15,"key":"REST"}],"circlet_count":0,"master_deck":["Strike_G","Strike_G","Strike_G","Strike_G","Strike_G","Defend_G","Defend_G","Defend_G","Defend_G","Defend_G","Survivor","Neutralize","Dagger Spray","Dash","Deadly Poison","Poisoned Stab","Phantasmal Killer+1","Infinite Blades+1","Blade Dance"],"relics":["Ring of the Snake","NeowsBlessing","Boot","Golden Idol","Odd Mushroom"],"acts_visited":["Exordium"],"potions_floor_usage":[11,11],"damage_taken":[{"damage":0,"enemies":"2 Louse","floor":1,"turns":1},{"damage":0,"enemies":"Cultist","floor":2,"turns":1},{"damage":0,"enemies":"Jaw Worm","floor":4,"turns":1},{"damage":7,"enemies":"Large Slime","floor":5,"turns":7},{"damage":9,"enemies":"3 Louse","floor":6,"turns":3},{"damage":14,"enemies":"Lots of Slimes","floor":7,"turns":3},{"damage":14,"enemies":"The Mushroom Lair","floor":11,"turns":3},{"damage":5,"enemies":"Gremlin Gang","floor":14,"turns":4},{"damage":62,"enemies":"The Guardian","floor":16,"turns":7}],"seed_played":"714340644816612601","potions_obtained":[{"floor":1,"key":"Strength Potion"},{"floor":2,"key":"BlessingOfTheForge"},{"floor":5,"key":"SpeedPotion"}],"is_trial":false,"path_per_floor":["M","M","?","M","M","M","M","R","T","?","?","?","R","M","R","B"],"character_chosen":"THE_SILENT","items_purchased":[],"campfire_rested":2,"item_purchase_floors":[],"current_hp_per_floor":[70,70,70,70,63,54,40,61,61,61,47,47,47,42,61,0,0],"gold":288,"neow_bonus":"THREE_ENEMY_KILL","is_daily":false,"chose_seed":false,"campfire_upgraded":1,"win_rate":0.0,"timestamp":1611644121,"path_taken":["M","M","?","M","M","M","?","R","T","?","?","?","R","M","R","BOSS"],"items_purchased_type":[],"build_version":"2020-12-22","purchased_purges":0,"victory":false,"max_hp_per_floor":[70,70,70,70,70,70,70,70,70,65,65,65,65,65,65,65,65],"card_choices":[{"not_picked":["Well Laid Plans","Acrobatics","Expertise"],"picked":"SKIP","floor":1},{"not_picked":["Leg Sweep","Dodge and Roll"],"picked":"Dagger Spray","floor":2},{"not_picked":["Quick Slash","PiercingWail"],"picked":"Dash","floor":4},{"not_picked":["Outmaneuver","Dagger Throw"],"picked":"Deadly Poison","floor":5},{"not_picked":["PiercingWail","Backflip"],"picked":"Poisoned Stab","floor":6},{"not_picked":["Underhanded Strike","Calculated Gamble"],"picked":"Phantasmal Killer","floor":7},{"not_picked":["Skewer","Acrobatics"],"picked":"Infinite Blades","floor":11},{"not_picked":["PiercingWail","Quick Slash"],"picked":"Blade Dance","floor":14}],"player_experience":230902,"relics_obtained":[{"floor":9,"key":"Boot"},{"floor":11,"key":"Odd Mushroom"}],"event_choices":[{"damage_healed":0,"gold_gain":0,"player_choice":"Bought 0 Potions","damage_taken":0,"max_hp_gain":0,"max_hp_loss":0,"event_name":"The Woman in Blue","floor":3,"gold_loss":0},{"damage_healed":0,"gold_gain":0,"player_choice":"Lose Max HP","damage_taken":0,"relics_obtained":["Golden Idol"],"max_hp_gain":0,"max_hp_loss":5,"event_name":"Golden Idol","floor":10,"gold_loss":0},{"damage_healed":0,"gold_gain":0,"player_choice":"Fought Mushrooms","damage_taken":0,"max_hp_gain":0,"max_hp_loss":0,"event_name":"Mushrooms","floor":11,"gold_loss":0},{"damage_healed":0,"gold_gain":0,"player_choice":"Grow","damage_taken":0,"max_hp_gain":0,"max_hp_loss":0,"event_name":"Living Wall","floor":12,"gold_loss":0,"cards_upgraded":["Infinite Blades"]}],"is_beta":false,"boss_relics":[],"items_purged_floors":[],"is_endless":false,"potions_floor_spawned":[1,2,5],"killed_by":"The Guardian","ascension_level":3}}