{"host":"up0yrwoki2hbybns","time":1611652824,"event":{"mods":["BaseMod","Downfall","Hermit","Infinite Spire","Minty Spire (QoL Compilation)","Quick Restart","Replay The Spire","StSLib","The Runesmith"],"gold_per_floor":[14,25,44,44,59,59,94,94,140,173,173,184,202,232,232,327,327,345,345,360,360,360,360,395,395,466,480,440,465,479,493,493,593,693,710,347,347,358,368,401,401,417,417,417,417,427,444,454,454,454],"floor_reached":51,"language":"ENG","playtime":60973,"items_purged":["downfall:Haunted"],"score":901,"play_id":"05b2338a-d163-4100-9720-8791666063de","local_time":"20210126142024","is_ascension_mode":true,"campfire_choices":[{"data":"Secret Technique","floor":6.0,"key":"SMITH"},{"data":"Disarm","floor":8.0,"key":"SMITH"},{"data":"infinitespire:OneForAll","floor":11.0,"key":"SMITH"},{"data":"Dual Wield","floor":15.0,"key":"SMITH"},{"data":"Replay:Undeath\u0027s Touch","floor":23.0,"key":"SMITH"},{"floor":25.0,"key":"REST"},{"floor":32,"key":"REST"},{"data":"1","floor":41,"key":"LIFT"},{"data":"2","floor":49,"key":"LIFT"}],"circlet_count":0,"master_deck":["Strike_R","Strike_R","Strike_R+1","Strike_R","Defend_R","Defend_R+1","Defend_R+1","Defend_R","Bash","Secret Technique+1","Replay:Undeath\u0027s Touch+1","Flex","Disarm+1","Clash","infinitespire:OneForAll+1","Iron Wave","Dual Wield+1","Demonic Infusion","Headbutt+1","Demonic Infusion","Twin Strike","Battle Trance","Thunderclap+1","Pummel+1","Replay:Many Hands","Flex","Flex+1","Exhume","Clash","Clash","Clash+1","Demon Form","Disarm","Clash+1","Anger","Headbutt+1"],"relics":["Burning Blood","ReplayTheSpireMod:Ninjato","infinitespire:Satchel","Potion Belt","Nunchaku","SlaversCollar","Runesmith:AutoHammer","Happy Flower","Self Forming Clay","Bag of Preparation","Replay:Wanted Poster","Girya","Dream Catcher","Simple Rune"],"acts_visited":["Exordium","TheCity","TheBeyond"],"potions_floor_usage":[30,33,33,40,50,50],"damage_taken":[{"damage":7.0,"enemies":"Small Slimes","floor":1.0,"turns":4.0},{"damage":31.0,"enemies":"infinitespire:Voidling","floor":2.0,"turns":5.0},{"damage":3.0,"enemies":"2 Louse","floor":3.0,"turns":3.0},{"damage":11.0,"enemies":"Exordium Thugs","floor":5.0,"turns":5.0},{"damage":13.0,"enemies":"3 Sentries","floor":7.0,"turns":7.0},{"damage":1.0,"enemies":"Replay:BlueRogue","floor":10.0,"turns":6.0},{"damage":12.0,"enemies":"2 Fungi Beasts","floor":12.0,"turns":4.0},{"damage":14.0,"enemies":"Large Slime","floor":13.0,"turns":5.0},{"damage":13.0,"enemies":"Hexaghost","floor":16.0,"turns":10.0},{"damage":4.0,"enemies":"Shell Parasite","floor":18.0,"turns":4.0},{"damage":26.0,"enemies":"Chosen","floor":20.0,"turns":5.0},{"damage":30.0,"enemies":"Replay:Snechameleon","floor":24.0,"turns":6.0},{"damage":21.0,"enemies":"Centurion and Healer","floor":27.0,"turns":6.0},{"damage":6.0,"enemies":"Gremlin Leader","floor":29.0,"turns":4.0},{"damage":13,"enemies":"Chosen and Byrds","floor":30,"turns":3},{"damage":20,"enemies":"Snake Plant","floor":31,"turns":4},{"damage":28,"enemies":"Champ","floor":33,"turns":7},{"damage":11,"enemies":"3 Shapes","floor":35,"turns":3},{"damage":11,"enemies":"Orb Walker","floor":38,"turns":2},{"damage":17,"enemies":"Maw","floor":39,"turns":5},{"damage":18,"enemies":"Reptomancer","floor":40,"turns":2},{"damage":0,"enemies":"Transient","floor":42,"turns":5},{"damage":0,"enemies":"Jaw Worm Horde","floor":46,"turns":2},{"damage":34,"enemies":"Maw","floor":47,"turns":4},{"damage":18,"enemies":"3 Darklings","floor":48,"turns":3},{"damage":42,"enemies":"Awakened One","floor":50,"turns":7}],"seed_played":"-6500121809915331681","potions_obtained":[{"floor":2.0,"key":"AttackPotion"},{"floor":4.0,"key":"Swift Potion"},{"floor":4.0,"key":"EssenceOfSteel"},{"floor":5.0,"key":"SteroidPotion"},{"floor":12.0,"key":"Ancient Potion"},{"floor":13.0,"key":"BloodPotion"},{"floor":18.0,"key":"DistilledChaos"},{"floor":27.0,"key":"Dexterity Potion"},{"floor":29.0,"key":"DistilledChaos"},{"floor":30,"key":"ElixirPotion"},{"floor":35,"key":"Energy Potion"},{"floor":39,"key":"hexamod:SoulburnPotion"},{"floor":40,"key":"infinitespire:BlackPotion"},{"floor":46,"key":"LiquidBronze"}],"is_trial":false,"path_per_floor":["M","M","M","?","M","R","E","R","T","E","R","M","M","?","R","B",null,"M","?","M","$","?","R","E","R","T","M","?","E","M","M","R","B",null,"M","$","?","M","M","E","R","M","T","?","?","M","M","M","R","B",null],"character_chosen":"IRONCLAD","items_purchased":["Girya"],"campfire_rested":2,"item_purchase_floors":[36],"current_hp_per_floor":[79,54,57,57,52,52,45,45,45,50,50,44,36,36,36,29,67,69,69,49,49,49,49,25,49,49,34,34,34,27,13,37,31,68,63,63,63,58,47,35,35,41,41,41,90,90,62,50,50,14],"gold":454,"neow_bonus":"RANDOM_COLORLESS_2","is_daily":false,"chose_seed":false,"campfire_upgraded":5,"win_rate":0.0,"timestamp":1611652824,"path_taken":["M","M","M","?","M","R","E","R","T","E","R","M","?","?","R","BOSS","M","?","M","?","?","R","E","R","T","M","?","E","M","M","R","BOSS","M","?","?","?","M","E","R","M","T","?","?","M","M","M","R","BOSS"],"items_purchased_type":["Relic"],"build_version":"2020-12-22","purchased_purges":1,"victory":true,"max_hp_per_floor":[80,80,80,80,80,80,80,80,80,80,80,80,80,80,80,80,80,80,80,80,80,80,80,80,80,80,80,80,80,80,80,80,80,80,80,80,80,80,80,80,80,80,80,80,90,90,90,90,90,90],"card_choices":[{"not_picked":["HandOfGreed","Midas Touch"],"picked":"Secret Technique","floor":0.0},{"not_picked":["Bloodletting","Havoc"],"picked":"Replay:Undeath\u0027s Touch","floor":1.0},{"not_picked":["Havoc","Replay:Undeath\u0027s Touch"],"picked":"Flex","floor":2.0},{"not_picked":["Clash","Armaments"],"picked":"Disarm","floor":3.0},{"not_picked":["Pummel","Combust"],"picked":"Clash","floor":5.0},{"not_picked":["Offering","Flex"],"picked":"Juggernaut","floor":7.0},{"not_picked":["Infernal Blade","Warcry"],"picked":"infinitespire:OneForAll","floor":10.0},{"not_picked":["Headbutt","Run Through"],"picked":"Iron Wave","floor":12.0},{"not_picked":["Havoc","Entrench"],"picked":"Dual Wield","floor":13.0},{"not_picked":["Demon Form","Brutality"],"picked":"Demonic Infusion","floor":16.0},{"not_picked":["Shockwave","Heavy Blade"],"picked":"Headbutt","floor":18.0},{"not_picked":["Pommel Strike","ReplayTheSpireMod:Strike From Hell"],"picked":"Battle Trance","floor":20.0},{"not_picked":["True Grit+1","Replay:Undeath\u0027s Touch+1"],"picked":"Thunderclap+1","floor":24.0},{"not_picked":["Heavy Blade","infinitespire:OneForAll"],"picked":"Pummel+1","floor":27.0},{"not_picked":["ReplayTheSpireMod:Corrosion Curse","Armaments"],"picked":"Replay:Many Hands","floor":29.0},{"not_picked":["Shrug It Off","True Grit"],"picked":"Flex","floor":30},{"not_picked":["Pommel Strike","Cleave"],"picked":"Flex+1","floor":31},{"not_picked":["Corruption","Juggernaut"],"picked":"Exhume","floor":33},{"not_picked":["Perfected Strike+1","Reckless Charge"],"picked":"Clash","floor":35},{"not_picked":["Battle Trance+1","Burning Pact"],"picked":"Clash","floor":38},{"not_picked":["Twin Strike","Headbutt+1"],"picked":"Clash+1","floor":39},{"not_picked":["Body Slam","Evolve"],"picked":"Demon Form","floor":40},{"not_picked":["Evolve","Second Wind"],"picked":"Disarm","floor":42},{"not_picked":["Havoc","Sword Boomerang"],"picked":"Clash+1","floor":46},{"not_picked":["True Grit","Clothesline+1"],"picked":"Anger","floor":47},{"not_picked":["Wild Strike+1","Feel No Pain"],"picked":"Headbutt+1","floor":48}],"player_experience":384119,"relics_obtained":[{"floor":7.0,"key":"ReplayTheSpireMod:Ninjato"},{"floor":9.0,"key":"infinitespire:Satchel"},{"floor":10.0,"key":"Potion Belt"},{"floor":24.0,"key":"Happy Flower"},{"floor":26.0,"key":"Self Forming Clay"},{"floor":29.0,"key":"Bag of Preparation"},{"floor":40,"key":"Dream Catcher"},{"floor":43,"key":"Simple Rune"}],"event_choices":[{"damage_healed":0.0,"max_hp_gain":0.0,"max_hp_loss":0.0,"gold_gain":0.0,"event_name":"Lab","player_choice":"Got Potions","floor":4.0,"gold_loss":0.0,"damage_taken":0.0},{"damage_healed":0.0,"max_hp_gain":0.0,"max_hp_loss":0.0,"gold_gain":30.0,"event_name":"Dead Adventurer","player_choice":"Searched \u00272\u0027 times","floor":14.0,"gold_loss":0.0,"damage_taken":0.0,"relics_obtained":["Nunchaku"]},{"damage_healed":0.0,"max_hp_gain":0.0,"max_hp_loss":0.0,"gold_gain":0.0,"event_name":"Match and Keep!","player_choice":"2 cards matched","floor":19.0,"gold_loss":0.0,"damage_taken":0.0,"cards_obtained":["Demonic Infusion","Twin Strike"]},{"damage_healed":0.0,"max_hp_gain":0.0,"max_hp_loss":0.0,"gold_gain":0.0,"event_name":"Designer","player_choice":"Upgraded Two","floor":28.0,"gold_loss":40.0,"damage_taken":0.0,"cards_upgraded":["Strike_R","Headbutt"]},{"cards_removed":["Strike_R"],"damage_healed":0,"gold_gain":0,"player_choice":"Purged","damage_taken":0,"max_hp_gain":0,"max_hp_loss":0,"event_name":"Purifier","floor":37,"gold_loss":0},{"damage_healed":0,"gold_gain":0,"player_choice":"Ignored","damage_taken":0,"max_hp_gain":0,"max_hp_loss":0,"event_name":"Tomb of Lord Red Mask","floor":44,"gold_loss":0},{"cards_removed":["Juggernaut"],"damage_healed":39,"gold_gain":0,"player_choice":"Offered Rare","damage_taken":0,"max_hp_gain":10,"max_hp_loss":0,"event_name":"Bonfire Elementals","floor":45,"gold_loss":0}],"is_beta":false,"boss_relics":[{"not_picked":["Runesmith:UraniumAnvil","Replay:Ancient Bell"],"picked":"SlaversCollar"},{"not_picked":["ReplayTheSpireMod:SealedPack","infinitespire:Burning Sword"],"picked":"Replay:Wanted Poster"}],"items_purged_floors":[36],"is_endless":false,"potions_floor_spawned":[2,5,12,13,18,27,29,30,35,39,40,46,48],"ascension_level":5}}