{"host":"343qqg62n5k3n5g2","time":1611676740,"event":{"mods":["ATMod(°¢èªMod)","Act Like it!","Aspiration","BaseMod","Colored Powertips","Conspire","Energized Spire","HololiveMod","Jedi Mod","Minty Spire (QoL Compilation)","Pale of the Ancients","Quick Restart","Replay The Spire","Spicy Shops","StSLib","TestMod","The Marked","UnlockEverythingMod","¡¾ÒÅÎï¿¨ÅÆ¡¿REMEMod","óô»ðÖ¸ÄÏ"],"gold_per_floor":[110,121,121,121,131,131,157,157,180,180,180,197,197,472,472,472,472],"floor_reached":16,"language":"ZHS","playtime":602,"items_purged":[],"score":98,"play_id":"6eab96ec-5dbc-41bf-b9aa-90f7b41342e2","local_time":"20210126235900","is_ascension_mode":false,"campfire_choices":[{"data":"theMarked:ComboAttacks","floor":6,"key":"SMITH"},{"data":"Secret Technique","floor":11,"key":"SMITH"},{"data":"theMarked:SoldierOfQuellstein","floor":13,"key":"SMITH"},{"data":"theMarked:Opportunist","floor":15,"key":"SMITH"}],"circlet_count":0,"master_deck":["theMarked:Strike","theMarked:Strike","theMarked:Strike","theMarked:Strike","theMarked:Strike","theMarked:Defend","theMarked:Defend","theMarked:Defend","theMarked:Defend","theMarked:SoldierOfQuellstein+1","AT_WarpDrive","Secret Technique+1","theMarked:Opportunist+1","Regret","theMarked:ComboAttacks+1","Regret"],"relics":["theMarked:ArtifactOfAir","testmod-TestBox","REME_ComplimentaryCards","AT_ATBox","testmod-IWantAll","CaptainsWheel","jedi:angrymask","Boot","WingedGreaves","testmod-TurbochargingSystem"],"acts_visited":["Exordium"],"potions_floor_usage":[7,7,16],"damage_taken":[{"damage":5,"enemies":"Cultist","floor":1,"turns":4},{"damage":2,"enemies":"2 Louse","floor":2,"turns":2},{"damage":0,"enemies":"Small Slimes","floor":5,"turns":5},{"damage":32,"enemies":"Gremlin Nob","floor":7,"turns":6},{"damage":8,"enemies":"2 Fungi Beasts","floor":12,"turns":4},{"damage":30,"enemies":"Slime Boss","floor":16,"turns":7}],"seed_played":"-574400800151494318","potions_obtained":[{"floor":1,"key":"Regen Potion"},{"floor":5,"key":"ColorlessPotion"},{"floor":7,"key":"Weak Potion"}],"is_trial":false,"path_per_floor":["M","M","?","?","M","R","E","T","T","R","R","M","R","?","R","B"],"character_chosen":"THE_DEFAULT","items_purchased":[],"campfire_rested":0,"item_purchase_floors":[],"current_hp_per_floor":[72,70,70,58,58,58,31,31,31,31,31,23,23,23,23,0,0],"gold":472,"neow_bonus":"TEN_PERCENT_HP_BONUS","is_daily":false,"chose_seed":false,"campfire_upgraded":4,"win_rate":0.0,"timestamp":1611676740,"path_taken":["M","M","?","?","M","R","E","?","T","R","R","?","R","?","R","BOSS"],"items_purchased_type":[],"build_version":"2020-12-22","purchased_purges":0,"victory":false,"max_hp_per_floor":[77,77,77,77,77,77,77,77,77,77,77,77,77,77,77,77,77],"card_choices":[{"not_picked":["theMarked:Aftermath","theMarked:Memento"],"picked":"theMarked:Opportunist","floor":1},{"not_picked":["theMarked:OneWithTheBlade","theMarked:EmpowerWeapon","theMarked:Parkour"],"picked":"SKIP","floor":2},{"not_picked":["theMarked:EmpowerWeapon","theMarked:ElectricStrings"],"picked":"theMarked:ComboAttacks","floor":5},{"not_picked":["theMarked:ResourceFulStrike","theMarked:TakeCover","theMarked:CreepingChasm"],"picked":"SKIP","floor":7},{"not_picked":["theMarked:ElectricStrings","theMarked:RepellingDischarge","theMarked:TheMission"],"picked":"SKIP","floor":12}],"player_experience":12709,"relics_obtained":[{"floor":7,"key":"Boot"},{"floor":8,"key":"WingedGreaves"},{"floor":9,"key":"testmod-TurbochargingSystem"}],"event_choices":[{"damage_healed":0,"gold_gain":0,"player_choice":"Box","damage_taken":0,"relics_obtained":["CaptainsWheel"],"max_hp_gain":0,"max_hp_loss":0,"event_name":"Big Fish","floor":3,"gold_loss":0,"cards_obtained":["Regret"]},{"damage_healed":0,"gold_gain":0,"player_choice":"Success","damage_taken":12,"relics_obtained":["jedi:angrymask"],"max_hp_gain":0,"max_hp_loss":0,"event_name":"Scrap Ooze","floor":4,"gold_loss":0},{"damage_healed":0,"gold_gain":275,"player_choice":"Desecrate","damage_taken":0,"max_hp_gain":0,"max_hp_loss":0,"event_name":"Golden Shrine","floor":14,"gold_loss":0,"cards_obtained":["Regret"]}],"is_beta":false,"boss_relics":[],"items_purged_floors":[],"is_endless":false,"potions_floor_spawned":[1,5,7],"killed_by":"Slime Boss","ascension_level":0}}