{"host":"Sean","time":1611669854,"event":{"mods":["BaseMod","Block Reminder","Colored Map","Colored Powertips","Highlight Path","Minty Spire (QoL Compilation)","Permanent Neow","Relic Stats"],"gold_per_floor":[111,125,125,125,125,160,11,28,28,28,59,59,9,28,28,132,182,193,203,102,0,17,17,17,17],"floor_reached":24,"language":"ENG","playtime":1743,"items_purged":["Regret","Defend_P","Strike_P"],"score":245,"play_id":"5aa9f893-170e-450f-9b90-01145494bddf","local_time":"20210126140414","is_ascension_mode":true,"campfire_choices":[{"data":"Eruption","floor":10.0,"key":"SMITH"},{"data":"SashWhip","floor":15.0,"key":"SMITH"},{"data":"Perseverance","floor":23.0,"key":"SMITH"}],"circlet_count":0,"master_deck":["Strike_P","Strike_P+1","Strike_P","Defend_P+1","Defend_P+1","Eruption+1","Vigilance","SashWhip+1","FollowUp","Establishment","BowlingBash","EmptyFist+1","DevaForm+1","Collect","ClearTheMind","ConjureBlade","ReachHeaven","Crescendo+1","Perseverance+1","Perseverance+1"],"relics":["PureWater","Smiling Mask","Meat on the Bone","War Paint","Ornamental Fan","Mummified Hand","Eternal Feather","Tiny House","Strawberry"],"acts_visited":["Exordium","TheCity"],"potions_floor_usage":[],"damage_taken":[{"damage":7.0,"enemies":"Jaw Worm","floor":1.0,"turns":6.0},{"damage":0.0,"enemies":"2 Louse","floor":2.0,"turns":2.0},{"damage":34.0,"enemies":"Lagavulin","floor":6.0,"turns":6.0},{"damage":0.0,"enemies":"Cultist","floor":8.0,"turns":2.0},{"damage":6.0,"enemies":"Gremlin Nob","floor":11.0,"turns":3.0},{"damage":0.0,"enemies":"Looter","floor":14.0,"turns":2.0},{"damage":27.0,"enemies":"The Guardian","floor":16.0,"turns":16.0},{"damage":19.0,"enemies":"Shell Parasite","floor":18.0,"turns":4.0},{"damage":0.0,"enemies":"3 Byrds","floor":19.0,"turns":3.0},{"damage":21.0,"enemies":"Cultist and Chosen","floor":22.0,"turns":8.0},{"damage":56,"enemies":"Book of Stabbing","floor":24,"turns":6}],"seed_played":"-6374823250006958771","potions_obtained":[{"floor":6.0,"key":"SpeedPotion"},{"floor":8.0,"key":"Block Potion"},{"floor":14.0,"key":"BlessingOfTheForge"},{"floor":17.0,"key":"ColorlessPotion"},{"floor":19.0,"key":"Dexterity Potion"},{"floor":22.0,"key":"DistilledChaos"}],"is_trial":false,"path_per_floor":["M","M","?","T","?","E","$","M","T","R","E","?","$","M","R","B",null,"M","M","$","?","M","R","E"],"character_chosen":"WATCHER","items_purchased":["AttackPotion","EmptyFist","Swift Potion"],"campfire_rested":0,"item_purchase_floors":[7,7,20],"current_hp_per_floor":[65,65,65,65,65,43,43,43,43,43,37,23,23,35,44,29,77,58,58,58,65,44,56,0,0],"gold":17,"neow_bonus":"RANDOM_COMMON_RELIC","is_daily":false,"chose_seed":false,"campfire_upgraded":3,"win_rate":0.0,"timestamp":1611669854,"path_taken":["M","M","?","?","?","E","$","?","T","R","E","?","$","M","R","BOSS","M","M","$","?","M","R","E"],"items_purchased_type":["Potion","Card","Potion"],"build_version":"2020-12-18","purchased_purges":3,"victory":false,"max_hp_per_floor":[72,72,72,72,72,72,72,72,72,72,72,72,72,72,72,72,77,77,77,77,84,84,84,84,84],"relic_stats":{"counters":[11,58],"Ornamental Fan":[76],"Mummified Hand":[8],"Eternal Feather":21,"War Paint":["Defend_P","Defend_P"],"Smiling Mask":150,"obtain_stats":[{"Tiny House":17,"Ornamental Fan":6,"Mummified Hand":9,"Strawberry":21,"Eternal Feather":11,"PureWater":0,"War Paint":4,"Smiling Mask":0,"Meat on the Bone":3},{"Tiny House":7,"Ornamental Fan":3,"Mummified Hand":4,"Strawberry":9,"Eternal Feather":5,"PureWater":0,"War Paint":2,"Smiling Mask":0,"Meat on the Bone":2},{"Tiny House":37,"Ornamental Fan":14,"Mummified Hand":16,"Strawberry":44,"Eternal Feather":19,"PureWater":0,"War Paint":8,"Smiling Mask":0,"Meat on the Bone":8}],"Meat on the Bone":36},"card_choices":[{"not_picked":["Collect","Wireheading"],"picked":"SashWhip","floor":1.0},{"not_picked":["SashWhip","Adaptation"],"picked":"FollowUp","floor":2.0},{"not_picked":["ThirdEye","Halt"],"picked":"BowlingBash","floor":6.0},{"not_picked":["InnerPeace","Vengeance"],"picked":"DevaForm","floor":8.0},{"not_picked":["SashWhip","DevaForm"],"picked":"Collect","floor":11.0},{"not_picked":["EmptyFist","CrushJoints"],"picked":"ClearTheMind","floor":14.0},{"not_picked":["Devotion","Scrawl"],"picked":"ConjureBlade","floor":16.0},{"not_picked":["EmptyMind","Halt"],"picked":"ReachHeaven","floor":17.0},{"not_picked":["Collect+1","CarveReality"],"picked":"Crescendo+1","floor":18.0},{"not_picked":["Meditate","Prostrate"],"picked":"Perseverance","floor":19.0},{"not_picked":["Crescendo","Protect"],"picked":"Perseverance+1","floor":22.0}],"player_experience":469106,"relics_obtained":[{"floor":4.0,"key":"War Paint"},{"floor":6.0,"key":"Ornamental Fan"},{"floor":9.0,"key":"Mummified Hand"},{"floor":11.0,"key":"Eternal Feather"}],"event_choices":[{"damage_healed":0.0,"max_hp_gain":0.0,"max_hp_loss":0.0,"gold_gain":0.0,"event_name":"Big Fish","player_choice":"Box","floor":3.0,"gold_loss":0.0,"damage_taken":0.0,"relics_obtained":["Meat on the Bone"],"cards_obtained":["Regret"]},{"damage_healed":0.0,"max_hp_gain":0.0,"max_hp_loss":0.0,"gold_gain":0.0,"cards_transformed":["Defend_P"],"event_name":"Transmorgrifier","player_choice":"Transformed","floor":5.0,"gold_loss":0.0,"damage_taken":0.0,"cards_obtained":["Establishment"]},{"damage_healed":0.0,"max_hp_gain":0.0,"max_hp_loss":0.0,"gold_gain":0.0,"event_name":"Shining Light","player_choice":"Entered Light","floor":12.0,"gold_loss":0.0,"damage_taken":14.0,"cards_upgraded":["DevaForm","EmptyFist"]},{"damage_healed":0.0,"max_hp_gain":0.0,"max_hp_loss":0.0,"gold_gain":0.0,"event_name":"WeMeetAgain","player_choice":"Paid Gold","floor":21.0,"gold_loss":102.0,"damage_taken":0.0,"relics_obtained":["Strawberry"]}],"is_beta":true,"boss_relics":[{"not_picked":["Pandora\u0027s Box","Coffee Dripper"],"picked":"Tiny House"}],"items_purged_floors":[7,13,20],"is_endless":false,"potions_floor_spawned":[6,8,14,19,22],"killed_by":"Book of Stabbing","ascension_level":4}}