{"host":"wmz27iczv4t8azac","time":1611621673,"event":{"mods":["AchievementEnabler","BaseMod","Colored Powertips","Downfall","Minty Spire (QoL Compilation)","Quick Restart","Relic Stats","StSLib"],"gold_per_floor":[99,119,27,45,65,90,90,90,122,136,152,185,185,48,60,60,60,60],"floor_reached":16,"language":"ENG","playtime":1398,"items_purged":[],"score":128,"play_id":"4fd5b9b9-ff9b-430b-a851-11b0d90749bf","local_time":"20210125164113","is_ascension_mode":true,"campfire_choices":[{"data":"hexamod:Sear","floor":1,"key":"SMITH"},{"data":"hexamod:RainOfEmbers","floor":13,"key":"SMITH"}],"circlet_count":0,"master_deck":["hexamod:Strike","hexamod:Defend","hexamod:Defend","hexamod:Defend","hexamod:Defend","hexamod:Sear+1","hexamod:Float","hexamod:RainOfEmbers+1","hexamod:Firestarter","hexamod:HeatCrush","hexamod:FlamesFromBeyond","hexamod:InspiringFlames","hexamod:ForkedFlame","hexamod:UnlimitedPower","hexamod:GiftsFromTheDead","Pain","hexamod:Firestarter","hexamod:ExtraCrispy","hexamod:HeatShield","hexamod:ShieldOfDarkness","hexamod:ChargedBarrage","hexamod:WildfireWeapon"],"relics":["hexamod:SpiritBrand","Akabeko","Turnip","Mummified Hand","Tiny Chest","The Courier","hexamod:MatchstickCase"],"acts_visited":["Exordium"],"potions_floor_usage":[12,15,16,16,16],"damage_taken":[{"damage":1,"enemies":"Jaw Worm","floor":2,"turns":4},{"damage":0,"enemies":"downfall:FleeingMerchant","floor":3,"turns":4},{"damage":0,"enemies":"Cultist","floor":4,"turns":2},{"damage":0,"enemies":"Small Slimes","floor":5,"turns":1},{"damage":3,"enemies":"Lagavulin","floor":6,"turns":5},{"damage":23,"enemies":"3 Sentries","floor":9,"turns":6},{"damage":4,"enemies":"2 Fungi Beasts","floor":10,"turns":3},{"damage":5,"enemies":"Blue Slaver","floor":11,"turns":3},{"damage":12,"enemies":"Gremlin Nob","floor":12,"turns":4},{"damage":8,"enemies":"downfall:FleeingMerchant","floor":14,"turns":4},{"damage":6,"enemies":"Gremlin Gang","floor":15,"turns":5},{"damage":23,"enemies":"DF_ARCHETYPE_STREAMLINE","floor":16,"turns":4}],"seed_played":"2323341355640342325","potions_obtained":[{"floor":2,"key":"Regen Potion"},{"floor":5,"key":"Weak Potion"},{"floor":9,"key":"Fire Potion"},{"floor":12,"key":"champ:CounterPotion"},{"floor":15,"key":"champ:CounterPotion"}],"is_trial":false,"path_per_floor":["R","M","$","M","M","E","T","?","E","M","M","E","R","$","M","B"],"character_chosen":"THE_SPIRIT","items_purchased":["hexamod:HeatCrush","hexamod:MatchstickCase"],"campfire_rested":0,"item_purchase_floors":[3,14],"current_hp_per_floor":[70,69,69,69,69,66,66,66,43,39,34,36,36,28,22,0,0,0],"gold":60,"neow_bonus":"RANDOM_COMMON_RELIC","is_daily":false,"chose_seed":false,"campfire_upgraded":2,"win_rate":0.0,"timestamp":1611621673,"path_taken":["R","M","$","M","M","E","T","?","E","M","M","E","R","?","M","BOSS"],"items_purchased_type":["Card","Relic"],"build_version":"2020-12-22","purchased_purges":0,"victory":false,"max_hp_per_floor":[70,70,70,70,70,70,70,70,70,70,70,70,70,70,70,70,70,70],"relic_stats":{"counters":[12,45],"Mummified Hand":[1],"Tiny Chest":0,"Turnip":[0],"obtain_stats":[{"Mummified Hand":7,"Tiny Chest":9,"Turnip":6,"The Courier":12,"hexamod:SpiritBrand":0,"Akabeko":0,"hexamod:MatchstickCase":14},{"Mummified Hand":5,"Tiny Chest":6,"Turnip":5,"The Courier":9,"hexamod:SpiritBrand":0,"Akabeko":0,"hexamod:MatchstickCase":10},{"Mummified Hand":16,"Tiny Chest":22,"Turnip":16,"The Courier":32,"hexamod:SpiritBrand":0,"Akabeko":0,"hexamod:MatchstickCase":36}]},"card_choices":[{"not_picked":["hexamod:ThirdSeal","hexamod:NightmareStrike"],"picked":"hexamod:RainOfEmbers","floor":2},{"not_picked":["hexamod:UnleashSpirits","hexamod:BacktrackSmack"],"picked":"hexamod:Firestarter","floor":3},{"not_picked":["hexamod:RetreatToShadows","hexamod:NightmareStrike"],"picked":"hexamod:FlamesFromBeyond","floor":4},{"not_picked":["hexamod:BurningTouch","hexamod:PhantomCloak"],"picked":"hexamod:InspiringFlames","floor":5},{"not_picked":["hexamod:HeatCrush","hexamod:DynamicBlow"],"picked":"hexamod:ForkedFlame","floor":6},{"not_picked":["hexamod:Haunt","hexamod:ShieldOfDarkness"],"picked":"hexamod:ExtraCrispy","floor":9},{"not_picked":["hexamod:SwordOfDarkness","hexamod:FastForward"],"picked":"hexamod:HeatShield","floor":10},{"not_picked":["hexamod:GhostShield","hexamod:RainOfEmbers"],"picked":"hexamod:ShieldOfDarkness","floor":11},{"not_picked":["hexamod:BacktrackSmack","hexamod:UnleashSpirits","hexamod:FastForward"],"picked":"SKIP","floor":12},{"not_picked":["hexamod:SkipABeat","hexamod:Rewind"],"picked":"hexamod:ChargedBarrage","floor":14},{"not_picked":["hexamod:GhostShield","hexamod:BacktrackSmack"],"picked":"hexamod:WildfireWeapon","floor":15}],"player_experience":964845,"relics_obtained":[{"floor":6,"key":"Turnip"},{"floor":7,"key":"Mummified Hand"},{"floor":9,"key":"Tiny Chest"},{"floor":12,"key":"The Courier"}],"event_choices":[],"is_beta":false,"boss_relics":[],"items_purged_floors":[],"is_endless":false,"potions_floor_spawned":[2,5,9,10,12,15],"killed_by":"DF_ARCHETYPE_STREAMLINE","ascension_level":1}}