{"host":"i18imc0um2oq1vml","time":1611694251,"event":{"mods":["BaseMod","Downfall","Googly Eyes","Minty Spire (QoL Compilation)","StSLib"],"gold_per_floor":[99,112,127,146,157,184,196,208,370,394,406,433,445,486,518,530,530,530],"floor_reached":16,"language":"ENG","playtime":1411,"items_purged":[],"score":114,"play_id":"e6a82321-f770-468a-9e09-bb5a9d3a8182","local_time":"20210126205051","is_ascension_mode":false,"campfire_choices":[{"data":"Guardian:CurlUp","floor":1.0,"key":"SMITH"},{"data":"Guardian:BodySlam","floor":8.0,"key":"SMITH"}],"circlet_count":0,"master_deck":["Guardian:Strike_Guardian","Guardian:Strike_Guardian","Guardian:Strike_Guardian","Guardian:Strike_Guardian","Guardian:Defend_Guardian","Guardian:Defend_Guardian","Guardian:Defend_Guardian","Guardian:Defend_Guardian","Guardian:CurlUp+1","Guardian:TwinSlam","Guardian:ChargeCore","Guardian:ChargeCore","Guardian:BodySlam+1","Guardian:RevengeProtocol","downfall:Icky","Guardian:TimeBomb","Guardian:PrismaticBarrier","Guardian:Gem_Orange","Guardian:Gem_Red","Guardian:CrystalBeam","Guardian:Gem_Cyan"],"relics":["Guardian:ModeShifter","MawBank","Eternal Feather","Guardian:PickAxe","Mummified Hand"],"acts_visited":["Exordium"],"potions_floor_usage":[14,14,16],"damage_taken":[{"damage":2.0,"enemies":"Small Slimes","floor":2.0,"turns":4.0},{"damage":3.0,"enemies":"Jaw Worm","floor":3.0,"turns":4.0},{"damage":1.0,"enemies":"2 Louse","floor":4.0,"turns":2.0},{"damage":6.0,"enemies":"Exordium Wildlife","floor":5.0,"turns":3.0},{"damage":16.0,"enemies":"Gremlin Nob","floor":6.0,"turns":5.0},{"damage":7.0,"enemies":"Blue Slaver","floor":10.0,"turns":2.0},{"damage":13.0,"enemies":"Blue Slaver","floor":11.0,"turns":3.0},{"damage":9,"enemies":"3 Louse","floor":12,"turns":4},{"damage":7,"enemies":"3 Sentries","floor":14,"turns":6},{"damage":7,"enemies":"2 Fungi Beasts","floor":15,"turns":3},{"damage":36,"enemies":"DF_ARCHETYPE_STREAMLINE","floor":16,"turns":9}],"seed_played":"-7372134375904301319","potions_obtained":[{"floor":3.0,"key":"PowerPotion"},{"floor":5.0,"key":"Guardian:DefensiveModePotion"},{"floor":6.0,"key":"sneckomod:MuddlingPotion"},{"floor":10.0,"key":"Guardian:AcceleratePotion"}],"is_trial":false,"path_per_floor":["R","M","M","M","M","E","T","R","?","M","?","M","R","E","M","B"],"character_chosen":"GUARDIAN","items_purchased":[],"campfire_rested":0,"item_purchase_floors":[],"current_hp_per_floor":[88,86,83,82,76,60,60,69,69,62,49,40,49,42,35,0,0,0],"gold":530,"neow_bonus":"TEN_PERCENT_HP_BONUS","is_daily":false,"chose_seed":false,"campfire_upgraded":2,"win_rate":0.0,"timestamp":1611694251,"path_taken":["R","M","M","M","M","E","T","R","?","M","?","M","R","E","M","BOSS"],"items_purchased_type":[],"build_version":"2020-12-22","purchased_purges":0,"victory":false,"max_hp_per_floor":[88,88,88,88,88,88,88,88,88,88,88,88,88,88,88,88,88,88],"card_choices":[{"not_picked":["Guardian:CrystalBeam","Guardian:Harden"],"picked":"Guardian:ChargeCore","floor":2.0},{"not_picked":["Guardian:EvasiveProtocol","Guardian:BodySlam"],"picked":"Guardian:ChargeCore","floor":3.0},{"not_picked":["Guardian:MultiBeam","Guardian:PrismaticBarrier"],"picked":"Guardian:BodySlam","floor":4.0},{"not_picked":["Guardian:Gem_Lightblue","Guardian:RollAttack"],"picked":"Guardian:Gem_Green","floor":5.0},{"not_picked":["Guardian:WalkerClaw","Guardian:Gem_Fragmented"],"picked":"Guardian:RevengeProtocol","floor":6.0},{"not_picked":["Guardian:RollAttack","Guardian:ChargeCore"],"picked":"Guardian:TimeBomb","floor":10.0},{"not_picked":["Guardian:MultiBeam","Guardian:PrimingBeam"],"picked":"Guardian:PrismaticBarrier","floor":12},{"not_picked":["Guardian:Incinerate","Guardian:Suspension"],"picked":"Guardian:CrystalBeam","floor":14},{"not_picked":["Guardian:TimeSifter","Guardian:MultiBeam"],"picked":"Guardian:Gem_Cyan","floor":15}],"player_experience":2024960,"relics_obtained":[{"floor":6.0,"key":"MawBank"},{"floor":7.0,"key":"Eternal Feather"},{"floor":14,"key":"Mummified Hand"}],"event_choices":[],"is_beta":false,"boss_relics":[],"items_purged_floors":[],"is_endless":false,"potions_floor_spawned":[3,5,6,10,11],"killed_by":"DF_ARCHETYPE_STREAMLINE","ascension_level":0}}