{"host":"njo8qgvy2a57fcny","time":1611630730,"event":{"mods":["Aspiration","BaseMod","BetterRewards","CCEM","Colored Map","Colored Powertips","Conspire","Custom Start","Downfall","Energized Spire","GifTheSpireLib","Halation","Hermit","Hubris","Infinite Spire","Jedi Mod","Jorbs\u0027s Wanderer Trilogy","Mimic Mod","Minty Spire (QoL Compilation)","Quick Restart","Random Character Button","Random Character Mod","Rare Cards Sparkle","Relic Sorter","Replay The Spire","Shop Mod","StSLib","Stuff the Spire","The Animator","The Jungle","The Runesmith","The Servant 0.9.4","Unceasing Turn Reminder","thorton"],"gold_per_floor":[99,110,135,155,174,174,174,174,209,238,238,263,277,296,313,313,313,313],"floor_reached":16,"language":"ENG","playtime":1187,"items_purged":[],"score":224,"play_id":"dbb1537e-e648-455d-b352-43585ca605ae","local_time":"20210126141210","is_ascension_mode":true,"campfire_choices":[{"data":"Slimebound:CorrosiveSpit","floor":1,"key":"SMITH"},{"data":"Slimebound:GoopSpray","floor":6,"key":"SMITH"}],"circlet_count":0,"master_deck":["AscendersBane","Slimebound:Strike_Slimebound","Slimebound:Strike_Slimebound","Slimebound:Strike_Slimebound","Slimebound:Tackle+1","Slimebound:Defend_Slimebound+1","Slimebound:Defend_Slimebound","Slimebound:Defend_Slimebound","Slimebound:Defend_Slimebound+1","Slimebound:Split","Slimebound:CorrosiveSpit+1","Decay","Slimebound:GoopSpray+1","Slimebound:LeechEnergy","Slimebound:LeechingTouch","downfall:Malfunctioning","Slimebound:SplitMire","Slimebound:Replication","Slimebound:SpikyOuterGoop","Slimebound:SplitMire","Slimebound:GoopSpray","Slimebound:SpikyOuterGoop"],"relics":["Slimebound:AbsorbEndCombat","aspiration:AnachronicSnailShell","CCEMRelics:FryingPan","StuffTheSpire:Barrel","Odd Mushroom","Garlic"],"acts_visited":["Exordium"],"potions_floor_usage":[9,9,16,16],"damage_taken":[{"damage":9,"enemies":"Jaw Worm","floor":2,"turns":3},{"damage":0,"enemies":"Cultist","floor":4,"turns":4},{"damage":4,"enemies":"2 Louse","floor":5,"turns":2},{"damage":46,"enemies":"3 Sentries","floor":9,"turns":13},{"damage":13,"enemies":"The Mushroom Lair","floor":10,"turns":5},{"damage":1,"enemies":"Lagavulin","floor":12,"turns":8},{"damage":7,"enemies":"Large Slime","floor":13,"turns":6},{"damage":8,"enemies":"Gremlin Gang","floor":14,"turns":5},{"damage":2,"enemies":"Lots of Slimes","floor":15,"turns":6},{"damage":38,"enemies":"DF_ARCHETYPE_STREAMLINE","floor":16,"turns":9}],"seed_played":"6336376426488313463","potions_obtained":[{"floor":2,"key":"Milkshake"},{"floor":3,"key":"downfall:CursedFountainPotion"},{"floor":13,"key":"SteroidPotion"},{"floor":15,"key":"PowerPotion"}],"is_trial":false,"path_per_floor":["R","M","?","M","M","R","T","?","E","?","?","E","M","M","M","B"],"character_chosen":"SLIMEBOUND","items_purchased":[],"campfire_rested":0,"item_purchase_floors":[],"current_hp_per_floor":[53,48,48,54,54,54,54,54,16,11,14,21,22,22,28,0,0,0],"gold":313,"neow_bonus":"ONE_RARE_RELIC","is_daily":false,"chose_seed":false,"campfire_upgraded":2,"win_rate":0.0,"timestamp":1611630730,"path_taken":["R","M","?","M","?","R","T","?","E","?","?","E","M","?","M","BOSS"],"items_purchased_type":[],"build_version":"2020-12-22","purchased_purges":0,"victory":false,"max_hp_per_floor":[59,59,59,59,59,59,59,59,59,59,59,59,59,59,59,59,59,59],"card_choices":[{"not_picked":["Slimebound:RollThrough","Slimebound:SplitLeeching"],"picked":"Slimebound:GoopSpray","floor":2},{"not_picked":["Slimebound:SpikyOuterGoop","Slimebound:Replication"],"picked":"Slimebound:LeechEnergy","floor":4},{"not_picked":["Slimebound:Chomp","Slimebound:SplitLeeching"],"picked":"Slimebound:LeechingTouch","floor":5},{"not_picked":["Slimebound:SlimeBrawl","Slimebound:RollThrough"],"picked":"Slimebound:SplitMire","floor":9},{"not_picked":["Slimebound:ServeAndProtect","Slimebound:FinishingTackle"],"picked":"Slimebound:Replication","floor":10},{"not_picked":["Slimebound:Schlurp","Slimebound:SplitLeeching"],"picked":"Slimebound:SpikyOuterGoop","floor":12},{"not_picked":["Slimebound:ForwardTackle","Slimebound:GoopSpray"],"picked":"Slimebound:SplitMire","floor":13},{"not_picked":["Slimebound:HauntingLick","Slimebound:SplitMire"],"picked":"Slimebound:GoopSpray","floor":14},{"not_picked":["Slimebound:HauntingLick","Slimebound:LeechEnergy"],"picked":"Slimebound:SpikyOuterGoop","floor":15}],"player_experience":703687,"relics_obtained":[{"floor":7,"key":"CCEMRelics:FryingPan"},{"floor":9,"key":"StuffTheSpire:Barrel"},{"floor":10,"key":"Odd Mushroom"},{"floor":12,"key":"Garlic"}],"event_choices":[{"damage_healed":0,"gold_gain":0,"player_choice":"Fought Mushrooms","damage_taken":0,"max_hp_gain":0,"max_hp_loss":0,"event_name":"Mushrooms","floor":10,"gold_loss":0}],"is_beta":false,"boss_relics":[],"items_purged_floors":[],"is_endless":false,"potions_floor_spawned":[2,5,13,15],"killed_by":"DF_ARCHETYPE_STREAMLINE","ascension_level":20}}