{"host":"zqowyf7xxb4s9ib0","time":1611631164,"event":{"mods":["BaseMod","Better Note","Colored Map","Colored Powertips","Downfall","Highlight Path","Minty Spire (QoL Compilation)","Permanent Neow","Quick Restart","StSLib"],"gold_per_floor":[99,99,109,121,141,161,186,186,203,223,123,153,303,303,322,422,422,422,441,541,65,115,115,115,177,187,197,215,234,284,284,284,284],"floor_reached":31,"language":"ENG","playtime":1517,"items_purged":["bronze:Break"],"score":239,"play_id":"7b61e88a-2f2d-498b-a535-1f609c26e88d","local_time":"20210125191924","is_ascension_mode":false,"campfire_choices":[{"data":"bronze:OilSpill","floor":1.0,"key":"SMITH"},{"floor":8,"key":"RECALL"},{"data":"bronze:Deprecate","floor":11,"key":"SMITH"},{"floor":18,"key":"REST"},{"floor":23,"key":"REST"}],"circlet_count":0,"master_deck":["bronze:Strike","bronze:Strike","bronze:Strike","bronze:Defend","bronze:Defend","bronze:Defend","bronze:Defend","bronze:Replicate","bronze:Goto","bronze:OilSpill+1","bronze:Branch","bronze:OilSpill","bronze:Overheat","bronze:Deprecate+1","bronze:OilSpill","bronze:HardenedForm","bronze:Repulsor+1","bronze:Frontload","bronze:Terminator","bronze:BitShift+1"],"relics":["bronze:BronzeCore","Omamori","Odd Mushroom","downfall:HeartBlessingRed","Ancient Tea Set","Fusion Hammer","downfall:CloakOfManyFaces","CultistMask","FaceOfCleric","NlothsMask","GremlinMask","SsserpentHead","Incense Burner"],"acts_visited":["Exordium","TheCity"],"potions_floor_usage":[16,16,28],"damage_taken":[{"damage":6.0,"enemies":"Jaw Worm","floor":3.0,"turns":2.0},{"damage":0,"enemies":"Small Slimes","floor":4,"turns":2},{"damage":0,"enemies":"2 Louse","floor":5,"turns":2},{"damage":0,"enemies":"Large Slime","floor":6,"turns":3},{"damage":0,"enemies":"Blue Slaver","floor":9,"turns":3},{"damage":1,"enemies":"The Mushroom Lair","floor":10,"turns":2},{"damage":22,"enemies":"3 Sentries","floor":12,"turns":7},{"damage":10,"enemies":"3 Louse","floor":15,"turns":2},{"damage":20,"enemies":"IC_STATUS_ARCHETYPE","floor":16,"turns":5},{"damage":0,"enemies":"Spheric Guardian","floor":19,"turns":2},{"damage":7,"enemies":"downfall:FaceTrader","floor":20,"turns":6},{"damage":10,"enemies":"downfall:FleeingMerchant","floor":21,"turns":4},{"damage":4,"enemies":"3 Byrds","floor":25,"turns":5},{"damage":10,"enemies":"Cultist and Chosen","floor":26,"turns":5},{"damage":6,"enemies":"3 Cultists","floor":27,"turns":5},{"damage":4,"enemies":"Shelled Parasite and Fungi","floor":28,"turns":4},{"damage":12,"enemies":"Snake Plant","floor":29,"turns":4},{"damage":54,"enemies":"Gremlin Leader","floor":31,"turns":5}],"seed_played":"6922592927325313904","potions_obtained":[{"floor":6,"key":"Block Potion"},{"floor":9,"key":"DuplicationPotion"},{"floor":12,"key":"Block Potion"},{"floor":15,"key":"bronze:BuildAFunctionPotion"},{"floor":19,"key":"SteroidPotion"},{"floor":25,"key":"SteroidPotion"},{"floor":28,"key":"sneckomod:MuddlingPotion"}],"is_trial":false,"path_per_floor":["R","?","M","M","M","M","T","R","M","?","R","E","?","?","M","B",null,"R","M","?","$","?","R","T","M","M","M","M","M","T","E"],"character_chosen":"THE_AUTOMATON","items_purchased":["Incense Burner","bronze:Terminator"],"campfire_rested":2,"item_purchase_floors":[21,21],"current_hp_per_floor":[70,70,64,64,64,64,64,64,64,63,63,41,41,46,36,16,75,75,75,68,59,59,76,76,73,64,59,56,45,45,0,0,0],"gold":284,"neow_bonus":"THREE_CARDS","is_daily":false,"chose_seed":false,"campfire_upgraded":2,"win_rate":0.0,"timestamp":1611631164,"path_taken":["R","?","M","M","M","M","T","R","M","?","R","E","?","?","M","BOSS","R","M","?","$","?","R","T","?","M","M","M","M","?","E"],"items_purchased_type":["Relic","Card"],"build_version":"2020-12-22","purchased_purges":1,"victory":false,"max_hp_per_floor":[70,70,70,70,70,70,70,70,70,70,70,70,70,75,75,75,75,75,75,75,76,76,76,76,77,78,79,80,81,81,81,81,81],"card_choices":[{"not_picked":["bronze:DigitalCarnage","bronze:ForceShield"],"picked":"bronze:OilSpill","floor":0.0},{"not_picked":["bronze:Separator","bronze:ForceShield"],"picked":"bronze:Branch","floor":3.0},{"not_picked":["bronze:Separator","bronze:WildBeam"],"picked":"bronze:OilSpill","floor":4},{"not_picked":["bronze:Shell","bronze:DelayedSlice","bronze:Invalidate"],"picked":"SKIP","floor":5},{"not_picked":["bronze:Branch","bronze:Iterate"],"picked":"bronze:Overheat","floor":6},{"not_picked":["bronze:ForLoop","bronze:DelayedSlice"],"picked":"bronze:Deprecate","floor":9},{"not_picked":["bronze:Terminator","bronze:BitShift"],"picked":"bronze:OilSpill","floor":10},{"not_picked":["bronze:WhirlingStrike","bronze:WildBeam","bronze:DigitalCarnage"],"picked":"SKIP","floor":12},{"not_picked":["bronze:Fortify","bronze:Break","bronze:FollowUp"],"picked":"SKIP","floor":15},{"not_picked":["bronze:RecursiveStrike","bronze:InfiniteLoop"],"picked":"bronze:HardenedForm","floor":16},{"not_picked":["bronze:CutThrough","bronze:Constructor"],"picked":"bronze:Repulsor+1","floor":19},{"not_picked":["bronze:BitShift","bronze:Deprecate"],"picked":"bronze:Frontload","floor":20},{"not_picked":["bronze:HardenedForm","bronze:ChosenStrike","bronze:ItsAFeature+1"],"picked":"SKIP","floor":21},{"not_picked":["bronze:Invalidate","bronze:Deprecate","bronze:Refactor"],"picked":"SKIP","floor":25},{"not_picked":["bronze:Separator","bronze:DelayedSlice","bronze:BugBarrage"],"picked":"SKIP","floor":26},{"not_picked":["bronze:Philosophize+1","bronze:Constructor","bronze:Branch"],"picked":"SKIP","floor":27},{"not_picked":["bronze:BuggyMess","bronze:Branch","bronze:DarkDash"],"picked":"SKIP","floor":28},{"not_picked":["bronze:CloningBeam","bronze:Shell"],"picked":"bronze:BitShift+1","floor":29}],"player_experience":511300,"relics_obtained":[{"floor":7,"key":"Omamori"},{"floor":10,"key":"Odd Mushroom"},{"floor":12,"key":"Ancient Tea Set"},{"floor":20,"key":"downfall:CloakOfManyFaces"}],"event_choices":[{"damage_healed":0,"gold_gain":0,"player_choice":"Fought Mushrooms","damage_taken":0,"max_hp_gain":0,"max_hp_loss":0,"event_name":"Mushrooms","floor":10,"gold_loss":0},{"damage_healed":0,"gold_gain":0,"player_choice":"Donut","damage_taken":0,"max_hp_gain":5,"max_hp_loss":0,"event_name":"Big Fish","floor":14,"gold_loss":0},{"damage_healed":0,"gold_gain":0,"player_choice":"Ignored","damage_taken":0,"max_hp_gain":0,"max_hp_loss":0,"event_name":"betterNote:BetterNote","floor":22,"gold_loss":0,"cards_obtained":["champ:StrikeOfGenius"]}],"is_beta":false,"boss_relics":[{"not_picked":["Runic Pyramid","Calling Bell"],"picked":"Fusion Hammer"}],"items_purged_floors":[21],"is_endless":false,"potions_floor_spawned":[6,9,12,15,19,25,27,28],"killed_by":"Gremlin Leader","ascension_level":0}}