{"host":"7tqog9fnhs0gxmti","time":1611631520,"event":{"mods":["AchievementEnabler","Act Like it!","Astrologer","BaseMod","Beaked The Cultist","CapriCore","Colored Map","Colored Powertips","Hermit","Highlight Path","Marisa????????","Minty Spire (QoL Compilation)","Quick Restart","Random Character Button","Rare Cards Sparkle","Robot Space Explorer","Somnambulant","StSLib","The Bug Knight","The Construct","The Cursed","The Disciple","The Gatherer","The Hayseed","The Marked","Wandering Minibosses","everything is the same but u backflip on backflip"],"gold_per_floor":[110,122,297,297,50,80,4,19,19,19,19,19,33,47,47,143,143,161,181,181,181,196,196,215,215,215,248,7,20,20,20,20,124,124,134,134,152,152,84,84,112,129,155,155,155],"floor_reached":44,"language":"ENG","playtime":1293,"items_purged":["Doubt","Strike_B"],"score":481,"play_id":"add0b520-fd1b-4355-a39a-819fd2a92eb0","local_time":"20210126112520","is_ascension_mode":false,"campfire_choices":[{"data":"Storm","floor":11,"key":"SMITH"},{"data":"White Noise","floor":15,"key":"SMITH"},{"data":"Machine Learning","floor":23,"key":"SMITH"},{"floor":25,"key":"REST"},{"floor":30,"key":"REST"},{"data":"Storm","floor":32,"key":"SMITH"},{"data":"Creative AI","floor":40,"key":"SMITH"}],"circlet_count":0,"master_deck":["Strike_B+1","Strike_B","Strike_B","Defend_B","Defend_B","Defend_B+1","Defend_B","Zap+1","Dualcast","Storm+1","Cold Snap","Streamline","Streamline","White Noise+1","Ball Lightning","Loop","Machine Learning+1","Coolheaded","Capacitor","Seek","Thunder Strike+1","Storm+1","Decay","Machine Learning","Creative AI+1","Conserve Battery","Flash of Steel","Defragment+1","Coolheaded+1"],"relics":["Cracked Core","NeowsBlessing","Oddly Smooth Stone","Darkstone Periapt","Strawberry","Sozu","construct:FoamFinger","Centennial Puzzle","HollowMod:StagPassRelic","beaked:SacredDeck","Bottled Flame","Toy Ornithopter"],"acts_visited":["Exordium","TheCity","TheBeyond"],"potions_floor_usage":[13,13,16],"damage_taken":[{"damage":0,"enemies":"Jaw Worm","floor":1,"turns":1},{"damage":0,"enemies":"2 Louse","floor":2,"turns":1},{"damage":0,"enemies":"Lagavulin","floor":6,"turns":1},{"damage":0,"enemies":"Cultist","floor":8,"turns":3},{"damage":0,"enemies":"Large Slime","floor":13,"turns":2},{"damage":4,"enemies":"Looter","floor":14,"turns":2},{"damage":26,"enemies":"The Guardian","floor":16,"turns":8},{"damage":4,"enemies":"Spheric Guardian","floor":18,"turns":3},{"damage":10,"enemies":"Shell Parasite","floor":19,"turns":5},{"damage":13,"enemies":"Snake Plant","floor":22,"turns":4},{"damage":36,"enemies":"Shelled Parasite and Fungi","floor":24,"turns":4},{"damage":22,"enemies":"Book of Stabbing","floor":27,"turns":5},{"damage":10,"enemies":"3 Cultists","floor":29,"turns":3},{"damage":40,"enemies":"Automaton","floor":33,"turns":7},{"damage":29,"enemies":"3 Shapes","floor":35,"turns":3},{"damage":10,"enemies":"Orb Walker","floor":37,"turns":2},{"damage":40,"enemies":"Reptomancer","floor":41,"turns":3},{"damage":7,"enemies":"Spire Growth","floor":42,"turns":4},{"damage":7,"enemies":"4 Shapes","floor":44,"turns":1}],"seed_played":"-1865891537535023368","potions_obtained":[{"floor":2,"key":"Fire Potion"},{"floor":8,"key":"Fire Potion"},{"floor":13,"key":"LiquidBronze"}],"is_trial":false,"path_per_floor":["M","M","?","?","$","E","$","M","T","?","R","$","M","M","R","B",null,"M","M","?","?","M","R","M","R","T","E","$","M","R","?","R","B",null,"M","?","M","?","$","R","E","M","T","M"],"character_chosen":"DEFECT","items_purchased":["Oddly Smooth Stone","Streamline","White Noise","Thunder Strike","Defragment"],"campfire_rested":2,"item_purchase_floors":[5,5,7,28,39],"current_hp_per_floor":[75,75,75,60,60,60,60,60,67,67,67,67,67,63,63,37,82,78,68,68,68,55,55,19,43,43,21,21,11,35,41,41,1,88,59,59,49,49,49,49,9,2,2,0,0],"gold":155,"neow_bonus":"THREE_ENEMY_KILL","is_daily":false,"chose_seed":false,"campfire_upgraded":5,"win_rate":0.0,"timestamp":1611631520,"path_taken":["M","M","?","?","$","E","$","M","T","?","R","$","?","?","R","BOSS","M","M","?","?","M","R","?","R","T","E","$","M","R","?","R","BOSS","M","?","?","?","$","R","E","M","T","M"],"items_purchased_type":["Relic","Card","Card","Card","Card"],"build_version":"2020-12-22","purchased_purges":2,"victory":false,"max_hp_per_floor":[75,75,75,75,75,75,75,75,82,82,82,82,82,82,82,82,82,82,82,82,82,82,82,82,82,82,82,82,82,82,88,88,88,88,88,88,88,88,88,88,88,88,88,88,88],"card_choices":[{"not_picked":["Conserve Battery","Rip and Tear"],"picked":"Storm","floor":1},{"not_picked":["Beam Cell","Steam Power"],"picked":"Cold Snap","floor":2},{"not_picked":["Aggregate","Go for the Eyes"],"picked":"Streamline","floor":6},{"not_picked":["Go for the Eyes","Barrage","Undo"],"picked":"SKIP","floor":8},{"not_picked":["Thunder Strike","Gash"],"picked":"Ball Lightning","floor":13},{"not_picked":["Streamline","Storm"],"picked":"Loop","floor":14},{"not_picked":["Multi-Cast","All For One"],"picked":"Machine Learning","floor":16},{"not_picked":["Aggregate","Turbo"],"picked":"Coolheaded","floor":18},{"not_picked":["Sweeping Beam","Skim","Undo+1"],"picked":"SKIP","floor":19},{"not_picked":["Steam","Stack+1"],"picked":"Capacitor","floor":22},{"not_picked":["Stack","Rebound","Sweeping Beam"],"picked":"SKIP","floor":24},{"not_picked":["Cold Snap","Compile Driver"],"picked":"Seek","floor":27},{"not_picked":["Sweeping Beam","Steam"],"picked":"Storm","floor":29},{"not_picked":["Multi-Cast","Buffer"],"picked":"Machine Learning","floor":33},{"not_picked":["Barrage","Aggregate+1","Redo"],"picked":"SKIP","floor":35},{"not_picked":["Go for the Eyes","Ball Lightning"],"picked":"Conserve Battery","floor":37},{"not_picked":["Metamorphosis","Chrysalis"],"picked":"Flash of Steel","floor":38},{"not_picked":["Go for the Eyes+1","Reinforced Body+1","Streamline"],"picked":"SKIP","floor":41},{"not_picked":["Redo+1","Beam Cell"],"picked":"Coolheaded+1","floor":42}],"player_experience":860094,"relics_obtained":[{"floor":6,"key":"Darkstone Periapt"},{"floor":9,"key":"Strawberry"},{"floor":26,"key":"Centennial Puzzle"},{"floor":27,"key":"HollowMod:StagPassRelic"},{"floor":41,"key":"Bottled Flame"},{"floor":43,"key":"Toy Ornithopter"}],"event_choices":[{"damage_healed":0,"gold_gain":175,"player_choice":"AGREE","damage_taken":0,"max_hp_gain":0,"max_hp_loss":0,"event_name":"Liars Game","floor":3,"gold_loss":0,"cards_obtained":["Doubt"]},{"damage_healed":0,"gold_gain":0,"player_choice":"Entered Light","damage_taken":15,"max_hp_gain":0,"max_hp_loss":0,"event_name":"Shining Light","floor":4,"gold_loss":0,"cards_upgraded":["Strike_B","Defend_B"]},{"damage_healed":0,"gold_gain":0,"player_choice":"Grow","damage_taken":0,"max_hp_gain":0,"max_hp_loss":0,"event_name":"Living Wall","floor":10,"gold_loss":0,"cards_upgraded":["Zap"]},{"damage_healed":0,"gold_gain":0,"player_choice":"Opened","damage_taken":0,"relics_obtained":["construct:FoamFinger"],"max_hp_gain":0,"max_hp_loss":0,"event_name":"The Mausoleum","floor":20,"gold_loss":0},{"damage_healed":0,"gold_gain":0,"player_choice":"Ignored","damage_taken":0,"max_hp_gain":0,"max_hp_loss":0,"event_name":"NoteForYourself","floor":21,"gold_loss":0},{"damage_healed":0,"gold_gain":0,"player_choice":"Smashed Altar","damage_taken":0,"max_hp_gain":0,"max_hp_loss":0,"event_name":"Forgotten Altar","floor":31,"gold_loss":0,"cards_obtained":["Decay"]},{"damage_healed":0,"gold_gain":0,"player_choice":"Got Potions","damage_taken":0,"max_hp_gain":0,"max_hp_loss":0,"event_name":"Lab","floor":36,"gold_loss":0},{"damage_healed":0,"gold_gain":0,"player_choice":"Memory 1","damage_taken":0,"max_hp_gain":0,"max_hp_loss":0,"event_name":"SensoryStone","floor":38,"gold_loss":0}],"is_beta":false,"boss_relics":[{"not_picked":["Empty Cage","SacredBark"],"picked":"Sozu"},{"not_picked":["Pandora\u0027s Box","construct:ClawGrip"],"picked":"beaked:SacredDeck"}],"items_purged_floors":[5,28],"is_endless":false,"potions_floor_spawned":[2,8,13,19,27,33,41,42],"killed_by":"4 Shapes","ascension_level":0}}