{"host":"15dd7v8o90xso62x","time":1611619280,"event":{"mods":["BaseMod","Minty Spire (QoL Compilation)","Quick Restart","StSLib","SuperFastMode"],"gold_per_floor":[115,134,153,171,171,171,182,182,254,269,269,31,44,72,72,146,146,146,21,0,0,0,0,0,0,0,0,0],"floor_reached":27,"language":"KOR","playtime":1133,"items_purged":["Strike_B","Strike_B"],"score":474,"play_id":"b9a9b433-4d56-4c38-bb5c-ee7330a75169","local_time":"20210126090120","is_ascension_mode":true,"campfire_choices":[{"data":"Hologram","floor":6.0,"key":"SMITH"},{"data":"Coolheaded","floor":8.0,"key":"SMITH"},{"data":"Zap","floor":15.0,"key":"SMITH"},{"data":"1","floor":23,"key":"LIFT"},{"data":"2","floor":25,"key":"LIFT"}],"circlet_count":0,"master_deck":["AscendersBane","Strike_B","Strike_B","Defend_B","Defend_B","Defend_B","Defend_B","Zap+1","Dualcast","All For One","Coolheaded+1","Gash","Hologram+1","Beam Cell","Conserve Battery","Stack","Streamline","Go for the Eyes","Gash","Steam"],"relics":["Cracked Core","Gremlin Horn","Sling","Girya","Ectoplasm","Smiling Mask","Pen Nib"],"acts_visited":["Exordium","TheCity"],"potions_floor_usage":[22,24,24],"damage_taken":[{"damage":5.0,"enemies":"Small Slimes","floor":1.0,"turns":3.0},{"damage":5.0,"enemies":"2 Louse","floor":2.0,"turns":3.0},{"damage":4.0,"enemies":"Cultist","floor":3.0,"turns":3.0},{"damage":42.0,"enemies":"Exordium Wildlife","floor":4.0,"turns":5.0},{"damage":0.0,"enemies":"2 Fungi Beasts","floor":7.0,"turns":3.0},{"damage":6.0,"enemies":"Gremlin Gang","floor":10.0,"turns":4.0},{"damage":7.0,"enemies":"Exordium Wildlife","floor":13.0,"turns":3.0},{"damage":10.0,"enemies":"3 Sentries","floor":14.0,"turns":8.0},{"damage":10.0,"enemies":"Hexaghost","floor":16.0,"turns":8.0},{"damage":20.0,"enemies":"Spheric Guardian","floor":18.0,"turns":4.0},{"damage":22.0,"enemies":"2 Thieves","floor":20.0,"turns":4.0},{"damage":0.0,"enemies":"Centurion and Healer","floor":21.0,"turns":5.0},{"damage":1,"enemies":"Cultist and Chosen","floor":22,"turns":6},{"damage":4,"enemies":"Book of Stabbing","floor":24,"turns":3},{"damage":10,"enemies":"Sentry and Sphere","floor":27,"turns":3}],"seed_played":"5330848768466573036","potions_obtained":[{"floor":2.0,"key":"FairyPotion"},{"floor":7.0,"key":"PowerPotion"},{"floor":14.0,"key":"SpeedPotion"},{"floor":16.0,"key":"Ancient Potion"},{"floor":21.0,"key":"Block Potion"},{"floor":22,"key":"Fire Potion"}],"is_trial":false,"path_per_floor":["M","M","M","M","?","R","M","R","T","M","?","$","M","E","R","B",null,"M","$","M","M","M","R","E","R","T","M"],"character_chosen":"DEFECT","items_purchased":["Sling","Go for the Eyes"],"campfire_rested":0,"item_purchase_floors":[12,19],"current_hp_per_floor":[41,36,32,13,36,36,36,36,36,30,30,30,23,13,13,3,54,34,34,12,12,11,11,7,7,7,0,0],"gold":0,"neow_bonus":"THREE_RARE_CARDS","is_daily":false,"chose_seed":false,"campfire_upgraded":3,"win_rate":0.0,"timestamp":1611619280,"path_taken":["M","M","M","M","?","R","M","R","T","M","?","$","M","E","R","BOSS","M","$","M","M","M","R","E","R","T","M"],"items_purchased_type":["Relic","Card"],"build_version":"2020-12-22","purchased_purges":2,"victory":false,"max_hp_per_floor":[71,71,71,71,71,71,71,71,71,71,71,71,71,71,71,71,71,71,71,71,71,71,71,71,71,71,71,71],"card_choices":[{"not_picked":["Thunder Strike","Fission"],"picked":"All For One","floor":0.0},{"not_picked":["Ball Lightning","Streamline"],"picked":"Coolheaded","floor":1.0},{"not_picked":["Rebound","Coolheaded"],"picked":"Gash","floor":2.0},{"not_picked":["Double Energy","Cold Snap"],"picked":"Hologram","floor":3.0},{"not_picked":["Hello World","Coolheaded"],"picked":"Beam Cell","floor":4.0},{"not_picked":["Barrage","Rebound"],"picked":"Conserve Battery","floor":7.0},{"not_picked":["Ball Lightning","Consume"],"picked":"Stack","floor":10.0},{"not_picked":["Leap","Blizzard"],"picked":"Streamline","floor":13.0},{"not_picked":["Auto Shields","Coolheaded","Cold Snap"],"picked":"SKIP","floor":14.0},{"not_picked":["Streamline","Coolheaded","Hologram"],"picked":"SKIP","floor":18.0},{"not_picked":["Redo","Cold Snap"],"picked":"Gash","floor":20.0},{"not_picked":["Rip and Tear","Coolheaded","Leap+1"],"picked":"SKIP","floor":21.0},{"not_picked":["Leap+1","Conserve Battery","Hologram"],"picked":"SKIP","floor":22},{"not_picked":["Coolheaded","Sweeping Beam"],"picked":"Steam","floor":24}],"player_experience":885817,"relics_obtained":[{"floor":9.0,"key":"Gremlin Horn"},{"floor":14.0,"key":"Girya"},{"floor":24,"key":"Smiling Mask"},{"floor":26,"key":"Pen Nib"}],"event_choices":[{"damage_healed":23.0,"max_hp_gain":0.0,"max_hp_loss":0.0,"gold_gain":0.0,"event_name":"Big Fish","player_choice":"Banana","floor":5.0,"gold_loss":0.0,"damage_taken":0.0},{"damage_healed":0.0,"max_hp_gain":0.0,"max_hp_loss":0.0,"gold_gain":0.0,"event_name":"Shining Light","player_choice":"Ignored","floor":11.0,"gold_loss":0.0,"damage_taken":0.0}],"is_beta":false,"boss_relics":[{"not_picked":["Snecko Eye","Cursed Key"],"picked":"Ectoplasm"}],"items_purged_floors":[12,19],"is_endless":false,"potions_floor_spawned":[2,7,14,16,21,22],"killed_by":"Sentry and Sphere","ascension_level":20}}