{"host":"70zhvo5nwrhp1mbg","time":1611627187,"event":{"mods":["BaseMod","Colored Map","Colored Powertips","Filter the Spire","Highlight Path","Minty Spire (QoL Compilation)","Rare Cards Sparkle","StSLib"],"gold_per_floor":[110,210,228,245,257,287,287,321,321,332,332,332,18,52,52,152,152,163,88,88,37,37,37,68,103,173,23,23,34,34,52,52,153,153,169,185,185,235,235,270,270,305,329,354,35,0,0,14,14,14],"floor_reached":51,"language":"ENG","playtime":4214,"items_purged":["Strike_R"],"score":1112,"play_id":"fd44778c-a462-42c9-a2bf-90f42140aa57","local_time":"20210125211307","is_ascension_mode":true,"campfire_choices":[{"data":"Demon Form","floor":7,"key":"SMITH"},{"floor":12,"key":"REST"},{"data":"Combust","floor":15,"key":"SMITH"},{"data":"Barricade","floor":23,"key":"SMITH"},{"data":"Shockwave","floor":28,"key":"SMITH"},{"floor":32,"key":"REST"},{"data":"1","floor":41,"key":"LIFT"},{"data":"2","floor":47,"key":"LIFT"},{"floor":49,"key":"REST"}],"circlet_count":0,"master_deck":["Strike_R","Strike_R","Strike_R","Defend_R","Defend_R","Defend_R","Defend_R","Bash","Headbutt","Pommel Strike","Demon Form+1","Seeing Red+1","Anger","Whirlwind","Immolate","Combust+1","Shockwave+1","Barricade+1","Iron Wave","Shrug It Off+1","Pommel Strike","Corruption","Sword Boomerang+1","Clothesline","Panacea+1","Armaments+1","Power Through+1","Limit Break","Cleave+1","Feel No Pain"],"relics":["Burning Blood","MealTicket","PreservedInsect","Meat on the Bone","Incense Burner","HandDrill","WingedGreaves","Snecko Eye","MutagenicStrength","Oddly Smooth Stone","Omamori","Paper Frog","Bronze Scales","Calling Bell","Thread and Needle","Bag of Marbles","Matryoshka","Girya","War Paint","Potion Belt","Regal Pillow","Anchor","Lantern","Art of War","Red Mask"],"acts_visited":["Exordium","TheCity","TheBeyond"],"potions_floor_usage":[5,10,10,14,16,16,24,31,33,42,50,50],"damage_taken":[{"damage":4,"enemies":"2 Louse","floor":1,"turns":4},{"damage":1,"enemies":"Cultist","floor":3,"turns":3},{"damage":7,"enemies":"Jaw Worm","floor":4,"turns":3},{"damage":3,"enemies":"Exordium Wildlife","floor":5,"turns":4},{"damage":35,"enemies":"3 Sentries","floor":6,"turns":7},{"damage":25,"enemies":"Lagavulin","floor":8,"turns":7},{"damage":5,"enemies":"2 Fungi Beasts","floor":10,"turns":3},{"damage":16,"enemies":"Gremlin Nob","floor":14,"turns":3},{"damage":46,"enemies":"Hexaghost","floor":16,"turns":8},{"damage":9,"enemies":"Shell Parasite","floor":18,"turns":4},{"damage":29,"enemies":"Book of Stabbing","floor":24,"turns":5},{"damage":32,"enemies":"Slavers","floor":25,"turns":5},{"damage":6,"enemies":"Chosen","floor":29,"turns":5},{"damage":32,"enemies":"Shelled Parasite and Fungi","floor":31,"turns":4},{"damage":44,"enemies":"Automaton","floor":33,"turns":8},{"damage":2,"enemies":"Orb Walker","floor":35,"turns":4},{"damage":8,"enemies":"3 Darklings","floor":36,"turns":4},{"damage":0,"enemies":"Mind Bloom Boss Battle","floor":38,"turns":5},{"damage":18,"enemies":"Reptomancer","floor":40,"turns":4},{"damage":0,"enemies":"Nemesis","floor":42,"turns":5},{"damage":0,"enemies":"Giant Head","floor":44,"turns":7},{"damage":21,"enemies":"Maw","floor":48,"turns":5},{"damage":32,"enemies":"Donu and Deca","floor":50,"turns":8}],"seed_played":"4342715964487712813","potions_obtained":[{"floor":4,"key":"DistilledChaos"},{"floor":6,"key":"Explosive Potion"},{"floor":8,"key":"Regen Potion"},{"floor":10,"key":"Dexterity Potion"},{"floor":14,"key":"DuplicationPotion"},{"floor":29,"key":"ColorlessPotion"},{"floor":31,"key":"SkillPotion"},{"floor":38,"key":"SpeedPotion"},{"floor":42,"key":"Fruit Juice"},{"floor":44,"key":"BloodPotion"}],"is_trial":false,"path_per_floor":["M","?","M","M","M","E","R","E","T","M","?","R","$","E","R","B",null,"M","?","?","$","?","R","E","E","T","$","R","M","$","M","R","B",null,"M","M","?","?","?","E","R","E","T","E","$","?","R","M","R","B",null],"character_chosen":"IRONCLAD","items_purchased":["HandDrill","Combust","AttackPotion","Swift Potion","Bronze Scales","Feel No Pain","Explosive Potion","Block Potion","Art of War"],"campfire_rested":3,"item_purchase_floors":[13,13,13,21,27,45,45,45,45],"current_hp_per_floor":[82,82,87,86,88,59,59,40,40,58,55,81,88,78,78,50,79,76,76,76,88,88,88,65,51,51,66,66,66,81,55,81,55,80,84,82,82,88,88,76,76,87,87,93,93,93,93,78,93,67],"gold":14,"neow_bonus":"TEN_PERCENT_HP_BONUS","is_daily":false,"chose_seed":false,"campfire_upgraded":4,"win_rate":0.0,"timestamp":1611627187,"path_taken":["M","?","?","M","M","E","R","E","T","?","?","R","$","E","R","BOSS","M","?","?","$","?","R","E","E","T","$","R","M","?","?","R","BOSS","M","M","?","?","?","E","R","E","T","E","$","?","R","?","R","BOSS"],"items_purchased_type":["Relic","Card","Potion","Potion","Relic","Card","Potion","Potion","Relic"],"build_version":"2020-12-22","purchased_purges":1,"victory":true,"max_hp_per_floor":[88,88,88,88,88,88,88,88,88,88,88,88,88,88,88,88,88,88,88,88,88,88,88,88,88,88,88,88,88,88,88,88,88,88,88,88,88,88,88,88,88,93,93,93,93,93,93,93,93,93],"card_choices":[{"not_picked":["Warcry","Havoc"],"picked":"Headbutt","floor":1},{"not_picked":["Wild Strike","Headbutt"],"picked":"Pommel Strike","floor":3},{"not_picked":["Reckless Charge","Rupture"],"picked":"Demon Form","floor":4},{"not_picked":["Havoc","Spot Weakness"],"picked":"Seeing Red","floor":5},{"not_picked":["Reckless Charge","Second Wind"],"picked":"Anger","floor":6},{"not_picked":["Twin Strike","Rage"],"picked":"Whirlwind","floor":8},{"not_picked":["True Grit","Wild Strike"],"picked":"Immolate","floor":10},{"not_picked":["Headbutt","Intimidate"],"picked":"Shockwave","floor":14},{"not_picked":["Berserk","Exhume"],"picked":"Barricade","floor":16},{"not_picked":["Evolve","Wild Strike"],"picked":"Iron Wave","floor":18},{"not_picked":["Rage","Burning Pact+1"],"picked":"Shrug It Off+1","floor":24},{"not_picked":["Pommel Strike","Exhume","Twin Strike"],"picked":"SKIP","floor":25},{"not_picked":["Iron Wave","Havoc"],"picked":"Pommel Strike","floor":29},{"not_picked":["Body Slam","Thunderclap"],"picked":"Iron Wave","floor":31},{"not_picked":["Immolate","Brutality"],"picked":"Corruption","floor":33},{"not_picked":["Headbutt+1","Anger+1"],"picked":"Sword Boomerang+1","floor":35},{"not_picked":["Sword Boomerang","Iron Wave+1"],"picked":"Clothesline","floor":36},{"not_picked":["Discovery","Enlightenment"],"picked":"Panacea","floor":37},{"not_picked":["Sever Soul+1","Wild Strike"],"picked":"Armaments+1","floor":38},{"not_picked":["Warcry+1","Iron Wave"],"picked":"Power Through+1","floor":40},{"not_picked":["Clothesline","Flex"],"picked":"Limit Break","floor":42},{"not_picked":["Shrug It Off","Wild Strike"],"picked":"Cleave+1","floor":44},{"not_picked":["Iron Wave+1","Clothesline+1","Spot Weakness"],"picked":"SKIP","floor":48}],"player_experience":494316,"relics_obtained":[{"floor":6,"key":"MealTicket"},{"floor":8,"key":"PreservedInsect"},{"floor":9,"key":"Meat on the Bone"},{"floor":14,"key":"WingedGreaves"},{"floor":24,"key":"Oddly Smooth Stone"},{"floor":25,"key":"Omamori"},{"floor":26,"key":"Paper Frog"},{"floor":34,"key":"Thread and Needle"},{"floor":34,"key":"Bag of Marbles"},{"floor":34,"key":"Matryoshka"},{"floor":38,"key":"Girya"},{"floor":40,"key":"War Paint"},{"floor":42,"key":"Potion Belt"},{"floor":43,"key":"Regal Pillow"},{"floor":43,"key":"Anchor"},{"floor":44,"key":"Lantern"}],"event_choices":[{"damage_healed":0,"gold_gain":100,"player_choice":"Pray","damage_taken":0,"max_hp_gain":0,"max_hp_loss":0,"event_name":"Golden Shrine","floor":2,"gold_loss":0},{"damage_healed":0,"gold_gain":0,"player_choice":"Success","damage_taken":3,"relics_obtained":["Incense Burner"],"max_hp_gain":0,"max_hp_loss":0,"event_name":"Scrap Ooze","floor":11,"gold_loss":0},{"cards_removed":["Strike_R"],"damage_healed":0,"gold_gain":0,"player_choice":"Gave Gold","damage_taken":0,"max_hp_gain":0,"max_hp_loss":0,"event_name":"Beggar","floor":19,"gold_loss":75},{"damage_healed":0,"gold_gain":0,"player_choice":"Inject Mutagens","damage_taken":0,"relics_obtained":["MutagenicStrength"],"max_hp_gain":0,"max_hp_loss":0,"event_name":"Drug Dealer","floor":20,"gold_loss":0},{"damage_healed":0,"gold_gain":0,"player_choice":"Ignored","damage_taken":0,"max_hp_gain":0,"max_hp_loss":0,"event_name":"Vampires","floor":22,"gold_loss":0},{"damage_healed":0,"gold_gain":0,"player_choice":"Memory 1","damage_taken":0,"max_hp_gain":0,"max_hp_loss":0,"event_name":"SensoryStone","floor":37,"gold_loss":0},{"damage_healed":0,"gold_gain":0,"player_choice":"Fight","damage_taken":0,"max_hp_gain":0,"max_hp_loss":0,"event_name":"MindBloom","floor":38,"gold_loss":0},{"cards_removed":["Iron Wave"],"damage_healed":0,"gold_gain":0,"player_choice":"Removed Attack","damage_taken":0,"max_hp_gain":0,"max_hp_loss":0,"event_name":"Falling","floor":39,"gold_loss":0},{"damage_healed":0,"gold_gain":0,"player_choice":"Paid","damage_taken":0,"relics_obtained":["Red Mask"],"max_hp_gain":0,"max_hp_loss":0,"event_name":"Tomb of Lord Red Mask","floor":46,"gold_loss":35}],"is_beta":false,"boss_relics":[{"not_picked":["Tiny House","Sozu"],"picked":"Snecko Eye"},{"not_picked":["Coffee Dripper","Fusion Hammer"],"picked":"Calling Bell"}],"items_purged_floors":[13],"is_endless":false,"potions_floor_spawned":[4,6,8,10,14,29,31,38,42,44],"ascension_level":7}}