{"host":"45elk2x1nmxetvky","time":1611684593,"event":{"mods":["BaseMod","Downfall","Minty Spire (QoL Compilation)","StSLib"],"gold_per_floor":[0,20,20,30,48,62,113,126,153,163,163,63,80,93,105,201,201,1,21,21,121,133,133,180,180,192,192,102,128,141,160,178,178,178,178],"floor_reached":33,"language":"ENG","playtime":1957,"items_purged":["Bite"],"score":328,"play_id":"da400364-023d-46ed-87b7-a56868f2ceae","local_time":"20210126180953","is_ascension_mode":true,"campfire_choices":[{"floor":1,"key":"RECALL"},{"data":"bronze:Iterate","floor":12,"key":"SMITH"},{"data":"bronze:Replicate","floor":18,"key":"SMITH"},{"data":"bronze:Overload","floor":23,"key":"SMITH"},{"data":"bronze:DecaBeam","floor":25,"key":"SMITH"},{"data":"bronze:GetLatest","floor":27,"key":"SMITH"}],"circlet_count":0,"master_deck":["bronze:Defend","bronze:Defend","bronze:Defend","bronze:Replicate+1","bronze:Goto","bronze:Verify","bronze:Repulsor","bronze:CutThrough","bronze:FollowUp","bronze:DarkDash","bronze:BronzeOrb","bronze:Iterate+1","bronze:DelayedGuard","bronze:FineTuning","bronze:GetLatest+1","bronze:ThunderWave","bronze:BuggyMess","Bite","Bite","Bite","Bite","bronze:DonuBeam","bronze:DecaBeam+1","bronze:Overload+1","bronze:Fortify+1","bronze:FineTuning","bronze:Overheat+1","bronze:ForLoop","bronze:ClassDefault"],"relics":["bronze:PlatinumCore","Bag of Marbles","downfall:HeartBlessingGreen","downfall:HeartBlessingRed","downfall:HeartBlessingBlue","bronze:SilverBullet","hexamod:Sixitude"],"acts_visited":["Exordium","TheCity"],"potions_floor_usage":[21,21],"damage_taken":[{"damage":10,"enemies":"Small Slimes","floor":2,"turns":4},{"damage":2,"enemies":"Cultist","floor":4,"turns":3},{"damage":0,"enemies":"2 Louse","floor":5,"turns":4},{"damage":6,"enemies":"Blue Slaver","floor":6,"turns":3},{"damage":0,"enemies":"2 Fungi Beasts","floor":8,"turns":3},{"damage":32,"enemies":"3 Sentries","floor":9,"turns":10},{"damage":1,"enemies":"Exordium Wildlife","floor":10,"turns":2},{"damage":0,"enemies":"Blue Slaver","floor":13,"turns":1},{"damage":11,"enemies":"Gremlin Gang","floor":14,"turns":4},{"damage":5,"enemies":"Large Slime","floor":15,"turns":3},{"damage":24,"enemies":"DF_ARCHETYPE_STREAMLINE","floor":16,"turns":8},{"damage":38,"enemies":"3 Byrds","floor":19,"turns":6},{"damage":72,"enemies":"3 Byrds","floor":21,"turns":9},{"damage":12,"enemies":"Centurion and Healer","floor":22,"turns":7},{"damage":0,"enemies":"Snake Plant","floor":26,"turns":2},{"damage":4,"enemies":"downfall:FleeingMerchant","floor":28,"turns":4},{"damage":1,"enemies":"Slavers","floor":29,"turns":5},{"damage":0,"enemies":"Sentry and Sphere","floor":30,"turns":3},{"damage":1,"enemies":"Centurion and Healer","floor":31,"turns":2},{"damage":18,"enemies":"Snecko","floor":32,"turns":4},{"damage":21,"enemies":"WA_ARCHETYPE_CALM","floor":33,"turns":5}],"seed_played":"-1577734684664649969","potions_obtained":[{"floor":4,"key":"SteroidPotion"},{"floor":6,"key":"EssenceOfSteel"},{"floor":8,"key":"hexamod:SoulburnPotion"},{"floor":10,"key":"bronze:BurnAndBuffPotion"},{"floor":21,"key":"DuplicationPotion"},{"floor":32,"key":"Block Potion"}],"is_trial":false,"path_per_floor":["R","M","?","M","M","M","T","M","E","M","?","R","M","M","M","B",null,"R","M","?","?","M","R","T","R","M","R","$","E","M","M","M","B"],"character_chosen":"THE_AUTOMATON","items_purchased":[],"campfire_rested":0,"item_purchase_floors":[],"current_hp_per_floor":[70,60,60,58,58,52,52,52,20,19,42,42,42,31,26,2,70,80,42,42,18,16,16,16,16,18,18,20,23,23,26,12,0,0,0],"gold":178,"neow_bonus":"TRANSFORM_TWO_CARDS","is_daily":false,"chose_seed":false,"campfire_upgraded":5,"win_rate":0.0,"timestamp":1611684593,"path_taken":["R","M","?","?","M","?","T","M","E","M","?","R","M","M","M","BOSS","R","M","?","?","M","R","T","R","M","R","$","E","M","M","M","BOSS"],"items_purchased_type":[],"build_version":"2020-12-22","purchased_purges":1,"victory":false,"max_hp_per_floor":[70,70,70,70,70,70,70,70,70,70,70,70,70,70,70,70,70,80,80,56,56,56,56,56,56,56,56,56,56,56,56,56,56,56,56],"card_choices":[{"not_picked":["bronze:Turbo","bronze:Branch"],"picked":"bronze:CutThrough","floor":2},{"not_picked":["bronze:WildBeam","bronze:FollowUp"],"picked":"bronze:DarkDash","floor":4},{"not_picked":["bronze:WildBeam","bronze:WhirlingStrike"],"picked":"bronze:BronzeOrb","floor":5},{"not_picked":["bronze:Turbo","bronze:CutThrough"],"picked":"bronze:Iterate","floor":6},{"not_picked":["bronze:Turbo","bronze:Separator"],"picked":"bronze:DelayedGuard","floor":8},{"not_picked":["bronze:DelayedGuard","bronze:Constructor","bronze:Mutator"],"picked":"SKIP","floor":9},{"not_picked":["bronze:Frontload","bronze:OilSpill"],"picked":"bronze:FineTuning","floor":10},{"not_picked":["bronze:Branch","bronze:OilSpill"],"picked":"bronze:GetLatest","floor":13},{"not_picked":["bronze:OilSpill","bronze:DelayedGuard","bronze:Frontload"],"picked":"SKIP","floor":14},{"not_picked":["bronze:WildBeam","bronze:WhirlingStrike","bronze:Turbo"],"picked":"SKIP","floor":15},{"not_picked":["bronze:Break","bronze:FindAndReplace"],"picked":"bronze:ThunderWave","floor":16},{"not_picked":["bronze:OilSpill+1","bronze:Turbo"],"picked":"bronze:BuggyMess","floor":19},{"not_picked":[],"picked":"bronze:DonuBeam","floor":21},{"not_picked":[],"picked":"bronze:DecaBeam","floor":21},{"not_picked":["bronze:OilSpill","bronze:ChildClass"],"picked":"bronze:Overload","floor":21},{"not_picked":["bronze:Turbo","bronze:Invalidate","bronze:DelayedGuard"],"picked":"SKIP","floor":22},{"not_picked":["bronze:Shield+1","bronze:BitShift"],"picked":"bronze:Fortify+1","floor":26},{"not_picked":["bronze:Optimize","bronze:Assembly"],"picked":"bronze:FineTuning","floor":28},{"not_picked":["bronze:DarkDash+1","bronze:Invalidate"],"picked":"bronze:Overheat+1","floor":29},{"not_picked":["bronze:Shell","bronze:Frontload"],"picked":"bronze:ForLoop","floor":30},{"not_picked":["bronze:Optimize","bronze:Shell"],"picked":"bronze:ClassDefault","floor":31},{"not_picked":["bronze:BronzeArmor","bronze:CutThrough","bronze:BugBarrage"],"picked":"SKIP","floor":32}],"player_experience":376628,"relics_obtained":[{"floor":9,"key":"Bag of Marbles"},{"floor":24,"key":"bronze:SilverBullet"},{"floor":29,"key":"hexamod:Sixitude"}],"event_choices":[{"damage_healed":23,"gold_gain":0,"player_choice":"Banana","damage_taken":0,"max_hp_gain":0,"max_hp_loss":0,"event_name":"Big Fish","floor":11,"gold_loss":0},{"damage_healed":0,"gold_gain":0,"player_choice":"Became a vampire","damage_taken":0,"max_hp_gain":0,"max_hp_loss":24,"event_name":"Vampires","floor":20,"gold_loss":0,"cards_obtained":["Bite","Bite","Bite","Bite","Bite"]}],"is_beta":false,"boss_relics":[{"not_picked":["Calling Bell","Philosopher\u0027s Stone"],"picked":"bronze:PlatinumCore"}],"items_purged_floors":[28],"is_endless":false,"potions_floor_spawned":[4,6,8,10,13,16,21,26,32],"killed_by":"WA_ARCHETYPE_CALM","ascension_level":2}}