{"host":"xmrw7jl1ir2912vf","time":1611684113,"event":{"mods":["BaseMod","Minty Spire (QoL Compilation)","Relic Stats"],"gold_per_floor":[114,129,144,144,159,159,189,189,189,189,189,189,1,16,16,116,116,131,131,146,146,82,112,22,22,22,22,22,22,52,52,52,152,152,167,167,167,132,62,62,22,37,37,37,87,87,87,117,117,117],"floor_reached":51,"language":"ENG","playtime":2251,"items_purged":["Body Slam+1","Armaments"],"score":878,"play_id":"290f966f-95b1-4cb0-8386-acbdf0305070","local_time":"20210126130153","daily_mods":["SealedDeck","Flight","Night Terrors"],"is_ascension_mode":false,"campfire_choices":[{"data":"Fire Breathing","floor":6,"key":"SMITH"},{"data":"Warcry","floor":8,"key":"SMITH"},{"data":"Warcry","floor":10,"key":"SMITH"},{"data":"Dark Embrace","floor":15,"key":"SMITH"},{"data":"Dark Embrace","floor":25,"key":"SMITH"},{"data":"Ghostly","floor":29,"key":"SMITH"},{"data":"Ghostly","floor":32,"key":"SMITH"},{"data":"Corruption","floor":40,"key":"SMITH"},{"data":"Ghostly","floor":49,"key":"SMITH"}],"circlet_count":0,"master_deck":["Warcry+1","Armaments+1","Dual Wield","Wild Strike","Wild Strike","Fire Breathing+1","Burning Pact","Disarm","Flame Barrier","Warcry+1","Reckless Charge","Dark Embrace+1","Purity","Fire Breathing+1","Carnage","Warcry","Dark Embrace+1","Ghostly+1","Ghostly+1","Ghostly+1","Ghostly","Ghostly","Brutality","Feel No Pain","Corruption+1","Seeing Red","Warcry+1","Shrug It Off","Immolate"],"relics":["Black Blood","Mango","Ornamental Fan","Membership Card","SlaversCollar","Nunchaku","Pen Nib","Regal Pillow","Bottled Tornado","Incense Burner","Lantern"],"acts_visited":["Exordium","TheCity","TheBeyond"],"potions_floor_usage":[23],"damage_taken":[{"damage":8,"enemies":"Jaw Worm","floor":1,"turns":3},{"damage":1,"enemies":"Cultist","floor":2,"turns":3},{"damage":0,"enemies":"2 Louse","floor":3,"turns":1},{"damage":2,"enemies":"Blue Slaver","floor":5,"turns":3},{"damage":13,"enemies":"3 Sentries","floor":7,"turns":4},{"damage":0,"enemies":"2 Fungi Beasts","floor":14,"turns":2},{"damage":0,"enemies":"Slime Boss","floor":16,"turns":4},{"damage":0,"enemies":"3 Byrds","floor":18,"turns":4},{"damage":22,"enemies":"Shell Parasite","floor":20,"turns":5},{"damage":34,"enemies":"Slavers","floor":23,"turns":3},{"damage":1,"enemies":"Gremlin Leader","floor":30,"turns":4},{"damage":6,"enemies":"Automaton","floor":33,"turns":4},{"damage":3,"enemies":"3 Shapes","floor":35,"turns":3},{"damage":38,"enemies":"3 Darklings","floor":42,"turns":4},{"damage":0,"enemies":"Mind Bloom Boss Battle","floor":45,"turns":3},{"damage":7,"enemies":"Reptomancer","floor":48,"turns":3},{"damage":2,"enemies":"Donu and Deca","floor":50,"turns":4}],"seed_played":"-4735054310349275430","potions_obtained":[{"floor":3,"key":"ColorlessPotion"},{"floor":7,"key":"SteroidPotion"},{"floor":14,"key":"ElixirPotion"},{"floor":18,"key":"SpeedPotion"},{"floor":20,"key":"Block Potion"},{"floor":30,"key":"DuplicationPotion"}],"is_trial":false,"path_per_floor":["M","M","M","?","M","R","E","R","T","R","$","$","$","M","R","B",null,"M","?","M","?","$","E","$","R","T","?","?","R","E","?","R","B",null,"M","?","?","$","$","R","$","M","T","?","?","?","$","E","R","B",null],"character_chosen":"IRONCLAD","items_purchased":["Membership Card","Reckless Charge","Warcry","Dark Embrace","Feel No Pain","Corruption","Seeing Red"],"campfire_rested":0,"item_purchase_floors":[13,13,22,24,38,39,41],"current_hp_per_floor":[78,80,80,80,80,80,87,87,87,87,87,87,87,93,93,94,94,94,94,78,78,78,50,50,50,50,47,47,47,47,40,40,40,52,52,52,52,52,52,52,52,26,26,45,45,43,43,43,43,43],"gold":117,"neow_bonus":"","is_daily":true,"chose_seed":false,"campfire_upgraded":9,"win_rate":0.0,"timestamp":1611684113,"path_taken":["M","M","M","?","M","R","E","R","T","R","$","$","$","?","R","BOSS","M","?","?","?","$","E","$","R","T","?","?","R","E","?","R","BOSS","M","?","?","?","$","R","$","?","T","?","?","?","$","E","R","BOSS"],"items_purchased_type":["Relic","Card","Card","Card","Card","Card","Card"],"build_version":"2020-12-22","purchased_purges":2,"victory":true,"max_hp_per_floor":[80,80,80,80,80,80,94,94,94,94,94,94,94,94,94,94,94,94,94,94,94,94,94,94,94,94,47,47,47,47,52,52,52,52,52,52,52,52,52,52,52,52,52,45,45,43,43,43,43,43],"relic_stats":{"Nunchaku":[3],"Regal Pillow":0,"counters":[17,57],"Ornamental Fan":[36],"Black Blood":67,"Pen Nib":[3],"obtain_stats":[{"SlaversCollar":17,"Nunchaku":23,"Regal Pillow":30,"Lantern":48,"Ornamental Fan":9,"Black Blood":34,"Mango":7,"Pen Nib":26,"Incense Burner":45,"Membership Card":13,"Bottled Tornado":43,"Burning Blood":0},{"SlaversCollar":7,"Nunchaku":10,"Regal Pillow":11,"Lantern":16,"Ornamental Fan":5,"Black Blood":12,"Mango":5,"Pen Nib":10,"Incense Burner":15,"Membership Card":5,"Bottled Tornado":14,"Burning Blood":0},{"SlaversCollar":20,"Nunchaku":32,"Regal Pillow":36,"Lantern":53,"Ornamental Fan":14,"Black Blood":40,"Mango":14,"Pen Nib":32,"Incense Burner":50,"Membership Card":14,"Bottled Tornado":47,"Burning Blood":0}]},"card_choices":[{"not_picked":["Rupture","Cleave","Anger"],"picked":"SKIP","floor":1},{"not_picked":["Rampage","Bloodletting"],"picked":"Flame Barrier","floor":2},{"not_picked":["Havoc","Disarm"],"picked":"Warcry","floor":3},{"not_picked":["Rupture","Heavy Blade","Seeing Red"],"picked":"SKIP","floor":5},{"not_picked":["Thunderclap","Flame Barrier","Twin Strike"],"picked":"SKIP","floor":7},{"not_picked":["Twin Strike","Wild Strike"],"picked":"Dark Embrace","floor":14},{"not_picked":["Limit Break","Demon Form"],"picked":"Barricade","floor":16},{"not_picked":["Flex+1","Thunderclap"],"picked":"Body Slam+1","floor":18},{"not_picked":["Heavy Blade","Shrug It Off"],"picked":"Fire Breathing+1","floor":20},{"not_picked":["Thunderclap","Sentinel"],"picked":"Second Wind","floor":23},{"not_picked":["Dual Wield","Twin Strike"],"picked":"Brutality","floor":30},{"not_picked":["True Grit","Perfected Strike","Thunderclap+1"],"picked":"SKIP","floor":35},{"not_picked":["Disarm","Hemokinesis+1"],"picked":"Warcry+1","floor":42},{"not_picked":["Iron Wave+1","Twin Strike"],"picked":"Shrug It Off","floor":45},{"not_picked":["Rampage+1","Hemokinesis"],"picked":"Immolate","floor":48}],"player_experience":508242,"relics_obtained":[{"floor":7,"key":"Mango"},{"floor":9,"key":"Ornamental Fan"},{"floor":23,"key":"Nunchaku"},{"floor":26,"key":"Pen Nib"},{"floor":30,"key":"Regal Pillow"},{"floor":43,"key":"Bottled Tornado"},{"floor":45,"key":"Incense Burner"},{"floor":48,"key":"Lantern"}],"event_choices":[{"damage_healed":0,"gold_gain":0,"player_choice":"Forge","damage_taken":0,"max_hp_gain":0,"max_hp_loss":0,"event_name":"Accursed Blacksmith","floor":4,"gold_loss":0,"cards_upgraded":["Armaments"]},{"damage_healed":0,"gold_gain":0,"player_choice":"1 cards matched","damage_taken":0,"max_hp_gain":0,"max_hp_loss":0,"event_name":"Match and Keep!","floor":19,"gold_loss":0,"cards_obtained":["Purity"]},{"damage_healed":0,"gold_gain":0,"cards_transformed":["Dual Wield","Barricade"],"player_choice":"Became Test Subject","damage_taken":0,"max_hp_gain":0,"max_hp_loss":0,"event_name":"Drug Dealer","floor":21,"gold_loss":0,"cards_obtained":["Wild Strike","Carnage"]},{"damage_healed":0,"gold_gain":0,"player_choice":"Became a Ghost","damage_taken":0,"max_hp_gain":0,"max_hp_loss":47,"event_name":"Ghosts","floor":27,"gold_loss":0,"cards_obtained":["Ghostly","Ghostly","Ghostly","Ghostly","Ghostly"]},{"cards_removed":["Second Wind"],"damage_healed":0,"gold_gain":0,"player_choice":"Elegance","damage_taken":0,"max_hp_gain":0,"max_hp_loss":0,"event_name":"Back to Basics","floor":28,"gold_loss":0},{"damage_healed":0,"gold_gain":0,"player_choice":"Shed Blood","damage_taken":12,"max_hp_gain":5,"max_hp_loss":0,"event_name":"Forgotten Altar","floor":31,"gold_loss":0},{"damage_healed":0,"gold_gain":0,"player_choice":"Ignored","damage_taken":0,"max_hp_gain":0,"max_hp_loss":0,"event_name":"Tomb of Lord Red Mask","floor":36,"gold_loss":0},{"cards_removed":["Wild Strike"],"damage_healed":0,"gold_gain":0,"player_choice":"Removed Attack","damage_taken":0,"max_hp_gain":0,"max_hp_loss":0,"event_name":"Falling","floor":37,"gold_loss":0},{"damage_healed":45,"gold_gain":0,"player_choice":"Heal","damage_taken":0,"max_hp_gain":0,"max_hp_loss":7,"event_name":"The Moai Head","floor":44,"gold_loss":0},{"damage_healed":0,"gold_gain":0,"player_choice":"Fight","damage_taken":0,"max_hp_gain":0,"max_hp_loss":0,"event_name":"MindBloom","floor":45,"gold_loss":0},{"damage_healed":0,"gold_gain":0,"player_choice":"Max HP","damage_taken":0,"max_hp_gain":0,"max_hp_loss":2,"event_name":"Winding Halls","floor":46,"gold_loss":0}],"is_beta":false,"boss_relics":[{"not_picked":["Fusion Hammer","Astrolabe"],"picked":"SlaversCollar"},{"not_picked":["Philosopher\u0027s Stone","SacredBark"],"picked":"Black Blood"}],"items_purged_floors":[22,24],"is_endless":false,"potions_floor_spawned":[3,7,14,18,20,30,33,35],"ascension_level":0}}