{"host":"928gv66myv2vlnsd","time":1611671540,"event":{"mods":["BaseMod","Minty Spire (QoL Compilation)","StSLib"],"gold_per_floor":[360,435,454,134,74,74,105,121,121,131,150,163,183,199,199,270,270,287,163,163,183,207,207,207,207],"floor_reached":24,"language":"ENG","playtime":944,"items_purged":["Strike_R","Strike_R"],"score":415,"play_id":"3e406213-b6b3-4c1e-8ab6-fedd18a5f7b4","local_time":"20210126093220","is_ascension_mode":true,"campfire_choices":[{"floor":6,"key":"REST"},{"floor":15,"key":"REST"},{"floor":23,"key":"REST"}],"circlet_count":0,"master_deck":["AscendersBane","Defend_R","Defend_R","Defend_R","Defend_R","Bash","Cleave","Shrug It Off","Feel No Pain","Anger","Evolve","Shrug It Off","Battle Trance","Flame Barrier","Limit Break","Feel No Pain","Warcry","Bite","Bite","Bite","Bite","Bite","Anger"],"relics":["Burning Blood","Medical Kit","Mercury Hourglass","Shuriken","Paper Frog","Empty Cage","Boot"],"acts_visited":["Exordium","TheCity"],"potions_floor_usage":[21],"damage_taken":[{"damage":16,"enemies":"Small Slimes","floor":1,"turns":6},{"damage":2,"enemies":"2 Louse","floor":3,"turns":2},{"damage":17,"enemies":"3 Sentries","floor":7,"turns":9},{"damage":6,"enemies":"Cultist","floor":8,"turns":3},{"damage":16,"enemies":"Exordium Thugs","floor":10,"turns":4},{"damage":8,"enemies":"Blue Slaver","floor":11,"turns":4},{"damage":12,"enemies":"Lots of Slimes","floor":12,"turns":3},{"damage":6,"enemies":"Gremlin Gang","floor":13,"turns":3},{"damage":13,"enemies":"Red Slaver","floor":14,"turns":4},{"damage":20,"enemies":"Slime Boss","floor":16,"turns":10},{"damage":48,"enemies":"Shell Parasite","floor":18,"turns":9},{"damage":16,"enemies":"3 Byrds","floor":21,"turns":3},{"damage":68,"enemies":"Gremlin Leader","floor":24,"turns":5}],"seed_played":"6570879993662760360","potions_obtained":[{"floor":7,"key":"LiquidMemories"},{"floor":8,"key":"EssenceOfSteel"},{"floor":18,"key":"Regen Potion"}],"is_trial":false,"path_per_floor":["M","?","M","$","?","R","E","M","T","M","M","M","M","M","R","B",null,"M","$","?","M","T","R","E"],"character_chosen":"IRONCLAD","items_purchased":["Feel No Pain","Medical Kit","Warcry"],"campfire_rested":3,"item_purchase_floors":[4,4,19],"current_hp_per_floor":[40,29,33,33,33,55,44,44,44,34,32,26,26,19,41,27,63,21,21,21,26,26,41,0,0],"gold":207,"neow_bonus":"TWO_FIFTY_GOLD","is_daily":false,"chose_seed":false,"campfire_upgraded":0,"win_rate":0.0,"timestamp":1611671540,"path_taken":["M","?","M","$","?","R","E","M","T","M","M","M","M","M","R","BOSS","M","$","?","M","?","R","E"],"items_purchased_type":["Card","Relic","Card"],"build_version":"2020-12-22","purchased_purges":2,"victory":false,"max_hp_per_floor":[75,75,75,75,75,75,75,75,75,75,75,75,75,75,75,75,75,75,75,52,52,52,52,52,52],"card_choices":[{"not_picked":["Uppercut","True Grit"],"picked":"Cleave","floor":1},{"not_picked":["Pommel Strike","Bloodletting"],"picked":"Shrug It Off","floor":3},{"not_picked":["Uppercut","Sword Boomerang"],"picked":"Anger","floor":7},{"not_picked":["Hemokinesis","Whirlwind"],"picked":"Evolve","floor":8},{"not_picked":["Heavy Blade","Headbutt"],"picked":"Shrug It Off","floor":10},{"not_picked":["Anger","Body Slam"],"picked":"Battle Trance","floor":11},{"not_picked":["Dropkick","Clash","Warcry"],"picked":"SKIP","floor":12},{"not_picked":["Armaments","Havoc","Clash"],"picked":"SKIP","floor":13},{"not_picked":["Warcry","Infernal Blade"],"picked":"Flame Barrier","floor":14},{"not_picked":["Corruption","Feed"],"picked":"Limit Break","floor":16},{"not_picked":["Metallicize","Whirlwind"],"picked":"Feel No Pain","floor":18},{"not_picked":["Cleave","Rage"],"picked":"Anger","floor":21}],"player_experience":1335989,"relics_obtained":[{"floor":7,"key":"Shuriken"},{"floor":9,"key":"Paper Frog"},{"floor":22,"key":"Boot"}],"event_choices":[{"damage_healed":0,"gold_gain":75,"player_choice":"Gather Gold","damage_taken":11,"max_hp_gain":0,"max_hp_loss":0,"event_name":"World of Goop","floor":2,"gold_loss":0},{"damage_healed":0,"gold_gain":0,"player_choice":"Paid Gold","damage_taken":0,"relics_obtained":["Mercury Hourglass"],"max_hp_gain":0,"max_hp_loss":0,"event_name":"WeMeetAgain","floor":5,"gold_loss":60},{"damage_healed":0,"gold_gain":0,"player_choice":"Became a vampire","damage_taken":0,"max_hp_gain":0,"max_hp_loss":23,"event_name":"Vampires","floor":20,"gold_loss":0,"cards_obtained":["Bite","Bite","Bite","Bite","Bite"]}],"is_beta":false,"boss_relics":[{"not_picked":["SacredBark","Tiny House"],"picked":"Empty Cage"}],"items_purged_floors":[4,19],"is_endless":false,"potions_floor_spawned":[7,8,10,13,18],"killed_by":"Gremlin Leader","ascension_level":19}}