{"host":"az8lnyxx7l5ect6t","time":1611626734,"event":{"mods":["2.2 Compatiblity","AchievementEnabler","BaseMod","Block Reminder","Curses Come First","Defuse TimeMaze Blight","Downfall","Infinite Spire","Keyboard Shortcuts","Minty Spire (QoL Compilation)","Quick Restart","Spicy Shops","StSLib","Uncapped"],"gold_per_floor":[99,110,110,124,139,150,170,185,185,185,219,236,236,136,156,172,4,14,30,134,184,184,202,109,109,109,126,126,126,145,145,162,174,174,174,208,221,221,221],"floor_reached":38,"language":"ENG","playtime":13315,"items_purged":[],"score":304,"play_id":"5f3041c7-2c7d-4de7-95f4-767b55871da4","local_time":"20210125210534","is_ascension_mode":false,"campfire_choices":[{"floor":1.0,"key":"RECALL"},{"floor":14.0,"key":"REST"},{"data":"bronze:InfiniteLoop","floor":22.0,"key":"SMITH"},{"data":"bronze:InfiniteLoop","floor":31.0,"key":"SMITH"},{"data":"bronze:Assembly","floor":35.0,"key":"SMITH"}],"circlet_count":0,"master_deck":["bronze:Strike","bronze:Strike","bronze:Defend","bronze:Defend","bronze:Defend","bronze:Defend","bronze:Replicate","bronze:Goto","bronze:OilSpill","bronze:Terminator","bronze:Invalidate","bronze:DelayedGuard+1","bronze:Constructor","bronze:Deprecate","bronze:OilSpill","bronze:ForLoop","bronze:Terminator","bronze:Separator","bronze:InfiniteLoop+1","bronze:Assembly+1","bronze:Shield","bronze:Separator","bronze:FollowUp","bronze:InfiniteLoop+1","bronze:Frontload","bronze:Branch","bronze:Iterate+1","bronze:Boost+1","bronze:RecursiveStrike","bronze:Repulsor"],"relics":["bronze:BronzeCore","Ginger","Eternal Feather","bronze:DecasWashers","downfall:HeartBlessingRed","bronze:DonusWashers","Tiny House","Ice Cream","TungstenRod","bronze:CableSpool"],"acts_visited":["Exordium","TheCity"],"potions_floor_usage":[36,36,38,38],"damage_taken":[{"damage":1.0,"enemies":"Cultist","floor":2.0,"turns":4.0},{"damage":3.0,"enemies":"infinitespire:Voidling","floor":4.0,"turns":3.0},{"damage":1.0,"enemies":"2 Louse","floor":5.0,"turns":2.0},{"damage":18.0,"enemies":"Red Slaver","floor":6.0,"turns":6.0},{"damage":8.0,"enemies":"Large Slime","floor":7.0,"turns":6.0},{"damage":2.0,"enemies":"Blue Slaver","floor":8.0,"turns":4.0},{"damage":15.0,"enemies":"Gremlin Nob","floor":11.0,"turns":4.0},{"damage":8.0,"enemies":"Gremlin Gang","floor":12.0,"turns":4.0},{"damage":0.0,"enemies":"Large Slime","floor":15.0,"turns":5.0},{"damage":0.0,"enemies":"Blue Slaver","floor":16.0,"turns":2.0},{"damage":5.0,"enemies":"downfall:FleeingMerchant","floor":17.0,"turns":4.0},{"damage":1.0,"enemies":"2 Fungi Beasts","floor":18.0,"turns":2.0},{"damage":0.0,"enemies":"Exordium Wildlife","floor":19.0,"turns":2.0},{"damage":7.0,"enemies":"WA_ARCHETYPE_RETAIN","floor":20.0,"turns":4.0},{"damage":22.0,"enemies":"Spheric Guardian","floor":23.0,"turns":4.0},{"damage":0.0,"enemies":"downfall:FleeingMerchant","floor":24.0,"turns":4.0},{"damage":0.0,"enemies":"Chosen","floor":27.0,"turns":3.0},{"damage":12.0,"enemies":"Shelled Parasite and Fungi","floor":30.0,"turns":8.0},{"damage":7.0,"enemies":"Sentry and Sphere","floor":32.0,"turns":5.0},{"damage":16.0,"enemies":"Chosen and Byrds","floor":33.0,"turns":6.0},{"damage":43,"enemies":"Book of Stabbing","floor":36,"turns":6},{"damage":11,"enemies":"3 Cultists","floor":37,"turns":5},{"damage":3,"enemies":"SI_MIRROR_ARCHETYPE","floor":38,"turns":8}],"seed_played":"-3876115715804479386","potions_obtained":[{"floor":2.0,"key":"Weak Potion"},{"floor":7.0,"key":"LiquidBronze"},{"floor":11.0,"key":"SpeedPotion"},{"floor":15.0,"key":"bronze:BuildAFunctionPotion"},{"floor":27.0,"key":"FearPotion"},{"floor":33.0,"key":"ColorlessPotion"},{"floor":37,"key":"Explosive Potion"}],"is_trial":false,"path_per_floor":["R","M","?","M","M","M","M","M","T","T","E","M","?","R","M","M","$","M","M","B",null,"R","M","$","?","?","M","T","T","M","R","M","M","AVR","R","E","M","B"],"character_chosen":"THE_AUTOMATON","items_purchased":["bronze:DonusWashers","bronze:FollowUp"],"campfire_rested":1,"item_purchase_floors":[17,24],"current_hp_per_floor":[77,76,76,73,72,54,46,44,44,44,29,21,21,53,53,53,48,47,47,40,82,82,60,60,60,60,60,60,60,48,63,56,40,40,55,12,1,0,0],"gold":221,"neow_bonus":"TEN_PERCENT_HP_BONUS","is_daily":false,"chose_seed":false,"campfire_upgraded":3,"win_rate":0.0,"timestamp":1611626734,"path_taken":["R","M","?","M","?","M","M","M","T","T","E","M","?","R","?","M","$","M","M","BOSS","R","M","$","?","?","M","T","T","?","R","M","M","AVR","R","E","M","BOSS"],"items_purchased_type":["Relic","Card"],"build_version":"2020-12-22","purchased_purges":0,"victory":false,"max_hp_per_floor":[77,77,77,77,77,77,77,77,77,77,77,77,77,77,77,77,77,77,77,77,82,82,82,82,82,82,82,82,82,82,82,82,82,82,82,82,82,82,82],"card_choices":[{"not_picked":["bronze:FollowUp","bronze:Shield"],"picked":"bronze:OilSpill","floor":2.0},{"not_picked":["bronze:Turbo","bronze:Iterate"],"picked":"bronze:Terminator","floor":4.0},{"not_picked":["bronze:Branch","bronze:Iterate"],"picked":"bronze:Invalidate","floor":5.0},{"not_picked":["bronze:BugBarrage","bronze:Overheat"],"picked":"bronze:DelayedGuard","floor":6.0},{"not_picked":["bronze:Overheat","bronze:WildBeam"],"picked":"bronze:Constructor","floor":7.0},{"not_picked":["bronze:FollowUp","bronze:Shell"],"picked":"bronze:Deprecate","floor":8.0},{"not_picked":["bronze:Overheat","bronze:ShipIt"],"picked":"bronze:OilSpill","floor":11.0},{"not_picked":["bronze:ForceShield","bronze:DelayedSlice"],"picked":"bronze:ForLoop","floor":12.0},{"not_picked":["bronze:DelayedSlice","bronze:BitShift"],"picked":"bronze:Terminator","floor":15.0},{"not_picked":["bronze:BugBarrage","bronze:BronzeArmor"],"picked":"bronze:Separator","floor":16.0},{"not_picked":["bronze:FineTuning","bronze:Shield"],"picked":"bronze:InfiniteLoop","floor":17.0},{"not_picked":["bronze:BuggyMess","bronze:Turbo","bronze:ForLoop"],"picked":"SKIP","floor":18.0},{"not_picked":["bronze:BugBarrage","bronze:BitShift","bronze:DelayedGuard"],"picked":"SKIP","floor":19.0},{"not_picked":["bronze:BurnOut","bronze:ShipIt"],"picked":"bronze:Assembly","floor":20.0},{"not_picked":["bronze:Deprecate","bronze:BitShift"],"picked":"bronze:Shield","floor":21.0},{"not_picked":["bronze:Overheat","bronze:WildBeam+1"],"picked":"bronze:Separator","floor":23.0},{"not_picked":["bronze:NullPointer","bronze:Refactor","bronze:Philosophize"],"picked":"SKIP","floor":24.0},{"not_picked":["bronze:ChildClass+1","bronze:OilSpill"],"picked":"bronze:Frontload","floor":27.0},{"not_picked":["bronze:NullPointer","bronze:Iterate"],"picked":"bronze:Branch","floor":30.0},{"not_picked":["bronze:ForLoop","bronze:NullPointer"],"picked":"bronze:Iterate+1","floor":32.0},{"not_picked":["bronze:Shell","bronze:Turbo"],"picked":"bronze:Boost+1","floor":33.0},{"not_picked":["bronze:Branch","bronze:BitShift"],"picked":"bronze:RecursiveStrike","floor":36},{"not_picked":["bronze:Frontload","bronze:BitShift"],"picked":"bronze:Repulsor","floor":37}],"player_experience":709114,"relics_obtained":[{"floor":9.0,"key":"Ginger"},{"floor":10.0,"key":"Eternal Feather"},{"floor":11.0,"key":"bronze:DecasWashers"},{"floor":28.0,"key":"Ice Cream"},{"floor":29.0,"key":"TungstenRod"},{"floor":36,"key":"bronze:CableSpool"}],"event_choices":[{"cards_removed":["bronze:Strike"],"damage_healed":0.0,"max_hp_gain":0.0,"max_hp_loss":0.0,"gold_gain":0.0,"event_name":"Bonfire Elementals","player_choice":"Offered Basic","floor":3.0,"gold_loss":0.0,"damage_taken":0.0},{"damage_healed":0.0,"max_hp_gain":0.0,"max_hp_loss":0.0,"gold_gain":0.0,"event_name":"FaceTrader","player_choice":"Leave","floor":13.0,"gold_loss":0.0,"damage_taken":0.0}],"is_beta":false,"boss_relics":[{"not_picked":["Velvet Choker","Sozu"],"picked":"Tiny House"}],"items_purged_floors":[],"is_endless":false,"potions_floor_spawned":[2,7,11,15,18,20,27,33,37],"killed_by":"SI_MIRROR_ARCHETYPE","ascension_level":0}}