{"host":"9d9dhukr2jywmy0f","time":1611692827,"event":{"mods":["2.2 Compatiblity","Alarm Clock","BaseMod","Bestiary","Block Reminder","Colored Map","Colored Powertips","Curses Come First","DeckTracker","Displayed Cursed Tome","Highlight Path","Key Reminder","Minty Spire (QoL Compilation)","Quick Restart","Rare Cards Sparkle","Relic Sorter","Relic Stats","Reliquary","Spire Birthday Party","StSLib","SuperFastMode","Synergy Search","Unceasing Turn Reminder","Unknown Chances"],"gold_per_floor":[116,116,41,41,51,86,86,100,100,111,111,111,36,99,99,99,99],"floor_reached":16,"language":"ZHS","playtime":237,"items_purged":["Defend_R"],"score":250,"play_id":"c8535a1b-301c-4449-b340-ad1dec432fd2","local_time":"20210127042707","is_ascension_mode":true,"campfire_choices":[{"data":"Whirlwind","floor":7,"key":"SMITH"},{"data":"Power Through","floor":11,"key":"SMITH"},{"data":"Impervious","floor":15,"key":"SMITH"}],"circlet_count":0,"master_deck":["AscendersBane","Strike_R","Strike_R","Strike_R","Defend_R","Defend_R","Defend_R","Bash","Whirlwind+1","Power Through+1","Impervious+1","Shrug It Off"],"relics":["Burning Blood","NeowsBlessing","reliquary:Aerogel","Peace Pipe","SsserpentHead"],"acts_visited":["Exordium"],"potions_floor_usage":[],"damage_taken":[{"damage":0,"enemies":"2 Louse","floor":1,"turns":1},{"damage":0,"enemies":"Small Slimes","floor":5,"turns":1},{"damage":0,"enemies":"Gremlin Nob","floor":6,"turns":1},{"damage":1,"enemies":"Cultist","floor":8,"turns":3},{"damage":0,"enemies":"3 Louse","floor":10,"turns":2},{"damage":3,"enemies":"Exordium Wildlife","floor":14,"turns":8},{"damage":0,"enemies":"Hexaghost","floor":16,"turns":1}],"seed_played":"-2784546600572661235","potions_obtained":[{"floor":1,"key":"LiquidBronze"},{"floor":10,"key":"Explosive Potion"},{"floor":14,"key":"SteroidPotion"}],"is_trial":false,"path_per_floor":["M","?","?","?","M","E","R","M","T","M","R","?","$","M","R","B"],"character_chosen":"IRONCLAD","items_purchased":[],"campfire_rested":0,"item_purchase_floors":[],"current_hp_per_floor":[74,67,67,67,73,75,75,75,75,75,75,75,75,75,75,75,75],"gold":99,"neow_bonus":"THREE_ENEMY_KILL","is_daily":false,"chose_seed":false,"campfire_upgraded":3,"win_rate":0.0,"timestamp":1611692827,"path_taken":["M","?","?","?","M","E","R","M","T","M","R","?","$","?","R","BOSS"],"items_purchased_type":[],"build_version":"2020-11-30","purchased_purges":1,"victory":false,"max_hp_per_floor":[75,75,75,75,75,75,75,75,75,75,75,75,75,75,75,75,75],"relic_stats":{"Peace Pipe":0,"SsserpentHead":50,"counters":[7,17],"obtain_stats":[{"Peace Pipe":9,"SsserpentHead":12,"NeowsBlessing":0,"reliquary:Aerogel":6,"Burning Blood":0},{"Peace Pipe":4,"SsserpentHead":5,"NeowsBlessing":0,"reliquary:Aerogel":3,"Burning Blood":0},{"Peace Pipe":6,"SsserpentHead":8,"NeowsBlessing":0,"reliquary:Aerogel":3,"Burning Blood":0}],"Burning Blood":18},"card_choices":[{"not_picked":["Dual Wield","Anger"],"picked":"Whirlwind","floor":1},{"not_picked":["Iron Wave","Clothesline"],"picked":"Power Through","floor":5},{"not_picked":["Hemokinesis","Shrug It Off"],"picked":"Impervious","floor":6},{"not_picked":["Flex","Wild Strike","Seeing Red"],"picked":"SKIP","floor":8},{"not_picked":["Havoc","Clothesline"],"picked":"Shrug It Off","floor":10},{"not_picked":["Clash","Wild Strike","Heavy Blade"],"picked":"SKIP","floor":14}],"player_experience":861104,"relics_obtained":[{"floor":6,"key":"reliquary:Aerogel"},{"floor":9,"key":"Peace Pipe"}],"event_choices":[{"cards_removed":["Strike_R"],"damage_healed":0,"gold_gain":0,"player_choice":"Card Removal","damage_taken":7,"max_hp_gain":0,"max_hp_loss":0,"event_name":"Golden Wing","floor":2,"gold_loss":0},{"cards_removed":["Strike_R"],"damage_healed":0,"gold_gain":0,"player_choice":"Card Removal","damage_taken":0,"max_hp_gain":0,"max_hp_loss":0,"event_name":"The Cleric","floor":3,"gold_loss":75},{"damage_healed":0,"gold_gain":0,"player_choice":"Ignored","damage_taken":0,"max_hp_gain":0,"max_hp_loss":0,"event_name":"Liars Game","floor":4,"gold_loss":0},{"damage_healed":0,"gold_gain":0,"player_choice":"Trade","damage_taken":0,"relics_obtained":["SsserpentHead"],"max_hp_gain":0,"max_hp_loss":0,"event_name":"FaceTrader","floor":12,"gold_loss":0}],"is_beta":false,"boss_relics":[],"items_purged_floors":[13],"is_endless":false,"potions_floor_spawned":[1,10,14],"killed_by":"Hexaghost","ascension_level":20}}