{"host":"ddnlm33rmqyizb8g","time":1611701513,"event":{"mods":["BaseMod","Colored Map","Colored Powertips","Minty Spire (QoL Compilation)"],"gold_per_floor":[119,138,151,74,74,74,74,106,106,118,151,169,169,189,189,189,189],"floor_reached":16,"language":"ENG","playtime":859,"items_purged":[],"score":112,"play_id":"c65ff52f-3248-4030-bdf4-fddec22935e1","local_time":"20210126175153","is_ascension_mode":false,"campfire_choices":[{"data":"FlurryOfBlows","floor":6,"key":"SMITH"},{"floor":15,"key":"REST"}],"circlet_count":0,"master_deck":["Strike_P","Strike_P","Strike_P","Defend_P","Defend_P","Defend_P","Defend_P","Eruption","Vigilance","FlurryOfBlows+1","FollowUp","CutThroughFate","Perseverance","Crescendo","Study+1","ClearTheMind+1"],"relics":["PureWater","NeowsBlessing","Frozen Egg 2","Boot"],"acts_visited":["Exordium"],"potions_floor_usage":[16,16],"damage_taken":[{"damage":0,"enemies":"2 Louse","floor":1,"turns":1},{"damage":0,"enemies":"Cultist","floor":2,"turns":1},{"damage":0,"enemies":"Small Slimes","floor":3,"turns":1},{"damage":12,"enemies":"Gremlin Nob","floor":8,"turns":3},{"damage":7,"enemies":"Looter","floor":10,"turns":2},{"damage":14,"enemies":"3 Sentries","floor":11,"turns":5},{"damage":14,"enemies":"Gremlin Gang","floor":12,"turns":5},{"damage":10,"enemies":"Large Slime","floor":14,"turns":3},{"damage":44,"enemies":"The Guardian","floor":16,"turns":13}],"seed_played":"4881457792927808322","potions_obtained":[{"floor":3,"key":"Regen Potion"},{"floor":11,"key":"Block Potion"},{"floor":12,"key":"ColorlessPotion"}],"is_trial":false,"path_per_floor":["M","M","M","$","?","R","?","E","T","M","E","M","?","M","R","B"],"character_chosen":"WATCHER","items_purchased":["Perseverance"],"campfire_rested":1,"item_purchase_floors":[4],"current_hp_per_floor":[72,72,72,72,65,65,65,53,53,46,32,18,18,8,29,0,0],"gold":189,"neow_bonus":"THREE_ENEMY_KILL","is_daily":false,"chose_seed":false,"campfire_upgraded":1,"win_rate":0.0,"timestamp":1611701513,"path_taken":["M","M","M","$","?","R","?","E","T","M","E","M","?","M","R","BOSS"],"items_purchased_type":["Card"],"build_version":"2020-12-22","purchased_purges":0,"victory":false,"max_hp_per_floor":[72,72,72,72,72,72,72,72,72,72,72,72,72,72,72,72,72],"card_choices":[{"not_picked":["Crescendo","SashWhip"],"picked":"FlurryOfBlows","floor":1},{"not_picked":["Conclude","Sanctity"],"picked":"FollowUp","floor":2},{"not_picked":["Tantrum","BowlingBash"],"picked":"CutThroughFate","floor":3},{"not_picked":["Halt","JustLucky","Scrawl"],"picked":"SKIP","floor":8},{"not_picked":["Evaluate","Perseverance"],"picked":"Crescendo","floor":10},{"not_picked":["Perseverance","EmptyFist"],"picked":"Study+1","floor":11},{"not_picked":["SandsOfTime","ReachHeaven"],"picked":"ClearTheMind","floor":12},{"not_picked":["EmptyFist","ClearTheMind","Consecrate"],"picked":"SKIP","floor":14}],"player_experience":136172,"relics_obtained":[{"floor":8,"key":"Frozen Egg 2"},{"floor":11,"key":"Boot"}],"event_choices":[{"cards_removed":["Strike_P"],"damage_healed":0,"gold_gain":0,"player_choice":"Card Removal","damage_taken":7,"max_hp_gain":0,"max_hp_loss":0,"event_name":"Golden Wing","floor":5,"gold_loss":0},{"damage_healed":0,"gold_gain":0,"player_choice":"Leave","damage_taken":0,"max_hp_gain":0,"max_hp_loss":0,"event_name":"The Cleric","floor":7,"gold_loss":0},{"damage_healed":0,"gold_gain":0,"player_choice":"Upgraded","damage_taken":0,"max_hp_gain":0,"max_hp_loss":0,"event_name":"Upgrade Shrine","floor":13,"gold_loss":0,"cards_upgraded":["ClearTheMind"]}],"is_beta":false,"boss_relics":[],"items_purged_floors":[],"is_endless":false,"potions_floor_spawned":[3,11,12,14],"killed_by":"The Guardian","ascension_level":0}}