{"host":"j4g6ia6asvpyu2b0","time":1611621324,"event":{"mods":["BaseMod","Colored Map","Minty Spire (QoL Compilation)","Permanent Neow","Quick Restart","Relic Stats","StSLib","Unceasing Turn Reminder"],"gold_per_floor":[365,365,365,149,160,190,202,233,233,252,264,264,291,303,303,398,398,412,412,424,438,798,798,829,845,872,705,716,732,767,787,787,885,885,895,910,606,606,331,358,358,393,393,403,417,142,173,193,193,193,193,193,4,35,35],"floor_reached":56,"language":"ENG","playtime":2298,"items_purged":["Strike_R","Strike_R","Strike_R","Pain","Strike_R+1","Defend_R"],"score":1614,"play_id":"5e270f73-c8d6-46a2-b733-76c9a607250e","local_time":"20210125173524","is_ascension_mode":true,"campfire_choices":[{"data":"Spot Weakness","floor":12.0,"key":"SMITH"},{"data":"Shockwave","floor":15.0,"key":"SMITH"},{"floor":23.0,"key":"REST"},{"floor":32.0,"key":"RECALL"},{"floor":41.0,"key":"REST"},{"floor":49,"key":"REST"},{"floor":52,"key":"REST"}],"circlet_count":0,"master_deck":["Defend_R","Defend_R+1","Defend_R","Bash","Sword Boomerang","Noxious Fumes+1","Spot Weakness+1","Infernal Blade","Cleave","Shockwave+1","Cleave","Fiend Fire","Inflame","Offering","Feel No Pain+1","Evolve","Cleave+1","Cleave+1","Inflame","Headbutt","Feel No Pain+1","Whirlwind","Heavy Blade+1","Immolate","Pommel Strike+1","Heavy Blade+1","Spot Weakness+1","Shockwave","Limit Break","Whirlwind+1","Double Tap","Dark Embrace+1","True Grit","Disarm+1","Pommel Strike","Battle Trance","Flame Barrier"],"relics":["Burning Blood","Membership Card","Bird Faced Urn","Meat on the Bone","HornCleat","Self Forming Clay","Fusion Hammer","Regal Pillow","Smiling Mask","Red Skull","Bottled Tornado","Runic Pyramid","Mummified Hand","DollysMirror","WarpedTongs","FossilizedHelix","Centennial Puzzle","Orichalcum","Dead Branch","Sling","Omamori","Vajra","Letter Opener"],"acts_visited":["TheEnding"],"potions_floor_usage":[55,55,55,55,55],"damage_taken":[{"damage":5.0,"enemies":"Cultist","floor":1.0,"turns":4.0},{"damage":10.0,"enemies":"2 Louse","floor":5.0,"turns":3.0},{"damage":26.0,"enemies":"Lagavulin","floor":6.0,"turns":8.0},{"damage":7.0,"enemies":"Small Slimes","floor":7.0,"turns":2.0},{"damage":14.0,"enemies":"3 Sentries","floor":8.0,"turns":5.0},{"damage":4.0,"enemies":"Red Slaver","floor":10.0,"turns":3.0},{"damage":9.0,"enemies":"3 Louse","floor":11.0,"turns":2.0},{"damage":12.0,"enemies":"Gremlin Nob","floor":13.0,"turns":4.0},{"damage":0.0,"enemies":"Gremlin Gang","floor":14.0,"turns":2.0},{"damage":33.0,"enemies":"The Guardian","floor":16.0,"turns":8.0},{"damage":13.0,"enemies":"Chosen","floor":18.0,"turns":3.0},{"damage":9.0,"enemies":"2 Thieves","floor":20.0,"turns":3.0},{"damage":22.0,"enemies":"Sentry and Sphere","floor":21.0,"turns":5.0},{"damage":21.0,"enemies":"Slavers","floor":24.0,"turns":3.0},{"damage":1.0,"enemies":"Centurion and Healer","floor":25.0,"turns":5.0},{"damage":14.0,"enemies":"Cultist and Chosen","floor":28.0,"turns":4.0},{"damage":18.0,"enemies":"Sentry and Sphere","floor":29.0,"turns":4.0},{"damage":6.0,"enemies":"Gremlin Leader","floor":30.0,"turns":5.0},{"damage":0.0,"enemies":"3 Cultists","floor":31.0,"turns":3.0},{"damage":26.0,"enemies":"Automaton","floor":33.0,"turns":8.0},{"damage":23.0,"enemies":"3 Darklings","floor":35.0,"turns":3.0},{"damage":1.0,"enemies":"Orb Walker","floor":36.0,"turns":3.0},{"damage":8.0,"enemies":"Reptomancer","floor":40.0,"turns":4.0},{"damage":0.0,"enemies":"Giant Head","floor":42.0,"turns":5.0},{"damage":0.0,"enemies":"Transient","floor":44.0,"turns":5.0},{"damage":1.0,"enemies":"3 Darklings","floor":45.0,"turns":2.0},{"damage":6,"enemies":"Nemesis","floor":47,"turns":3},{"damage":12,"enemies":"Jaw Worm Horde","floor":48,"turns":3},{"damage":0,"enemies":"Time Eater","floor":50,"turns":4},{"damage":10,"enemies":"Shield and Spear","floor":54,"turns":3},{"damage":75,"enemies":"The Heart","floor":55,"turns":6}],"seed_played":"8853903403527863013","potions_obtained":[{"floor":1.0,"key":"Energy Potion"},{"floor":7.0,"key":"SkillPotion"},{"floor":8.0,"key":"Weak Potion"},{"floor":11.0,"key":"SteroidPotion"},{"floor":16.0,"key":"FearPotion"},{"floor":20.0,"key":"Energy Potion"},{"floor":24.0,"key":"Weak Potion"},{"floor":33.0,"key":"EntropicBrew"}],"is_trial":false,"path_per_floor":["M","?","?","$","M","E","M","E","T","M","M","R","E","M","R","B",null,"M","?","M","M","?","R","E","M","T","$","M","M","E","M","R","B",null,"M","M","$","?","$","E","R","E","T","M","M","$","E","M","R","B",null,"R","$","E","B",null],"character_chosen":"IRONCLAD","items_purchased":["Membership Card","Spot Weakness","Red Skull","Inflame","Mummified Hand","DollysMirror","Shockwave","LiquidMemories","Limit Break","FossilizedHelix","Dead Branch","Sling","Vajra","Pommel Strike","Battle Trance"],"campfire_rested":4,"item_purchase_floors":[4,4,27,27,37,37,37,37,39,39,46,46,53,53,53],"current_hp_per_floor":[80,64,64,64,60,40,41,35,35,49,58,58,52,58,58,47,80,73,73,76,66,30,54,55,66,66,66,68,64,72,80,80,65,80,65,76,76,76,76,80,80,80,80,80,80,80,80,74,80,80,80,80,80,80,46],"gold":35,"neow_bonus":"TWO_FIFTY_GOLD","is_daily":false,"chose_seed":false,"campfire_upgraded":2,"win_rate":0.0,"timestamp":1611621324,"path_taken":["M","?","?","$","M","E","M","E","T","M","M","R","E","?","R","BOSS","M","?","?","M","?","R","E","M","T","$","M","M","E","?","R","BOSS","M","M","$","?","?","E","R","E","T","?","M","$","E","M","R","BOSS","R","$","E","BOSS"],"items_purchased_type":["Relic","Card","Relic","Card","Relic","Relic","Card","Potion","Card","Relic","Relic","Relic","Relic","Card","Card"],"build_version":"2020-12-22","purchased_purges":6,"victory":true,"max_hp_per_floor":[80,80,80,80,80,80,80,80,80,80,80,80,80,80,80,80,80,80,80,80,80,80,80,80,80,80,80,80,80,80,80,80,80,80,80,80,80,80,80,80,80,80,80,80,80,80,80,80,80,80,80,80,80,80,80],"relic_stats":{"Regal Pillow":0,"counters":[5,19],"Self Forming Clay":[69],"Dead Branch":[50],"Letter Opener":[15],"Orichalcum":[18],"Smiling Mask":50,"Burning Blood":20,"WarpedTongs":[19],"Centennial Puzzle":[10],"Mummified Hand":[42],"Bird Faced Urn":[31],"obtain_stats":[{"Regal Pillow":0,"Self Forming Clay":0,"Dead Branch":0,"Vajra":53,"Omamori":47,"Letter Opener":54,"Bottled Tornado":0,"Orichalcum":0,"Smiling Mask":0,"Sling":0,"Burning Blood":0,"WarpedTongs":0,"Centennial Puzzle":0,"HornCleat":0,"Mummified Hand":0,"DollysMirror":0,"Bird Faced Urn":0,"Fusion Hammer":0,"Membership Card":0,"Red Skull":0,"FossilizedHelix":0,"Meat on the Bone":0,"Runic Pyramid":0},{"Regal Pillow":0,"Self Forming Clay":0,"Dead Branch":0,"Vajra":3,"Omamori":1,"Letter Opener":4,"Bottled Tornado":0,"Orichalcum":0,"Smiling Mask":0,"Sling":0,"Burning Blood":0,"WarpedTongs":0,"Centennial Puzzle":0,"HornCleat":0,"Mummified Hand":0,"DollysMirror":0,"Bird Faced Urn":0,"Fusion Hammer":0,"Membership Card":0,"Red Skull":0,"FossilizedHelix":0,"Meat on the Bone":0,"Runic Pyramid":0},{"Regal Pillow":0,"Self Forming Clay":0,"Dead Branch":0,"Vajra":10,"Omamori":3,"Letter Opener":13,"Bottled Tornado":0,"Orichalcum":0,"Smiling Mask":0,"Sling":0,"Burning Blood":0,"WarpedTongs":0,"Centennial Puzzle":0,"HornCleat":0,"Mummified Hand":0,"DollysMirror":0,"Bird Faced Urn":0,"Fusion Hammer":0,"Membership Card":0,"Red Skull":0,"FossilizedHelix":0,"Meat on the Bone":0,"Runic Pyramid":0}],"Meat on the Bone":12},"card_choices":[{"not_picked":["Searing Blow","Havoc"],"picked":"Sword Boomerang","floor":1.0},{"not_picked":["Rupture","Heavy Blade","Wild Strike"],"picked":"SKIP","floor":5.0},{"not_picked":["Pommel Strike","Evolve"],"picked":"Infernal Blade","floor":6.0},{"not_picked":["Sentinel","Flex"],"picked":"Cleave","floor":7.0},{"not_picked":["Seeing Red","Infernal Blade"],"picked":"Shockwave","floor":8.0},{"not_picked":["Wild Strike","Perfected Strike"],"picked":"Cleave","floor":10.0},{"not_picked":["Heavy Blade","Body Slam","Wild Strike"],"picked":"SKIP","floor":11.0},{"not_picked":["Anger","Power Through"],"picked":"Fiend Fire","floor":13.0},{"not_picked":["Cleave","Twin Strike"],"picked":"Inflame","floor":14.0},{"not_picked":["Bludgeon","Immolate"],"picked":"Offering","floor":16.0},{"not_picked":["Flex+1","Combust"],"picked":"Feel No Pain+1","floor":18.0},{"not_picked":["Havoc","Armaments"],"picked":"Evolve","floor":20.0},{"not_picked":["Clothesline","Anger+1"],"picked":"Cleave+1","floor":21.0},{"not_picked":["True Grit","Wild Strike+1"],"picked":"Cleave+1","floor":24.0},{"not_picked":["Hemokinesis","Wild Strike","Flex"],"picked":"SKIP","floor":25.0},{"not_picked":["Dropkick","Thunderclap"],"picked":"Headbutt","floor":28.0},{"not_picked":["Wild Strike+1","Headbutt"],"picked":"Feel No Pain+1","floor":29.0},{"not_picked":["Heavy Blade+1","Rupture"],"picked":"Whirlwind","floor":30.0},{"not_picked":["Second Wind+1","Twin Strike"],"picked":"Heavy Blade+1","floor":31.0},{"not_picked":["Exhume","Fiend Fire"],"picked":"Immolate","floor":33.0},{"not_picked":["Wild Strike+1","Warcry"],"picked":"Pommel Strike+1","floor":35.0},{"not_picked":["Searing Blow","Twin Strike+1"],"picked":"Heavy Blade+1","floor":36.0},{"not_picked":["Headbutt","Sentinel+1"],"picked":"Whirlwind+1","floor":40.0},{"not_picked":["Bloodletting+1","Body Slam"],"picked":"Double Tap","floor":42.0},{"not_picked":["Anger","Twin Strike+1"],"picked":"Dark Embrace+1","floor":44.0},{"not_picked":["Rupture","Flex+1","Wild Strike+1"],"picked":"SKIP","floor":45.0},{"not_picked":["Iron Wave","Anger"],"picked":"True Grit","floor":47},{"not_picked":["Pommel Strike","Intimidate+1"],"picked":"Disarm+1","floor":48},{"not_picked":["Wild Strike+1","Perfected Strike"],"picked":"Flame Barrier","floor":54}],"player_experience":1015377,"relics_obtained":[{"floor":6.0,"key":"Bird Faced Urn"},{"floor":8.0,"key":"Meat on the Bone"},{"floor":9.0,"key":"HornCleat"},{"floor":13.0,"key":"Self Forming Clay"},{"floor":24.0,"key":"Regal Pillow"},{"floor":26.0,"key":"Smiling Mask"},{"floor":30.0,"key":"Bottled Tornado"},{"floor":40.0,"key":"Centennial Puzzle"},{"floor":42.0,"key":"Orichalcum"},{"floor":47,"key":"Omamori"},{"floor":54,"key":"Letter Opener"}],"event_choices":[{"damage_healed":0.0,"max_hp_gain":0.0,"max_hp_loss":0.0,"gold_gain":0.0,"event_name":"Shining Light","player_choice":"Entered Light","floor":2.0,"gold_loss":0.0,"damage_taken":16.0,"cards_upgraded":["Strike_R","Defend_R"]},{"cards_removed":["Decay"],"damage_healed":0.0,"max_hp_gain":0.0,"max_hp_loss":0.0,"gold_gain":0.0,"event_name":"NoteForYourself","player_choice":"Took Card","floor":3.0,"gold_loss":0.0,"damage_taken":0.0,"cards_obtained":["Noxious Fumes"]},{"cards_removed":["Strike_R"],"damage_healed":0.0,"max_hp_gain":0.0,"max_hp_loss":0.0,"gold_gain":0.0,"event_name":"Purifier","player_choice":"Purged","floor":19.0,"gold_loss":0.0,"damage_taken":0.0},{"damage_healed":0.0,"max_hp_gain":0.0,"max_hp_loss":0.0,"gold_gain":360.0,"event_name":"Knowing Skull","player_choice":"GOLD GOLD GOLD GOLD ","floor":22.0,"potions_obtained":[],"gold_loss":0.0,"damage_taken":36.0,"cards_obtained":[]},{"damage_healed":0.0,"max_hp_gain":0.0,"max_hp_loss":0.0,"gold_gain":0.0,"event_name":"Accursed Blacksmith","player_choice":"Rummage","floor":38.0,"gold_loss":0.0,"damage_taken":0.0,"relics_obtained":["WarpedTongs"],"cards_obtained":["Pain"]}],"is_beta":false,"boss_relics":[{"not_picked":["Empty Cage","Astrolabe"],"picked":"Fusion Hammer"},{"not_picked":["Runic Dome","SlaversCollar"],"picked":"Runic Pyramid"}],"items_purged_floors":[4,27,37,39,46,53],"is_endless":false,"potions_floor_spawned":[1,7,8,11,16,20,24,29,33,40,45,47,48],"ascension_level":2}}