{"host":"vumwfieg2b2mnrfl","time":1611701170,"event":{"mods":["AchievementEnabler","BaseMod","Minty Spire (QoL Compilation)","Rare Cards Sparkle","Relic Stats"],"gold_per_floor":[114,189,110,110,128,128,128,128],"floor_reached":7,"language":"ENG","playtime":187,"items_purged":[],"score":74,"play_id":"b67f8102-2d7b-4932-aafa-c89277a745c7","local_time":"20210126164610","is_ascension_mode":true,"campfire_choices":[{"floor":6,"key":"REST"}],"circlet_count":0,"master_deck":["AscendersBane","Strike_R","Strike_R","Strike_R","Strike_R","Strike_R","Defend_R","Defend_R","Defend_R","Defend_R","Bash","Flame Barrier","Fire Breathing","Regret","Metallicize"],"relics":["Burning Blood","Bird Faced Urn","MealTicket"],"acts_visited":["Exordium"],"potions_floor_usage":[7],"damage_taken":[{"damage":3,"enemies":"Small Slimes","floor":1,"turns":5},{"damage":13,"enemies":"2 Louse","floor":5,"turns":3},{"damage":74,"enemies":"Lagavulin","floor":7,"turns":11}],"seed_played":"-5118563807252523857","potions_obtained":[{"floor":1,"key":"SteroidPotion"}],"is_trial":false,"path_per_floor":["M","?","$","?","M","R","E"],"character_chosen":"IRONCLAD","items_purchased":["Fire Breathing"],"campfire_rested":1,"item_purchase_floors":[3],"current_hp_per_floor":[53,42,42,42,37,59,0,0],"gold":128,"neow_bonus":"ONE_RARE_RELIC","is_daily":false,"chose_seed":false,"campfire_upgraded":0,"win_rate":0.0,"timestamp":1611701170,"path_taken":["M","?","$","?","M","R","E"],"items_purchased_type":["Card"],"build_version":"2020-12-22","purchased_purges":0,"victory":false,"max_hp_per_floor":[75,75,75,75,75,75,75,75],"relic_stats":{"counters":[3,19],"Bird Faced Urn":[4],"MealTicket":0,"obtain_stats":[{"Bird Faced Urn":0,"MealTicket":4,"Burning Blood":0},{"Bird Faced Urn":0,"MealTicket":1,"Burning Blood":0},{"Bird Faced Urn":0,"MealTicket":5,"Burning Blood":0}],"Burning Blood":12},"card_choices":[{"not_picked":["Wild Strike","Sword Boomerang"],"picked":"Flame Barrier","floor":1},{"not_picked":["Power Through","Clothesline"],"picked":"Metallicize","floor":5}],"player_experience":469812,"relics_obtained":[],"event_choices":[{"damage_healed":0,"gold_gain":75,"player_choice":"Gather Gold","damage_taken":11,"max_hp_gain":0,"max_hp_loss":0,"event_name":"World of Goop","floor":2,"gold_loss":0},{"damage_healed":0,"gold_gain":0,"player_choice":"Box","damage_taken":0,"relics_obtained":["MealTicket"],"max_hp_gain":0,"max_hp_loss":0,"event_name":"Big Fish","floor":4,"gold_loss":0,"cards_obtained":["Regret"]}],"is_beta":false,"boss_relics":[],"items_purged_floors":[],"is_endless":false,"potions_floor_spawned":[1],"killed_by":"Lagavulin","ascension_level":18}}