{"host":"d5i1qeb9dejicw1z","time":1611636589,"event":{"mods":["AchievementEnabler","BaseMod","Better Note","BetterRewards","Gold Saver","Minty Spire (QoL Compilation)","Reliquary","StSLib"],"gold_per_floor":[775,795,795,811,736,736,736,770,770,784,784,784,800,820,820,909,909,923,401,401,421,444,444,463,463,463,481,481,41,41,80,80,80,80],"floor_reached":33,"language":"ENG","playtime":1199,"items_purged":["Strike_G"],"score":494,"play_id":"0f4da067-a6b9-4e9c-a2f6-040aeb735509","local_time":"20210125204949","is_ascension_mode":true,"campfire_choices":[{"data":"Neutralize","floor":6,"key":"SMITH"},{"floor":12,"key":"REST"},{"floor":15,"key":"REST"},{"data":"Backflip","floor":23,"key":"SMITH"},{"data":"Escape Plan","floor":25,"key":"SMITH"},{"floor":28,"key":"REST"},{"floor":32,"key":"REST"}],"circlet_count":0,"master_deck":["AscendersBane","Strike_G","Strike_G","Strike_G","Defend_G","Defend_G","Defend_G","Defend_G","Survivor","Neutralize+1","Swift Strike","Backflip+1","Caltrops+1","Slice","Escape Plan+1","Escape Plan","Slice","Infinite Blades","Backstab+1","Adrenaline"],"relics":["Ring of the Snake","Pantograph","MealTicket","Mercury Hourglass","Golden Idol","WristBlade","CaptainsWheel","Bottled Flame","Membership Card","Akabeko","Bottled Tornado"],"acts_visited":["Exordium","TheCity"],"potions_floor_usage":[8,10,16,21,21,22,24,24,31,33],"damage_taken":[{"damage":2,"enemies":"Jaw Worm","floor":1,"turns":6},{"damage":3,"enemies":"Cultist","floor":2,"turns":5},{"damage":0,"enemies":"2 Louse","floor":4,"turns":3},{"damage":22,"enemies":"3 Sentries","floor":8,"turns":9},{"damage":0,"enemies":"Exordium Wildlife","floor":10,"turns":2},{"damage":2,"enemies":"Lots of Slimes","floor":13,"turns":3},{"damage":14,"enemies":"3 Louse","floor":14,"turns":3},{"damage":45,"enemies":"Hexaghost","floor":16,"turns":10},{"damage":17,"enemies":"3 Byrds","floor":18,"turns":4},{"damage":2,"enemies":"Spheric Guardian","floor":21,"turns":3},{"damage":7,"enemies":"Snake Plant","floor":22,"turns":4},{"damage":0,"enemies":"Shelled Parasite and Fungi","floor":24,"turns":5},{"damage":30,"enemies":"Snecko","floor":27,"turns":6},{"damage":9,"enemies":"Slavers","floor":31,"turns":7},{"damage":73,"enemies":"Collector","floor":33,"turns":10}],"seed_played":"-6537014151137867807","potions_obtained":[{"floor":4,"key":"CunningPotion"},{"floor":8,"key":"Strength Potion"},{"floor":13,"key":"Regen Potion"},{"floor":16,"key":"EssenceOfSteel"},{"floor":20,"key":"EntropicBrew"},{"floor":21,"key":"GhostInAJar"},{"floor":24,"key":"Fruit Juice"},{"floor":31,"key":"Fire Potion"}],"is_trial":false,"path_per_floor":["M","M","?","M","?","R","T","E","T","M","?","R","M","M","R","B",null,"M","$","?","M","M","R","M","R","T","M","R","$","?","E","R","B"],"character_chosen":"THE_SILENT","items_purchased":["Slice","Infinite Blades","CaptainsWheel","Adrenaline","Membership Card","Akabeko","BlessingOfTheForge"],"campfire_rested":4,"item_purchase_floors":[19,19,19,29,29,29,29],"current_hp_per_floor":[57,54,54,54,54,54,54,32,32,32,9,28,26,12,31,26,56,39,54,54,52,45,45,50,50,50,20,41,56,56,47,68,0,0],"gold":80,"neow_bonus":"RANDOM_COLORLESS","is_daily":false,"chose_seed":false,"campfire_upgraded":3,"win_rate":0.0,"timestamp":1611636589,"path_taken":["M","M","?","?","?","R","?","E","T","?","?","R","M","M","R","BOSS","M","$","?","M","?","R","M","R","T","?","R","$","?","E","R","BOSS"],"items_purchased_type":["Card","Card","Relic","Card","Relic","Relic","Potion"],"build_version":"2020-12-22","purchased_purges":1,"victory":false,"max_hp_per_floor":[66,66,66,66,66,66,66,66,66,66,66,66,66,66,66,66,66,66,66,66,66,66,66,71,71,71,71,71,71,71,71,71,71,71],"card_choices":[{"not_picked":["Panacea","Mind Blast"],"picked":"Swift Strike","floor":0},{"not_picked":["Poisoned Stab","Choke"],"picked":"Backflip","floor":1},{"not_picked":["Dagger Throw","Cloak And Dagger"],"picked":"Caltrops","floor":2},{"not_picked":["Acrobatics","Dagger Throw","Flying Knee"],"picked":"SKIP","floor":4},{"not_picked":["Underhanded Strike","Prepared"],"picked":"Slice","floor":8},{"not_picked":["Backflip","Masterful Stab"],"picked":"Escape Plan","floor":10},{"not_picked":["Grand Finale","Sucker Punch","Deadly Poison"],"picked":"SKIP","floor":13},{"not_picked":["Bane","Expertise"],"picked":"Escape Plan","floor":14},{"not_picked":["Sucker Punch","Dagger Throw","Acrobatics"],"picked":"SKIP","floor":18},{"not_picked":["Heel Hook","Reflex","Acrobatics"],"picked":"SKIP","floor":21},{"not_picked":["Bane","Flying Knee","Sucker Punch"],"picked":"SKIP","floor":22},{"not_picked":["Concentrate+1","PiercingWail","Dagger Spray"],"picked":"SKIP","floor":24},{"not_picked":["Dash","Poisoned Stab"],"picked":"Backstab+1","floor":27},{"not_picked":["Prepared","Tactician","Outmaneuver"],"picked":"SKIP","floor":31}],"player_experience":1167902,"relics_obtained":[{"floor":7,"key":"Pantograph"},{"floor":8,"key":"MealTicket"},{"floor":9,"key":"Mercury Hourglass"},{"floor":26,"key":"Bottled Flame"},{"floor":31,"key":"Bottled Tornado"}],"event_choices":[{"damage_healed":0,"gold_gain":0,"player_choice":"Forge","damage_taken":0,"max_hp_gain":0,"max_hp_loss":0,"event_name":"Accursed Blacksmith","floor":3,"gold_loss":0,"cards_upgraded":["Caltrops"]},{"cards_removed":["Defend_G"],"damage_healed":0,"gold_gain":0,"player_choice":"Card Removal","damage_taken":0,"max_hp_gain":0,"max_hp_loss":0,"event_name":"The Cleric","floor":5,"gold_loss":75},{"damage_healed":0,"gold_gain":0,"player_choice":"Take Damage","damage_taken":23,"relics_obtained":["Golden Idol"],"max_hp_gain":0,"max_hp_loss":0,"event_name":"Golden Idol","floor":11,"gold_loss":0},{"damage_healed":0,"gold_gain":0,"player_choice":"Got Potions","damage_taken":0,"max_hp_gain":0,"max_hp_loss":0,"event_name":"Lab","floor":20,"gold_loss":0},{"cards_removed":["Strike_G"],"damage_healed":0,"gold_gain":0,"player_choice":"Purged","damage_taken":0,"max_hp_gain":0,"max_hp_loss":0,"event_name":"Purifier","floor":30,"gold_loss":0}],"is_beta":false,"boss_relics":[{"not_picked":["Pandora\u0027s Box","Calling Bell"],"picked":"WristBlade"}],"items_purged_floors":[19],"is_endless":false,"potions_floor_spawned":[1,4,8,13,16,21,24,31],"killed_by":"Collector","ascension_level":17}}