{"host":"y7b1p9nkx4idorr2","time":1611627581,"event":{"mods":["AchievementEnabler","Act Like it!","BaseMod","Colored Map","Downfall","GifTheSpireLib","Googly Eyes","Highlight Path","Mimic Mod","Minty Spire (QoL Compilation)","Shop Mod","Spicy Shops","StSLib","Unceasing Turn Reminder"],"gold_per_floor":[99,109,127,37,49,77,107,118,150,50,60,94,94,51,64,167,167,167,180,200,200,213,242,323,223,237,237,262,277,277,291,307,408,408,408,427,438,450,117,127,127,146,146,146,146],"floor_reached":43,"language":"ENG","playtime":3000,"items_purged":["Pain"],"score":520,"play_id":"f6593676-df4c-4f88-9072-d053b8880690","local_time":"20210125201941","is_ascension_mode":true,"campfire_choices":[{"data":"Guardian:StasisStrike","floor":1,"key":"SMITH"},{"floor":10,"key":"REST"},{"floor":18,"key":"RECALL"},{"data":"Guardian:ExploitGems","floor":25,"key":"SMITH"},{"floor":30,"key":"REST"},{"data":"Guardian:ChargeUp","floor":35,"key":"SMITH"}],"circlet_count":0,"master_deck":["Guardian:Strike_Guardian","Guardian:Strike_Guardian","Guardian:Defend_Guardian","Guardian:Defend_Guardian","Guardian:Defend_Guardian","Guardian:Defend_Guardian","Guardian:CurlUp","Guardian:TwinSlam","Guardian:StasisStrike+1","Guardian:TimeBomb","Guardian:FloatingOrbs","Guardian:BronzeOrb","Guardian:GuardianWhirl","Guardian:ChargeUp+1","Guardian:PrismaticBeam","Guardian:ExploitGems+1","Guardian:ChargeUp+1","Guardian:WalkerClaw+1","Guardian:Incinerate","Guardian:Incinerate+1","Guardian:CrystalBeam+1","Guardian:ShieldCharger","Guardian:Clone+1","Guardian:VentSteam","downfall:Malfunctioning","Guardian:FuturePlans+1","Guardian:DonusPower+1","Decay","Guardian:ShieldCharger+1","Guardian:ShieldSpikes","Guardian:Suspension","Guardian:Gem_Synthetic","Guardian:Gem_Red","Guardian:TemporalStrike","Guardian:RevengeProtocol","Guardian:CrystalBeam","Guardian:PrismaticBeam","Guardian:Gem_Crimson","Guardian:PiercingHide+1","Guardian:PrismaticBarrier","Guardian:PolyBeam","Guardian:Repulse","Guardian:Emergency","Normality","Guardian:Gem_Lightblue","Guardian:Gem_Red"],"relics":["Guardian:ModeShifter","PreservedInsect","Oddly Smooth Stone","Prayer Wheel","downfall:HeartBlessingGreen","Cursed Key","Guardian:SackOfGems","Dream Catcher","Pantograph","downfall:HeartBlessingRed","Gambling Chip","Empty Cage"],"acts_visited":["Exordium","TheCity","TheBeyond"],"potions_floor_usage":[9,9,12,14,16,20,28,33,38,42],"damage_taken":[{"damage":3,"enemies":"Small Slimes","floor":2,"turns":3},{"damage":4,"enemies":"Jaw Worm","floor":3,"turns":3},{"damage":7,"enemies":"downfall:FleeingMerchant","floor":4,"turns":4},{"damage":2,"enemies":"Cultist","floor":5,"turns":4},{"damage":25,"enemies":"3 Sentries","floor":6,"turns":5},{"damage":9,"enemies":"2 Fungi Beasts","floor":7,"turns":5},{"damage":0,"enemies":"2 Fungi Beasts","floor":8,"turns":5},{"damage":2,"enemies":"Lagavulin","floor":9,"turns":5},{"damage":14,"enemies":"Gremlin Gang","floor":11,"turns":4},{"damage":4,"enemies":"3 Sentries","floor":12,"turns":4},{"damage":3,"enemies":"downfall:FleeingMerchant","floor":14,"turns":4},{"damage":0,"enemies":"Blue Slaver","floor":15,"turns":4},{"damage":12,"enemies":"WA_ARCHETYPE_RETAIN","floor":16,"turns":7},{"damage":3,"enemies":"3 Byrds","floor":19,"turns":4},{"damage":11,"enemies":"Shell Parasite","floor":20,"turns":4},{"damage":12,"enemies":"Centurion and Healer","floor":22,"turns":4},{"damage":13,"enemies":"Slavers","floor":23,"turns":4},{"damage":0,"enemies":"Cultist and Chosen","floor":26,"turns":4},{"damage":12,"enemies":"Book of Stabbing","floor":28,"turns":3},{"damage":14,"enemies":"3 Cultists","floor":29,"turns":4},{"damage":4,"enemies":"Snake Plant","floor":31,"turns":2},{"damage":6,"enemies":"Shelled Parasite and Fungi","floor":32,"turns":4},{"damage":29,"enemies":"IC_MUSHROOM_ARCHETYPE","floor":33,"turns":9},{"damage":9,"enemies":"3 Darklings","floor":36,"turns":5},{"damage":14,"enemies":"Orb Walker","floor":37,"turns":4},{"damage":16,"enemies":"Transient","floor":38,"turns":5},{"damage":11,"enemies":"3 Darklings","floor":40,"turns":7},{"damage":31,"enemies":"Maw","floor":42,"turns":7},{"damage":54,"enemies":"Reptomancer","floor":43,"turns":7}],"seed_played":"8112830971069207268","potions_obtained":[{"floor":2,"key":"FearPotion"},{"floor":8,"key":"Swift Potion"},{"floor":9,"key":"LiquidMemories"},{"floor":11,"key":"BlessingOfTheForge"},{"floor":15,"key":"BlessingOfTheForge"},{"floor":16,"key":"SkillPotion"},{"floor":20,"key":"Regen Potion"},{"floor":22,"key":"Weak Potion"},{"floor":26,"key":"Weak Potion"},{"floor":29,"key":"Energy Potion"},{"floor":38,"key":"SkillPotion"},{"floor":42,"key":"CultistPotion"}],"is_trial":false,"path_per_floor":["R","M","M","$","M","E","MIM","M","E","R","M","E","?","$","M","B",null,"R","M","M","?","M","E","T","R","M","?","E","M","R","M","M","B",null,"R","M","M","M","?","M","T","M","E"],"character_chosen":"GUARDIAN","items_purchased":["Guardian:Gem_Green"],"campfire_rested":2,"item_purchase_floors":[14],"current_hp_per_floor":[80,77,73,66,64,39,30,30,28,52,38,34,34,31,31,19,80,80,77,66,66,54,41,41,41,41,41,29,15,39,35,29,25,80,80,71,57,55,90,79,79,48,0,0,0],"gold":146,"neow_bonus":"THREE_RARE_CARDS","is_daily":false,"chose_seed":false,"campfire_upgraded":3,"win_rate":0.0,"timestamp":1611627581,"path_taken":["R","M","M","$","M","E","MIM","M","E","R","M","E","?","$","M","BOSS","R","M","M","?","M","E","T","R","M","?","E","M","R","M","M","BOSS","R","M","?","M","?","M","T","M","E"],"items_purchased_type":["Card"],"build_version":"2020-12-22","purchased_purges":1,"victory":false,"max_hp_per_floor":[80,80,80,80,80,80,80,80,80,80,80,80,80,80,80,80,80,80,80,80,80,80,80,80,80,80,80,80,80,80,80,80,80,80,80,80,80,80,90,90,90,90,90,90,90],"card_choices":[{"not_picked":["Guardian:TimeSifter","Guardian:AncientConstruct"],"picked":"Guardian:StasisStrike","floor":0},{"not_picked":["Guardian:ShieldCharger","Guardian:ArmoredProtocol"],"picked":"Guardian:Gem_Fragmented","floor":2},{"not_picked":["Guardian:Incinerate","Guardian:Harden"],"picked":"Guardian:TimeBomb","floor":3},{"not_picked":["Guardian:HyperBeam_Guardian","Guardian:Suspension"],"picked":"Guardian:Gem_Cyan","floor":4},{"not_picked":["Guardian:Gem_Lightblue","Guardian:TemporalShield"],"picked":"Guardian:FloatingOrbs","floor":5},{"not_picked":["Guardian:TemporalStrike","Guardian:ShieldCharger"],"picked":"Guardian:BronzeOrb","floor":6},{"not_picked":["Guardian:Gem_Cyan","Guardian:BronzeOrb"],"picked":"Guardian:GuardianWhirl","floor":7},{"not_picked":["Guardian:SpikerProtocol","Guardian:ChargeCore"],"picked":"Guardian:ChargeUp","floor":8},{"not_picked":["Guardian:SpikerProtocol","Guardian:Recover"],"picked":"Guardian:PrismaticBeam","floor":9},{"not_picked":["Guardian:TimeCapacitor","Guardian:ShieldCharger"],"picked":"Guardian:Gem_Red","floor":11},{"not_picked":["Guardian:RollAttack","Guardian:GuardianWhirl"],"picked":"Guardian:Gem_Red","floor":11},{"not_picked":["Guardian:FierceBash","Guardian:WalkerClaw"],"picked":"Guardian:Gem_Green","floor":12},{"not_picked":["Guardian:TemporalShield","Guardian:ChargeCore"],"picked":"Guardian:Gem_Crimson","floor":14},{"not_picked":["Guardian:Gem_Purple","Guardian:WalkerClaw"],"picked":"Guardian:ChargeUp","floor":15},{"not_picked":["Guardian:BronzeArmor","Guardian:TimeBomb"],"picked":"Guardian:Gem_Cyan","floor":15},{"not_picked":["Guardian:GatlingBeam","Guardian:FierceBash"],"picked":"Guardian:Gem_Orange","floor":16},{"not_picked":["Guardian:Recover","Guardian:PiercingHide+1"],"picked":"Guardian:WalkerClaw+1","floor":19},{"not_picked":["Guardian:MultiBeam","Guardian:Planning"],"picked":"Guardian:Incinerate","floor":19},{"not_picked":["Guardian:TemporalStrike","Guardian:Gem_Red"],"picked":"Guardian:Incinerate+1","floor":20},{"not_picked":["Guardian:Incinerate","Guardian:TemporalStrike"],"picked":"Guardian:CrystalBeam+1","floor":20},{"not_picked":["Guardian:WalkerClaw","Guardian:ChargeCore"],"picked":"Guardian:ShieldCharger","floor":22},{"not_picked":["Guardian:Emergency","Guardian:TemporalStrike"],"picked":"Guardian:Clone+1","floor":22},{"not_picked":["Guardian:Gem_Blue","Guardian:RefractedBeam+1"],"picked":"Guardian:VentSteam","floor":23},{"not_picked":["Guardian:Orbwalk","Guardian:ShieldCharger"],"picked":"Guardian:FuturePlans","floor":26},{"not_picked":["Guardian:Gem_Crimson","Guardian:StasisField"],"picked":"Guardian:DonusPower+1","floor":26},{"not_picked":["Guardian:FuturePlans","Guardian:PiercingHide"],"picked":"Guardian:ShieldCharger+1","floor":28},{"not_picked":["Guardian:Gem_Green","Guardian:DecasProtection"],"picked":"Guardian:ShieldSpikes","floor":29},{"not_picked":["Guardian:Gem_Red","Guardian:Clone"],"picked":"Guardian:Suspension","floor":29},{"not_picked":["Guardian:PolyBeam","Guardian:Gem_White"],"picked":"Guardian:Gem_Synthetic","floor":30},{"not_picked":["Guardian:BodySlam+1","Guardian:ShieldSpikes"],"picked":"Guardian:Gem_Red","floor":31},{"not_picked":["Guardian:PrismaticBarrier","Guardian:VentSteam"],"picked":"Guardian:TemporalStrike","floor":31},{"not_picked":["Guardian:Repulse","Guardian:Recover"],"picked":"Guardian:Gem_White","floor":32},{"not_picked":["Guardian:Planning","Guardian:Suspension","Guardian:TemporalStrike"],"picked":"SKIP","floor":32},{"not_picked":["Guardian:FastForward","Guardian:Gem_Synthetic"],"picked":"Guardian:RevengeProtocol","floor":33},{"not_picked":["Guardian:WalkerClaw","Guardian:Gem_Purple"],"picked":"Guardian:CrystalBeam","floor":36},{"not_picked":["Guardian:CrystalBeam","Guardian:Reroute+1"],"picked":"Guardian:PrismaticBeam","floor":36},{"not_picked":["Guardian:Incinerate+1","Guardian:Gem_Blue"],"picked":"Guardian:Gem_Crimson","floor":37},{"not_picked":["Guardian:Gem_Lightblue","Guardian:Harden"],"picked":"Guardian:PiercingHide+1","floor":37},{"not_picked":["Guardian:TemporalStrike","Guardian:CrystalBeam"],"picked":"Guardian:PrismaticBarrier","floor":38},{"not_picked":["Guardian:ShieldSpikes","Guardian:CrystalBeam+1"],"picked":"Guardian:PolyBeam","floor":38},{"not_picked":["Guardian:GemFinder","Guardian:BronzeOrb+1"],"picked":"Guardian:Repulse","floor":40},{"not_picked":["Guardian:TemporalStrike","Guardian:Recover+1"],"picked":"Guardian:Emergency","floor":40},{"not_picked":["Guardian:FloatingOrbs+1","Guardian:TemporalStrike+1"],"picked":"Guardian:Gem_Lightblue","floor":42},{"not_picked":["Guardian:FloatingOrbs+1","Guardian:Orbwalk"],"picked":"Guardian:Gem_Red","floor":42}],"player_experience":2203801,"relics_obtained":[{"floor":6,"key":"PreservedInsect"},{"floor":7,"key":"Oddly Smooth Stone"},{"floor":9,"key":"Prayer Wheel"},{"floor":12,"key":"Singing Bowl"},{"floor":23,"key":"Dream Catcher"},{"floor":24,"key":"Pantograph"},{"floor":28,"key":"Gambling Chip"}],"event_choices":[],"is_beta":false,"boss_relics":[{"not_picked":["Fusion Hammer","Astrolabe"],"picked":"Cursed Key"},{"not_picked":["Tiny House","bronze:MakeshiftBattery"],"picked":"Empty Cage"}],"items_purged_floors":[4],"is_endless":false,"potions_floor_spawned":[2,8,9,11,15,16,20,22,26,29,38,42],"killed_by":"Reptomancer","ascension_level":1}}