{"host":"y76clbnovzmw9ubx","time":1611624756,"event":{"mods":["AchievementEnabler","BaseMod","Minty Spire (QoL Compilation)","Permanent Neow","Relic Stats"],"gold_per_floor":[111,111,121,137,149,149,178,192,215,215,250,250,268,299,299,378,378,389,401,401,421,29,29,57,69,69,69,69,69],"floor_reached":28,"language":"ENG","playtime":1928,"items_purged":["Strike_G+1"],"score":520,"play_id":"a01f6552-6948-4b00-a77c-97ad6bcf5106","local_time":"20210125203236","is_ascension_mode":true,"campfire_choices":[{"floor":6,"key":"REST"},{"floor":10,"key":"REST"},{"data":"Cloak And Dagger","floor":12,"key":"SMITH"},{"data":"Deadly Poison","floor":15,"key":"SMITH"},{"data":"Night Terror","floor":23,"key":"SMITH"}],"circlet_count":0,"master_deck":["AscendersBane","Strike_G+1","Strike_G+1","Strike_G+1","Strike_G+1","Defend_G+1","Defend_G+1","Defend_G+1","Defend_G+1","Defend_G+1","Survivor","Neutralize+1","Poisoned Stab+1","Sucker Punch","Terror","Cloak And Dagger+1","Blade Dance","Escape Plan","Deadly Poison+1","Cloak And Dagger","Wraith Form v2","Blur","Footwork","Leg Sweep","Night Terror+1","Blade Dance","Acrobatics","Neutralize"],"relics":["Ring of the Snake","Boot","Blood Vial","Happy Flower","Strawberry","Omamori","Cursed Key","Bag of Preparation","MealTicket","Frozen Egg 2"],"acts_visited":["Exordium","TheCity"],"potions_floor_usage":[7,13,16,24],"damage_taken":[{"damage":7,"enemies":"Jaw Worm","floor":1,"turns":5},{"damage":7,"enemies":"Small Slimes","floor":3,"turns":5},{"damage":0,"enemies":"2 Louse","floor":4,"turns":2},{"damage":3,"enemies":"Red Slaver","floor":5,"turns":4},{"damage":12,"enemies":"Lagavulin","floor":7,"turns":7},{"damage":2,"enemies":"3 Louse","floor":8,"turns":4},{"damage":11,"enemies":"3 Sentries","floor":11,"turns":9},{"damage":3,"enemies":"Large Slime","floor":13,"turns":2},{"damage":2,"enemies":"Gremlin Nob","floor":14,"turns":3},{"damage":15,"enemies":"The Guardian","floor":16,"turns":10},{"damage":0,"enemies":"3 Byrds","floor":18,"turns":4},{"damage":16,"enemies":"Shell Parasite","floor":19,"turns":6},{"damage":2,"enemies":"Cultist and Chosen","floor":21,"turns":7},{"damage":9,"enemies":"Slavers","floor":24,"turns":7},{"damage":19,"enemies":"Sentry and Sphere","floor":25,"turns":7},{"damage":30,"enemies":"Chosen and Byrds","floor":28,"turns":5}],"seed_played":"486510436894688824","potions_obtained":[{"floor":4,"key":"Dexterity Potion"},{"floor":5,"key":"Weak Potion"},{"floor":8,"key":"AttackPotion"},{"floor":13,"key":"Energy Potion"},{"floor":21,"key":"SteroidPotion"}],"is_trial":false,"path_per_floor":["M","?","M","M","M","R","E","M","T","R","E","R","M","E","R","B",null,"M","M","?","M","$","R","E","M","T","?","M"],"character_chosen":"THE_SILENT","items_purchased":["Night Terror","Bag of Preparation"],"campfire_rested":2,"item_purchase_floors":[22,22],"current_hp_per_floor":[52,32,25,25,22,41,29,29,29,48,46,46,45,45,45,32,63,65,51,51,51,51,51,44,27,27,27,0,0],"gold":69,"neow_bonus":"RANDOM_COMMON_RELIC","is_daily":false,"chose_seed":false,"campfire_upgraded":3,"win_rate":0.0,"timestamp":1611624756,"path_taken":["M","?","M","M","M","R","E","M","T","R","E","R","M","E","R","BOSS","M","M","?","M","$","R","E","M","T","?","?"],"items_purchased_type":["Card","Relic"],"build_version":"2020-12-22","purchased_purges":1,"victory":false,"max_hp_per_floor":[66,66,66,66,66,66,66,66,66,66,73,73,73,73,73,73,73,73,73,73,73,73,73,73,73,73,73,73,73],"relic_stats":{"Blood Vial":22,"Happy Flower":[20],"counters":[16,87],"MealTicket":0,"Bag of Preparation":[6],"Boot":[120],"Cursed Key":1,"obtain_stats":[{"Blood Vial":7,"Happy Flower":9,"Strawberry":11,"MealTicket":24,"Omamori":14,"Bag of Preparation":22,"Frozen Egg 2":26,"Boot":0,"Cursed Key":17,"Ring of the Snake":0},{"Blood Vial":5,"Happy Flower":6,"Strawberry":7,"MealTicket":14,"Omamori":9,"Bag of Preparation":13,"Frozen Egg 2":15,"Boot":0,"Cursed Key":10,"Ring of the Snake":0},{"Blood Vial":23,"Happy Flower":27,"Strawberry":36,"MealTicket":75,"Omamori":41,"Bag of Preparation":68,"Frozen Egg 2":82,"Boot":0,"Cursed Key":51,"Ring of the Snake":0}],"Ring of the Snake":[32]},"card_choices":[{"not_picked":["Deflect","Acrobatics"],"picked":"Poisoned Stab","floor":1},{"not_picked":["Acrobatics","Calculated Gamble"],"picked":"Sucker Punch","floor":3},{"not_picked":["Outmaneuver","Tactician","Sucker Punch"],"picked":"SKIP","floor":4},{"not_picked":["Prepared","Backflip"],"picked":"Terror","floor":5},{"not_picked":["Night Terror","Dodge and Roll"],"picked":"Cloak And Dagger","floor":7},{"not_picked":["Outmaneuver","Dodge and Roll"],"picked":"Blade Dance","floor":8},{"not_picked":["Choke","Sucker Punch"],"picked":"Escape Plan","floor":11},{"not_picked":["Acrobatics","Slice"],"picked":"Deadly Poison","floor":13},{"not_picked":["Bullet Time","Deflect"],"picked":"Cloak And Dagger","floor":14},{"not_picked":["Glass Knife","Grand Finale"],"picked":"Wraith Form v2","floor":16},{"not_picked":["Terror","Cloak And Dagger"],"picked":"Blur","floor":18},{"not_picked":["Deflect","Poisoned Stab"],"picked":"Footwork","floor":19},{"not_picked":["Dagger Spray","Deadly Poison"],"picked":"Leg Sweep","floor":21},{"not_picked":["Masterful Stab","Prepared"],"picked":"Blade Dance","floor":24},{"not_picked":["Sucker Punch","Blade Dance"],"picked":"Acrobatics","floor":25}],"player_experience":3130054,"relics_obtained":[{"floor":7,"key":"Blood Vial"},{"floor":9,"key":"Happy Flower"},{"floor":11,"key":"Strawberry"},{"floor":14,"key":"Omamori"},{"floor":24,"key":"MealTicket"},{"floor":26,"key":"Frozen Egg 2"}],"event_choices":[{"damage_healed":0,"gold_gain":0,"player_choice":"Entered Light","damage_taken":20,"max_hp_gain":0,"max_hp_loss":0,"event_name":"Shining Light","floor":2,"gold_loss":0,"cards_upgraded":["Poisoned Stab","Neutralize"]},{"damage_healed":0,"gold_gain":0,"player_choice":"Simplicity","damage_taken":0,"max_hp_gain":0,"max_hp_loss":0,"event_name":"Back to Basics","floor":20,"gold_loss":0,"cards_upgraded":["Strike_G","Strike_G","Strike_G","Strike_G","Strike_G","Defend_G","Defend_G","Defend_G","Defend_G","Defend_G"]},{"damage_healed":0,"gold_gain":0,"player_choice":"1 cards matched","damage_taken":0,"max_hp_gain":0,"max_hp_loss":0,"event_name":"Match and Keep!","floor":27,"gold_loss":0,"cards_obtained":["Neutralize"]}],"is_beta":false,"boss_relics":[{"not_picked":["Pandora\u0027s Box","Runic Pyramid"],"picked":"Cursed Key"}],"items_purged_floors":[22],"is_endless":false,"potions_floor_spawned":[4,5,8,13,14,21],"killed_by":"Chosen and Byrds","ascension_level":20}}