{"host":"utkjxzfynr8j9mxq","time":1611673556,"event":{"mods":["AchievementEnabler","BaseMod","Colored Map","Easy Mode","Minty Spire (QoL Compilation)","Permanent Neow","StSLib","SuperFastMode"],"gold_per_floor":[13,23,37,37,47,7,82,115,115,115,130,144,144,176,176,280,280,292,54,54,64,78,78,107,126,201,231,231,231,247,281,281,381,381,401,421,192,212,312,312,326,360,360,374,399,399,111,130,130,130],"floor_reached":51,"language":"KOR","playtime":5881,"items_purged":["Defend_G","Defend_G"],"score":779,"play_id":"54e5d3d4-0b5c-489f-b02b-cc7986bb6db0","local_time":"20210127000556","is_ascension_mode":false,"campfire_choices":[{"data":"Catalyst","floor":10,"key":"SMITH"},{"data":"Noxious Fumes","floor":13,"key":"SMITH"},{"data":"Deadly Poison","floor":15,"key":"SMITH"},{"data":"Footwork","floor":23,"key":"SMITH"},{"data":"Malaise","floor":28,"key":"SMITH"},{"data":"PiercingWail","floor":32,"key":"SMITH"},{"data":"Adrenaline","floor":40,"key":"SMITH"},{"data":"Crippling Poison","floor":46,"key":"SMITH"},{"data":"Bouncing Flask","floor":49,"key":"SMITH"}],"circlet_count":0,"master_deck":["Defend_G","Defend_G","Survivor","Neutralize+1","Bouncing Flask+1","Deadly Poison+1","Poisoned Stab+1","Backstab","Noxious Fumes+1","Catalyst+1","Dagger Spray+1","PiercingWail+1","Masterful Stab+1","Die Die Die+1","CurseOfTheBell","Predator+1","Bite+1","Bite+1","Bite+1","Bite+1","Bite+1","Predator+1","Footwork+1","Malaise+1","Backflip+1","Tactician+1","Deflect+1","PiercingWail+1","Adrenaline+1","Bane+1","Crippling Poison+1","Bane+1","Well Laid Plans+1","Bane+1"],"relics":["Ring of the Snake","Lizard Tail","Molten Egg 2","Letter Opener","Calling Bell","Bag of Marbles","Mercury Hourglass","Bird Faced Urn","Matryoshka","Blood Vial","Juzu Bracelet","InkBottle","Bronze Scales","Omamori","Coffee Dripper","TwistedFunnel","Dream Catcher","Whetstone","Bottled Flame","Unceasing Top","Toolbox"],"acts_visited":["Exordium","TheCity","TheBeyond"],"potions_floor_usage":[4,8,27,33,50],"damage_taken":[{"damage":0,"enemies":"Small Slimes","floor":1,"turns":3},{"damage":0,"enemies":"Cultist","floor":2,"turns":4},{"damage":3,"enemies":"Jaw Worm","floor":3,"turns":4},{"damage":0,"enemies":"2 Fungi Beasts","floor":5,"turns":4},{"damage":16,"enemies":"3 Sentries","floor":8,"turns":7},{"damage":14,"enemies":"3 Louse","floor":11,"turns":3},{"damage":8,"enemies":"Red Slaver","floor":12,"turns":2},{"damage":21,"enemies":"Lagavulin","floor":14,"turns":4},{"damage":37,"enemies":"Slime Boss","floor":16,"turns":9},{"damage":8,"enemies":"2 Thieves","floor":18,"turns":3},{"damage":22,"enemies":"Shell Parasite","floor":21,"turns":3},{"damage":17,"enemies":"Centurion and Healer","floor":22,"turns":3},{"damage":31,"enemies":"Gremlin Leader","floor":24,"turns":5},{"damage":0,"enemies":"Snake Plant","floor":25,"turns":2},{"damage":13,"enemies":"Book of Stabbing","floor":27,"turns":5},{"damage":12,"enemies":"3 Cultists","floor":30,"turns":3},{"damage":7,"enemies":"Slavers","floor":31,"turns":3},{"damage":44,"enemies":"Champ","floor":33,"turns":12},{"damage":0,"enemies":"3 Darklings","floor":35,"turns":2},{"damage":6,"enemies":"3 Shapes","floor":36,"turns":3},{"damage":17,"enemies":"Spire Growth","floor":38,"turns":4},{"damage":4,"enemies":"3 Darklings","floor":41,"turns":2},{"damage":22,"enemies":"Giant Head","floor":42,"turns":8},{"damage":2,"enemies":"Sphere and 2 Shapes","floor":44,"turns":3},{"damage":0,"enemies":"Nemesis","floor":45,"turns":3},{"damage":7,"enemies":"4 Shapes","floor":48,"turns":3},{"damage":30,"enemies":"Time Eater","floor":50,"turns":11}],"seed_played":"1908869210132458490","potions_obtained":[{"floor":1,"key":"ColorlessPotion"},{"floor":3,"key":"DistilledChaos"},{"floor":4,"key":"Fruit Juice"},{"floor":4,"key":"Block Potion"},{"floor":12,"key":"BlessingOfTheForge"},{"floor":22,"key":"Weak Potion"},{"floor":27,"key":"CunningPotion"},{"floor":33,"key":"DistilledChaos"},{"floor":48,"key":"Poison Potion"}],"is_trial":false,"path_per_floor":["M","M","M","?","M","$","?","E","T","R","M","M","R","E","R","B",null,"M","$","?","M","M","R","E","M","T","E","R","?","M","E","R","B",null,"M","M","$","M","?","R","M","E","T","M","E","R","$","M","R","B",null],"character_chosen":"THE_SILENT","items_purchased":["Noxious Fumes","Matryoshka","TwistedFunnel","Bane+1","Toolbox"],"campfire_rested":0,"item_purchase_floors":[6,19,37,47,47],"current_hp_per_floor":[84,84,81,86,89,89,89,73,73,73,75,81,81,68,68,52,89,81,81,62,49,54,54,41,62,62,59,59,59,52,55,55,30,62,62,61,61,46,46,46,58,53,53,62,62,62,62,57,57,42],"gold":130,"neow_bonus":"TWENTY_PERCENT_HP_BONUS","is_daily":false,"chose_seed":false,"campfire_upgraded":9,"win_rate":0.0,"timestamp":1611673556,"path_taken":["M","M","M","?","M","?","?","E","T","R","M","?","R","E","R","BOSS","M","$","?","M","M","R","E","M","T","E","R","?","M","E","R","BOSS","M","M","$","M","?","R","M","E","T","M","E","R","$","M","R","BOSS"],"items_purchased_type":["Card","Relic","Relic","Card","Relic"],"build_version":"2020-12-22","purchased_purges":2,"victory":true,"max_hp_per_floor":[84,84,84,89,89,89,89,89,89,89,89,89,89,89,89,89,89,89,89,62,62,62,62,62,62,62,62,62,62,62,62,62,62,62,62,62,62,62,62,62,62,62,62,62,62,62,62,62,62,62],"card_choices":[{"not_picked":["Choke","Dodge and Roll"],"picked":"Bouncing Flask","floor":1},{"not_picked":["Riddle With Holes","Underhanded Strike"],"picked":"Deadly Poison","floor":2},{"not_picked":["Blade Dance","Backflip"],"picked":"Poisoned Stab","floor":3},{"not_picked":["Flechettes","Backflip"],"picked":"Backstab","floor":5},{"not_picked":["Glass Knife","Blade Dance"],"picked":"Catalyst","floor":8},{"not_picked":["Underhanded Strike+1","Blur"],"picked":"Dagger Spray+1","floor":11},{"not_picked":["Blade Dance","Noxious Fumes"],"picked":"PiercingWail","floor":12},{"not_picked":["Slice+1","Envenom"],"picked":"Masterful Stab+1","floor":14},{"not_picked":["Malaise","Envenom"],"picked":"Die Die Die+1","floor":16},{"not_picked":["Quick Slash+1","Tactician+1"],"picked":"Predator+1","floor":18},{"not_picked":["Deflect","Dagger Spray+1"],"picked":"Predator+1","floor":21},{"not_picked":["Acrobatics","Deflect"],"picked":"Footwork","floor":22},{"not_picked":["Dagger Spray+1","Flying Knee+1"],"picked":"Malaise","floor":24},{"not_picked":["Escape Plan","Bouncing Flask"],"picked":"Backflip+1","floor":25},{"not_picked":["Skewer+1","Endless Agony+1"],"picked":"Tactician+1","floor":27},{"not_picked":["Poisoned Stab+1","Eviscerate+1"],"picked":"Deflect+1","floor":30},{"not_picked":["Acrobatics","Poisoned Stab+1"],"picked":"PiercingWail+1","floor":31},{"not_picked":["Wraith Form v2","Night Terror"],"picked":"Adrenaline","floor":33},{"not_picked":["Caltrops+1","Blade Dance+1"],"picked":"Bane+1","floor":35},{"not_picked":["Underhanded Strike+1","Prepared+1"],"picked":"Crippling Poison","floor":36},{"not_picked":["Acrobatics+1","Phantasmal Killer","Underhanded Strike+1"],"picked":"SKIP","floor":38},{"not_picked":["Flying Knee+1","Distraction+1","Bouncing Flask"],"picked":"SKIP","floor":41},{"not_picked":["Dodge and Roll","Skewer+1"],"picked":"Bane+1","floor":42},{"not_picked":["Sucker Punch+1","Flying Knee+1","Masterful Stab+1"],"picked":"SKIP","floor":44},{"not_picked":["Blur+1","Flechettes+1"],"picked":"Well Laid Plans+1","floor":45},{"not_picked":["Flechettes+1","Masterful Stab+1","Slice+1"],"picked":"SKIP","floor":48}],"player_experience":27593,"relics_obtained":[{"floor":8,"key":"Lizard Tail"},{"floor":9,"key":"Molten Egg 2"},{"floor":14,"key":"Letter Opener"},{"floor":17,"key":"Bag of Marbles"},{"floor":17,"key":"Mercury Hourglass"},{"floor":17,"key":"Bird Faced Urn"},{"floor":24,"key":"Blood Vial"},{"floor":26,"key":"Juzu Bracelet"},{"floor":26,"key":"InkBottle"},{"floor":27,"key":"Bronze Scales"},{"floor":31,"key":"Omamori"},{"floor":42,"key":"Dream Catcher"},{"floor":43,"key":"Whetstone"},{"floor":43,"key":"Bottled Flame"},{"floor":45,"key":"Unceasing Top"}],"event_choices":[{"damage_healed":0,"gold_gain":0,"player_choice":"Got Potions","damage_taken":0,"max_hp_gain":0,"max_hp_loss":0,"event_name":"Lab","floor":4,"gold_loss":0},{"damage_healed":0,"gold_gain":75,"player_choice":"Gained Gold","damage_taken":0,"max_hp_gain":0,"max_hp_loss":0,"event_name":"Golden Wing","floor":7,"gold_loss":0},{"damage_healed":0,"gold_gain":0,"player_choice":"Became a vampire","damage_taken":0,"max_hp_gain":0,"max_hp_loss":27,"event_name":"Vampires","floor":20,"gold_loss":0,"cards_obtained":["Bite","Bite","Bite","Bite","Bite"]},{"cards_removed":["Defend_G"],"damage_healed":0,"gold_gain":0,"player_choice":"Elegance","damage_taken":0,"max_hp_gain":0,"max_hp_loss":0,"event_name":"Back to Basics","floor":29,"gold_loss":0},{"damage_healed":0,"gold_gain":100,"player_choice":"Pray","damage_taken":0,"max_hp_gain":0,"max_hp_loss":0,"event_name":"Golden Shrine","floor":39,"gold_loss":0}],"is_beta":false,"boss_relics":[{"not_picked":["Snecko Eye","Ring of the Serpent"],"picked":"Calling Bell"},{"not_picked":["Sozu","SlaversCollar"],"picked":"Coffee Dripper"}],"items_purged_floors":[37,47],"is_endless":false,"potions_floor_spawned":[1,3,12,16,18,22,27,30,33,35,36,41,45,48],"ascension_level":0}}