{"host":"qy6st0zp32tctd9l","time":1611656059,"event":{"mods":["BaseMod","Colored Map","Downfall","GifTheSpireLib","Hermit","Marisa£®ÏF”Í°°ƒß¿Ì…≥£©","Minty Spire (QoL Compilation)","Remilia£®¿Ÿ√◊¿Ú—«£©","StSLib","The Cursed","The Servant 0.9.4","UnlockEverythingMod"],"gold_per_floor":[110,35,35,35,50,75,75,108,108,123,198,198,213,247,247,247,247],"floor_reached":16,"language":"ZHS","playtime":483,"items_purged":["Strike_S"],"score":159,"play_id":"7dc3fa37-8279-4ea4-ad66-eb22934b0304","local_time":"20210126181419","is_ascension_mode":true,"campfire_choices":[{"data":"1","floor":7.0,"key":"LIFT"},{"floor":12.0,"key":"REST"},{"floor":15,"key":"REST"}],"circlet_count":0,"master_deck":["Strike_S","Strike_S","Strike_S","Defend_S","Defend_S","Defend_S","Defend_S+1","KidneyShot+1","Exchange","Potential","Spin","Misdirection","Rearm+1","Duplication+1","TimeTheft+1"],"relics":["Uniform","Mango","Girya","Unceasing Top","Toxic Egg 2"],"acts_visited":["Exordium"],"potions_floor_usage":[],"damage_taken":[{"damage":7.0,"enemies":"2 Louse","floor":1.0,"turns":3.0},{"damage":5.0,"enemies":"Small Slimes","floor":5.0,"turns":4.0},{"damage":15.0,"enemies":"Gremlin Nob","floor":6.0,"turns":4.0},{"damage":20.0,"enemies":"Lagavulin","floor":8.0,"turns":7.0},{"damage":0.0,"enemies":"Cultist","floor":10.0,"turns":3.0},{"damage":9.0,"enemies":"Exordium Thugs","floor":13.0,"turns":4.0},{"damage":20.0,"enemies":"3 Sentries","floor":14.0,"turns":9.0},{"damage":27,"enemies":"The Guardian","floor":16,"turns":5}],"seed_played":"6110633550414502396","potions_obtained":[{"floor":6.0,"key":"Energy Potion"},{"floor":8.0,"key":"Block Potion"},{"floor":13.0,"key":"Dexterity Potion"}],"is_trial":false,"path_per_floor":["M","$","?","?","M","E","R","E","T","M","?","R","M","E","R","B"],"character_chosen":"THE_SERVANT","items_purchased":[],"campfire_rested":2,"item_purchase_floors":[],"current_hp_per_floor":[51,51,35,61,56,41,41,21,21,21,14,37,28,8,31,4,4],"gold":247,"neow_bonus":"ONE_RARE_RELIC","is_daily":false,"chose_seed":false,"campfire_upgraded":0,"win_rate":0.0,"timestamp":1611656059,"path_taken":["M","$","?","?","M","E","R","E","T","M","?","R","M","E","R","BOSS"],"items_purchased_type":[],"build_version":"2020-12-22","purchased_purges":1,"victory":false,"max_hp_per_floor":[79,79,79,79,79,79,79,79,79,79,79,79,79,79,79,79,79],"card_choices":[{"not_picked":["Alleviate","Luminosity"],"picked":"Potential","floor":1.0},{"not_picked":["DoubleEdge","Desolation"],"picked":"Spin","floor":5.0},{"not_picked":["FastForward","Deadline"],"picked":"Misdirection","floor":6.0},{"not_picked":["ShatteredReality","ReturningBlade","Spin"],"picked":"SKIP","floor":8.0},{"not_picked":["DoubleEdge","ShatteredReality"],"picked":"Rearm+1","floor":10.0},{"not_picked":["TimeWarp","Comet"],"picked":"Duplication+1","floor":13.0},{"not_picked":["Revamp+1","RealityMarble"],"picked":"TimeTheft+1","floor":14}],"player_experience":185481,"relics_obtained":[{"floor":6.0,"key":"Girya"},{"floor":8.0,"key":"Unceasing Top"},{"floor":9.0,"key":"Toxic Egg 2"}],"event_choices":[{"damage_healed":0.0,"max_hp_gain":0.0,"max_hp_loss":0.0,"gold_gain":0.0,"event_name":"Shining Light","player_choice":"Entered Light","floor":3.0,"gold_loss":0.0,"damage_taken":16.0,"cards_upgraded":["Defend_S","KidneyShot"]},{"damage_healed":26.0,"max_hp_gain":0.0,"max_hp_loss":0.0,"gold_gain":0.0,"event_name":"Big Fish","player_choice":"Banana","floor":4.0,"gold_loss":0.0,"damage_taken":0.0},{"damage_healed":0.0,"max_hp_gain":0.0,"max_hp_loss":0.0,"gold_gain":75.0,"event_name":"FaceTrader","player_choice":"Touch","floor":11.0,"gold_loss":0.0,"damage_taken":7.0}],"is_beta":false,"boss_relics":[],"items_purged_floors":[2],"is_endless":false,"potions_floor_spawned":[6,8,13],"killed_by":"The Guardian","ascension_level":7}}