{"host":"sc0o2qwpf9j16a4i","time":1611672568,"event":{"mods":["AchievementEnabler","BaseMod","BetterRewards","Block Reminder","Colored Map","Colored Powertips","Custom Start","Highlight Path","Minty Spire (QoL Compilation)","Relic Stats"],"gold_per_floor":[110,70,82,100,120,120,182,182,182,209,15,70,95,114,114,211,211,231,9,26,35,47,47,82,82,91,131,131,175,197,206,206,313,313,332,341,361,380,5,37,63,98,162,206,238,261,294,349,361,373],"floor_reached":51,"language":"ENG","playtime":2675,"items_purged":["Writhe"],"score":1162,"play_id":"5c49f275-644b-4231-ac7f-ad0876900b5a","local_time":"20210126164928","daily_mods":["SealedDeck","Blue Cards","Terminal"],"is_ascension_mode":false,"campfire_choices":[{"data":"Go for the Eyes","floor":6,"key":"SMITH"},{"data":"Noxious Fumes","floor":15,"key":"SMITH"},{"data":"Defragment","floor":23,"key":"SMITH"},{"data":"Defragment","floor":25,"key":"SMITH"},{"data":"Loop","floor":28,"key":"SMITH"},{"data":"Hologram","floor":32,"key":"SMITH"},{"data":"Fission","floor":49,"key":"SMITH"}],"circlet_count":0,"master_deck":["Auto Shields","Doom and Gloom","Predator","Loop+1","Leap","Self Repair","Cold Snap","Skewer+1","FTL","Go for the Eyes+1","Defragment+1","Conserve Battery","Dagger Throw","Noxious Fumes+1","Hologram+1","Defragment+1","Heatsinks","Loop","Cold Snap+1","Writhe","Leg Sweep","PiercingWail","Backflip+1","Skim","Biased Cognition","Compile Driver+1","Corpse Explosion","PiercingWail","Capacitor+1","Coolheaded+1","Shame","Parasite","Fission+1","Undo+1"],"relics":["Ring of the Snake","Gremlin Horn","White Beast Statue","Potion Belt","Centennial Puzzle","Bag of Marbles","Mercury Hourglass","Cursed Key","DollysMirror","CeramicFish","Orichalcum","Darkstone Periapt","Akabeko","Regal Pillow","Coffee Dripper","Snake Skull","Bronze Scales","Shovel","Smiling Mask","MawBank","PreservedInsect","Nunchaku"],"acts_visited":["Exordium","TheCity","TheBeyond"],"potions_floor_usage":[7,10,16,16,18,20,27,27,27,30,33,33,33,41,42,47,47,50,50,50,50],"damage_taken":[{"damage":0,"enemies":"Small Slimes","floor":1,"turns":3},{"damage":0,"enemies":"Jaw Worm","floor":3,"turns":3},{"damage":0,"enemies":"Cultist","floor":4,"turns":2},{"damage":0,"enemies":"Exordium Thugs","floor":5,"turns":4},{"damage":0,"enemies":"3 Sentries","floor":7,"turns":5},{"damage":0,"enemies":"Gremlin Nob","floor":10,"turns":3},{"damage":0,"enemies":"3 Sentries","floor":13,"turns":5},{"damage":0,"enemies":"3 Louse","floor":14,"turns":1},{"damage":0,"enemies":"Hexaghost","floor":16,"turns":7},{"damage":0,"enemies":"3 Byrds","floor":18,"turns":3},{"damage":0,"enemies":"2 Thieves","floor":20,"turns":2},{"damage":3,"enemies":"Snake Plant","floor":22,"turns":4},{"damage":0,"enemies":"Gremlin Leader","floor":24,"turns":4},{"damage":0,"enemies":"Slavers","floor":27,"turns":3},{"damage":0,"enemies":"Gremlin Leader","floor":29,"turns":6},{"damage":2,"enemies":"Centurion and Healer","floor":30,"turns":5},{"damage":3,"enemies":"Champ","floor":33,"turns":8},{"damage":0,"enemies":"3 Darklings","floor":35,"turns":3},{"damage":0,"enemies":"3 Shapes","floor":37,"turns":4},{"damage":0,"enemies":"Maw","floor":38,"turns":9},{"damage":7,"enemies":"Giant Head","floor":40,"turns":11},{"damage":0,"enemies":"Jaw Worm Horde","floor":41,"turns":1},{"damage":0,"enemies":"Reptomancer","floor":42,"turns":5},{"damage":10,"enemies":"Nemesis","floor":44,"turns":9},{"damage":0,"enemies":"Writhing Mass","floor":45,"turns":6},{"damage":0,"enemies":"Transient","floor":46,"turns":5},{"damage":0,"enemies":"Maw","floor":47,"turns":6},{"damage":0,"enemies":"Giant Head","floor":48,"turns":8},{"damage":0,"enemies":"Awakened One","floor":50,"turns":17}],"seed_played":"3812809586342735888","potions_obtained":[{"floor":2,"key":"DuplicationPotion"},{"floor":2,"key":"FairyPotion"},{"floor":2,"key":"LiquidBronze"},{"floor":4,"key":"Block Potion"},{"floor":10,"key":"Weak Potion"},{"floor":13,"key":"LiquidMemories"},{"floor":14,"key":"SmokeBomb"},{"floor":16,"key":"Fire Potion"},{"floor":18,"key":"CunningPotion"},{"floor":20,"key":"CultistPotion"},{"floor":22,"key":"Fire Potion"},{"floor":24,"key":"AttackPotion"},{"floor":27,"key":"Fruit Juice"},{"floor":29,"key":"Strength Potion"},{"floor":30,"key":"SkillPotion"},{"floor":33,"key":"Explosive Potion"},{"floor":35,"key":"Poison Potion"},{"floor":37,"key":"BlessingOfTheForge"},{"floor":38,"key":"Fire Potion"},{"floor":40,"key":"DuplicationPotion"},{"floor":41,"key":"CultistPotion"},{"floor":42,"key":"Explosive Potion"},{"floor":45,"key":"LiquidMemories"},{"floor":47,"key":"Swift Potion"},{"floor":48,"key":"EssenceOfSteel"}],"is_trial":true,"path_per_floor":["M","?","M","M","M","R","?","?","T","E","$","T","E","M","R","B",null,"M","$","M","?","M","R","E","R","T","E","R","E","M","?","R","B",null,"M","?","M","M","$","E","M","E","T","E","M","M","M","E","R","B",null],"character_chosen":"THE_SILENT","items_purchased":["Noxious Fumes","Centennial Puzzle","DollysMirror","Heatsinks","Snake Skull","Bronze Scales"],"campfire_rested":0,"item_purchase_floors":[11,11,19,19,39,39],"current_hp_per_floor":[68,67,66,65,64,63,62,61,60,59,58,57,56,55,54,53,52,51,50,49,48,47,46,45,44,43,47,46,45,44,43,42,41,40,39,38,37,36,35,34,33,32,37,34,41,40,39,38,37,36],"gold":385,"neow_bonus":"","is_daily":false,"chose_seed":false,"campfire_upgraded":7,"win_rate":0.0,"timestamp":1611672568,"path_taken":["M","?","M","?","M","R","?","?","T","E","$","?","E","M","R","BOSS","M","$","M","?","M","R","E","R","T","E","R","E","M","?","R","BOSS","M","?","M","?","?","E","M","E","T","E","?","M","M","E","R","BOSS"],"items_purchased_type":["Card","Relic","Relic","Card","Relic","Relic"],"build_version":"2020-12-22","purchased_purges":1,"victory":true,"max_hp_per_floor":[68,67,66,65,64,63,62,61,60,59,58,57,56,55,54,53,52,51,50,49,48,47,46,45,44,43,47,46,45,44,43,42,41,40,39,38,37,36,35,34,33,32,37,36,41,40,39,38,37,36],"relic_stats":{"Darkstone Periapt":12,"Regal Pillow":0,"Gremlin Horn":[28,28],"counters":[29,152],"CeramicFish":153,"Snake Skull":[53],"PreservedInsect":125,"Orichalcum":[42],"Cursed Key":2,"Smiling Mask":0,"MawBank":96,"Mercury Hourglass":[474],"Centennial Puzzle":[15],"Nunchaku":[2],"Shovel":0,"Bronze Scales":[195],"obtain_stats":[{"Potion Belt":10,"Darkstone Periapt":26,"Regal Pillow":29,"Gremlin Horn":7,"CeramicFish":21,"Snake Skull":39,"PreservedInsect":44,"Orichalcum":24,"Cursed Key":17,"Smiling Mask":42,"MawBank":43,"White Beast Statue":9,"Akabeko":27,"Mercury Hourglass":13,"Centennial Puzzle":11,"Nunchaku":48,"Shovel":40,"DollysMirror":19,"Bronze Scales":39,"Bag of Marbles":12,"Coffee Dripper":34,"Ring of the Snake":0},{"Potion Belt":6,"Darkstone Periapt":13,"Regal Pillow":15,"Gremlin Horn":5,"CeramicFish":11,"Snake Skull":20,"PreservedInsect":24,"Orichalcum":13,"Cursed Key":9,"Smiling Mask":23,"MawBank":23,"White Beast Statue":5,"Akabeko":14,"Mercury Hourglass":7,"Centennial Puzzle":6,"Nunchaku":28,"Shovel":21,"DollysMirror":10,"Bronze Scales":20,"Bag of Marbles":6,"Coffee Dripper":17,"Ring of the Snake":0},{"Potion Belt":20,"Darkstone Periapt":46,"Regal Pillow":55,"Gremlin Horn":17,"CeramicFish":38,"Snake Skull":84,"PreservedInsect":110,"Orichalcum":46,"Cursed Key":33,"Smiling Mask":101,"MawBank":101,"White Beast Statue":17,"Akabeko":49,"Mercury Hourglass":25,"Centennial Puzzle":20,"Nunchaku":135,"Shovel":95,"DollysMirror":36,"Bronze Scales":84,"Bag of Marbles":20,"Coffee Dripper":68,"Ring of the Snake":0}],"Ring of the Snake":[58]},"card_choices":[{"not_picked":["Scrape","Slice"],"picked":"Defragment","floor":1},{"not_picked":["Sucker Punch","Compile Driver","Hologram"],"picked":"SKIP","floor":3},{"not_picked":["Wraith Form v2","Poisoned Stab"],"picked":"Conserve Battery","floor":4},{"not_picked":["Stack","Reinforced Body","Recycle"],"picked":"SKIP","floor":5},{"not_picked":["Go for the Eyes","Double Energy"],"picked":"Tempest","floor":7},{"not_picked":["Rebound","Reprogram"],"picked":"Dagger Throw","floor":10},{"not_picked":["Go for the Eyes","Conserve Battery"],"picked":"Hologram","floor":13},{"not_picked":["Auto Shields","Reflex","Sweeping Beam"],"picked":"SKIP","floor":14},{"not_picked":["Underhanded Strike+1","Turbo+1","Bane"],"picked":"SKIP","floor":18},{"not_picked":["Sunder","Doom and Gloom+1"],"picked":"Loop","floor":20},{"not_picked":["Sucker Punch","Auto Shields","Dagger Spray"],"picked":"SKIP","floor":22},{"not_picked":["Flying Knee","Steam Power"],"picked":"Cold Snap+1","floor":24},{"not_picked":["Compile Driver","Defragment"],"picked":"Leg Sweep","floor":27},{"not_picked":["Beam Cell+1","Lockon+1"],"picked":"PiercingWail","floor":29},{"not_picked":["Dodge and Roll+1","All For One"],"picked":"Backflip+1","floor":30},{"not_picked":["Reboot","Venomology"],"picked":"Biased Cognition","floor":33},{"not_picked":["Sucker Punch","Backflip+1"],"picked":"Compile Driver+1","floor":35},{"not_picked":["Poisoned Stab+1","Reprogram+1","Bane"],"picked":"SKIP","floor":37},{"not_picked":["Lockon","Blizzard+1"],"picked":"PiercingWail","floor":38},{"not_picked":["Scrape","Storm","Riddle With Holes"],"picked":"SKIP","floor":40},{"not_picked":["Terror","Beam Cell+1"],"picked":"Capacitor+1","floor":41},{"not_picked":["Conserve Battery+1","Quick Slash"],"picked":"Coolheaded+1","floor":42},{"not_picked":["Redo","Finisher","A Thousand Cuts"],"picked":"SKIP","floor":44},{"not_picked":["Poisoned Stab+1","Sunder","Flying Knee+1"],"picked":"SKIP","floor":45},{"not_picked":["Leg Sweep","Deflect","Leap+1"],"picked":"SKIP","floor":46},{"not_picked":["Deflect+1","Sweeping Beam+1"],"picked":"Fission","floor":47},{"not_picked":["Dash","Cold Snap"],"picked":"Undo+1","floor":48}],"player_experience":979072,"relics_obtained":[{"floor":7,"key":"Gremlin Horn"},{"floor":9,"key":"White Beast Statue"},{"floor":10,"key":"Potion Belt"},{"floor":12,"key":"Bag of Marbles"},{"floor":13,"key":"Mercury Hourglass"},{"floor":24,"key":"Orichalcum"},{"floor":26,"key":"Darkstone Periapt"},{"floor":27,"key":"Akabeko"},{"floor":29,"key":"Regal Pillow"},{"floor":40,"key":"Shovel"},{"floor":42,"key":"Smiling Mask"},{"floor":43,"key":"MawBank"},{"floor":44,"key":"PreservedInsect"},{"floor":48,"key":"Nunchaku"}],"event_choices":[{"damage_healed":0,"gold_gain":0,"player_choice":"Bought 3 Potions","damage_taken":0,"max_hp_gain":0,"max_hp_loss":0,"event_name":"The Woman in Blue","floor":2,"gold_loss":0},{"damage_healed":0,"gold_gain":0,"player_choice":"Searched \u00272\u0027 times","damage_taken":0,"max_hp_gain":0,"max_hp_loss":0,"event_name":"Dead Adventurer","floor":7,"gold_loss":0},{"damage_healed":0,"gold_gain":0,"player_choice":"Grow","damage_taken":0,"max_hp_gain":0,"max_hp_loss":0,"event_name":"Living Wall","floor":8,"gold_loss":0,"cards_upgraded":["Skewer"]},{"damage_healed":0,"gold_gain":0,"player_choice":"Opened","damage_taken":0,"relics_obtained":["CeramicFish"],"max_hp_gain":0,"max_hp_loss":0,"event_name":"The Mausoleum","floor":21,"gold_loss":0,"cards_obtained":["Writhe"]},{"damage_healed":0,"gold_gain":0,"player_choice":"Read","damage_taken":0,"max_hp_gain":0,"max_hp_loss":0,"event_name":"The Library","floor":31,"gold_loss":0,"cards_obtained":["Skim"]},{"damage_healed":0,"gold_gain":0,"cards_transformed":["Tempest"],"player_choice":"Transformed","damage_taken":0,"max_hp_gain":0,"max_hp_loss":0,"event_name":"Transmorgrifier","floor":36,"gold_loss":0,"cards_obtained":["Corpse Explosion"]}],"is_beta":false,"boss_relics":[{"not_picked":["Fusion Hammer","Ectoplasm"],"picked":"Cursed Key"},{"not_picked":["Sozu","Velvet Choker"],"picked":"Coffee Dripper"}],"items_purged_floors":[39],"is_endless":false,"potions_floor_spawned":[4,5,10,13,14,16,18,20,22,24,27,29,30,33,35,37,38,40,41,42,44,45,46,47,48],"ascension_level":0}}