{"host":"wwo1kwxjf4eyz37q","time":1611679387,"event":{"mods":["AchievementEnabler","BaseMod","Colored Map","Minty Spire (QoL Compilation)","Quick Restart","SuperFastMode"],"gold_per_floor":[115,115,40,215,215,215,54,84,111,111,111,146,162,181,181,281,281,296,296,309,324,58,58,88,88,88,88,88,115,131,158,158,158,158],"floor_reached":33,"language":"KOR","playtime":1215,"items_purged":["Strike_B","Doubt"],"score":521,"play_id":"0ec1150f-6cb1-4650-a257-1f210924f7ec","local_time":"20210127014307","is_ascension_mode":true,"campfire_choices":[{"data":"Zap","floor":6.0,"key":"SMITH"},{"data":"Dualcast","floor":11.0,"key":"SMITH"},{"data":"Defragment","floor":15.0,"key":"SMITH"},{"data":"Storm","floor":23.0,"key":"SMITH"},{"data":"Chill","floor":25.0,"key":"SMITH"},{"data":"Coolheaded","floor":27.0,"key":"SMITH"},{"floor":32.0,"key":"REST"}],"circlet_count":0,"master_deck":["Strike_B","Strike_B","Strike_B","Defend_B","Defend_B","Defend_B","Defend_B","Zap+1","Dualcast+1","Barrage","Defragment+1","Storm+1","Coolheaded+1","Coolheaded+1","Conserve Battery","Biased Cognition+1","Chill+1","Defragment+1","Core Surge","Glacier+1","Ball Lightning","Coolheaded+1"],"relics":["Cracked Core","NeowsBlessing","The Courier","DataDisk","Bag of Marbles","TungstenRod","Frozen Egg 2","Runic Pyramid","Orrery","White Beast Statue","Bottled Lightning","Centennial Puzzle","Pocketwatch"],"acts_visited":["Exordium","TheCity"],"potions_floor_usage":[33],"damage_taken":[{"damage":0.0,"enemies":"Small Slimes","floor":1.0,"turns":1.0},{"damage":0.0,"enemies":"Gremlin Nob","floor":8.0,"turns":1.0},{"damage":0.0,"enemies":"Lagavulin","floor":12.0,"turns":1.0},{"damage":3.0,"enemies":"Jaw Worm","floor":13.0,"turns":3.0},{"damage":0.0,"enemies":"2 Louse","floor":14.0,"turns":2.0},{"damage":13.0,"enemies":"Slime Boss","floor":16.0,"turns":11.0},{"damage":5.0,"enemies":"Chosen","floor":18.0,"turns":5.0},{"damage":3.0,"enemies":"Spheric Guardian","floor":20.0,"turns":4.0},{"damage":16.0,"enemies":"Snake Plant","floor":21.0,"turns":3.0},{"damage":16.0,"enemies":"Book of Stabbing","floor":24.0,"turns":4.0},{"damage":24.0,"enemies":"Gremlin Leader","floor":29.0,"turns":6.0},{"damage":0.0,"enemies":"Snecko","floor":30.0,"turns":5.0},{"damage":2.0,"enemies":"Book of Stabbing","floor":31.0,"turns":5.0},{"damage":25,"enemies":"Collector","floor":33,"turns":16}],"seed_played":"7476661954680808091","potions_obtained":[{"floor":8.0,"key":"GamblersBrew"},{"floor":13.0,"key":"Explosive Potion"},{"floor":16.0,"key":"Block Potion"},{"floor":21.0,"key":"EntropicBrew"},{"floor":24.0,"key":"FearPotion"},{"floor":31.0,"key":"BlessingOfTheForge"}],"is_trial":false,"path_per_floor":["M","?","$","?","T","R","$","E","T","?","R","E","M","M","R","B",null,"M","?","M","M","$","R","E","R","T","R","?","E","M","E","R","B"],"character_chosen":"DEFECT","items_purchased":["Defragment","Storm","Coolheaded","Defragment+1","Orrery"],"campfire_rested":1,"item_purchase_floors":[7,7,7,22,22],"current_hp_per_floor":[68,68,68,68,68,68,68,68,68,65,65,65,62,62,62,49,69,64,64,61,45,45,45,29,29,29,29,29,5,5,3,25,0,0],"gold":158,"neow_bonus":"THREE_ENEMY_KILL","is_daily":false,"chose_seed":false,"campfire_upgraded":6,"win_rate":0.0,"timestamp":1611679387,"path_taken":["M","?","$","?","?","R","$","E","T","?","R","E","M","M","R","BOSS","M","?","M","?","$","R","E","R","T","R","?","E","?","E","R","BOSS"],"items_purchased_type":["Card","Card","Card","Card","Relic"],"build_version":"2020-12-22","purchased_purges":2,"victory":false,"max_hp_per_floor":[75,75,75,75,75,75,75,75,75,75,75,75,75,75,75,75,75,75,75,75,75,75,75,75,75,75,75,75,75,75,75,75,75,75],"card_choices":[{"not_picked":["Sweeping Beam","Heatsinks"],"picked":"Barrage","floor":1.0},{"not_picked":["Hologram","Rebound","Steam"],"picked":"SKIP","floor":8.0},{"not_picked":["Meteor Strike","Compile Driver"],"picked":"Coolheaded","floor":12.0},{"not_picked":["Streamline","Go for the Eyes","Blizzard"],"picked":"SKIP","floor":13.0},{"not_picked":["Ball Lightning","Streamline"],"picked":"Conserve Battery","floor":14.0},{"not_picked":["Buffer+1","Electrodynamics+1"],"picked":"Biased Cognition+1","floor":16.0},{"not_picked":["Stack","Rip and Tear+1"],"picked":"Chill","floor":18.0},{"not_picked":["Beam Cell+1","Lockon","Reprogram"],"picked":"SKIP","floor":20.0},{"not_picked":["Sweeping Beam","Hologram","Compile Driver"],"picked":"SKIP","floor":21.0},{"not_picked":["Hologram","Ball Lightning"],"picked":"Core Surge","floor":22.0},{"not_picked":["Redo","Compile Driver"],"picked":"Glacier+1","floor":22.0},{"not_picked":["Sunder","FTL"],"picked":"Ball Lightning","floor":22.0},{"not_picked":["Barrage+1","Go for the Eyes","Reboot"],"picked":"SKIP","floor":24.0},{"not_picked":["Compile Driver+1","Melter","Sweeping Beam"],"picked":"SKIP","floor":29.0},{"not_picked":["Auto Shields+1","Fusion"],"picked":"Coolheaded+1","floor":30.0},{"not_picked":["Aggregate","Blizzard","Gash"],"picked":"SKIP","floor":31.0}],"player_experience":258013,"relics_obtained":[{"floor":5.0,"key":"The Courier"},{"floor":8.0,"key":"DataDisk"},{"floor":9.0,"key":"Bag of Marbles"},{"floor":12.0,"key":"Frozen Egg 2"},{"floor":24.0,"key":"White Beast Statue"},{"floor":26.0,"key":"Bottled Lightning"},{"floor":29.0,"key":"Centennial Puzzle"},{"floor":31.0,"key":"Pocketwatch"}],"event_choices":[{"damage_healed":0.0,"max_hp_gain":0.0,"max_hp_loss":0.0,"gold_gain":0.0,"event_name":"Shining Light","player_choice":"Ignored","floor":2.0,"gold_loss":0.0,"damage_taken":0.0},{"damage_healed":0.0,"max_hp_gain":0.0,"max_hp_loss":0.0,"gold_gain":175.0,"event_name":"Liars Game","player_choice":"AGREE","floor":4.0,"gold_loss":0.0,"damage_taken":0.0,"cards_obtained":["Doubt"]},{"damage_healed":0.0,"max_hp_gain":0.0,"max_hp_loss":0.0,"gold_gain":0.0,"event_name":"Scrap Ooze","player_choice":"Success","floor":10.0,"gold_loss":0.0,"damage_taken":3.0,"relics_obtained":["TungstenRod"]},{"damage_healed":0.0,"max_hp_gain":0.0,"max_hp_loss":0.0,"gold_gain":0.0,"event_name":"The Woman in Blue","player_choice":"Bought 0 Potions","floor":19.0,"gold_loss":0.0,"damage_taken":0.0},{"damage_healed":0.0,"max_hp_gain":0.0,"max_hp_loss":0.0,"gold_gain":0.0,"event_name":"Accursed Blacksmith","player_choice":"Forge","floor":28.0,"gold_loss":0.0,"damage_taken":0.0,"cards_upgraded":["Coolheaded"]}],"is_beta":false,"boss_relics":[{"not_picked":["Calling Bell","SlaversCollar"],"picked":"Runic Pyramid"}],"items_purged_floors":[3,22],"is_endless":false,"potions_floor_spawned":[8,13,16,21,24,29,30,31],"killed_by":"Collector","ascension_level":9}}