{"host":"3po7ngt2j61s4rmj","time":1611702724,"event":{"mods":["Act Like it!","BaseMod","Elementarium","JesterMod","Minty Spire (QoL Compilation)","Relic Stats","Shade Mod","StSLib"],"gold_per_floor":[118,136,148,223,240,240,260,279,279,279,289,309,309,327,327,429,429,447,447,460,460,494,494,519,2,29,29,66,78,114,114,114],"floor_reached":31,"language":"ENG","playtime":2085,"items_purged":[],"score":384,"play_id":"d2814f40-2e1a-4b9a-9add-16edbab40675","local_time":"20210126161204","is_ascension_mode":true,"campfire_choices":[{"data":"Shade:AnimateDead","floor":6,"key":"SMITH"},{"data":"Shade:Bite_Shade","floor":13,"key":"SMITH"},{"data":"Shade:PotionOfRestlessness","floor":15,"key":"SMITH"},{"floor":23,"key":"REST"},{"floor":27,"key":"REST"}],"circlet_count":0,"master_deck":["AscendersBane","Shade:AnimateDead+1","Shade:CarefulCut","Shade:Trample","Shade:LyeBath+1","Shade:PotionOfRestlessness+1","Shade:Bite_Shade+1","Shade:FingerOfDeath","Shade:Bite_Shade","Shade:OminousRitual","Shade:OpenGraves","Shade:PoundOfFlesh","Shade:LichForm","Shade:Frenzy","Shade:Tombstone","Shade:CoffinDance","Shade:TouchOfTheGrave","Elementarium:GildedForm","Shade:Bite_Shade","Shade:GreyBargain+1","Enlightenment","Shade:GraveStillness","Shade:WallOfFlesh+1"],"relics":["Busted Crown","War Paint","Pandora\u0027s Box","Bottled Lightning","ClockworkSouvenir","Lantern","Juzu Bracelet"],"acts_visited":["Exordium","Exordium"],"potions_floor_usage":[16,16,24,24,28,31],"damage_taken":[{"damage":0,"enemies":"Cultist","floor":1,"turns":3},{"damage":0,"enemies":"Jaw Worm","floor":2,"turns":4},{"damage":0,"enemies":"2 Louse","floor":3,"turns":4},{"damage":13,"enemies":"Blue Slaver","floor":5,"turns":3},{"damage":9,"enemies":"Exordium Thugs","floor":7,"turns":4},{"damage":9,"enemies":"Red Slaver","floor":8,"turns":3},{"damage":4,"enemies":"Gremlin Gang","floor":11,"turns":4},{"damage":0,"enemies":"Large Slime","floor":12,"turns":6},{"damage":9,"enemies":"Lots of Slimes","floor":14,"turns":9},{"damage":23,"enemies":"Hexaghost","floor":16,"turns":7},{"damage":0,"enemies":"Elementarium:2_ELEMENTALS","floor":18,"turns":3},{"damage":22,"enemies":"Elementarium:MUD_AND_TAR_GOLEMS","floor":20,"turns":3},{"damage":20,"enemies":"Elementarium:3_ELEMENTALS","floor":22,"turns":4},{"damage":30,"enemies":"Elementarium:WarGolem","floor":24,"turns":3},{"damage":37,"enemies":"Elementarium:STONE_GOLEMS","floor":28,"turns":6},{"damage":8,"enemies":"Elementarium:VoidBeast","floor":29,"turns":3},{"damage":17,"enemies":"Elementarium:RubyGolem","floor":30,"turns":4},{"damage":15,"enemies":"Elementarium:ElementalPortal","floor":31,"turns":3}],"seed_played":"1704874484493001759","potions_obtained":[{"floor":2,"key":"Weak Potion"},{"floor":5,"key":"Ancient Potion"},{"floor":7,"key":"Swift Potion"},{"floor":12,"key":"ColorlessPotion"},{"floor":16,"key":"EssenceOfSteel"},{"floor":18,"key":"SkillPotion"},{"floor":28,"key":"Weak Potion"},{"floor":30,"key":"Block Potion"}],"is_trial":false,"path_per_floor":["M","M","M","?","M","R","M","M","T","?","M","M","R","M","R","B",null,"M","?","M","?","M","R","E","$","T","R","M","M","M","E"],"character_chosen":"SHADE","items_purchased":["Regen Potion","ClockworkSouvenir","Lantern","Enlightenment","Shade:GraveStillness"],"campfire_rested":2,"item_purchase_floors":[25,25,25,25,25],"current_hp_per_floor":[59,59,59,48,35,35,26,17,17,38,34,40,40,46,46,40,59,59,58,36,27,17,35,12,12,12,30,22,21,11,0,0],"gold":114,"neow_bonus":"BOSS_RELIC","is_daily":false,"chose_seed":false,"campfire_upgraded":3,"win_rate":0.0,"timestamp":1611702724,"path_taken":["M","?","?","?","M","R","M","M","T","?","M","M","R","M","R","BOSS","M","?","M","?","?","R","E","$","T","R","M","M","M","E"],"items_purchased_type":["Potion","Relic","Relic","Card","Card"],"build_version":"2020-12-22","purchased_purges":0,"victory":false,"max_hp_per_floor":[65,65,65,65,65,65,65,65,65,65,65,65,65,65,65,65,65,65,58,58,63,63,63,63,63,63,63,63,63,63,63,63],"relic_stats":{"Busted Crown":34,"counters":[18,76],"Pandora\u0027s Box":["Shade:OminousRitual","Shade:OpenGraves","Shade:PoundOfFlesh","Shade:LichForm","Shade:Frenzy","Shade:Tombstone","Shade:CoffinDance","Shade:TouchOfTheGrave"],"Juzu Bracelet":0,"War Paint":["Shade:Defend_Shade","Shade:LyeBath"],"obtain_stats":[{"Lantern":25,"Busted Crown":0,"Shade:YorickSkull":0,"Pandora\u0027s Box":17,"Juzu Bracelet":26,"Bottled Lightning":24,"War Paint":9,"ClockworkSouvenir":25},{"Lantern":14,"Busted Crown":0,"Shade:YorickSkull":0,"Pandora\u0027s Box":10,"Juzu Bracelet":14,"Bottled Lightning":14,"War Paint":6,"ClockworkSouvenir":14},{"Lantern":60,"Busted Crown":0,"Shade:YorickSkull":0,"Pandora\u0027s Box":47,"Juzu Bracelet":60,"Bottled Lightning":60,"War Paint":21,"ClockworkSouvenir":60}]},"card_choices":[{"not_picked":["Shade:SkeletonHug"],"picked":"SKIP","floor":1},{"not_picked":["Shade:SkeletonHug"],"picked":"SKIP","floor":2},{"not_picked":[],"picked":"Shade:Trample","floor":3},{"not_picked":[],"picked":"Shade:LyeBath","floor":5},{"not_picked":["Shade:SkeletonHug"],"picked":"SKIP","floor":7},{"not_picked":[],"picked":"Shade:PotionOfRestlessness","floor":8},{"not_picked":[],"picked":"Shade:Bite_Shade","floor":11},{"not_picked":[],"picked":"Shade:FingerOfDeath","floor":12},{"not_picked":[],"picked":"Shade:Bite_Shade","floor":14},{"not_picked":["Shade:SkeletonHug"],"picked":"SKIP","floor":18},{"not_picked":[],"picked":"Shade:Bite_Shade","floor":20},{"not_picked":[],"picked":"Shade:GreyBargain+1","floor":22},{"not_picked":["Shade:Haruspicy"],"picked":"SKIP","floor":24},{"not_picked":[],"picked":"Shade:WallOfFlesh+1","floor":28},{"not_picked":["Shade:FeralStrike"],"picked":"SKIP","floor":29},{"not_picked":["Shade:SkeletonHug"],"picked":"SKIP","floor":30}],"player_experience":1098624,"relics_obtained":[{"floor":9,"key":"War Paint"},{"floor":24,"key":"Bottled Lightning"},{"floor":26,"key":"Juzu Bracelet"}],"event_choices":[{"damage_healed":0,"gold_gain":75,"player_choice":"Gather Gold","damage_taken":11,"max_hp_gain":0,"max_hp_loss":0,"event_name":"World of Goop","floor":4,"gold_loss":0},{"damage_healed":21,"gold_gain":0,"player_choice":"Banana","damage_taken":0,"max_hp_gain":0,"max_hp_loss":0,"event_name":"Big Fish","floor":10,"gold_loss":0},{"damage_healed":0,"gold_gain":0,"player_choice":"Dive in","damage_taken":0,"max_hp_gain":0,"max_hp_loss":7,"event_name":"Elementarium:FountainOfGold","floor":19,"gold_loss":0,"cards_obtained":["Elementarium:GildedForm"]},{"damage_healed":0,"gold_gain":0,"player_choice":"Sacrifice","damage_taken":14,"max_hp_gain":5,"max_hp_loss":0,"event_name":"Elementarium:RadiantAltar","floor":21,"gold_loss":0}],"is_beta":false,"boss_relics":[{"not_picked":["Sozu","jesterMod:MachoBrace"],"picked":"Pandora\u0027s Box"}],"items_purged_floors":[],"is_endless":false,"potions_floor_spawned":[2,5,7,12,16,18,22,28,30],"killed_by":"Elementarium:ElementalPortal","ascension_level":11}}