{"host":"xp5rvh2jwe2ejyfm","time":1611630004,"event":{"mods":["BaseMod","Downfall","Duelist Mod","GifTheSpireLib","Gremlin Mod","Hermit","Hubris","Minty Spire (QoL Compilation)","Robot Space Explorer","StSLib","The Blackbeard","The Clintock","The Construct","The Cursed","The Disciple","The Forsaken","The Hierophant","The Necromancer","The Runesmith","The Servant 0.9.4"],"gold_per_floor":[117,133,144,157,168,168,168,168],"floor_reached":7,"language":"ENG","playtime":201,"items_purged":[],"score":45,"play_id":"66de604a-ec03-44a5-8354-53a5196dfebd","local_time":"20210125220004","is_ascension_mode":false,"campfire_choices":[{"data":"theForsaken:RainingSunlight","floor":6,"key":"SMITH"}],"circlet_count":0,"master_deck":["theForsaken:TheForsaken_Strike","theForsaken:TheForsaken_Strike","theForsaken:TheForsaken_Strike","theForsaken:TheForsaken_Strike","theForsaken:TheForsaken_Defend","theForsaken:TheForsaken_Defend","theForsaken:TheForsaken_Defend","theForsaken:TheForsaken_Defend","theForsaken:Smite","theForsaken:Penitence","theForsaken:AncientWords","theForsaken:RainingSunlight+1","theForsaken:ShieldBash","theForsaken:WordsOfPestilence","theForsaken:WordsOfPestilence"],"relics":["theForsaken:JudgementScales","NeowsBlessing"],"acts_visited":["Exordium"],"potions_floor_usage":[7],"damage_taken":[{"damage":0,"enemies":"Cultist","floor":1,"turns":1},{"damage":0,"enemies":"2 Louse","floor":2,"turns":2},{"damage":0,"enemies":"Jaw Worm","floor":3,"turns":1},{"damage":20,"enemies":"3 Louse","floor":4,"turns":4},{"damage":11,"enemies":"Looter","floor":5,"turns":3},{"damage":52,"enemies":"Gremlin Nob","floor":7,"turns":4}],"seed_played":"2426861539674391777","potions_obtained":[{"floor":2,"key":"champ:CounterPotion"},{"floor":4,"key":"SkillPotion"},{"floor":5,"key":"bronze:BurnAndBuffPotion"}],"is_trial":false,"path_per_floor":["M","M","M","M","M","R","E"],"character_chosen":"THE_FORSAKEN","items_purchased":[],"campfire_rested":0,"item_purchase_floors":[],"current_hp_per_floor":[65,65,65,48,37,37,0,0],"gold":168,"neow_bonus":"THREE_ENEMY_KILL","is_daily":false,"chose_seed":false,"campfire_upgraded":1,"win_rate":0.0,"timestamp":1611630004,"path_taken":["M","M","?","M","M","R","E"],"items_purchased_type":[],"build_version":"2020-12-22","purchased_purges":0,"victory":false,"max_hp_per_floor":[65,65,65,65,65,65,65,65],"card_choices":[{"not_picked":["theForsaken:HymnOfPatience","theForsaken:Preservation"],"picked":"theForsaken:AncientWords","floor":1},{"not_picked":["theForsaken:SolarFlare","theForsaken:StoreUp"],"picked":"theForsaken:RainingSunlight","floor":2},{"not_picked":["theForsaken:PanicDive","theForsaken:CreepingInfection"],"picked":"theForsaken:ShieldBash","floor":3},{"not_picked":["theForsaken:ShieldBash","theForsaken:SolarFlare"],"picked":"theForsaken:WordsOfPestilence","floor":4},{"not_picked":["theForsaken:CorruptedWord","theForsaken:DarkBarrier"],"picked":"theForsaken:WordsOfPestilence","floor":5}],"player_experience":346087,"relics_obtained":[],"event_choices":[],"is_beta":false,"boss_relics":[],"items_purged_floors":[],"is_endless":false,"potions_floor_spawned":[2,4,5],"killed_by":"Gremlin Nob","ascension_level":0}}