{"host":"snn1c4qsf0fj7fzf","time":1611679187,"event":{"mods":["AchievementEnabler","Aspiration","Astrologer","BaseMod","Colored Powertips","Downfall","Hermit","Infinite Spire","Lobotomy","Marisa????????","Minty Spire (QoL Compilation)","Random Character Button","Rare Cards Sparkle","Reimu??????","Reliquary","Replay The Spire","Shop Mod","Spire Arcade","StSLib","The Administrix","The Cursed","The Gatherer","The Hierophant","The Poker Player","The Runesmith","Wandering Minibosses"],"gold_per_floor":[118,128,128,53,53,53,88,88,88,123,143,158,7,18,18,121,121,141,173,173,173,183,210,210,210,210,230,243,270,288,288,288,386,386,425,481,533,587,644,713,778,48,48,64,64,85,111,135,135,135],"floor_reached":51,"language":"ENG","playtime":3583,"items_purged":["TheCursedMod:AbyssShockwave","ReplayTheSpireMod:Splinters"],"score":1106,"play_id":"96219260-639e-466b-9362-b4af94edfe09","local_time":"20210127003947","is_ascension_mode":false,"campfire_choices":[{"data":"TheCursedMod:CircleOfWindfury","floor":6,"key":"SMITH"},{"data":"TheCursedMod:TacticalStrike","floor":8,"key":"SMITH"},{"data":"TheCursedMod:StingEye","floor":15,"key":"SMITH"},{"data":"TheCursedMod:Hemoplague","floor":25,"key":"SMITH"},{"data":"TheCursedMod:CollectTribute","floor":32,"key":"SMITH"},{"floor":45,"key":"REST"}],"circlet_count":0,"master_deck":["TheCursedMod:CleanUpWorkshop","TheCursedMod:SpitefulStrike","TheCursedMod:TacticalStrike+1","TheCursedMod:VitalStrike","TheCursedMod:FuryStrike","TheCursedMod:FuryStrike","TheCursedMod:CircleOfWindfury+1","TheCursedMod:CursedSpellbook","TheCursedMod:StunningStrike+1","TheCursedMod:CursedBoomerang","Specialist","FTL","TheCursedMod:SpitefulStrike","TheCursedMod:StingEye+1","TheCursedMod:OutForBlood","TheCursedMod:CircleOfBlood","TheCursedMod:Hemoplague","CurseOfTheBell","TheCursedMod:Hemoplague+1","TheCursedMod:CollectTribute+1","TheCursedMod:SpitefulStrike+1","TheCursedMod:StunningStrike","TheCursedMod:TacticalStrike","TheCursedMod:CircleOfWindfury","TheCursedMod:CursedSpellbook","TheCursedMod:CircleOfBlood","TheCursedMod:UltimatePain"],"relics":["TheCursedMod:FourLeafCloverCharm","aspiration:Nostalgia","m_SpellCore","infinitespire:Bottled Soul","aspiration:DSix","infinitespire:Broken Mirror","Bag of Preparation","Black Star","Red Mask","Replay:Bottled Steam","Calling Bell","Replay:Rubber Ducky","Torii","reliquary:JackalopeAntler","Bronze Scales","Nloth\u0027s Gift","Darkstone Periapt","Replay:Kaleidoscope","Quantum Egg","infinitespire:EvilPickle","Busted Crown","reliquary:Aerogel","CatCart","Replay:PocketPolymizer","aspiration:HiddenCompartment","aspiration:ChemicalBlood","Garlic","Sling","ReplayFunnel"],"acts_visited":["Exordium","TheCity","TheBeyond"],"potions_floor_usage":[7,14,30,37,47,51,51,51,51,51,51,51,51,51,51],"damage_taken":[{"damage":10,"enemies":"Small Slimes","floor":1,"turns":2},{"damage":0,"enemies":"Cultist","floor":2,"turns":1},{"damage":6,"enemies":"3 Sentries","floor":7,"turns":3},{"damage":6,"enemies":"Replay:BlueRogue","floor":10,"turns":2},{"damage":0,"enemies":"Jaw Worm","floor":11,"turns":1},{"damage":0,"enemies":"3 Louse","floor":12,"turns":1},{"damage":0,"enemies":"Lots of Slimes","floor":14,"turns":1},{"damage":0,"enemies":"Slime Boss","floor":16,"turns":2},{"damage":0,"enemies":"Spheric Guardian","floor":18,"turns":1},{"damage":0,"enemies":"Masked Bandits","floor":19,"turns":2},{"damage":7,"enemies":"Shell Parasite","floor":22,"turns":3},{"damage":0,"enemies":"Book of Stabbing","floor":23,"turns":2},{"damage":0,"enemies":"Centurion and Healer","floor":27,"turns":2},{"damage":0,"enemies":"Cultist and Chosen","floor":28,"turns":2},{"damage":0,"enemies":"Gremlin Leader","floor":29,"turns":2},{"damage":2,"enemies":"Snake Plant","floor":30,"turns":2},{"damage":9,"enemies":"Pondfish","floor":33,"turns":5},{"damage":10,"enemies":"3 Darklings","floor":35,"turns":3},{"damage":7,"enemies":"Orin","floor":37,"turns":5},{"damage":45,"enemies":"3 Shapes","floor":38,"turns":3},{"damage":20,"enemies":"Spire Growth","floor":39,"turns":4},{"damage":0,"enemies":"R_Hoarder","floor":40,"turns":5},{"damage":12,"enemies":"4 Shapes","floor":41,"turns":3},{"damage":0,"enemies":"3 Darklings","floor":44,"turns":2},{"damage":0,"enemies":"Sphere and 2 Shapes","floor":46,"turns":3},{"damage":0,"enemies":"Transient","floor":47,"turns":5},{"damage":0,"enemies":"3 Darklings","floor":48,"turns":2},{"damage":19,"enemies":"Time Eater","floor":50,"turns":8},{"damage":51,"enemies":"Malkuth","floor":51,"turns":10},{"damage":0,"enemies":"Hod","floor":51,"turns":5}],"seed_played":"-4127601473948296745","potions_obtained":[{"floor":2,"key":"ZuzhouPotion:ReiMu"},{"floor":7,"key":"SneckoOil"},{"floor":10,"key":"Toxic Potion"},{"floor":11,"key":"hexamod:SoulburnPotion"},{"floor":12,"key":"Dexterity Potion"},{"floor":18,"key":"TheCursedMod:DregsPotion"},{"floor":21,"key":"PowerPotion"},{"floor":36,"key":"Elixir"},{"floor":44,"key":"Explosive Potion"},{"floor":48,"key":"EssenceOfSteel"},{"floor":51,"key":"Block Potion"},{"floor":51,"key":"BlessingOfTheForge"}],"is_trial":false,"path_per_floor":["M","M","?","$","?","R","E","R","T","E","M","M","$","M","R","B",null,"M","?","AVR","?","M","E","?","R","T","M","M","E","M","?","R","B",null,"M","?","?","M","M","E","M","$","T","M","R","M","M","M","R","B",null],"character_chosen":"THE_CURSED","items_purchased":["Bag of Preparation","aspiration:ChemicalBlood","Garlic","Sling","TheCursedMod:CursedSpellbook"],"campfire_rested":1,"item_purchase_floors":[13,42,42,42,42],"current_hp_per_floor":[65,65,65,65,65,65,59,59,59,53,53,53,53,53,53,53,75,75,75,75,75,72,75,75,75,75,75,75,75,75,75,75,66,75,65,71,72,39,27,27,17,17,17,21,45,57,81,81,81,62],"gold":135,"neow_bonus":"NOSTALGIA","is_daily":false,"chose_seed":false,"campfire_upgraded":5,"win_rate":0.0,"timestamp":1611679187,"path_taken":["M","M","?","?","?","R","E","R","T","E","?","M","$","M","R","BOSS","M","?","AVR","?","?","E","?","R","T","M","M","E","?","?","R","BOSS","M","?","?","M","M","E","M","$","T","?","R","M","M","M","R","BOSS"],"items_purchased_type":["Relic","Relic","Relic","Relic","Card"],"build_version":"2020-12-22","purchased_purges":2,"victory":true,"max_hp_per_floor":[75,75,75,75,75,75,75,75,75,75,75,75,75,75,75,75,75,75,75,75,75,75,75,75,75,75,75,75,75,75,75,75,75,75,75,81,81,81,81,81,81,81,81,81,81,81,81,81,81,81],"card_choices":[{"not_picked":["TheCursedMod:Torture","Capacitor"],"picked":"TheCursedMod:AbyssShockwave","floor":1},{"not_picked":["Streamline","TheCursedMod:CursedBlade"],"picked":"TheCursedMod:CursedBoomerang","floor":2},{"not_picked":["TheCursedMod:SpreadPlague","TheCursedMod:ReleasedStrength"],"picked":"FTL","floor":7},{"not_picked":["TheCursedMod:StingEye","TheCursedMod:RapidMovement"],"picked":"TheCursedMod:SpitefulStrike","floor":10},{"not_picked":["TheCursedMod:AbyssShockwave","TheCursedMod:CircleOfCorruption","Streamline"],"picked":"SKIP","floor":11},{"not_picked":["Barrage","TheCursedMod:CursedShiv"],"picked":"TheCursedMod:StingEye","floor":12},{"not_picked":["TheCursedMod:VitalStrike","Loop","TheCursedMod:SurpriseAttack"],"picked":"SKIP","floor":14},{"not_picked":["TheCursedMod:VitalStrike","Loop","TheCursedMod:SurpriseAttack"],"picked":"SKIP","floor":14},{"not_picked":["TheCursedMod:Neurasthenia","TheCursedMod:StunningStrike"],"picked":"TheCursedMod:OutForBlood","floor":16},{"not_picked":["TheCursedMod:VitalStrike","TheCursedMod:CursedMace"],"picked":"TheCursedMod:CircleOfBlood","floor":18},{"not_picked":["TheCursedMod:VitalStrike","TheCursedMod:RavingStaff"],"picked":"TheCursedMod:Hemoplague","floor":19},{"not_picked":["TheCursedMod:CursedBlade","TheCursedMod:ReleasedStrength+1"],"picked":"TheCursedMod:Hemoplague","floor":22},{"not_picked":["TheCursedMod:BlessingInDisguise","TheCursedMod:Mangle","TheCursedMod:AbyssShockwave"],"picked":"SKIP","floor":23},{"not_picked":["TheCursedMod:FleshFromBone","TheCursedMod:RapidMovement","TheCursedMod:SoulCrush+1"],"picked":"SKIP","floor":27},{"not_picked":["TheCursedMod:CursedRelics","TheCursedMod:SmokeScreen","TheCursedMod:Stigma"],"picked":"SKIP","floor":28},{"not_picked":["TheCursedMod:RavingStaff+1","TheCursedMod:Mangle+1"],"picked":"TheCursedMod:CollectTribute","floor":29},{"not_picked":["TheCursedMod:Stigma","TheCursedMod:VitalStrike"],"picked":"TheCursedMod:SpitefulStrike+1","floor":30},{"not_picked":["TheCursedMod:ForbiddenAlchemy","TheCursedMod:ManaCirculation"],"picked":"TheCursedMod:StunningStrike","floor":33},{"not_picked":["TheCursedMod:Obscuration+1"],"picked":"SKIP","floor":35},{"not_picked":[],"picked":"TheCursedMod:TacticalStrike","floor":37},{"not_picked":["TheCursedMod:RapidMovement+1"],"picked":"SKIP","floor":38},{"not_picked":["TheCursedMod:Stigma+1"],"picked":"SKIP","floor":39},{"not_picked":["TheCursedMod:CircleOfCorruption"],"picked":"SKIP","floor":40},{"not_picked":[],"picked":"TheCursedMod:CircleOfWindfury","floor":41},{"not_picked":["TheCursedMod:SpitefulStrike"],"picked":"SKIP","floor":44},{"not_picked":[],"picked":"TheCursedMod:UltimatePain","floor":46},{"not_picked":["TheCursedMod:Obscuration"],"picked":"SKIP","floor":47},{"not_picked":["TheCursedMod:TroublousMinions"],"picked":"SKIP","floor":48}],"player_experience":347742,"relics_obtained":[{"floor":7,"key":"infinitespire:Bottled Soul"},{"floor":9,"key":"aspiration:DSix"},{"floor":10,"key":"infinitespire:Broken Mirror"},{"floor":19,"key":"Red Mask"},{"floor":20,"key":"Replay:Rubber Ducky"},{"floor":20,"key":"Lizard Tail"},{"floor":20,"key":"Torii"},{"floor":23,"key":"reliquary:JackalopeAntler"},{"floor":23,"key":"Bronze Scales"},{"floor":26,"key":"Darkstone Periapt"},{"floor":29,"key":"Replay:Kaleidoscope"},{"floor":29,"key":"Quantum Egg"},{"floor":36,"key":"reliquary:Aerogel"},{"floor":37,"key":"CatCart"},{"floor":40,"key":"Replay:PocketPolymizer"},{"floor":40,"key":"aspiration:HiddenCompartment"},{"floor":43,"key":"ReplayFunnel"}],"event_choices":[{"damage_healed":0,"gold_gain":0,"player_choice":"2 cards matched","damage_taken":0,"max_hp_gain":0,"max_hp_loss":0,"event_name":"Match and Keep!","floor":3,"gold_loss":0,"cards_obtained":["Specialist","TheCursedMod:FleshFromBone"]},{"cards_removed":["TheCursedMod:FleshFromBone"],"damage_healed":0,"gold_gain":0,"player_choice":"Purged","damage_taken":0,"max_hp_gain":0,"max_hp_loss":0,"event_name":"Purifier","floor":5,"gold_loss":0},{"damage_healed":0,"gold_gain":0,"player_choice":"Fought Bandits","damage_taken":0,"max_hp_gain":0,"max_hp_loss":0,"event_name":"Masked Bandits","floor":19,"gold_loss":0},{"damage_healed":0,"gold_gain":0,"player_choice":"Got Potions","damage_taken":0,"max_hp_gain":0,"max_hp_loss":0,"event_name":"Lab","floor":21,"gold_loss":0},{"damage_healed":0,"gold_gain":0,"player_choice":"Traded Relic","damage_taken":0,"relics_obtained":["Nloth\u0027s Gift"],"max_hp_gain":0,"max_hp_loss":0,"event_name":"N\u0027loth","floor":24,"relics_lost":["Lizard Tail"],"gold_loss":0},{"damage_healed":0,"gold_gain":0,"player_choice":"Ignored","damage_taken":0,"max_hp_gain":0,"max_hp_loss":0,"event_name":"Ghosts","floor":31,"gold_loss":0},{"damage_healed":0,"gold_gain":0,"player_choice":"Fight","damage_taken":0,"max_hp_gain":0,"max_hp_loss":0,"event_name":"OrinTheCat","floor":37,"gold_loss":0}],"is_beta":false,"boss_relics":[{"not_picked":["Runic Pyramid","reliquary:Ember"],"picked":"Black Star"},{"not_picked":["aspiration:FutureDiary","Honey Jar"],"picked":"Busted Crown"}],"items_purged_floors":[4,42],"is_endless":false,"potions_floor_spawned":[2,7,10,11,12,18,29,38,44,48],"ascension_level":0}}