{"host":"7qoz5gmva6til3yp","time":1611665040,"event":{"mods":["AchievementEnabler","BaseMod","Minty Spire (QoL Compilation)","StSLib","SuperFastMode"],"gold_per_floor":[118,63,113,38,38,38,52,85,85,85,41,41,58,77,77,153,153,170,85,85,103,63,91,108,133,133,165,199,199,232,232,232,309,309,327,345,345,60,282,282,297,327,352,381,55,87,103,145,145,145,145],"floor_reached":52,"language":"KOR","playtime":1776,"items_purged":["Defend_R","Strike_R","Strike_R","Strike_R"],"score":2303,"play_id":"c9576afd-b5e2-4bb2-b60b-349348070aed","local_time":"20210126214400","is_ascension_mode":true,"campfire_choices":[{"data":"Bash","floor":6.0,"key":"SMITH"},{"data":"Shrug It Off","floor":10.0,"key":"SMITH"},{"data":"Fire Breathing","floor":12.0,"key":"SMITH"},{"data":"Rage","floor":15.0,"key":"SMITH"},{"data":"Corruption","floor":29.0,"key":"SMITH"},{"data":"Wild Strike","floor":32.0,"key":"SMITH"},{"data":"Offering","floor":40.0,"key":"SMITH"},{"floor":49,"key":"REST"}],"circlet_count":0,"master_deck":["AscendersBane","Strike_R","Strike_R+1","Defend_R","Defend_R","Defend_R","Bash+1","Flex","Shrug It Off+1","Impervious","Fire Breathing+1","Wild Strike+1","Rage+1","Corruption+1","Reckless Charge+1","Battle Trance","Pommel Strike+1","Offering+1","Shockwave+1","Feel No Pain","Power Through","Evolve","Burning Pact","Exhume"],"relics":["Burning Blood","NeowsBlessing","Anchor","Charon\u0027s Ashes","SacredBark","Dead Branch","Juzu Bracelet","Ancient Tea Set","Toy Ornithopter","Singing Bowl","Prayer Wheel","Red Mask","Tiny Chest","Black Star","Potion Belt","Whetstone","CeramicFish","Sundial","PreservedInsect","Centennial Puzzle","Akabeko","Lantern"],"acts_visited":["Exordium","TheCity","TheBeyond"],"potions_floor_usage":[48,48],"damage_taken":[{"damage":0.0,"enemies":"Jaw Worm","floor":1.0,"turns":1.0},{"damage":0.0,"enemies":"Cultist","floor":7.0,"turns":1.0},{"damage":0.0,"enemies":"Gremlin Nob","floor":8.0,"turns":1.0},{"damage":1.0,"enemies":"2 Louse","floor":13.0,"turns":3.0},{"damage":4.0,"enemies":"2 Fungi Beasts","floor":14.0,"turns":4.0},{"damage":72.0,"enemies":"The Guardian","floor":16.0,"turns":12.0},{"damage":34.0,"enemies":"Shell Parasite","floor":18.0,"turns":7.0},{"damage":14.0,"enemies":"2 Thieves","floor":21.0,"turns":5.0},{"damage":59.0,"enemies":"Book of Stabbing","floor":23.0,"turns":7.0},{"damage":3.0,"enemies":"Sentry and Sphere","floor":24.0,"turns":4.0},{"damage":0.0,"enemies":"Gremlin Leader","floor":25.0,"turns":5.0},{"damage":36.0,"enemies":"Book of Stabbing","floor":27.0,"turns":6.0},{"damage":13.0,"enemies":"Masked Bandits","floor":28.0,"turns":4.0},{"damage":9.0,"enemies":"Slavers","floor":30.0,"turns":3.0},{"damage":66.0,"enemies":"Collector","floor":33.0,"turns":7.0},{"damage":15.0,"enemies":"3 Shapes","floor":35.0,"turns":1.0},{"damage":12.0,"enemies":"Orb Walker","floor":36.0,"turns":2.0},{"damage":25.0,"enemies":"Transient","floor":41.0,"turns":6.0},{"damage":8.0,"enemies":"Reptomancer","floor":42.0,"turns":5.0},{"damage":6.0,"enemies":"Writhing Mass","floor":44.0,"turns":4.0},{"damage":14.0,"enemies":"Nemesis","floor":46.0,"turns":5.0},{"damage":24.0,"enemies":"3 Darklings","floor":47.0,"turns":3.0},{"damage":46,"enemies":"Reptomancer","floor":48,"turns":4},{"damage":136,"enemies":"Awakened One","floor":50,"turns":7},{"damage":20,"enemies":"Time Eater","floor":51,"turns":11}],"seed_played":"-5900040225003333209","potions_obtained":[{"floor":1.0,"key":"BlessingOfTheForge"},{"floor":14.0,"key":"SteroidPotion"},{"floor":23.0,"key":"DistilledChaos"},{"floor":33.0,"key":"Explosive Potion"},{"floor":42.0,"key":"Dexterity Potion"},{"floor":46.0,"key":"Energy Potion"}],"is_trial":false,"path_per_floor":["M","$","?","$","?","R","M","E","T","R","$","R","M","M","R","B",null,"M","?","?","M","$","E","M","E","T","E","?","R","E","?","R","B",null,"M","M","?","$","?","R","M","E","T","M","$","E","M","E","R","B","B",null],"character_chosen":"IRONCLAD","items_purchased":["Flex","Fire Breathing","Reckless Charge","Potion Belt","Evolve","Sundial","Burning Pact","Regen Potion"],"campfire_rested":1,"item_purchase_floors":[2,11,22,38,45,45,45,45],"current_hp_per_floor":[74,74,74,74,74,74,75,75,75,75,75,75,75,75,75,9,59,31,31,31,23,23,35,38,44,44,16,79,79,76,76,76,21,65,58,56,56,56,56,56,49,49,49,51,51,45,31,28,55,21,7],"gold":145,"neow_bonus":"THREE_ENEMY_KILL","is_daily":false,"chose_seed":false,"campfire_upgraded":7,"win_rate":0.0,"timestamp":1611665040,"path_taken":["M","$","?","?","?","R","M","E","T","R","$","R","M","M","R","BOSS","M","?","?","M","$","E","M","E","T","E","?","R","E","?","R","BOSS","M","M","?","$","?","R","M","E","T","M","$","E","M","E","R","BOSS","BOSS"],"items_purchased_type":["Card","Card","Card","Relic","Card","Relic","Card","Potion"],"build_version":"2020-12-22","purchased_purges":4,"victory":true,"max_hp_per_floor":[75,75,75,75,75,75,75,75,75,75,75,75,75,75,75,75,75,75,75,75,75,75,75,75,75,75,77,79,79,79,79,79,79,79,81,85,81,81,81,81,83,85,85,87,87,89,93,93,93,93,93],"card_choices":[{"not_picked":["Dark Embrace","Armaments","Iron Wave"],"picked":"SKIP","floor":1.0},{"not_picked":["Searing Blow","Perfected Strike"],"picked":"Shrug It Off","floor":7.0},{"not_picked":["Headbutt","Uppercut"],"picked":"Impervious","floor":8.0},{"not_picked":["Cleave","Twin Strike"],"picked":"Wild Strike","floor":13.0},{"not_picked":["Warcry","True Grit"],"picked":"Rage","floor":14.0},{"not_picked":["Exhume","Double Tap"],"picked":"Corruption","floor":16.0},{"not_picked":["Wild Strike","Metallicize","Iron Wave"],"picked":"SKIP","floor":18.0},{"not_picked":["Warcry","Cleave","Havoc"],"picked":"SKIP","floor":21.0},{"not_picked":["Juggernaut","Warcry"],"picked":"Battle Trance","floor":23.0},{"not_picked":["Searing Blow","True Grit","Iron Wave"],"picked":"SKIP","floor":24.0},{"not_picked":["Headbutt","Heavy Blade","Pummel+1"],"picked":"SKIP","floor":25.0},{"not_picked":["Armaments","Sever Soul","Rage"],"picked":"Singing Bowl","floor":27.0},{"not_picked":["Armaments","Shrug It Off","Havoc"],"picked":"Singing Bowl","floor":28.0},{"not_picked":["Iron Wave","Twin Strike"],"picked":"Pommel Strike+1","floor":30.0},{"not_picked":["Exhume","Double Tap"],"picked":"Offering","floor":33.0},{"not_picked":["Headbutt","Fire Breathing"],"picked":"Shockwave+1","floor":35.0},{"not_picked":["Armaments+1","Wild Strike","Reckless Charge"],"picked":"Singing Bowl","floor":35.0},{"not_picked":["Hemokinesis","Combust","Clothesline+1"],"picked":"Singing Bowl","floor":36.0},{"not_picked":["Warcry+1","Rage","Whirlwind"],"picked":"Singing Bowl","floor":36.0},{"not_picked":["Inflame","Warcry+1","Flex"],"picked":"Singing Bowl","floor":41.0},{"not_picked":["Impervious","Headbutt+1"],"picked":"Feel No Pain","floor":41.0},{"not_picked":["Anger+1","Ghostly Armor+1","Armaments+1"],"picked":"Singing Bowl","floor":42.0},{"not_picked":["Headbutt","Clash"],"picked":"Power Through","floor":44.0},{"not_picked":["Shrug It Off+1","Anger","Wild Strike"],"picked":"Singing Bowl","floor":44.0},{"not_picked":["Dual Wield","Carnage","Uppercut"],"picked":"Singing Bowl","floor":46.0},{"not_picked":["Perfected Strike+1","Heavy Blade+1","Rampage+1"],"picked":"Singing Bowl","floor":47.0},{"not_picked":["Clash","Twin Strike","Whirlwind"],"picked":"Singing Bowl","floor":47.0},{"not_picked":["Seeing Red","Bloodletting"],"picked":"Exhume","floor":48}],"player_experience":445555,"relics_obtained":[{"floor":8.0,"key":"Anchor"},{"floor":9.0,"key":"Charon\u0027s Ashes"},{"floor":23.0,"key":"Ancient Tea Set"},{"floor":25.0,"key":"Toy Ornithopter"},{"floor":26.0,"key":"Singing Bowl"},{"floor":27.0,"key":"Prayer Wheel"},{"floor":28.0,"key":"Red Mask"},{"floor":30.0,"key":"Tiny Chest"},{"floor":42.0,"key":"Whetstone"},{"floor":43.0,"key":"CeramicFish"},{"floor":46.0,"key":"PreservedInsect"},{"floor":46.0,"key":"Centennial Puzzle"},{"floor":48,"key":"Akabeko"},{"floor":48,"key":"Lantern"}],"event_choices":[{"damage_healed":0.0,"max_hp_gain":0.0,"max_hp_loss":0.0,"gold_gain":50.0,"event_name":"Golden Shrine","player_choice":"Pray","floor":3.0,"gold_loss":0.0,"damage_taken":0.0},{"damage_healed":0.0,"max_hp_gain":0.0,"max_hp_loss":0.0,"gold_gain":0.0,"event_name":"Liars Game","player_choice":"Ignored","floor":5.0,"gold_loss":0.0,"damage_taken":0.0},{"damage_healed":0.0,"max_hp_gain":0.0,"max_hp_loss":0.0,"gold_gain":0.0,"event_name":"Addict","player_choice":"Obtained Relic","floor":19.0,"gold_loss":85.0,"damage_taken":0.0,"relics_obtained":["Dead Branch"]},{"damage_healed":0.0,"max_hp_gain":0.0,"max_hp_loss":0.0,"gold_gain":0.0,"event_name":"The Mausoleum","player_choice":"Opened","floor":20.0,"gold_loss":0.0,"damage_taken":0.0,"relics_obtained":["Juzu Bracelet"],"cards_obtained":["Writhe"]},{"damage_healed":0.0,"max_hp_gain":0.0,"max_hp_loss":0.0,"gold_gain":0.0,"event_name":"Masked Bandits","player_choice":"Fought Bandits","floor":28.0,"gold_loss":0.0,"damage_taken":0.0},{"damage_healed":0.0,"max_hp_gain":0.0,"max_hp_loss":0.0,"gold_gain":0.0,"event_name":"Vampires","player_choice":"Ignored","floor":31.0,"gold_loss":0.0,"damage_taken":0.0},{"damage_healed":0.0,"max_hp_gain":0.0,"max_hp_loss":4.0,"gold_gain":0.0,"event_name":"Winding Halls","player_choice":"Max HP","floor":37.0,"gold_loss":0.0,"damage_taken":0.0},{"damage_healed":0.0,"max_hp_gain":0.0,"max_hp_loss":0.0,"gold_gain":222.0,"event_name":"Tomb of Lord Red Mask","player_choice":"Wore Mask","floor":39.0,"gold_loss":0.0,"damage_taken":0.0}],"is_beta":false,"boss_relics":[{"not_picked":["Philosopher\u0027s Stone","Coffee Dripper"],"picked":"SacredBark"},{"not_picked":["Busted Crown","Calling Bell"],"picked":"Black Star"}],"items_purged_floors":[4,22,38,45],"is_endless":false,"potions_floor_spawned":[1,14,23,25,27,33,35,42,46],"ascension_level":20}}