{"host":"szp1d6dso4pv7ddl","time":1611630084,"event":{"mods":["AchievementEnabler","Alarm Clock","BaseMod","Bestiary","Block Reminder","Colored Map","Colored Powertips","Curses Come First","Dark Map","Displayed Cursed Tome","Highlight Path","Minty Spire (QoL Compilation)","Permanent Neow","Quick Restart","Relic Sorter","Relic Stats","StSLib","Synergy Search"],"gold_per_floor":[115,115,115,69,169,169,195,195,243,268,298,275,287,299,311,428,440,469,39,57,9,29,29,62,62,62,75,86,86,11,30,30,30,30],"floor_reached":33,"language":"ENG","playtime":2435,"items_purged":["Blizzard+1"],"score":421,"play_id":"1cec9e55-a572-4158-8621-860dfef10f76","local_time":"20210125190124","is_ascension_mode":true,"campfire_choices":[{"data":"Streamline","floor":6,"key":"SMITH"},{"floor":8,"key":"REST"},{"data":"Conserve Battery","floor":15,"key":"SMITH"},{"floor":23,"key":"REST"},{"floor":25,"key":"REST"},{"floor":29,"key":"REST"},{"floor":32,"key":"REST"}],"circlet_count":0,"master_deck":["AscendersBane","Strike_B+1","Strike_B+1","Strike_B+1","Defend_B+1","Defend_B","Zap","Dualcast","Conserve Battery+1","Streamline+1","Capacitor","Coolheaded","Electrodynamics","Aggregate+1","Undo+1","Static Discharge","Consume","Conserve Battery","Stack+1","Ball Lightning","Conserve Battery","Machine Learning"],"relics":["Cracked Core","InkBottle","Lizard Tail","Whetstone","MawBank","GremlinMask","Astrolabe","Runic Capacitor","Torii","Cables"],"acts_visited":["Exordium","TheCity"],"potions_floor_usage":[7,16,28],"damage_taken":[{"damage":0,"enemies":"Cultist","floor":1,"turns":4},{"damage":32,"enemies":"Gremlin Nob","floor":7,"turns":5},{"damage":2,"enemies":"Small Slimes","floor":10,"turns":2},{"damage":0,"enemies":"Jaw Worm","floor":11,"turns":3},{"damage":21,"enemies":"Hexaghost","floor":16,"turns":11},{"damage":26,"enemies":"Spheric Guardian","floor":18,"turns":7},{"damage":24,"enemies":"Shell Parasite","floor":20,"turns":5},{"damage":21,"enemies":"Centurion and Healer","floor":22,"turns":7},{"damage":40,"enemies":"Book of Stabbing","floor":24,"turns":7},{"damage":8,"enemies":"Cultist and Chosen","floor":27,"turns":5},{"damage":19,"enemies":"Sentry and Sphere","floor":28,"turns":5},{"damage":1,"enemies":"Snecko","floor":31,"turns":5},{"damage":89,"enemies":"Automaton","floor":33,"turns":6}],"seed_played":"8279146829846676824","potions_obtained":[{"floor":1,"key":"DistilledChaos"},{"floor":11,"key":"ColorlessPotion"},{"floor":27,"key":"SkillPotion"},{"floor":31,"key":"DuplicationPotion"}],"is_trial":false,"path_per_floor":["M","?","?","$","?","R","E","R","T","M","M","?","?","$","R","B",null,"M","$","M","$","M","R","E","R","T","M","M","R","$","M","R","B"],"character_chosen":"DEFECT","items_purchased":["Streamline","Runic Capacitor","InkBottle","Static Discharge","Conserve Battery"],"campfire_rested":5,"item_purchase_floors":[4,19,19,19,21],"current_hp_per_floor":[68,61,46,46,46,46,14,36,36,34,34,52,52,52,52,31,64,38,38,14,14,30,52,12,34,34,26,7,29,29,28,50,0,0],"gold":30,"neow_bonus":"ONE_RARE_RELIC","is_daily":false,"chose_seed":false,"campfire_upgraded":2,"win_rate":0.0,"timestamp":1611630084,"path_taken":["M","?","?","$","?","R","E","R","T","?","M","?","?","$","R","BOSS","M","$","M","?","M","R","E","R","T","M","M","R","$","M","R","BOSS"],"items_purchased_type":["Card","Relic","Relic","Card","Card"],"build_version":"2020-12-22","purchased_purges":1,"victory":false,"max_hp_per_floor":[75,75,75,75,75,75,75,75,75,75,75,75,75,75,75,75,75,75,75,75,75,75,75,75,75,75,75,75,75,75,75,75,75,75],"relic_stats":{"Lizard Tail":37,"Torii":6,"counters":[13,72],"Astrolabe":["Aggregate","Blizzard","Undo"],"Whetstone":["Strike_B","Strike_B"],"MawBank":120,"obtain_stats":[{"Lizard Tail":0,"Torii":24,"Astrolabe":17,"GremlinMask":13,"Runic Capacitor":19,"Whetstone":7,"Cracked Core":0,"MawBank":9,"InkBottle":19,"Cables":26},{"Lizard Tail":0,"Torii":9,"Astrolabe":5,"GremlinMask":4,"Runic Capacitor":6,"Whetstone":2,"Cracked Core":0,"MawBank":2,"InkBottle":6,"Cables":9},{"Lizard Tail":0,"Torii":51,"Astrolabe":25,"GremlinMask":14,"Runic Capacitor":32,"Whetstone":9,"Cracked Core":0,"MawBank":9,"InkBottle":32,"Cables":51}],"InkBottle":[12],"Cables":[21,17,4,0,0]},"card_choices":[{"not_picked":["Heatsinks","Undo"],"picked":"Conserve Battery","floor":1},{"not_picked":["Hologram","Stack"],"picked":"Capacitor","floor":7},{"not_picked":["Conserve Battery","Scrape"],"picked":"Coolheaded","floor":10},{"not_picked":["Rebound","Hologram","Heatsinks"],"picked":"SKIP","floor":11},{"not_picked":["Meteor Strike","Thunder Strike"],"picked":"Electrodynamics","floor":16},{"not_picked":["Coolheaded","Reinforced Body"],"picked":"Consume","floor":20},{"not_picked":["Steam","Hello World+1"],"picked":"Stack+1","floor":22},{"not_picked":["Gash","Seek"],"picked":"Ball Lightning","floor":24},{"not_picked":["Heatsinks","Genetic Algorithm","Doom and Gloom"],"picked":"SKIP","floor":27},{"not_picked":["Gash","Beam Cell"],"picked":"Conserve Battery","floor":28},{"not_picked":["Skim","Ball Lightning+1"],"picked":"Machine Learning","floor":31}],"player_experience":1276102,"relics_obtained":[{"floor":7,"key":"Whetstone"},{"floor":9,"key":"MawBank"},{"floor":24,"key":"Torii"},{"floor":26,"key":"Cables"}],"event_choices":[{"cards_removed":["Doubt"],"damage_healed":0,"gold_gain":0,"player_choice":"Card Removal","damage_taken":7,"max_hp_gain":0,"max_hp_loss":0,"event_name":"Golden Wing","floor":2,"gold_loss":0},{"damage_healed":0,"gold_gain":0,"player_choice":"Entered Light","damage_taken":15,"max_hp_gain":0,"max_hp_loss":0,"event_name":"Shining Light","floor":3,"gold_loss":0,"cards_upgraded":["Defend_B","Strike_B"]},{"damage_healed":0,"gold_gain":100,"player_choice":"Gold","damage_taken":0,"max_hp_gain":0,"max_hp_loss":0,"event_name":"Wheel of Change","floor":5,"gold_loss":0},{"damage_healed":18,"gold_gain":0,"player_choice":"Healed","damage_taken":0,"max_hp_gain":0,"max_hp_loss":0,"event_name":"The Cleric","floor":12,"gold_loss":35},{"damage_healed":0,"gold_gain":0,"player_choice":"Trade","damage_taken":0,"relics_obtained":["GremlinMask"],"max_hp_gain":0,"max_hp_loss":0,"event_name":"FaceTrader","floor":13,"gold_loss":0}],"is_beta":false,"boss_relics":[{"not_picked":["Philosopher\u0027s Stone","FrozenCore"],"picked":"Astrolabe"}],"items_purged_floors":[30],"is_endless":false,"potions_floor_spawned":[1,11,27,31],"killed_by":"Automaton","ascension_level":12}}