{"host":"jbj9vjxoxc0v9q6j","time":1611636177,"event":{"mods":["BaseMod","Downfall","Hermit","Infinite Spire","Jorbs\u0027s Wanderer Trilogy","Minty Spire (QoL Compilation)","Replay The Spire","Shop Mod","StSLib","The Disciple","The Runesmith","The Servant 0.9.4"],"gold_per_floor":[99,115,128,128,1,19,19,19,169,5,22,32,32,48,66,169,169,169,169,169,169],"floor_reached":19,"language":"ENG","playtime":3929,"items_purged":["Guardian:Strike_Guardian"],"score":159,"play_id":"7dd553de-864b-40b9-b4c1-8ec4261359ee","local_time":"20210125234257","is_ascension_mode":false,"campfire_choices":[{"data":"Guardian:CurlUp","floor":1,"key":"SMITH"},{"data":"Guardian:Clone","floor":8,"key":"SMITH"},{"data":"Guardian:TwinSlam","floor":13,"key":"SMITH"},{"data":"Guardian:WalkerClaw","floor":18,"key":"SMITH"}],"circlet_count":0,"master_deck":["Guardian:Strike_Guardian","Guardian:Strike_Guardian","Guardian:Strike_Guardian","Guardian:Defend_Guardian","Guardian:Defend_Guardian","Guardian:Defend_Guardian","Guardian:Defend_Guardian","Guardian:CurlUp+1","Guardian:TwinSlam+1","Guardian:EvasiveProtocol","Guardian:Clone+1","Guardian:Reroute","Guardian:Recover","Guardian:PrimingBeam","Guardian:RevengeProtocol","Guardian:WalkerClaw+1","Guardian:StasisField"],"relics":["Guardian:ModeShifterPlus","StrikeDummy"],"acts_visited":["Exordium","TheCity"],"potions_floor_usage":[16,19,19],"damage_taken":[{"damage":1,"enemies":"Jaw Worm","floor":2,"turns":4},{"damage":7,"enemies":"Small Slimes","floor":3,"turns":5},{"damage":0,"enemies":"downfall:FleeingMerchant","floor":5,"turns":4},{"damage":0,"enemies":"Cultist","floor":6,"turns":4},{"damage":0,"enemies":"downfall:FleeingMerchant","floor":10,"turns":4},{"damage":6,"enemies":"Red Slaver","floor":11,"turns":5},{"damage":0,"enemies":"Blue Slaver","floor":12,"turns":4},{"damage":2,"enemies":"2 Fungi Beasts","floor":14,"turns":4},{"damage":3,"enemies":"3 Louse","floor":15,"turns":4},{"damage":57,"enemies":"SI_SHIV_ARCHETYPE","floor":16,"turns":14},{"damage":93,"enemies":"downfall:LadyInBlue","floor":19,"turns":18}],"seed_played":"4972526536197941386","potions_obtained":[{"floor":6,"key":"BlessingOfTheForge"},{"floor":11,"key":"Ancient Potion"},{"floor":12,"key":"GamblersBrew"},{"floor":15,"key":"SteroidPotion"}],"is_trial":false,"path_per_floor":["R","M","M","?","$","M","T","R","?","$","M","M","R","M","M","B",null,"R","?"],"character_chosen":"GUARDIAN","items_purchased":["Guardian:Reroute","Guardian:Gem_Crimson","Guardian:PrimingBeam","Guardian:Gem_Lightblue"],"campfire_rested":0,"item_purchase_floors":[5,5,10,10],"current_hp_per_floor":[88,87,80,75,75,75,75,75,75,75,69,69,69,67,64,7,88,88,0,0,0],"gold":169,"neow_bonus":"TEN_PERCENT_HP_BONUS","is_daily":false,"chose_seed":false,"campfire_upgraded":4,"win_rate":0.0,"timestamp":1611636177,"path_taken":["R","M","M","?","$","M","T","R","?","$","M","M","R","?","M","BOSS","R","?"],"items_purchased_type":["Card","Card","Card","Card"],"build_version":"2020-12-22","purchased_purges":1,"victory":false,"max_hp_per_floor":[88,88,88,88,88,88,88,88,88,88,88,88,88,88,88,88,88,88,88,88,88],"card_choices":[{"not_picked":["Guardian:VentSteam","Guardian:WalkerClaw"],"picked":"Guardian:Gem_Yellow","floor":2},{"not_picked":["Guardian:ShieldCharger","Guardian:Reroute"],"picked":"Guardian:EvasiveProtocol","floor":3},{"not_picked":["Guardian:VentSteam","Guardian:RollAttack"],"picked":"Guardian:Clone","floor":5},{"not_picked":["Guardian:PrismaticBeam","Guardian:Gem_Blue"],"picked":"Guardian:Recover","floor":6},{"not_picked":["Guardian:TemporalStrike","Guardian:PiercingHide"],"picked":"Guardian:Gem_Purple","floor":10},{"not_picked":["Guardian:Gem_Cyan","Guardian:Gem_Red"],"picked":"Guardian:RevengeProtocol","floor":11},{"not_picked":["Guardian:DonusPower","Guardian:Suspension","Guardian:PrismaticBeam"],"picked":"SKIP","floor":12},{"not_picked":["Guardian:Planning","Guardian:MultiBeam"],"picked":"Guardian:WalkerClaw","floor":14},{"not_picked":["Guardian:TemporalShield","Guardian:DecasProtection","Guardian:PrimingBeam"],"picked":"SKIP","floor":15},{"not_picked":["Guardian:Gem_Synthetic","Guardian:AncientConstruct"],"picked":"Guardian:StasisField","floor":16}],"player_experience":1967133,"relics_obtained":[{"floor":7,"key":"StrikeDummy"}],"event_choices":[],"is_beta":false,"boss_relics":[{"not_picked":["Coffee Dripper","Kintsugi"],"picked":"Guardian:ModeShifterPlus"}],"items_purged_floors":[10],"is_endless":false,"potions_floor_spawned":[6,11,12,15],"killed_by":"downfall:LadyInBlue","ascension_level":0}}