{"host":"f3vxwlz1n3azqp6q","time":1611654687,"event":{"mods":["BaseMod","Colored Powertips","Hermit","Jorbs\u0027s Wanderer Trilogy","Minty Spire (QoL Compilation)","StSLib","The Construct","The Cursed","The Hierophant","The Necromancer","The Poker Player","The Servant 0.9.4"],"gold_per_floor":[9999,8653,8665,8684,8703,8736,8751,8786,8810,8825,8840,8840,8857,7649,7649,7752,7752,7768,6901,6914,6914,6914,6949,6964,6977,7003,7003,5850,5868,5879,5879,5879,5982,6032,6043,6043,6055,6070,6090,6123,6171,6171,6171,6200,6200,4936,4936,4971,4971,4971,4971,4971,3678,3712,3712],"floor_reached":56,"language":"ENG","playtime":5901,"items_purged":["TheCursedMod:Defend_TheCursed","TheCursedMod:Defend_TheCursed","TheCursedMod:Defend_TheCursed","TheCursedMod:Defend_TheCursed","TheCursedMod:CleanUpWorkshop","TheCursedMod:SmokeScreen"],"score":1496,"play_id":"0c5241f2-c843-479d-8866-6f11a6b98fae","local_time":"20210126015127","is_ascension_mode":false,"campfire_choices":[{"floor":15,"key":"RECALL"},{"data":"TheCursedMod:CollectTribute","floor":27,"key":"SMITH"},{"data":"TheCursedMod:NeowsMight","floor":32,"key":"SMITH"},{"data":"Mayhem","floor":45,"key":"SMITH"},{"data":"TheCursedMod:CollectTribute","floor":47,"key":"SMITH"},{"data":"TheCursedMod:VoidForm","floor":49,"key":"SMITH"},{"data":"TheCursedMod:VoidForm","floor":52,"key":"SMITH"}],"circlet_count":0,"master_deck":["TheCursedMod:CursedWand","TheCursedMod:Dregs","TheCursedMod:ManaBullet+1","TheCursedMod:VoidForm+1","Mayhem+1","TheCursedMod:CircleOfBlood","TheCursedMod:CursedBoomerang","TheCursedMod:CursedBlade","TheCursedMod:CursedBlade","TheCursedMod:Hemoplague","TheCursedMod:SpitefulPray","TheCursedMod:DarkBarrier","TheCursedMod:EmpowerCircles","TheCursedMod:HellsGateOpen","TheCursedMod:Neurasthenia","TheCursedMod:HellsGateOpen","TheCursedMod:PrepareRite","TheCursedMod:CursedArmor","Master of Strategy","Good Instincts","TheCursedMod:VoidForm","TheCursedMod:LuckyCharm","TheCursedMod:HellfireBreathing","TheCursedMod:ReleasedKnowledge","TheCursedMod:Hemoplague","TheCursedMod:CollectTribute+1","TheCursedMod:CircleOfCorruption","TheCursedMod:AbyssShockwave+1","TheCursedMod:CircleOfWindfury+1","Parasite","Panache","TheCursedMod:NeowsMight+1","TheCursedMod:SpitefulPlan","TheCursedMod:CollectTribute+1","TheCursedMod:ReleasedStrength","TheCursedMod:CircleOfWindfury+1","Bite","Bite","Bite","Bite","Bite","TheCursedMod:ParallelWorld","TheCursedMod:HellfireBreathing","TheCursedMod:CircleOfFocus+1","TheCursedMod:Dregs","TheCursedMod:HellfireBreathing","TheCursedMod:HellfireBreathing","Injury","TheCursedMod:Hemoplague+1","TheCursedMod:CollectTribute+1","Panache","TheCursedMod:Mangle","Panacea","TheCursedMod:CursedBoomerang","TheCursedMod:VoidForm+1","TheCursedMod:StunningStrike","Magnetism","TheCursedMod:LuckyCharm"],"relics":["TheCursedMod:BlackMagic101","construct:FoamFinger","TheAbacus","Bag of Preparation","Mercury Hourglass","White Beast Statue","Oddly Smooth Stone","TheCursedMod:DemonicMark","Toolbox","Ancient Tea Set","Cursed Key","Tiny Chest","OrangePellets","Blue Candle","Toy Ornithopter","Strawberry","Singing Bowl","TheCursedMod:BloodyHarpoon","DollysMirror","Tiny House","Letter Opener","Bottled Tornado","Girya","Meat on the Bone","Kunai","Sundial","Bronze Scales","Cauldron","Smiling Mask","Lizard Tail","Thread and Needle","HandDrill","Pen Nib"],"acts_visited":["Exordium","TheCity","TheBeyond","TheEnding"],"potions_floor_usage":[8,8,8,16,16,16,24,33,35,39,41,41,50,54,55,55],"damage_taken":[{"damage":0,"enemies":"2 Louse","floor":1,"turns":3},{"damage":8,"enemies":"Jaw Worm","floor":3,"turns":3},{"damage":0,"enemies":"Small Slimes","floor":4,"turns":2},{"damage":9,"enemies":"2 Fungi Beasts","floor":5,"turns":2},{"damage":37,"enemies":"3 Sentries","floor":6,"turns":5},{"damage":1,"enemies":"Exordium Thugs","floor":7,"turns":3},{"damage":2,"enemies":"Gremlin Nob","floor":8,"turns":3},{"damage":0,"enemies":"3 Louse","floor":10,"turns":2},{"damage":8,"enemies":"Large Slime","floor":11,"turns":5},{"damage":0,"enemies":"Exordium Wildlife","floor":13,"turns":3},{"damage":164,"enemies":"Hexaghost","floor":16,"turns":5},{"damage":0,"enemies":"Chosen","floor":18,"turns":6},{"damage":6,"enemies":"3 Byrds","floor":20,"turns":3},{"damage":28,"enemies":"Gremlin Leader","floor":23,"turns":5},{"damage":7,"enemies":"Snake Plant","floor":24,"turns":3},{"damage":12,"enemies":"Centurion and Healer","floor":25,"turns":5},{"damage":9,"enemies":"Chosen and Byrds","floor":29,"turns":4},{"damage":3,"enemies":"Cultist and Chosen","floor":30,"turns":4},{"damage":4,"enemies":"Collector","floor":33,"turns":5},{"damage":18,"enemies":"3 Darklings","floor":35,"turns":4},{"damage":11,"enemies":"Orb Walker","floor":37,"turns":3},{"damage":11,"enemies":"Maw","floor":38,"turns":5},{"damage":14,"enemies":"Sphere and 2 Shapes","floor":39,"turns":5},{"damage":0,"enemies":"Giant Head","floor":40,"turns":3},{"damage":8,"enemies":"2 Orb Walkers","floor":41,"turns":4},{"damage":16,"enemies":"Nemesis","floor":44,"turns":5},{"damage":4,"enemies":"Giant Head","floor":48,"turns":3},{"damage":140,"enemies":"Awakened One","floor":50,"turns":7},{"damage":30,"enemies":"Shield and Spear","floor":54,"turns":3},{"damage":128,"enemies":"The Heart","floor":55,"turns":7}],"seed_played":"4795770955895575302","potions_obtained":[{"floor":8,"key":"LiquidMemories"},{"floor":10,"key":"Regen Potion"},{"floor":11,"key":"SpeedPotion"},{"floor":13,"key":"BlessingOfTheForge"},{"floor":16,"key":"Regen Potion"},{"floor":18,"key":"Weak Potion"},{"floor":20,"key":"Swift Potion"},{"floor":24,"key":"Dexterity Potion"},{"floor":33,"key":"TheCursedMod:DregsPotion"},{"floor":35,"key":"Dexterity Potion"},{"floor":37,"key":"FairyPotion"},{"floor":38,"key":"Regen Potion"},{"floor":39,"key":"Block Potion"},{"floor":41,"key":"AttackPotion"},{"floor":44,"key":"ColorlessPotion"},{"floor":46,"key":"SneckoOil"},{"floor":54,"key":"AttackPotion"}],"is_trial":false,"path_per_floor":["M","$","M","M","M","E","M","E","T","M","M","?","M","$","R","B",null,"M","$","M","?","?","E","M","M","T","R","$","M","M","?","R","B",null,"M","T","M","M","M","E","?","?","T","E","R","$","R","E","R","B",null,"R","$","E","B",null],"character_chosen":"THE_CURSED","items_purchased":["construct:FoamFinger","Regen Potion","Fire Potion","SteroidPotion","TheAbacus","Bag of Preparation","TheCursedMod:VoidForm","Mayhem","TheCursedMod:CircleOfBlood","TheCursedMod:CursedBoomerang","TheCursedMod:CursedBlade","TheCursedMod:DemonicMark","Toolbox","Ancient Tea Set","LiquidMemories","TheCursedMod:HellsGateOpen","TheCursedMod:PrepareRite","TheCursedMod:CursedArmor","Master of Strategy","Good Instincts","Tiny Chest","OrangePellets","Blue Candle","TheCursedMod:HellfireBreathing","TheCursedMod:ReleasedKnowledge","TheCursedMod:DregsPotion","Panache","TheCursedMod:NeowsMight","TheCursedMod:SpitefulPlan","Singing Bowl","TheCursedMod:BloodyHarpoon","DollysMirror","Sundial","Bronze Scales","TheCursedMod:CollectTribute","Panache","TheCursedMod:Mangle","Panacea","TheCursedMod:CursedBoomerang","Cauldron","Lizard Tail","Thread and Needle","HandDrill","TheCursedMod:StunningStrike","Magnetism","TheCursedMod:LuckyCharm","SneckoOil"],"campfire_rested":0,"item_purchase_floors":[2,2,2,2,2,2,2,2,2,2,2,14,14,14,14,14,14,14,14,14,19,19,19,19,19,19,28,28,28,28,28,28,46,46,46,46,46,46,46,46,53,53,53,53,53,53,53],"current_hp_per_floor":[500,500,492,498,491,454,455,455,455,455,451,448,450,450,450,306,500,500,500,494,494,374,346,352,342,349,349,349,346,347,347,347,358,363,352,352,345,344,349,365,369,369,369,359,359,359,359,363,363,244,369,369,369,341,239],"gold":3712,"neow_bonus":"TEN_PERCENT_HP_BONUS","is_daily":false,"chose_seed":false,"campfire_upgraded":6,"win_rate":0.0,"timestamp":1611654687,"path_taken":["M","$","M","M","M","E","M","E","T","M","M","?","M","?","R","BOSS","M","$","M","?","?","E","M","M","T","R","$","M","M","?","R","BOSS","M","?","M","M","M","E","?","?","T","E","R","$","R","E","R","BOSS","R","$","E","BOSS"],"items_purchased_type":["Relic","Potion","Potion","Potion","Relic","Relic","Card","Card","Card","Card","Card","Relic","Relic","Relic","Potion","Card","Card","Card","Card","Card","Relic","Relic","Relic","Card","Card","Potion","Card","Card","Card","Relic","Relic","Relic","Relic","Relic","Card","Card","Card","Card","Card","Relic","Relic","Relic","Relic","Card","Card","Card","Potion"],"build_version":"2020-12-22","purchased_purges":6,"victory":true,"max_hp_per_floor":[500,500,500,500,500,500,500,500,500,500,500,500,500,500,500,500,500,500,500,500,500,505,505,505,505,512,512,512,512,512,358,358,358,363,363,363,365,365,367,369,369,369,369,369,369,369,369,369,369,369,369,369,369,371,371],"card_choices":[{"not_picked":["TheCursedMod:WearCloak","TheCursedMod:Stigma"],"picked":"TheCursedMod:ManaBullet","floor":1},{"not_picked":["TheCursedMod:CursedAmulet","TheCursedMod:AshesToAshes"],"picked":"TheCursedMod:SmokeScreen","floor":3},{"not_picked":["TheCursedMod:Stretching","TheCursedMod:Torture"],"picked":"TheCursedMod:CursedBlade","floor":4},{"not_picked":["TheCursedMod:CursedBoomerang","TheCursedMod:CursedAmulet"],"picked":"TheCursedMod:Hemoplague","floor":5},{"not_picked":["TheCursedMod:VitalStrike","TheCursedMod:SurpriseAttack"],"picked":"TheCursedMod:SpitefulPray","floor":6},{"not_picked":["TheCursedMod:CircleOfFocus","TheCursedMod:VitalStrike"],"picked":"TheCursedMod:DarkBarrier","floor":7},{"not_picked":["TheCursedMod:CursedAmulet","TheCursedMod:SoulReap"],"picked":"TheCursedMod:EmpowerCircles","floor":8},{"not_picked":["TheCursedMod:CursedShiv","TheCursedMod:Stretching"],"picked":"TheCursedMod:Evocation","floor":10},{"not_picked":["TheCursedMod:SpitefulStrike","TheCursedMod:CursedSpellbook"],"picked":"TheCursedMod:HellsGateOpen","floor":11},{"not_picked":["TheCursedMod:SpitefulStrike","TheCursedMod:CircleOfFocus"],"picked":"TheCursedMod:Neurasthenia","floor":13},{"not_picked":["TheCursedMod:AntiAging","TheCursedMod:DemonicPact"],"picked":"TheCursedMod:VoidForm","floor":16},{"not_picked":["TheCursedMod:Torture","TheCursedMod:CircleOfFlame"],"picked":"TheCursedMod:LuckyCharm","floor":18},{"not_picked":["TheCursedMod:SurpriseAttack+1","TheCursedMod:Grudge+1"],"picked":"TheCursedMod:Hemoplague","floor":20},{"not_picked":["TheCursedMod:UltimatePain","TheCursedMod:CircleOfFlame"],"picked":"TheCursedMod:CircleOfCorruption","floor":23},{"not_picked":["TheCursedMod:SaltUponWound+1","TheCursedMod:ReleasedKnowledge+1"],"picked":"TheCursedMod:AbyssShockwave+1","floor":24},{"not_picked":["TheCursedMod:SmokeScreen","TheCursedMod:SurpriseAttack+1"],"picked":"TheCursedMod:CircleOfWindfury+1","floor":25},{"not_picked":["TheCursedMod:Stigma","TheCursedMod:SpitefulPlan"],"picked":"TheCursedMod:ReleasedStrength","floor":29},{"not_picked":["TheCursedMod:Grudge","TheCursedMod:SmokeScreen+1"],"picked":"TheCursedMod:CircleOfWindfury+1","floor":30},{"not_picked":["TheCursedMod:UltimatePain","TheCursedMod:DemonSword"],"picked":"TheCursedMod:ParallelWorld","floor":33},{"not_picked":["TheCursedMod:WearCloak","TheCursedMod:RapidMovement+1"],"picked":"TheCursedMod:HellfireBreathing","floor":34},{"not_picked":["TheCursedMod:ManaBullet","TheCursedMod:Obscuration+1"],"picked":"TheCursedMod:CircleOfFocus+1","floor":35},{"not_picked":["TheCursedMod:SpitefulPlan+1","TheCursedMod:Obscuration","TheCursedMod:SpitefulStrike"],"picked":"Singing Bowl","floor":37},{"not_picked":["TheCursedMod:TacticalStrike+1","TheCursedMod:Obscuration+1"],"picked":"TheCursedMod:HellfireBreathing","floor":38},{"not_picked":["TheCursedMod:SpitefulStrike","TheCursedMod:VitalStrike+1","TheCursedMod:RapidMovement"],"picked":"Singing Bowl","floor":39},{"not_picked":["TheCursedMod:RapidMovement+1","TheCursedMod:Evocation","TheCursedMod:CircleOfFocus"],"picked":"Singing Bowl","floor":40},{"not_picked":["TheCursedMod:CursedArmor","TheCursedMod:Grudge"],"picked":"TheCursedMod:HellfireBreathing","floor":41},{"not_picked":["TheCursedMod:CursedMace","TheCursedMod:SmokeScreen"],"picked":"TheCursedMod:Hemoplague+1","floor":44},{"not_picked":["TheCursedMod:TroublousMinions+1","TheCursedMod:SoulCrush"],"picked":"TheCursedMod:VoidForm","floor":48},{"not_picked":["TheCursedMod:CursedShiv+1","TheCursedMod:SurpriseAttack","TheCursedMod:Wield"],"picked":"Singing Bowl","floor":54}],"player_experience":275799,"relics_obtained":[{"floor":6,"key":"Mercury Hourglass"},{"floor":8,"key":"White Beast Statue"},{"floor":23,"key":"Toy Ornithopter"},{"floor":26,"key":"Strawberry"},{"floor":36,"key":"Letter Opener"},{"floor":40,"key":"Bottled Tornado"},{"floor":41,"key":"Girya"},{"floor":43,"key":"Meat on the Bone"},{"floor":44,"key":"Kunai"},{"floor":48,"key":"Smiling Mask"},{"floor":54,"key":"Pen Nib"}],"event_choices":[{"damage_healed":0,"gold_gain":0,"player_choice":"Success","damage_taken":3,"relics_obtained":["Oddly Smooth Stone"],"max_hp_gain":0,"max_hp_loss":0,"event_name":"Scrap Ooze","floor":12,"gold_loss":0},{"damage_healed":0,"gold_gain":0,"player_choice":"Read","damage_taken":0,"max_hp_gain":0,"max_hp_loss":0,"event_name":"The Library","floor":21,"gold_loss":0,"cards_obtained":["TheCursedMod:CollectTribute"]},{"damage_healed":0,"gold_gain":0,"player_choice":"Shed Blood","damage_taken":125,"max_hp_gain":5,"max_hp_loss":0,"event_name":"Forgotten Altar","floor":22,"gold_loss":0},{"damage_healed":0,"gold_gain":0,"player_choice":"Became a vampire","damage_taken":0,"max_hp_gain":0,"max_hp_loss":154,"event_name":"Vampires","floor":31,"gold_loss":0,"cards_obtained":["Bite","Bite","Bite","Bite","Bite"]},{"damage_healed":0,"gold_gain":0,"player_choice":"Fight","damage_taken":0,"max_hp_gain":0,"max_hp_loss":0,"event_name":"Mysterious Sphere","floor":41,"gold_loss":0},{"cards_removed":["TheCursedMod:Evocation"],"damage_healed":0,"gold_gain":0,"player_choice":"Removed Skill","damage_taken":0,"max_hp_gain":0,"max_hp_loss":0,"event_name":"Falling","floor":42,"gold_loss":0}],"is_beta":false,"boss_relics":[{"not_picked":["TheCursedMod:BlackMagicAdvanced","Busted Crown"],"picked":"Cursed Key"},{"not_picked":["Runic Dome","Sozu"],"picked":"Tiny House"}],"items_purged_floors":[2,14,19,28,46,53],"is_endless":false,"potions_floor_spawned":[3,5,8,10,11,13,16,18,20,23,24,25,29,30,33,35,37,38,39,40,41,44,48,54],"ascension_level":0}}