{"host":"8d5lz1qub9wfpdii","time":1611630247,"event":{"mods":["2.2 Compatiblity","AchievementEnabler","Act Like it!","Arknights The Spire","Aspiration","BaseMod","Beaked The Cultist","Bestiary","Better Altar","Better Match","Better Note","Better Skull","Better Third Choice","BetterRewards","Colored Powertips","Conspire","Downfall","Friendly Minions","GifTheSpireLib","Hallownest","Hermit","Hubris","Infinite Spire","Jorbs\u0027s Wanderer Trilogy","Minty Spire (QoL Compilation)","RNG Fix","Relic Stats","Replay The Spire","Shade Mod","Shop Mod","Spicy Shops","Spire Arcade","StSLib","Stuff the Spire","The Animator","The Blackbeard","The Bug Knight","The Clintock","The Forsaken","The Hayseed","The Hierophant","The Necromancer","The Runesmith","The Servant 0.9.4","Uncapped","Wandering Minibosses"],"gold_per_floor":[116,133,151,151,7,7,38,38,88,88,88],"floor_reached":10,"language":"ENG","playtime":398,"items_purged":[],"score":66,"play_id":"f0ba7852-d3df-4879-8064-d0480ef716dd","local_time":"20210126133407","is_ascension_mode":false,"campfire_choices":[{"data":"beaked:Ceremony","floor":6,"key":"SMITH"}],"circlet_count":0,"master_deck":["beaked:Strike_Y","beaked:Strike_Y","beaked:Strike_Y","beaked:Strike_Y","beaked:Strike_Y","beaked:Defend_Y","beaked:Defend_Y","beaked:Defend_Y","beaked:Defend_Y","beaked:Ceremony+1","beaked:Ceremony","beaked:Ceremony+1","beaked:TuckingFeathers","beaked:BraceForImpact","beaked:Evade","beaked:ScreechingChant","beaked:FeelMyPain"],"relics":["beaked:MendingPlumage","Oddly Smooth Stone","Regal Pillow","Pet Ghost"],"acts_visited":["Exordium"],"potions_floor_usage":[10],"damage_taken":[{"damage":9,"enemies":"Cultist","floor":1,"turns":5},{"damage":8,"enemies":"2 Louse","floor":2,"turns":3},{"damage":11,"enemies":"Jaw Worm","floor":3,"turns":5},{"damage":48,"enemies":"3 Sentries","floor":7,"turns":8},{"damage":27,"enemies":"Gremlin Nob","floor":10,"turns":4}],"seed_played":"3614943753024399196","potions_obtained":[{"floor":1,"key":"Ancient Potion"}],"is_trial":false,"path_per_floor":["M","M","M","?","$","R","E","?","T","E"],"character_chosen":"BEAKED_THE_CULTIST","items_purchased":["Oddly Smooth Stone","beaked:ScreechingChant"],"campfire_rested":0,"item_purchase_floors":[0,5],"current_hp_per_floor":[48,49,49,49,49,49,19,12,12,0,0],"gold":88,"neow_bonus":"","is_daily":false,"chose_seed":false,"campfire_upgraded":1,"win_rate":0.0,"timestamp":1611630247,"path_taken":["M","M","?","?","?","R","E","?","T","E"],"items_purchased_type":["Relic","Card"],"build_version":"2020-12-22","purchased_purges":0,"victory":false,"max_hp_per_floor":[50,50,50,50,50,50,50,50,50,50,50],"relic_stats":{"Regal Pillow":0,"counters":[14,74],"obtain_stats":[{"MerchantsRug":5,"Regal Pillow":7,"NeowsBlessing":0,"Happy Flower":13,"Oddly Smooth Stone":0,"Blue Doll":6,"infinitespire:Lucky Rock":9,"beaked:MendingPlumage":0,"theForsaken:PlagueMask":7,"Replay:Winged Headress":10,"Pet Ghost":9},{"MerchantsRug":2,"Regal Pillow":13,"NeowsBlessing":0,"Happy Flower":5,"Oddly Smooth Stone":9,"Blue Doll":3,"infinitespire:Lucky Rock":3,"beaked:MendingPlumage":0,"theForsaken:PlagueMask":3,"Replay:Winged Headress":4,"Pet Ghost":13},{"MerchantsRug":2,"Regal Pillow":70,"NeowsBlessing":0,"Happy Flower":20,"Oddly Smooth Stone":49,"Blue Doll":3,"infinitespire:Lucky Rock":3,"beaked:MendingPlumage":0,"theForsaken:PlagueMask":3,"Replay:Winged Headress":13,"Pet Ghost":70}]},"card_choices":[{"not_picked":["beaked:Recite","beaked:Cower"],"picked":"beaked:BraceForImpact","floor":1},{"not_picked":["beaked:BraceForImpact","beaked:WarriorEssence"],"picked":"beaked:Evade","floor":2},{"not_picked":["beaked:VigorBurst","beaked:Poke","beaked:Tradeoff"],"picked":"SKIP","floor":3},{"not_picked":["beaked:Resilience","beaked:DigDeeper"],"picked":"beaked:FeelMyPain","floor":7}],"player_experience":89595,"relics_obtained":[{"floor":7,"key":"Regal Pillow"},{"floor":9,"key":"Pet Ghost"}],"event_choices":[{"cards_removed":["beaked:Strike_Y"],"damage_healed":0,"gold_gain":0,"player_choice":"Card Removal","damage_taken":7,"max_hp_gain":0,"max_hp_loss":0,"event_name":"Golden Wing","floor":8,"gold_loss":0}],"is_beta":false,"boss_relics":[],"items_purged_floors":[],"is_endless":false,"potions_floor_spawned":[1],"killed_by":"Gremlin Nob","ascension_level":0}}