{"host":"kpyf5rnb72uwap8k","time":1611702874,"event":{"mods":["AchievementEnabler","BaseMod","Colored Map","Colored Powertips","DeckTracker","Minty Spire (QoL Compilation)","Permanent Neow","Quick Restart","StSLib","SuperFastMode"],"gold_per_floor":[118,118,293,303,316,316,58,58,58,58,58,72,100,117,117,217,267,286,115,143,153,252,252,267,142,142,142,160,160,172,198,198,198,198],"floor_reached":33,"language":"KOR","playtime":923,"items_purged":["Doubt","Defend_R","Parasite"],"score":292,"play_id":"c17c6e58-6a99-4a31-b303-1e4d96aaec6b","local_time":"20210127081434","is_ascension_mode":true,"campfire_choices":[{"data":"Perfected Strike","floor":6.0,"key":"SMITH"},{"data":"Dual Wield","floor":8.0,"key":"SMITH"},{"data":"Trip","floor":10.0,"key":"SMITH"},{"floor":15.0,"key":"REST"},{"data":"Second Wind","floor":23.0,"key":"SMITH"},{"floor":27.0,"key":"REST"},{"floor":32.0,"key":"REST"}],"circlet_count":0,"master_deck":["Strike_R","Strike_R","Strike_R+1","Strike_R","Strike_R","Defend_R","Defend_R","Bash+1","Perfected Strike+1","Battle Trance","Wild Strike","Dual Wield+1","Trip+1","Impervious","Second Wind+1","Power Through","Impervious","True Grit+1","Feel No Pain"],"relics":["Burning Blood","Blue Candle","Bronze Scales","Tiny House","Red Mask","Red Skull","Regal Pillow"],"acts_visited":["Exordium","TheCity"],"potions_floor_usage":[33],"damage_taken":[{"damage":5.0,"enemies":"Small Slimes","floor":1.0,"turns":4.0},{"damage":0.0,"enemies":"Cultist","floor":4.0,"turns":2.0},{"damage":12.0,"enemies":"Jaw Worm","floor":5.0,"turns":3.0},{"damage":22.0,"enemies":"3 Louse","floor":12.0,"turns":3.0},{"damage":14.0,"enemies":"Gremlin Nob","floor":13.0,"turns":3.0},{"damage":7.0,"enemies":"Exordium Wildlife","floor":14.0,"turns":3.0},{"damage":16.0,"enemies":"Slime Boss","floor":16.0,"turns":7.0},{"damage":33.0,"enemies":"Spheric Guardian","floor":18.0,"turns":6.0},{"damage":24.0,"enemies":"Masked Bandits","floor":20.0,"turns":5.0},{"damage":12.0,"enemies":"3 Byrds","floor":21.0,"turns":3.0},{"damage":4.0,"enemies":"Snecko","floor":24.0,"turns":4.0},{"damage":11.0,"enemies":"Snake Plant","floor":28.0,"turns":4.0},{"damage":33.0,"enemies":"Sentry and Sphere","floor":30.0,"turns":8.0},{"damage":10.0,"enemies":"Gremlin Leader","floor":31.0,"turns":7.0},{"damage":80,"enemies":"Champ","floor":33,"turns":16}],"seed_played":"-5876293109883923805","potions_obtained":[{"floor":12.0,"key":"SkillPotion"},{"floor":13.0,"key":"SpeedPotion"},{"floor":16.0,"key":"BloodPotion"},{"floor":17.0,"key":"Explosive Potion"}],"is_trial":false,"path_per_floor":["M","?","?","M","M","R","$","R","T","R","?","M","E","M","R","B",null,"M","$","?","M","?","R","M","$","T","R","M","?","M","E","R","B"],"character_chosen":"IRONCLAD","items_purchased":["Wild Strike","Dual Wield","Trip","Impervious"],"campfire_rested":3,"item_purchase_floors":[7,7,7,19],"current_hp_per_floor":[80,73,73,79,73,73,73,73,73,73,73,57,49,48,72,62,85,58,58,40,34,34,34,36,36,36,60,55,55,28,24,63,0,0],"gold":198,"neow_bonus":"UPGRADE_CARD","is_daily":false,"chose_seed":false,"campfire_upgraded":4,"win_rate":0.0,"timestamp":1611702874,"path_taken":["M","?","?","M","M","R","$","R","T","R","?","?","E","M","R","BOSS","M","$","?","M","?","R","M","$","T","R","M","?","?","E","R","BOSS"],"items_purchased_type":["Card","Card","Card","Card"],"build_version":"2020-12-22","purchased_purges":3,"victory":false,"max_hp_per_floor":[80,80,80,80,80,80,80,80,80,80,80,80,80,80,80,80,85,85,85,85,85,85,85,85,82,82,82,82,82,82,82,82,82,82],"card_choices":[{"not_picked":["Anger","Iron Wave"],"picked":"Perfected Strike","floor":1.0},{"not_picked":["Second Wind","Berserk"],"picked":"Battle Trance","floor":4.0},{"not_picked":["Clash","Clothesline","Sword Boomerang"],"picked":"SKIP","floor":5.0},{"not_picked":["Armaments","Inflame","Headbutt"],"picked":"SKIP","floor":12.0},{"not_picked":["Clothesline","Dropkick","Headbutt"],"picked":"SKIP","floor":13.0},{"not_picked":["Hemokinesis","Demon Form","Body Slam"],"picked":"SKIP","floor":14.0},{"not_picked":["Bludgeon","Immolate"],"picked":"Impervious","floor":16.0},{"not_picked":["Sentinel","Iron Wave"],"picked":"Second Wind","floor":17.0},{"not_picked":["Havoc","Armaments"],"picked":"Power Through","floor":18.0},{"not_picked":["Perfected Strike+1","Cleave+1"],"picked":"True Grit+1","floor":21.0},{"not_picked":["Flex","Headbutt"],"picked":"Feel No Pain","floor":24.0},{"not_picked":["Flex","Anger","Headbutt"],"picked":"SKIP","floor":28.0},{"not_picked":["Battle Trance","Warcry","Cleave"],"picked":"SKIP","floor":30.0},{"not_picked":["Power Through","Sever Soul","Battle Trance"],"picked":"SKIP","floor":31.0}],"player_experience":181745,"relics_obtained":[{"floor":9.0,"key":"Blue Candle"},{"floor":13.0,"key":"Bronze Scales"},{"floor":20.0,"key":"Red Mask"},{"floor":26.0,"key":"Red Skull"},{"floor":31.0,"key":"Regal Pillow"}],"event_choices":[{"cards_removed":["Defend_R"],"damage_healed":0.0,"max_hp_gain":0.0,"max_hp_loss":0.0,"gold_gain":0.0,"event_name":"Golden Wing","player_choice":"Card Removal","floor":2.0,"gold_loss":0.0,"damage_taken":7.0},{"damage_healed":0.0,"max_hp_gain":0.0,"max_hp_loss":0.0,"gold_gain":175.0,"event_name":"Liars Game","player_choice":"AGREE","floor":3.0,"gold_loss":0.0,"damage_taken":0.0,"cards_obtained":["Doubt"]},{"damage_healed":0.0,"max_hp_gain":0.0,"max_hp_loss":0.0,"gold_gain":0.0,"event_name":"Match and Keep!","player_choice":"1 cards matched","floor":11.0,"gold_loss":0.0,"damage_taken":0.0,"cards_obtained":["Parasite"]},{"damage_healed":0.0,"max_hp_gain":0.0,"max_hp_loss":0.0,"gold_gain":0.0,"event_name":"Match and Keep!","player_choice":"1 cards matched","floor":11.0,"gold_loss":0.0,"damage_taken":0.0,"cards_obtained":["Parasite"]},{"damage_healed":0.0,"max_hp_gain":0.0,"max_hp_loss":0.0,"gold_gain":0.0,"event_name":"Masked Bandits","player_choice":"Fought Bandits","floor":20.0,"gold_loss":0.0,"damage_taken":0.0},{"damage_healed":0.0,"max_hp_gain":0.0,"max_hp_loss":0.0,"gold_gain":99.0,"event_name":"Nest","player_choice":"Stole From Cult","floor":22.0,"gold_loss":0.0,"damage_taken":0.0},{"damage_healed":0.0,"max_hp_gain":0.0,"max_hp_loss":0.0,"gold_gain":0.0,"event_name":"The Mausoleum","player_choice":"Ignored","floor":29.0,"gold_loss":0.0,"damage_taken":0.0}],"is_beta":false,"boss_relics":[{"not_picked":["Cursed Key","Coffee Dripper"],"picked":"Tiny House"}],"items_purged_floors":[7,19,25],"is_endless":false,"potions_floor_spawned":[12,13,16,24,28],"killed_by":"Champ","ascension_level":2}}