{"host":"6p0attdrtjqaih7v","time":1611645327,"event":{"mods":["2.2 Compatiblity","AchievementEnabler","Bard","BaseMod","Better Skull","Better Third Choice","Colored Powertips","Hermit","Highlight Path","Jorbs\u0027s Wanderer Trilogy","Key Reminder","Minty Spire (QoL Compilation)","Permanent Neow","Quick Restart","Random Character Button","Relic Stats","Replay The Spire","Robot Space Explorer","StSLib"],"gold_per_floor":[110,122,122,141,9,40,40,72,72,72,100,100,112,127,127,205,205,220,235,247,247,260,260,31,47,94,124,124,138,138,47,47,120,120,131,145,163,179,179,179,192,192,192,212,212,231,231,76,76,76],"floor_reached":51,"language":"ENG","playtime":3273,"items_purged":["RobotSpaceExplorer:Strike","RobotSpaceExplorer:Strike"],"score":1385,"play_id":"ebd59b2d-eebf-4eff-8ea9-6a3fab574fed","local_time":"20210126021527","is_ascension_mode":true,"campfire_choices":[{"data":"RobotSpaceExplorer:MiniLasers","floor":7,"key":"SMITH"},{"data":"RobotSpaceExplorer:StarLightning","floor":10,"key":"SMITH"},{"data":"RobotSpaceExplorer:FreezingShield","floor":15,"key":"SMITH"},{"data":"RobotSpaceExplorer:ShovelStrike","floor":23,"key":"SMITH"},{"data":"RobotSpaceExplorer:ShovelStrike","floor":28,"key":"SMITH"},{"data":"RobotSpaceExplorer:StunGrenade","floor":30,"key":"SMITH"},{"data":"RobotSpaceExplorer:Arsenal","floor":32,"key":"SMITH"},{"data":"RobotSpaceExplorer:ChargingLaser","floor":40,"key":"SMITH"},{"data":"Mind Blast","floor":42,"key":"SMITH"},{"data":"RobotSpaceExplorer:Jetpack","floor":45,"key":"SMITH"},{"data":"RobotSpaceExplorer:Fix","floor":49,"key":"SMITH"}],"circlet_count":0,"master_deck":["AscendersBane","RobotSpaceExplorer:Strike","RobotSpaceExplorer:Strike","RobotSpaceExplorer:Defend","RobotSpaceExplorer:Defend","RobotSpaceExplorer:Defend","RobotSpaceExplorer:Defend","RobotSpaceExplorer:Scan","RobotSpaceExplorer:MiniLasers+1","RobotSpaceExplorer:FreezingShield+1","RobotSpaceExplorer:ScrapShield","RobotSpaceExplorer:ShovelStrike+1","RobotSpaceExplorer:StarLightning+1","RobotSpaceExplorer:Probe+1","RobotSpaceExplorer:SurgingStrike","RobotSpaceExplorer:ScrapShield","RobotSpaceExplorer:MetalStrike","RobotSpaceExplorer:Accelerator","RobotSpaceExplorer:StunGrenade+1","RobotSpaceExplorer:ShovelStrike+1","RobotSpaceExplorer:Jetpack+1","RobotSpaceExplorer:Arsenal+1","RobotSpaceExplorer:Jetpack","RobotSpaceExplorer:MakeshiftVolley+1","Good Instincts","RobotSpaceExplorer:ChargingLaser+1","RobotSpaceExplorer:Fix+1","RobotSpaceExplorer:StunGrenade+1","RobotSpaceExplorer:JunkDive","Master of Strategy","Mind Blast+1","RobotSpaceExplorer:TurboDodge+1","RobotSpaceExplorer:IronShell+1","Thinking Ahead"],"relics":["RobotSpaceExplorer:RoboCore","Bag of Marbles","Replay:PocketPolymizer","ReplayTheSpireMod:Ninjato","Simple Rune","Coffee Dripper","BargainBundle","Replay:Wax Seal","Whetstone","Replay:Grab Bag","Cursed Key","RobotSpaceExplorer:SearchSpecs"],"acts_visited":["TheCity","TheBeyond"],"potions_floor_usage":[8,16,20,27,29,33,33],"damage_taken":[{"damage":14,"enemies":"Jaw Worm","floor":1,"turns":8},{"damage":2,"enemies":"Small Slimes","floor":2,"turns":4},{"damage":0,"enemies":"Cultist","floor":4,"turns":3},{"damage":1,"enemies":"Replay:BlueRogue","floor":6,"turns":7},{"damage":10,"enemies":"Lagavulin","floor":8,"turns":5},{"damage":5,"enemies":"Gremlin Nob","floor":11,"turns":3},{"damage":0,"enemies":"2 Fungi Beasts","floor":13,"turns":2},{"damage":3,"enemies":"Exordium Wildlife","floor":14,"turns":4},{"damage":16,"enemies":"The Guardian","floor":16,"turns":11},{"damage":7,"enemies":"3 Byrds","floor":18,"turns":6},{"damage":0,"enemies":"2 Thieves","floor":19,"turns":3},{"damage":0,"enemies":"Snecko","floor":20,"turns":4},{"damage":9,"enemies":"Centurion and Healer","floor":22,"turns":6},{"damage":4,"enemies":"Shelled Parasite and Fungi","floor":25,"turns":7},{"damage":0,"enemies":"Gremlin Leader","floor":27,"turns":5},{"damage":3,"enemies":"Cultist and Chosen","floor":29,"turns":4},{"damage":15,"enemies":"Champ","floor":33,"turns":8},{"damage":0,"enemies":"3 Shapes","floor":35,"turns":7},{"damage":4,"enemies":"Orb Walker","floor":36,"turns":4},{"damage":7,"enemies":"Maw","floor":37,"turns":7},{"damage":0,"enemies":"Transient","floor":38,"turns":6},{"damage":11,"enemies":"Sphere and 2 Shapes","floor":41,"turns":6},{"damage":28,"enemies":"4 Shapes","floor":44,"turns":11},{"damage":0,"enemies":"Transient","floor":46,"turns":6},{"damage":0,"enemies":"Awakened One","floor":50,"turns":14}],"seed_played":"-8784610358986869218","potions_obtained":[{"floor":4,"key":"FairyPotion"},{"floor":8,"key":"EssenceOfSteel"},{"floor":13,"key":"Fruit Juice"},{"floor":16,"key":"Cursed Concoction"},{"floor":18,"key":"Weak Potion"},{"floor":27,"key":"Swift Potion"},{"floor":29,"key":"RobotSpaceExplorer:PlasmaFlask"},{"floor":36,"key":"Weak Potion"},{"floor":37,"key":"Elixir"}],"is_trial":false,"path_per_floor":["M","M","?","M","$","E","R","E","T","R","E","?","M","M","R","B",null,"M","M","M","?","M","R","$","M","T","E","R","M","R","$","R","B",null,"M","M","M","M","?","R","M","R","T","M","R","M","?","$","R","B",null],"character_chosen":"RobotSpaceExplorer","items_purchased":["RobotSpaceExplorer:StarLightning","SteroidPotion","BargainBundle","Explosive Potion","Strength Potion","RobotSpaceExplorer:Arsenal","RobotSpaceExplorer:Jetpack","Good Instincts","Swift Potion"],"campfire_rested":0,"item_purchase_floors":[5,5,24,24,24,24,24,31,48],"current_hp_per_floor":[50,48,29,29,29,28,28,18,18,18,13,13,13,10,10,19,57,50,50,50,50,41,41,41,37,37,37,37,34,34,34,34,19,57,57,57,54,58,58,58,51,51,51,27,27,31,31,31,31,37],"gold":76,"neow_bonus":"RANDOM_COLORLESS_2","is_daily":false,"chose_seed":false,"campfire_upgraded":11,"win_rate":0.0,"timestamp":1611645327,"path_taken":["M","M","?","M","$","E","R","E","T","R","E","?","M","M","R","BOSS","M","?","M","?","M","R","?","M","T","E","R","M","R","$","R","BOSS","M","M","M","M","?","R","M","R","T","?","R","M","?","?","R","BOSS"],"items_purchased_type":["Card","Potion","Relic","Potion","Potion","Card","Card","Card","Potion"],"build_version":"2020-12-22","purchased_purges":2,"victory":true,"max_hp_per_floor":[64,64,64,64,64,64,64,64,64,64,64,64,64,64,64,69,69,69,69,69,69,69,69,69,69,69,69,69,69,69,69,69,69,69,69,69,69,69,69,69,69,69,69,69,69,69,69,69,69,69],"relic_stats":{"counters":[25,151],"Whetstone":["RobotSpaceExplorer:Probe","RobotSpaceExplorer:MakeshiftVolley"],"Cursed Key":0,"obtain_stats":[{"BargainBundle":24,"Replay:PocketPolymizer":8,"ReplayTheSpireMod:Ninjato":9,"Replay:Grab Bag":34,"RobotSpaceExplorer:RoboCore":0,"Simple Rune":11,"Bag of Marbles":6,"Coffee Dripper":17,"RobotSpaceExplorer:SearchSpecs":34,"Whetstone":27,"Replay:Wax Seal":26,"Cursed Key":34},{"BargainBundle":13,"Replay:PocketPolymizer":5,"ReplayTheSpireMod:Ninjato":5,"Replay:Grab Bag":17,"RobotSpaceExplorer:RoboCore":0,"Simple Rune":6,"Bag of Marbles":4,"Coffee Dripper":9,"RobotSpaceExplorer:SearchSpecs":17,"Whetstone":15,"Replay:Wax Seal":14,"Cursed Key":17},{"BargainBundle":66,"Replay:PocketPolymizer":27,"ReplayTheSpireMod:Ninjato":27,"Replay:Grab Bag":90,"RobotSpaceExplorer:RoboCore":0,"Simple Rune":30,"Bag of Marbles":22,"Coffee Dripper":47,"RobotSpaceExplorer:SearchSpecs":90,"Whetstone":78,"Replay:Wax Seal":73,"Cursed Key":90}]},"card_choices":[{"not_picked":["Transmutation","The Bomb"],"picked":"Panache","floor":0},{"not_picked":["RobotSpaceExplorer:Ammunition","RobotSpaceExplorer:SurgingShield"],"picked":"RobotSpaceExplorer:FreezingShield","floor":1},{"not_picked":["RobotSpaceExplorer:PlasmaMissile","RobotSpaceExplorer:Fix"],"picked":"RobotSpaceExplorer:ScrapShield","floor":2},{"not_picked":["RobotSpaceExplorer:ImprovisedAttack","RobotSpaceExplorer:GearShield"],"picked":"RobotSpaceExplorer:ShovelStrike","floor":4},{"not_picked":["RobotSpaceExplorer:StunGrenade","RobotSpaceExplorer:DualCore"],"picked":"RobotSpaceExplorer:Probe","floor":6},{"not_picked":["RobotSpaceExplorer:Probe","RobotSpaceExplorer:FreezingShield"],"picked":"RobotSpaceExplorer:SurgingStrike","floor":8},{"not_picked":["RobotSpaceExplorer:TurboDodge","RobotSpaceExplorer:ScrapMissile"],"picked":"RobotSpaceExplorer:ScrapShield","floor":11},{"not_picked":["RobotSpaceExplorer:LaserBurst","RobotSpaceExplorer:MakeshiftVolley","RobotSpaceExplorer:MiniBoosters"],"picked":"SKIP","floor":13},{"not_picked":["RobotSpaceExplorer:MetalStrike","RobotSpaceExplorer:SurgingShield","RobotSpaceExplorer:Counterblock"],"picked":"SKIP","floor":14},{"not_picked":["RobotSpaceExplorer:TrailblazerForm","RobotSpaceExplorer:Autoloader"],"picked":"RobotSpaceExplorer:Accelerator","floor":16},{"not_picked":["RobotSpaceExplorer:ImprovisedAttack","RobotSpaceExplorer:MetalStrike"],"picked":"RobotSpaceExplorer:StunGrenade","floor":18},{"not_picked":["RobotSpaceExplorer:Pulsar","RobotSpaceExplorer:Reload"],"picked":"RobotSpaceExplorer:ShovelStrike","floor":19},{"not_picked":["RobotSpaceExplorer:SwiftStep","RobotSpaceExplorer:GlueShot","RobotSpaceExplorer:Blitz+1"],"picked":"SKIP","floor":20},{"not_picked":["RobotSpaceExplorer:ShovelStrike","RobotSpaceExplorer:FranticSearch"],"picked":"RobotSpaceExplorer:Jetpack","floor":22},{"not_picked":["RobotSpaceExplorer:Blitz","RobotSpaceExplorer:MiniBoosters","RobotSpaceExplorer:Autoloader"],"picked":"SKIP","floor":25},{"not_picked":["RobotSpaceExplorer:Counterblock","RobotSpaceExplorer:FranticSearch"],"picked":"RobotSpaceExplorer:MakeshiftVolley","floor":27},{"not_picked":["RobotSpaceExplorer:Counterblock","RobotSpaceExplorer:ExhaustFan","RobotSpaceExplorer:ShovelStrike"],"picked":"SKIP","floor":29},{"not_picked":["RobotSpaceExplorer:Arsenal","RobotSpaceExplorer:Blaster"],"picked":"RobotSpaceExplorer:ChargingLaser","floor":33},{"not_picked":["RobotSpaceExplorer:GlueShot","RobotSpaceExplorer:Counterblock+1"],"picked":"RobotSpaceExplorer:Fix","floor":35},{"not_picked":["RobotSpaceExplorer:ImprovisedAttack","RobotSpaceExplorer:Smokescreen"],"picked":"RobotSpaceExplorer:StunGrenade+1","floor":36},{"not_picked":["RobotSpaceExplorer:GlueShot","RobotSpaceExplorer:MetalStrike"],"picked":"RobotSpaceExplorer:JunkDive","floor":37},{"not_picked":["RobotSpaceExplorer:MiniBoosters","RobotSpaceExplorer:SurgingStrike","RobotSpaceExplorer:Electroshield"],"picked":"SKIP","floor":38},{"not_picked":["Swift Strike","Blind"],"picked":"Master of Strategy","floor":39},{"not_picked":["RobotSpaceExplorer:Counterblock+1","RobotSpaceExplorer:TurboDodge+1","RobotSpaceExplorer:PowerCollector"],"picked":"SKIP","floor":41},{"not_picked":["RobotSpaceExplorer:ShovelStrike+1","RobotSpaceExplorer:FranticSearch"],"picked":"RobotSpaceExplorer:TurboDodge+1","floor":44},{"not_picked":["RobotSpaceExplorer:Probe","RobotSpaceExplorer:FrostMissile+1"],"picked":"RobotSpaceExplorer:IronShell+1","floor":46},{"not_picked":["Enlightenment","Mind Blast"],"picked":"Thinking Ahead","floor":47}],"player_experience":948226,"relics_obtained":[{"floor":6,"key":"Bag of Marbles"},{"floor":8,"key":"Replay:PocketPolymizer"},{"floor":9,"key":"ReplayTheSpireMod:Ninjato"},{"floor":11,"key":"Simple Rune"},{"floor":26,"key":"Replay:Wax Seal"},{"floor":27,"key":"Whetstone"}],"event_choices":[{"damage_healed":0,"gold_gain":0,"player_choice":"Entered Light","damage_taken":19,"max_hp_gain":0,"max_hp_loss":0,"event_name":"Shining Light","floor":3,"gold_loss":0,"cards_upgraded":["RobotSpaceExplorer:Defend","RobotSpaceExplorer:Strike"]},{"damage_healed":0,"gold_gain":0,"player_choice":"1 cards matched","damage_taken":0,"max_hp_gain":0,"max_hp_loss":0,"event_name":"Match and Keep!","floor":12,"gold_loss":0,"cards_obtained":["RobotSpaceExplorer:MetalStrike"]},{"damage_healed":0,"gold_gain":0,"player_choice":"Ignored","damage_taken":0,"max_hp_gain":0,"max_hp_loss":0,"event_name":"Ghosts","floor":21,"gold_loss":0},{"damage_healed":0,"gold_gain":0,"player_choice":"Random: Blue","damage_taken":0,"max_hp_gain":0,"max_hp_loss":0,"event_name":"betterThird:BetterPortal","floor":39,"gold_loss":0},{"damage_healed":0,"gold_gain":0,"player_choice":"Memory 1","damage_taken":0,"max_hp_gain":0,"max_hp_loss":0,"event_name":"SensoryStone","floor":39,"gold_loss":0},{"damage_healed":0,"gold_gain":0,"player_choice":"Memory 1","damage_taken":0,"max_hp_gain":0,"max_hp_loss":0,"event_name":"SensoryStone","floor":47,"gold_loss":0}],"is_beta":false,"boss_relics":[{"not_picked":["Abe\u0027s Treasure","Honey Jar"],"picked":"Coffee Dripper"},{"not_picked":["ReplayTheSpireMod:DimensionalGlitch","Empty Cage"],"picked":"Replay:Grab Bag"},{"not_picked":["ReplayTheSpireMod:Onyx Gauntlets","Replay:Bronze Core"],"picked":"Cursed Key"},{"not_picked":["SlaversCollar","Kintsugi"],"picked":"RobotSpaceExplorer:SearchSpecs"}],"items_purged_floors":[24,48],"is_endless":false,"potions_floor_spawned":[4,6,8,11,13,16,18,27,29,36,37,44],"ascension_level":18}}