{"host":"njo8qgvy2a57fcny","time":1611634613,"event":{"mods":["Aspiration","BaseMod","BetterRewards","CCEM","Colored Map","Colored Powertips","Conspire","Custom Start","Downfall","Energized Spire","GifTheSpireLib","Halation","Hermit","Hubris","Infinite Spire","Jedi Mod","Jorbs\u0027s Wanderer Trilogy","Mimic Mod","Minty Spire (QoL Compilation)","Quick Restart","Random Character Button","Random Character Mod","Rare Cards Sparkle","Relic Sorter","Replay The Spire","Shop Mod","StSLib","Stuff the Spire","The Animator","The Jungle","The Runesmith","The Servant 0.9.4","Unceasing Turn Reminder","thorton"],"gold_per_floor":[99,111,36,47,66,66,105,5,49,67,67,67],"floor_reached":10,"language":"ENG","playtime":436,"items_purged":[],"score":116,"play_id":"32138a98-17cd-4b39-a78f-7f322b4577c3","local_time":"20210126151653","is_ascension_mode":true,"campfire_choices":[{"data":"Slimebound:CorrosiveSpit","floor":1,"key":"SMITH"}],"circlet_count":0,"master_deck":["AscendersBane","Slimebound:Strike_Slimebound","Slimebound:Strike_Slimebound","Slimebound:Strike_Slimebound","Slimebound:Tackle","Slimebound:Defend_Slimebound","Slimebound:Defend_Slimebound","Slimebound:Defend_Slimebound","Slimebound:Defend_Slimebound","Slimebound:Split","Slimebound:CorrosiveSpit+1","Slimebound:LeechingTouch","Slimebound:LevelUp","Slimebound:GoopSpray","Slimebound:SlimeSpikes","conspire:SpireCoStock","conspire:SpireCoStock","Slimebound:AcidTongue"],"relics":["Slimebound:AbsorbEndCombat","Slimebound:GreedOozeRelic","Omamori","hubris:SlimyHat"],"acts_visited":["Exordium"],"potions_floor_usage":[],"damage_taken":[{"damage":15,"enemies":"Jaw Worm","floor":2,"turns":3},{"damage":17,"enemies":"2 Louse","floor":4,"turns":3},{"damage":3,"enemies":"Small Slimes","floor":5,"turns":3},{"damage":10,"enemies":"Exordium Wildlife","floor":7,"turns":9},{"damage":26,"enemies":"Exordium Wildlife","floor":9,"turns":5},{"damage":15,"enemies":"3 Sentries","floor":10,"turns":2}],"seed_played":"145052432227149240","potions_obtained":[{"floor":9,"key":"Elixir"}],"is_trial":false,"path_per_floor":["R_BF","M","?","M","M","T","MIM","?","M","E"],"character_chosen":"SLIMEBOUND","items_purchased":[],"campfire_rested":0,"item_purchase_floors":[],"current_hp_per_floor":[58,49,49,36,37,37,35,35,11,0,0,0],"gold":67,"neow_bonus":"TEN_PERCENT_HP_BONUS","is_daily":false,"chose_seed":false,"campfire_upgraded":1,"win_rate":0.0,"timestamp":1611634613,"path_taken":["R_BF","M","?","M","M","?","MIM","?","M","E"],"items_purchased_type":[],"build_version":"2020-12-22","purchased_purges":0,"victory":false,"max_hp_per_floor":[64,64,64,64,64,64,64,64,64,64,64,64],"card_choices":[{"not_picked":["Slimebound:GoopTackle","Slimebound:SamplingLick"],"picked":"Slimebound:LeechingTouch","floor":2},{"not_picked":["Slimebound:SplitLeeching","Slimebound:Dissolve"],"picked":"Slimebound:LevelUp","floor":4},{"not_picked":["Slimebound:SlimeTap","Slimebound:SamplingLick"],"picked":"Slimebound:GoopSpray","floor":5},{"not_picked":["Slimebound:MegaLick","Slimebound:DisruptingSlam"],"picked":"Slimebound:SlimeSpikes","floor":7},{"not_picked":["Slimebound:Schlurp","Slimebound:ServeAndProtect"],"picked":"Slimebound:AcidTongue","floor":9}],"player_experience":703687,"relics_obtained":[{"floor":6,"key":"Omamori"},{"floor":7,"key":"hubris:SlimyHat"}],"event_choices":[{"damage_healed":0,"gold_gain":0,"player_choice":"Invest 2","damage_taken":0,"max_hp_gain":0,"max_hp_loss":0,"event_name":"conspire:Investor","floor":8,"gold_loss":0}],"is_beta":false,"boss_relics":[],"items_purged_floors":[],"is_endless":false,"potions_floor_spawned":[9],"killed_by":"3 Sentries","ascension_level":20}}