{"host":"njo8qgvy2a57fcny","time":1611624719,"event":{"mods":["Aspiration","BaseMod","BetterRewards","CCEM","Colored Map","Colored Powertips","Conspire","Custom Start","Downfall","Energized Spire","GifTheSpireLib","Halation","Hermit","Hubris","Infinite Spire","Jedi Mod","Jorbs\u0027s Wanderer Trilogy","Mimic Mod","Minty Spire (QoL Compilation)","Quick Restart","Random Character Button","Random Character Mod","Rare Cards Sparkle","Relic Sorter","Replay The Spire","Shop Mod","StSLib","Stuff the Spire","The Animator","The Jungle","The Runesmith","The Servant 0.9.4","Unceasing Turn Reminder","thorton"],"gold_per_floor":[99,115,115,19,38,38,63,68,68,68],"floor_reached":8,"language":"ENG","playtime":514,"items_purged":[],"score":88,"play_id":"d005a3de-c3e2-41c6-9ea6-4545261533d7","local_time":"20210126123159","is_ascension_mode":true,"campfire_choices":[{"data":"Slimebound:MassFeed","floor":1,"key":"SMITH"}],"circlet_count":0,"master_deck":["AscendersBane","Slimebound:Strike_Slimebound","Slimebound:Strike_Slimebound","Slimebound:Tackle","Slimebound:Defend_Slimebound","Slimebound:Defend_Slimebound","Slimebound:Split","Slimebound:CorrosiveSpit","Slimebound:MassFeed+1","Slimebound:Repurpose","ReplayTheSpireMod:Splinters","Slimebound:Prepare","Slimebound:LeechLife","Slimebound:SlimeTap","StuffTheSpire:CuriosityCurse"],"relics":["Slimebound:AbsorbEndCombat","Pet Ghost","Bag of Marbles"],"acts_visited":["Exordium"],"potions_floor_usage":[8],"damage_taken":[{"damage":8,"enemies":"2 Louse","floor":2,"turns":2},{"damage":21,"enemies":"downfall:FleeingMerchant","floor":4,"turns":4},{"damage":24,"enemies":"Cultist","floor":5,"turns":5},{"damage":9,"enemies":"3 Sentries","floor":8,"turns":1}],"seed_played":"-3907431039561953496","potions_obtained":[{"floor":5,"key":"ColorlessPotion"}],"is_trial":false,"path_per_floor":["R","M","?","$","M","?","T","E"],"character_chosen":"SLIMEBOUND","items_purchased":["Slimebound:LeechLife"],"campfire_rested":0,"item_purchase_floors":[4],"current_hp_per_floor":[38,38,38,23,9,9,9,0,0,0],"gold":68,"neow_bonus":"THREE_RARE_CARDS","is_daily":false,"chose_seed":false,"campfire_upgraded":1,"win_rate":0.0,"timestamp":1611624719,"path_taken":["R","M","?","$","?","?","T","E"],"items_purchased_type":["Card"],"build_version":"2020-12-22","purchased_purges":0,"victory":false,"max_hp_per_floor":[59,67,67,67,67,67,67,67,67,67],"card_choices":[{"not_picked":["Slimebound:DuplicatedForm","Slimebound:MassRepurpose"],"picked":"Slimebound:MassFeed","floor":0},{"not_picked":["Slimebound:SplitMire","Slimebound:ProtectTheBoss"],"picked":"Slimebound:Repurpose","floor":2},{"not_picked":["Slimebound:FinishingTackle","Slimebound:HauntingLick"],"picked":"Slimebound:Prepare","floor":4},{"not_picked":["Slimebound:ForwardTackle","Slimebound:ComboTackle"],"picked":"Slimebound:SlimeTap","floor":5}],"player_experience":703687,"relics_obtained":[{"floor":7,"key":"Bag of Marbles"}],"event_choices":[],"is_beta":false,"boss_relics":[],"items_purged_floors":[],"is_endless":false,"potions_floor_spawned":[5],"killed_by":"3 Sentries","ascension_level":20}}