{"host":"p62uqwu04pp7leh9","time":1611622302,"event":{"mods":["BaseMod","Block Reminder","Colored Map","Colored Powertips","Minty Spire (QoL Compilation)","Relic Stats"],"gold_per_floor":[115,290,290,305,318,318,91,91,117,175,201,201,214,214,214,214,214],"floor_reached":16,"language":"ENG","playtime":1002,"items_purged":["Strike_B"],"score":98,"play_id":"eea64275-d226-489b-8432-b00edfa53ab1","local_time":"20210125185142","is_ascension_mode":false,"campfire_choices":[{"data":"Tempest","floor":6,"key":"SMITH"},{"data":"Stack","floor":8,"key":"SMITH"},{"data":"Zap","floor":15,"key":"SMITH"}],"circlet_count":0,"master_deck":["Strike_B","Strike_B","Defend_B","Defend_B","Defend_B","Defend_B","Zap+1","Dualcast","Tempest+1","Doubt","Stack+1","Gash","Capacitor","Gash"],"relics":["Cracked Core","GremlinMask","Lantern","Oddly Smooth Stone","Shuriken","Omamori"],"acts_visited":["Exordium"],"potions_floor_usage":[16,16],"damage_taken":[{"damage":1,"enemies":"2 Louse","floor":1,"turns":2},{"damage":15,"enemies":"Small Slimes","floor":4,"turns":3},{"damage":6,"enemies":"Cultist","floor":5,"turns":3},{"damage":26,"enemies":"Lagavulin Event","floor":10,"turns":5},{"damage":24,"enemies":"3 Sentries","floor":11,"turns":6},{"damage":10,"enemies":"Looter","floor":13,"turns":2},{"damage":35,"enemies":"Slime Boss","floor":16,"turns":3}],"seed_played":"-3631562090565131513","potions_obtained":[{"floor":4,"key":"SpeedPotion"},{"floor":5,"key":"EssenceOfDarkness"}],"is_trial":false,"path_per_floor":["M","?","?","M","M","R","$","R","T","?","E","?","M","?","R","B"],"character_chosen":"DEFECT","items_purchased":["Lantern"],"campfire_rested":0,"item_purchase_floors":[7],"current_hp_per_floor":[81,81,81,66,60,60,60,60,60,34,10,37,27,27,27,0,0],"gold":214,"neow_bonus":"TEN_PERCENT_HP_BONUS","is_daily":false,"chose_seed":false,"campfire_upgraded":3,"win_rate":0.0,"timestamp":1611622302,"path_taken":["M","?","?","M","?","R","$","R","T","?","E","?","M","?","R","BOSS"],"items_purchased_type":["Relic"],"build_version":"2020-12-22","purchased_purges":1,"victory":false,"max_hp_per_floor":[82,82,82,82,82,82,82,82,82,82,82,82,82,82,82,82,82],"relic_stats":{"counters":[7,24],"Shuriken":[0],"obtain_stats":[{"Lantern":7,"Shuriken":10,"Oddly Smooth Stone":9,"GremlinMask":3,"Omamori":11,"Cracked Core":0},{"Lantern":3,"Shuriken":4,"Oddly Smooth Stone":3,"GremlinMask":1,"Omamori":5,"Cracked Core":0},{"Lantern":8,"Shuriken":13,"Oddly Smooth Stone":8,"GremlinMask":2,"Omamori":19,"Cracked Core":0}]},"card_choices":[{"not_picked":["Go for the Eyes","Beam Cell"],"picked":"Tempest","floor":1},{"not_picked":["Streamline","Barrage"],"picked":"Stack","floor":4},{"not_picked":["Storm","Compile Driver"],"picked":"Gash","floor":5},{"not_picked":["Reboot","Glacier"],"picked":"Capacitor","floor":10},{"not_picked":["Beam Cell","Steam","Coolheaded"],"picked":"SKIP","floor":11},{"not_picked":["Cold Snap","Hologram"],"picked":"Gash","floor":13}],"player_experience":356035,"relics_obtained":[{"floor":9,"key":"Oddly Smooth Stone"},{"floor":10,"key":"Shuriken"},{"floor":11,"key":"Omamori"}],"event_choices":[{"damage_healed":0,"gold_gain":175,"player_choice":"AGREE","damage_taken":0,"max_hp_gain":0,"max_hp_loss":0,"event_name":"Liars Game","floor":2,"gold_loss":0,"cards_obtained":["Doubt"]},{"damage_healed":0,"gold_gain":0,"player_choice":"Trade","damage_taken":0,"relics_obtained":["GremlinMask"],"max_hp_gain":0,"max_hp_loss":0,"event_name":"FaceTrader","floor":3,"gold_loss":0},{"damage_healed":0,"gold_gain":30,"player_choice":"Searched \u00273\u0027 times","damage_taken":0,"max_hp_gain":0,"max_hp_loss":0,"event_name":"Dead Adventurer","floor":10,"gold_loss":0},{"damage_healed":27,"gold_gain":0,"player_choice":"Banana","damage_taken":0,"max_hp_gain":0,"max_hp_loss":0,"event_name":"Big Fish","floor":12,"gold_loss":0},{"cards_removed":["Strike_B"],"damage_healed":0,"gold_gain":0,"player_choice":"Forget","damage_taken":0,"max_hp_gain":0,"max_hp_loss":0,"event_name":"Living Wall","floor":14,"gold_loss":0}],"is_beta":false,"boss_relics":[],"items_purged_floors":[7],"is_endless":false,"potions_floor_spawned":[4,5],"killed_by":"Slime Boss","ascension_level":0}}