{"host":"1c17lcvl7acx821p","time":1611626254,"event":{"mods":["AchievementEnabler","BaseMod","Colored Map","Minty Spire (QoL Compilation)","Quick Restart","Relic Sorter","StSLib"],"gold_per_floor":[118,128,78,78,88,122,122,151,161,161,175,175,209,231,258,287,74,74,74,179,179,194,194,194,209,220,246,266,304,304,0,9,9,44,44,44,44,44],"floor_reached":37,"language":"ENG","playtime":1701,"items_purged":[],"score":566,"play_id":"d018f19f-4f72-4adf-b810-ba2fb1f32301","local_time":"20210126035734","is_ascension_mode":true,"campfire_choices":[{"data":"WindmillStrike","floor":7.0,"key":"SMITH"},{"data":"TalkToTheHand","floor":12.0,"key":"SMITH"},{"floor":18.0,"key":"REST"},{"data":"LessonLearned","floor":19.0,"key":"SMITH"},{"floor":33.0,"key":"REST"},{"floor":36.0,"key":"REST"}],"circlet_count":0,"master_deck":["AscendersBane","Strike_P+1","Strike_P","Strike_P","Defend_P","Defend_P","Defend_P+1","Defend_P","Eruption","Vigilance+1","Halt","WindmillStrike+1","SashWhip+1","FollowUp","EmptyBody","TalkToTheHand+1","FearNoEvil","Nirvana","FlurryOfBlows","EmptyMind","FlurryOfBlows","LessonLearned+1","DevaForm+1","Protect","Pain","CutThroughFate","FearNoEvil+1","MentalFortress+1","ReachHeaven","Writhe","MentalFortress"],"relics":["PureWater","NeowsBlessing","FaceOfCleric","Eternal Feather","Mummified Hand","Sundial","MawBank","Lee\u0027s Waffle","VioletLotus","WarpedTongs","Blood Vial","CeramicFish","Yang","Bronze Scales","Happy Flower"],"acts_visited":["Exordium","TheCity"],"potions_floor_usage":[],"damage_taken":[{"damage":0.0,"enemies":"Small Slimes","floor":1.0,"turns":1.0},{"damage":0.0,"enemies":"2 Louse","floor":2.0,"turns":1.0},{"damage":0.0,"enemies":"Cultist","floor":5.0,"turns":1.0},{"damage":15.0,"enemies":"Gremlin Nob","floor":6.0,"turns":3.0},{"damage":14.0,"enemies":"Lagavulin","floor":8.0,"turns":6.0},{"damage":3.0,"enemies":"Exordium Wildlife","floor":9.0,"turns":2.0},{"damage":3.0,"enemies":"Gremlin Gang","floor":11.0,"turns":7.0},{"damage":34.0,"enemies":"3 Sentries","floor":13.0,"turns":12.0},{"damage":8.0,"enemies":"3 Louse","floor":14.0,"turns":4.0},{"damage":5.0,"enemies":"2 Fungi Beasts","floor":15.0,"turns":4.0},{"damage":0.0,"enemies":"Exordium Thugs","floor":16.0,"turns":4.0},{"damage":52.0,"enemies":"Hexaghost","floor":20.0,"turns":12.0},{"damage":6.0,"enemies":"Chosen","floor":22.0,"turns":4.0},{"damage":7.0,"enemies":"Shell Parasite","floor":25.0,"turns":9.0},{"damage":20.0,"enemies":"Centurion and Healer","floor":26.0,"turns":7.0},{"damage":35.0,"enemies":"Book of Stabbing","floor":27.0,"turns":7.0},{"damage":10.0,"enemies":"Sentry and Sphere","floor":28.0,"turns":4.0},{"damage":18.0,"enemies":"Gremlin Leader","floor":29.0,"turns":6.0},{"damage":42.0,"enemies":"Slavers","floor":34.0,"turns":7.0},{"damage":61,"enemies":"Collector","floor":37,"turns":11}],"seed_played":"-5468720666830275676","potions_obtained":[{"floor":2.0,"key":"Ancient Potion"},{"floor":5.0,"key":"SpeedPotion"},{"floor":9.0,"key":"EssenceOfSteel"},{"floor":14.0,"key":"Block Potion"},{"floor":15.0,"key":"Explosive Potion"},{"floor":22.0,"key":"Block Potion"},{"floor":26.0,"key":"Regen Potion"},{"floor":28.0,"key":"BottledMiracle"},{"floor":29.0,"key":"BlessingOfTheForge"}],"is_trial":false,"path_per_floor":["M","M","?","?","M","E","R","E","M","T","M","R","E","M","M","M","$","R","R","B",null,"M","?","?","M","M","E","M","E","T","?","?","R","E","?","R","B"],"character_chosen":"WATCHER","items_purchased":["Lee\u0027s Waffle","LessonLearned"],"campfire_rested":3,"item_purchase_floors":[17,17],"current_hp_per_floor":[65,65,65,65,66,52,58,45,43,43,41,50,17,10,6,7,88,88,88,37,76,71,71,71,65,46,27,20,5,5,5,5,51,12,12,58,0,0],"gold":44,"neow_bonus":"THREE_ENEMY_KILL","is_daily":false,"chose_seed":false,"campfire_upgraded":3,"win_rate":0.0,"timestamp":1611626254,"path_taken":["M","M","?","?","M","E","R","E","M","T","M","R","E","M","M","?","$","R","R","BOSS","M","?","?","?","M","E","M","E","T","?","?","R","E","?","R","BOSS"],"items_purchased_type":["Relic","Card"],"build_version":"2020-12-22","purchased_purges":0,"victory":false,"max_hp_per_floor":[72,72,72,72,73,74,74,75,76,76,77,77,78,79,80,81,88,88,88,89,89,90,90,90,91,92,93,94,95,95,95,95,95,96,96,96,96,96],"card_choices":[{"not_picked":["SashWhip","InnerPeace"],"picked":"Halt","floor":1.0},{"not_picked":["JustLucky","Vengeance"],"picked":"WindmillStrike","floor":2.0},{"not_picked":["Study","EmptyBody"],"picked":"SashWhip","floor":5.0},{"not_picked":["Prostrate","Consecrate"],"picked":"FollowUp","floor":6.0},{"not_picked":["PathToVictory","WaveOfTheHand"],"picked":"EmptyBody","floor":8.0},{"not_picked":["EmptyFist","Nirvana"],"picked":"TalkToTheHand","floor":9.0},{"not_picked":["EmptyBody","Collect"],"picked":"FearNoEvil","floor":11.0},{"not_picked":["EmptyBody","CarveReality"],"picked":"Nirvana","floor":13.0},{"not_picked":["Prostrate","Ragnarok"],"picked":"FlurryOfBlows","floor":14.0},{"not_picked":["WreathOfFlame","Pray"],"picked":"EmptyMind","floor":15.0},{"not_picked":["EmptyBody","EmptyFist"],"picked":"FlurryOfBlows","floor":16.0},{"not_picked":["Brilliance","MasterReality"],"picked":"DevaForm","floor":20.0},{"not_picked":["FlyingSleeves","Halt"],"picked":"Protect","floor":22.0},{"not_picked":["Collect+1","FlurryOfBlows"],"picked":"CutThroughFate","floor":25.0},{"not_picked":["ThirdEye","WheelKick"],"picked":"FearNoEvil+1","floor":26.0},{"not_picked":["EmptyMind","Study","JustLucky"],"picked":"SKIP","floor":27.0},{"not_picked":["Evaluate","Pray"],"picked":"MentalFortress+1","floor":28.0},{"not_picked":["FollowUp","CrushJoints"],"picked":"ReachHeaven","floor":29.0},{"not_picked":["Prostrate+1","CarveReality"],"picked":"MentalFortress","floor":34.0}],"player_experience":214661,"relics_obtained":[{"floor":6.0,"key":"Eternal Feather"},{"floor":8.0,"key":"Mummified Hand"},{"floor":10.0,"key":"Sundial"},{"floor":13.0,"key":"MawBank"},{"floor":27.0,"key":"Blood Vial"},{"floor":29.0,"key":"CeramicFish"},{"floor":30.0,"key":"Yang"},{"floor":34.0,"key":"Happy Flower"}],"event_choices":[{"cards_removed":["Strike_P"],"damage_healed":0.0,"max_hp_gain":0.0,"max_hp_loss":0.0,"gold_gain":0.0,"event_name":"The Cleric","player_choice":"Card Removal","floor":3.0,"gold_loss":50.0,"damage_taken":0.0},{"damage_healed":0.0,"max_hp_gain":0.0,"max_hp_loss":0.0,"gold_gain":0.0,"event_name":"FaceTrader","player_choice":"Trade","floor":4.0,"gold_loss":0.0,"damage_taken":0.0,"relics_obtained":["FaceOfCleric"]},{"damage_healed":0.0,"max_hp_gain":0.0,"max_hp_loss":0.0,"gold_gain":0.0,"event_name":"Ghosts","player_choice":"Ignored","floor":23.0,"gold_loss":0.0,"damage_taken":0.0},{"damage_healed":0.0,"max_hp_gain":0.0,"max_hp_loss":0.0,"gold_gain":0.0,"event_name":"Accursed Blacksmith","player_choice":"Rummage","floor":24.0,"gold_loss":0.0,"damage_taken":0.0,"relics_obtained":["WarpedTongs"],"cards_obtained":["Pain"]},{"damage_healed":0.0,"max_hp_gain":0.0,"max_hp_loss":0.0,"gold_gain":0.0,"event_name":"Masked Bandits","player_choice":"Paid Fearfully","floor":31.0,"gold_loss":304.0,"damage_taken":0.0},{"damage_healed":0.0,"max_hp_gain":0.0,"max_hp_loss":0.0,"gold_gain":0.0,"event_name":"The Mausoleum","player_choice":"Opened","floor":32.0,"gold_loss":0.0,"damage_taken":0.0,"relics_obtained":["Bronze Scales"],"cards_obtained":["Writhe"]},{"damage_healed":0.0,"max_hp_gain":0.0,"max_hp_loss":0.0,"gold_gain":0.0,"event_name":"Upgrade Shrine","player_choice":"Upgraded","floor":35.0,"gold_loss":0.0,"damage_taken":0.0,"cards_upgraded":["DevaForm"]}],"is_beta":false,"boss_relics":[{"not_picked":["SlaversCollar","Coffee Dripper"],"picked":"VioletLotus"}],"items_purged_floors":[],"is_endless":false,"potions_floor_spawned":[2,5,8,9,14,15,22,26,28,29],"killed_by":"Collector","ascension_level":11}}