{"host":"t0dtoggyaif518ut","time":1611677078,"event":{"mods":["AchievementEnabler","BaseMod","Best Route Mod","Bestiary","Better Altar","Better Match","Better Note","Better Sensory Stone","Better Silent Start","Better Skull","Better Third Choice","Better Vampires","Block Reminder","Colored Powertips","Dark Map","Displayed Cursed Tome","Energized Spire","Gold Saver","Ironclad Rager","Minty Spire (QoL Compilation)","Practice Mode","Quick Restart","RNG Fix","Random Character Button","Relic Stats","Reworked Bosses","StSLib","Treasure Hunter"],"gold_per_floor":[314,329,38,38,49,49,76,76,76,154,171,197,372,388,388,464,464,484,62,62,78,88,88,104,104,155,186,206,206,306,316,316,394,394,404,404,405,405],"floor_reached":37,"language":"RUS","playtime":1953,"items_purged":["Strike_R","Doubt"],"score":678,"play_id":"aca8ccd4-34cc-4196-a07d-722ca47b6ca3","local_time":"20210126230438","is_ascension_mode":true,"campfire_choices":[{"data":"Inflame","floor":6,"key":"SMITH"},{"data":"Cleave","floor":8,"key":"SMITH"},{"data":"Twin Strike","floor":15,"key":"SMITH"},{"data":"Berserk","floor":23,"key":"SMITH"},{"floor":25,"key":"REST"},{"floor":29,"key":"REST"},{"data":"Flame Barrier","floor":32,"key":"SMITH"}],"circlet_count":0,"master_deck":["AscendersBane","Bash","Cleave+1","Inflame+1","Thunderclap","Intimidate","TH:ElvenBoots","TH:PixieDust","Twin Strike+1","Spot Weakness","Immolate","True Grit","Carnage","Flame Barrier+1","Body Slam","Juggernaut","Battle Trance","Twin Strike","Fire Breathing","Berserk+1","Headbutt","Limit Break+1","TH:CopperCoins","TH:PixieDust","CurseOfTheBell","Twin Strike+1"],"relics":["Burning Blood","Regal Pillow","ClockworkSouvenir","Champion Belt","Bottled Lightning","Bottled Tornado","Bag of Marbles","Pandora\u0027s Box","Pen Nib","Nunchaku","The Courier","Calling Bell","Red Skull","Kunai","Mango"],"acts_visited":["Exordium","TheCity","TheBeyond"],"potions_floor_usage":[7,18,18,24,33,37,37],"damage_taken":[{"damage":8,"enemies":"Jaw Worm","floor":1,"turns":5},{"damage":12,"enemies":"Small Slimes","floor":2,"turns":4},{"damage":6,"enemies":"Cultist","floor":5,"turns":4},{"damage":25,"enemies":"Gremlin Nob","floor":7,"turns":4},{"damage":4,"enemies":"3 Louse","floor":11,"turns":2},{"damage":17,"enemies":"3 Sentries","floor":12,"turns":5},{"damage":0,"enemies":"2 Fungi Beasts","floor":14,"turns":1},{"damage":22,"enemies":"Hexaghost","floor":16,"turns":9},{"damage":4,"enemies":"Chosen","floor":18,"turns":3},{"damage":20,"enemies":"2 Thieves","floor":21,"turns":3},{"damage":26,"enemies":"Snecko","floor":22,"turns":5},{"damage":14,"enemies":"Shelled Parasite and Fungi","floor":24,"turns":3},{"damage":46,"enemies":"Book of Stabbing","floor":27,"turns":4},{"damage":24,"enemies":"Snake Plant","floor":28,"turns":4},{"damage":4,"enemies":"Snecko","floor":31,"turns":4},{"damage":45,"enemies":"bossMod:newChamp","floor":33,"turns":9},{"damage":75,"enemies":"3 Darklings","floor":35,"turns":5},{"damage":12,"enemies":"3 Shapes","floor":37,"turns":2}],"seed_played":"-1863512211956262704","potions_obtained":[{"floor":1,"key":"EssenceOfSteel"},{"floor":7,"key":"EssenceOfSteel"},{"floor":11,"key":"Explosive Potion"},{"floor":12,"key":"FearPotion"},{"floor":21,"key":"Swift Potion"},{"floor":28,"key":"Dexterity Potion"},{"floor":31,"key":"Fire Potion"},{"floor":35,"key":"Fire Potion"}],"is_trial":false,"path_per_floor":["M","M","$","?","M","R","E","R","T","T","M","E","?","M","R","B",null,"M","$","?","M","M","R","M","R","T","E","M","R","?","M","R","B",null,"M","?","M"],"character_chosen":"IRONCLAD","items_purchased":["ClockworkSouvenir","Inflame","Berserk","Pen Nib","Headbutt"],"campfire_rested":2,"item_purchase_floors":[3,3,19,19,19],"current_hp_per_floor":[66,60,60,65,65,65,46,46,46,46,48,37,37,43,43,27,67,69,69,69,55,35,35,27,66,66,26,8,47,47,49,49,10,77,8,8,0,0],"gold":405,"neow_bonus":"RANDOM_COMMON_RELIC","is_daily":false,"chose_seed":false,"campfire_upgraded":5,"win_rate":0.0,"timestamp":1611677078,"path_taken":["M","M","$","?","M","R","E","R","T","?","?","E","?","M","R","BOSS","M","$","?","M","M","R","M","R","T","E","?","R","?","M","R","BOSS","M","?","M"],"items_purchased_type":["Relic","Card","Card","Relic","Card"],"build_version":"2020-12-22","purchased_purges":2,"victory":false,"max_hp_per_floor":[75,75,75,80,80,80,80,80,80,80,80,80,80,80,80,80,80,80,80,80,80,80,80,80,80,80,80,80,80,80,80,80,80,94,94,94,94,94],"relic_stats":{"Regal Pillow":30,"Nunchaku":[4],"counters":[18,76],"Pandora\u0027s Box":["True Grit","Carnage","Flame Barrier","Body Slam","Juggernaut","Battle Trance","Twin Strike","Fire Breathing"],"Pen Nib":[5],"Champion Belt":[45],"Kunai":[0],"obtain_stats":[{"Regal Pillow":0,"Mango":34,"Pen Nib":19,"The Courier":27,"Bottled Tornado":10,"Burning Blood":0,"ClockworkSouvenir":3,"Calling Bell":34,"Nunchaku":26,"Pandora\u0027s Box":17,"Bag of Marbles":12,"Champion Belt":7,"Bottled Lightning":9,"Kunai":34,"Red Skull":34},{"Regal Pillow":0,"Mango":16,"Pen Nib":9,"The Courier":13,"Bottled Tornado":4,"Burning Blood":0,"ClockworkSouvenir":2,"Calling Bell":16,"Nunchaku":12,"Pandora\u0027s Box":8,"Bag of Marbles":6,"Champion Belt":4,"Bottled Lightning":4,"Kunai":16,"Red Skull":16},{"Regal Pillow":0,"Mango":69,"Pen Nib":37,"The Courier":52,"Bottled Tornado":17,"Burning Blood":0,"ClockworkSouvenir":9,"Calling Bell":69,"Nunchaku":48,"Pandora\u0027s Box":34,"Bag of Marbles":24,"Champion Belt":17,"Bottled Lightning":17,"Kunai":69,"Red Skull":69}],"Burning Blood":102},"card_choices":[{"not_picked":["Uppercut","Warcry","True Grit"],"picked":"SKIP","floor":1},{"not_picked":["Warcry","Carnage"],"picked":"Cleave","floor":2},{"not_picked":["Carnage","Havoc"],"picked":"Thunderclap","floor":5},{"not_picked":["Headbutt","Pommel Strike"],"picked":"Intimidate","floor":7},{"not_picked":["TH:DeckOfManyThings","TH:Mimic"],"picked":"SKIP","floor":7},{"not_picked":["TH:BikiniMail","TH:ArmorSpikes"],"picked":"SKIP","floor":9},{"not_picked":["TH:Mimic"],"picked":"TH:ElvenBoots","floor":10},{"not_picked":["Body Slam","Inflame","Armaments"],"picked":"SKIP","floor":11},{"not_picked":["TH:ElvenBoots"],"picked":"TH:PixieDust","floor":12},{"not_picked":["Perfected Strike","Disarm"],"picked":"Twin Strike","floor":12},{"not_picked":["Sever Soul","Combust"],"picked":"Spot Weakness","floor":14},{"not_picked":["Juggernaut","Impervious"],"picked":"Immolate","floor":16},{"not_picked":["Havoc","Shockwave","Ghostly Armor"],"picked":"SKIP","floor":18},{"not_picked":["Clash","Pommel Strike","Armaments"],"picked":"SKIP","floor":21},{"not_picked":["Bloodletting","Cleave","Wild Strike+1"],"picked":"SKIP","floor":22},{"not_picked":["Combust+1","Uppercut","Body Slam"],"picked":"SKIP","floor":24},{"not_picked":["TH:EnergyPotion"],"picked":"TH:CopperCoins","floor":26},{"not_picked":["TH:TreasureMap","TH:ArmorSpikes"],"picked":"SKIP","floor":27},{"not_picked":["Anger","Sword Boomerang","Rupture"],"picked":"SKIP","floor":27},{"not_picked":["Havoc","Fire Breathing","Bloodletting"],"picked":"SKIP","floor":28},{"not_picked":["Havoc+1","Battle Trance","Rupture"],"picked":"SKIP","floor":31},{"not_picked":["TH:ArmorSpikes"],"picked":"TH:PixieDust","floor":33},{"not_picked":["True Grit+1","Perfected Strike"],"picked":"Twin Strike+1","floor":35}],"player_experience":300413,"relics_obtained":[{"floor":7,"key":"Champion Belt"},{"floor":9,"key":"Bottled Lightning"},{"floor":10,"key":"Bottled Tornado"},{"floor":12,"key":"Bag of Marbles"},{"floor":26,"key":"Nunchaku"},{"floor":27,"key":"The Courier"},{"floor":34,"key":"Red Skull"},{"floor":34,"key":"Kunai"},{"floor":34,"key":"Mango"}],"event_choices":[{"damage_healed":0,"gold_gain":0,"player_choice":"Donut","damage_taken":0,"max_hp_gain":5,"max_hp_loss":0,"event_name":"Big Fish","floor":4,"gold_loss":0},{"damage_healed":0,"gold_gain":175,"player_choice":"AGREE","damage_taken":197,"max_hp_gain":0,"max_hp_loss":0,"event_name":"betterThird:BetterSerpent","floor":13,"gold_loss":0},{"cards_removed":["Limit Break"],"damage_healed":0,"gold_gain":0,"player_choice":"Take \u0026 Give","damage_taken":0,"max_hp_gain":0,"max_hp_loss":0,"event_name":"betterNote:BetterNote","floor":20,"gold_loss":0,"cards_obtained":["Limit Break"]},{"damage_healed":0,"gold_gain":100,"player_choice":"Pray","damage_taken":0,"max_hp_gain":0,"max_hp_loss":0,"event_name":"Golden Shrine","floor":30,"gold_loss":0},{"damage_healed":0,"gold_gain":0,"player_choice":"Ignored","damage_taken":0,"max_hp_gain":0,"max_hp_loss":0,"event_name":"Tomb of Lord Red Mask","floor":36,"gold_loss":0}],"is_beta":false,"boss_relics":[{"not_picked":["Runic Cube","Sozu"],"picked":"Pandora\u0027s Box"},{"not_picked":["Coffee Dripper","Fusion Hammer"],"picked":"Calling Bell"}],"items_purged_floors":[3,19],"is_endless":false,"potions_floor_spawned":[1,7,11,12,21,28,31,35],"killed_by":"3 Shapes","ascension_level":14}}