{"host":"z9grmtg2w0nmz8n1","time":1611636110,"event":{"mods":["Aspiration","BaseMod","Better Altar","Better Match","Better Note","Better Sensory Stone","Better Skull","Better Third Choice","BetterRewards","CCEM2","Clawfect","Colored Map","Conspire","GifTheSpireLib","Halation","Highlight Path","Hubris","Hunter ??","Jedi Mod","Minty Spire (QoL Compilation)","Permanent Neow","Reliquary","Replay The Spire","Shop Mod","Spicy Shops","StSLib","Stuff the Spire","The Administrix","The Blackbeard","The Runesmith","The Servant 0.9.4"],"gold_per_floor":[118,118,4,4,4,31,48,61,84,95,123,137,167,273,273,378,378,389,404,418,429,429,462,462,487,487,502,536,549,549,381,381,381,381,381],"floor_reached":33,"language":"ENG","playtime":1851,"items_purged":["blackbeard:BlackbeardStrike","blackbeard:BlackbeardDefend"],"score":352,"play_id":"4e8f7107-ebce-443d-915c-044255bff8c6","local_time":"20210126024150","is_ascension_mode":false,"campfire_choices":[{"floor":15,"key":"REST"},{"floor":24,"key":"RECALL"},{"floor":30,"key":"REST"},{"floor":32,"key":"REST"}],"circlet_count":0,"master_deck":["blackbeard:IntimidatingStrike","blackbeard:BlackbeardDefend","blackbeard:BlackbeardDefend","blackbeard:BlackbeardDefend","blackbeard:Cutlass","blackbeard:PirateHook","blackbeard:RearmingStrike+1","blackbeard:RemoveScurvy+1","blackbeard:CloakAndCannonball","blackbeard:Boarding","blackbeard:CloakAndCannonball","blackbeard:Shrapnel","blackbeard:Salvager","blackbeard:FieryDefense","blackbeard:FieryDefense+1","blackbeard:CloakAndCannonball","blackbeard:TacticalRetreat","blackbeard:GoldenCannonball"],"relics":["blackbeard:LoadTheCannons","NeowsBlessing","Pocketwatch","reliquary:TuningFork","Vajra","PreservedInsect","Empty Cage","CCEMRelics:PorcelainBowl","CCEMRelics:IronFruit","blackbeard:Penknife","CCEMRelics:FakeTeeth"],"acts_visited":["Exordium","TheCity"],"potions_floor_usage":[11,20,21,23,25,27,33],"damage_taken":[{"damage":0,"enemies":"Cultist","floor":1,"turns":1},{"damage":0,"enemies":"3 Sentries","floor":6,"turns":1},{"damage":0,"enemies":"Small Slimes","floor":7,"turns":1},{"damage":1,"enemies":"Jaw Worm","floor":8,"turns":2},{"damage":0,"enemies":"Looter","floor":10,"turns":2},{"damage":11,"enemies":"Gremlin Nob","floor":11,"turns":3},{"damage":5,"enemies":"Gremlin Gang","floor":12,"turns":4},{"damage":21,"enemies":"Lagavulin","floor":13,"turns":6},{"damage":28,"enemies":"Hexaghost","floor":16,"turns":9},{"damage":0,"enemies":"3 Byrds","floor":18,"turns":4},{"damage":19,"enemies":"conspire:FuzzyDice","floor":19,"turns":4},{"damage":16,"enemies":"Snake Plant","floor":20,"turns":4},{"damage":10,"enemies":"Centurion and Healer","floor":21,"turns":6},{"damage":15,"enemies":"Slavers","floor":23,"turns":2},{"damage":31,"enemies":"Book of Stabbing","floor":25,"turns":6},{"damage":5,"enemies":"3 Cultists","floor":27,"turns":3},{"damage":3,"enemies":"conspire:Head Lice","floor":28,"turns":5},{"damage":8,"enemies":"Sentry and Sphere","floor":29,"turns":4},{"damage":74,"enemies":"Automaton","floor":33,"turns":8}],"seed_played":"6340658439968767261","potions_obtained":[{"floor":6,"key":"jedi:StrikingPotion"},{"floor":8,"key":"SpeedPotion"},{"floor":16,"key":"ColorlessPotion"},{"floor":19,"key":"SkillPotion"},{"floor":21,"key":"Adrenaline Potion"},{"floor":25,"key":"DuplicationPotion"},{"floor":29,"key":"ColorlessPotion"}],"is_trial":false,"path_per_floor":["M","?","$","?","$","E","M","M","T","M","E","M","E","?","R","B",null,"M","M","M","M","?","E","R","E","T","M","E","M","R","$","R","B"],"character_chosen":"BLACKBEARD_CLASS","items_purchased":["blackbeard:RearmingStrike+1","blackbeard:GoldenCannonball"],"campfire_rested":3,"item_purchase_floors":[3,31],"current_hp_per_floor":[75,75,75,75,75,75,75,74,74,74,63,58,45,24,46,26,75,75,56,48,46,46,31,31,13,13,8,13,13,37,37,61,0,0,0],"gold":381,"neow_bonus":"THREE_ENEMY_KILL","is_daily":false,"chose_seed":false,"campfire_upgraded":0,"win_rate":0.0,"timestamp":1611636110,"path_taken":["M","?","$","?","$","E","M","M","T","?","E","M","E","?","R","BOSS","M","?","M","M","?","E","R","E","T","M","E","M","R","$","R","BOSS"],"items_purchased_type":["Card","Card"],"build_version":"2020-12-22","purchased_purges":2,"victory":false,"max_hp_per_floor":[75,75,75,75,75,75,75,75,75,75,75,75,75,75,75,75,75,75,75,75,75,75,75,75,80,80,80,80,80,80,80,80,80,80,80],"card_choices":[{"not_picked":["blackbeard:GoldenStrike","blackbeard:GoldenCannonball"],"picked":"blackbeard:PirateHook","floor":1},{"not_picked":["blackbeard:PirateEarring","blackbeard:GhostInTheRum"],"picked":"blackbeard:CloakAndCannonball","floor":6},{"not_picked":["blackbeard:WiseDefense","blackbeard:RearmingStrike"],"picked":"blackbeard:Boarding","floor":7},{"not_picked":["blackbeard:BuriedTreasure","blackbeard:BeatUp"],"picked":"blackbeard:CloakAndCannonball","floor":8},{"not_picked":["blackbeard:Dagger","blackbeard:FishingNets","blackbeard:DeadlyArsenal"],"picked":"SKIP","floor":10},{"not_picked":["blackbeard:FishingNets","blackbeard:ChaoticDefense","blackbeard:Dagger"],"picked":"SKIP","floor":11},{"not_picked":["blackbeard:Spear","blackbeard:CloakAndCannonball"],"picked":"blackbeard:Shrapnel","floor":12},{"not_picked":["blackbeard:TerrorOfTheSeas","blackbeard:GoldenDefense","blackbeard:WiseDefense"],"picked":"SKIP","floor":13},{"not_picked":["blackbeard:ReapersScythe","blackbeard:FinalBarrage"],"picked":"blackbeard:Salvager","floor":16},{"not_picked":["blackbeard:Bandana+1","blackbeard:Recklessness","blackbeard:Revenge"],"picked":"SKIP","floor":18},{"not_picked":["blackbeard:PiratesWill","blackbeard:Shrapnel+1"],"picked":"blackbeard:FieryDefense","floor":19},{"not_picked":["blackbeard:Boarding","blackbeard:Scrap","blackbeard:TerrorOfTheSeas"],"picked":"SKIP","floor":20},{"not_picked":["blackbeard:Upgrade","blackbeard:PiratesWill","blackbeard:JollyRoger"],"picked":"SKIP","floor":21},{"not_picked":["blackbeard:GoldenGuillotine","blackbeard:ChaoticDefense+1"],"picked":"blackbeard:FieryDefense","floor":23},{"not_picked":["blackbeard:Fencing","blackbeard:GoldenRain","blackbeard:DeadlyArsenal"],"picked":"SKIP","floor":25},{"not_picked":["blackbeard:BeatUp","blackbeard:WiseDefense"],"picked":"blackbeard:CloakAndCannonball","floor":27},{"not_picked":["blackbeard:VengefulSpirit","blackbeard:Toast"],"picked":"blackbeard:TacticalRetreat","floor":28},{"not_picked":["blackbeard:WoodenLeg+1","blackbeard:BuriedTreasure","blackbeard:Fencing+1"],"picked":"SKIP","floor":29}],"player_experience":844909,"relics_obtained":[{"floor":6,"key":"Pocketwatch"},{"floor":11,"key":"reliquary:TuningFork"},{"floor":13,"key":"Vajra"},{"floor":23,"key":"CCEMRelics:PorcelainBowl"},{"floor":25,"key":"CCEMRelics:IronFruit"},{"floor":26,"key":"blackbeard:Penknife"},{"floor":28,"key":"CCEMRelics:FakeTeeth"}],"event_choices":[{"damage_healed":0,"gold_gain":0,"player_choice":"Ignored","damage_taken":0,"max_hp_gain":0,"max_hp_loss":0,"event_name":"blackbeard:GoldsmithEvent","floor":2,"gold_loss":0},{"damage_healed":0,"gold_gain":106,"player_choice":"GO RE ","damage_taken":24,"relics_obtained":["PreservedInsect"],"max_hp_gain":0,"max_hp_loss":0,"event_name":"betterSkull:BetterSkull","floor":14,"gold_loss":0,"cards_upgraded":[]},{"cards_removed":["blackbeard:BlackbeardDefend"],"damage_healed":0,"gold_gain":0,"player_choice":"Give","damage_taken":0,"max_hp_gain":0,"max_hp_loss":0,"event_name":"betterNote:BetterNote","floor":22,"gold_loss":0,"cards_obtained":["Defend_B"]}],"is_beta":false,"boss_relics":[{"not_picked":["hubris:TerracottaHorce","hubris:CrackedHourglass"],"picked":"Empty Cage"}],"items_purged_floors":[3,31],"is_endless":false,"potions_floor_spawned":[6,8,16,19,21,25,29],"killed_by":"Automaton","ascension_level":0}}