{"host":"d73an99q9oevilk5","time":1611633518,"event":{"mods":["2.2 Compatiblity","AchievementEnabler","Act Like it!","Aspiration","BaseMod","Beaked The Cultist","Better Third Choice","BetterRewards","Colored Map","Colored Powertips","Conspire","GifTheSpireLib","Grow up Mod","Halation","Hubris","Infinite Spire","Mimic Mod","Minty Spire (QoL Compilation)","Quick Restart","Relic Sorter","Replay The Spire","Shop Mod","Spikes Relics","StSLib","Stuff the Spire","The Cursed","The Necromancer","The Saiyan","Waifu the Spire","egg","slay the spire mod where everything is the same but ironclad has a cowboy hat"],"gold_per_floor":[114,128,141,158,174,230,26,46,81,81,103,103,103,134,134,268,268,283,330,344,103,103,130,130,130,130,142,142,156,171,171,191,216,216,320,320,334,334,334,344,360,360,380,410,410,420,420,420,431,431,431,431],"floor_reached":53,"language":"ENG","playtime":2659,"items_purged":["Looming Evil"],"score":1066,"play_id":"92c301fc-bf1b-4572-ac57-fe0493c2e854","local_time":"20210125205838","is_ascension_mode":false,"campfire_choices":[{"data":"beaked:CrazyRituals","floor":13.0,"key":"SMITH"},{"data":"beaked:Evade","floor":15.0,"key":"SMITH"},{"data":"beaked:CrazyRituals","floor":26.0,"key":"SMITH"},{"data":"beaked:KnowThyFoe","floor":34.0,"key":"SMITH"},{"data":"beaked:CrazyRituals","floor":42.0,"key":"SMITH"},{"data":"beaked:CrazyRituals","floor":47,"key":"SMITH"},{"data":"beaked:KnowThyFoe","floor":51,"key":"SMITH"}],"circlet_count":0,"master_deck":["beaked:Strike_Y","beaked:Strike_Y","beaked:Strike_Y","beaked:Strike_Y","beaked:Strike_Y+1","beaked:Defend_Y","beaked:Defend_Y","beaked:Defend_Y","beaked:Ceremony","beaked:CrazyRituals+1","beaked:CrazyRituals+1","beaked:Foresight","beaked:CrazyRituals+1","beaked:Evade+1","beaked:CrazyRituals+1","beaked:MachineSpirit","beaked:KnowThyFoe+1","beaked:Strike_Y","beaked:WarriorEssence+1","beaked:CursingBlood","beaked:Foresight","beaked:KnowThyFoe+1","infinitespire:FutureSight"],"relics":["beaked:MendingPlumage","hubris:Icosahedron","Iron Hammer","ReplayTheSpireMod:CursedCoin","halation:Jellyphish","conspire:TreasureMap","MerchantsRug","Quantum Egg","hubris:Metronome","Odd Mushroom","hubris:Towel","Thread and Needle","beaked:SacrificeDoll","Blood Vial","infinitespire:CheckeredPen","halation:OrihimeAndHikoboshiSamaAndTears","beaked:ShinyBauble","Tiny Chest","hubris:Potato","RollingBoulder","Replay:Rubber Ducky","Letter Opener"],"acts_visited":["Exordium","TheCity","TheBeyond"],"potions_floor_usage":[44,52,52,52,52,52,52],"damage_taken":[{"damage":4.0,"enemies":"conspire:RoseBush","floor":1.0,"turns":2.0},{"damage":0.0,"enemies":"Small Slimes","floor":2.0,"turns":3.0},{"damage":6.0,"enemies":"Cultist","floor":3.0,"turns":3.0},{"damage":7.0,"enemies":"conspire:2 RoseBushes","floor":4.0,"turns":4.0},{"damage":18.0,"enemies":"Large Slime","floor":5.0,"turns":4.0},{"damage":32.0,"enemies":"3 Sentries","floor":6.0,"turns":6.0},{"damage":12.0,"enemies":"2 Fungi Beasts","floor":8.0,"turns":4.0},{"damage":1.0,"enemies":"Exordium Thugs","floor":9.0,"turns":5.0},{"damage":79.0,"enemies":"The Mushroom Lair","floor":11.0,"turns":4.0},{"damage":13.0,"enemies":"Replay:BlueRogue","floor":14.0,"turns":8.0},{"damage":12.0,"enemies":"Fading Forest","floor":16.0,"turns":11.0},{"damage":10.0,"enemies":"Chosen","floor":18.0,"turns":6.0},{"damage":4.0,"enemies":"conspire:FuzzyDice","floor":20.0,"turns":5.0},{"damage":16.0,"enemies":"Gremlin Leader","floor":23.0,"turns":6.0},{"damage":0.0,"enemies":"Shelled Parasite and Fungi","floor":27.0,"turns":5.0},{"damage":44.0,"enemies":"Cultist and Chosen","floor":29.0,"turns":9.0},{"damage":24.0,"enemies":"Snake Plant","floor":30.0,"turns":5.0},{"damage":48.0,"enemies":"3 Cultists","floor":32.0,"turns":6.0},{"damage":15.0,"enemies":"conspire:Head Lice","floor":33.0,"turns":6.0},{"damage":6.0,"enemies":"conspire:MysteriousRune","floor":35.0,"turns":5.0},{"damage":10.0,"enemies":"Orb Walker","floor":37.0,"turns":4.0},{"damage":35.0,"enemies":"3 Darklings","floor":40.0,"turns":6.0},{"damage":98.0,"enemies":"Jaw Worm Horde","floor":41.0,"turns":7.0},{"damage":11.0,"enemies":"Transient","floor":43.0,"turns":5.0},{"damage":0,"enemies":"beaked:SuperParasite","floor":44,"turns":2},{"damage":0,"enemies":"Sphere and 2 Shapes","floor":46,"turns":6},{"damage":0,"enemies":"4 Shapes","floor":49,"turns":3},{"damage":34,"enemies":"Donu and Deca","floor":52,"turns":5}],"seed_played":"-4651125719781492911","potions_obtained":[{"floor":4.0,"key":"Swift Potion"},{"floor":5.0,"key":"Cursed Concoction"},{"floor":6.0,"key":"Dexterity Potion"},{"floor":14.0,"key":"Adrenaline Potion"},{"floor":16.0,"key":"EntropicBrew"},{"floor":19.0,"key":"beaked:MendingBrew"},{"floor":29.0,"key":"PowerPotion"},{"floor":33.0,"key":"SmokeBomb"},{"floor":35.0,"key":"Fruit Juice"},{"floor":37.0,"key":"Dexterity Potion"},{"floor":46,"key":"Energy Potion"}],"is_trial":false,"path_per_floor":["M","M","M","M","M","E","$","M","MIM","$","?","?","R","E","R","B",null,"M","?","M","$","?","E","PTL","PTL","R","M","T","M","M","?","M","E","R","B",null,"M","?","T","M","M","R","M","E","T","M","R","$","M","?","R_BF","B",null],"character_chosen":"BEAKED_THE_CULTIST","items_purchased":["Iron Hammer","ReplayTheSpireMod:CursedCoin","halation:Jellyphish","conspire:TreasureMap","beaked:Foresight","MerchantsRug","Quantum Egg","infinitespire:CheckeredPen"],"campfire_rested":0,"item_purchase_floors":[0,0,0,0,0,7,7,21],"current_hp_per_floor":[67,80,88,100,105,113,123,139,150,160,166,176,186,200,210,220,230,237,187,224,234,244,286,296,306,316,330,340,343,360,370,358,390,400,415,425,429,439,449,452,374,384,433,453,463,490,500,510,520,401,411,462],"gold":431,"neow_bonus":"","is_daily":false,"chose_seed":false,"campfire_upgraded":7,"win_rate":0.0,"timestamp":1611633518,"path_taken":["M","M","M","M","M","E","$","M","MIM","$","?","?","R","E","R","BOSS","M","?","M","$","?","E","PTL","PTL","R","M","T","?","M","?","M","E","R","BOSS","M","?","?","?","M","R","M","E","T","M","R","$","M","?","R_BF","BOSS"],"items_purchased_type":["Relic","Relic","Relic","Relic","Card","Relic","Relic","Relic"],"build_version":"2020-12-22","purchased_purges":1,"victory":true,"max_hp_per_floor":[70,80,90,100,110,120,130,140,150,160,170,180,190,200,210,220,230,240,250,260,270,280,290,300,310,320,330,340,350,360,370,380,390,400,415,425,435,445,455,465,440,450,460,470,480,490,500,510,520,530,540,550],"card_choices":[{"not_picked":["beaked:HuntressSpirit","beaked:Tweet","beaked:Daydream"],"picked":"SKIP","floor":1.0},{"not_picked":["beaked:StunningBlow","beaked:Daydream"],"picked":"beaked:Evade","floor":2.0},{"not_picked":["beaked:HuntressSpirit","beaked:Roost"],"picked":"beaked:CrazyRituals","floor":3.0},{"not_picked":["beaked:Flinch","beaked:Poke","beaked:DesperateSwing"],"picked":"SKIP","floor":4.0},{"not_picked":["beaked:Evade","ReplayTheSpireMod:Wings of Steel","beaked:BraceForImpact"],"picked":"SKIP","floor":5.0},{"not_picked":["beaked:Daydream","beaked:CursingBlood","beaked:Resilience"],"picked":"SKIP","floor":6.0},{"not_picked":["beaked:Negation","beaked:StickSmack"],"picked":"beaked:MachineSpirit","floor":8.0},{"not_picked":["beaked:WarriorEssence","beaked:TuckingFeathers","ReplayTheSpireMod:Wings of Steel"],"picked":"SKIP","floor":14.0},{"not_picked":["beaked:Sacrifice","beaked:DarkPact"],"picked":"beaked:KnowThyFoe","floor":16.0},{"not_picked":["beaked:Poke","beaked:BloodForTheGods+1","beaked:SurvivalInstinct"],"picked":"SKIP","floor":18.0},{"not_picked":["beaked:FeelMyPain","beaked:SurvivalInstinct"],"picked":"beaked:WarriorEssence","floor":19.0},{"not_picked":["beaked:Daydream","beaked:BraceForImpact"],"picked":"beaked:CursingBlood","floor":20.0},{"not_picked":["beaked:MachineSpirit","beaked:WarriorSpirit"],"picked":"beaked:Foresight","floor":23.0},{"not_picked":["beaked:BloodForTheGods","beaked:DigDeep+1","beaked:Negation"],"picked":"SKIP","floor":27.0},{"not_picked":["beaked:SurvivalInstinct","beaked:WarriorEssence","beaked:Hexing"],"picked":"SKIP","floor":29.0},{"not_picked":["beaked:Flinch+1","beaked:DigDeep","beaked:MimicMachine"],"picked":"SKIP","floor":30.0},{"not_picked":["beaked:Flinch","beaked:TuckingFeathers","beaked:Tradeoff"],"picked":"SKIP","floor":32.0},{"not_picked":["beaked:BraceForImpact","beaked:BarbedWire+1","beaked:Tweet"],"picked":"SKIP","floor":33.0},{"not_picked":["beaked:FakeOut","beaked:Caw"],"picked":"beaked:KnowThyFoe","floor":35.0},{"not_picked":["beaked:Pecker","beaked:WarriorEssence+1","beaked:Tradeoff"],"picked":"SKIP","floor":37.0},{"not_picked":["beaked:FeelMyPain+1","beaked:SurvivalInstinct","beaked:Redirect+1"],"picked":"SKIP","floor":40.0},{"not_picked":["beaked:Insight","beaked:Recite+1","beaked:Windmill+1"],"picked":"SKIP","floor":41.0},{"not_picked":["beaked:Cower+1","beaked:Daydream+1","beaked:TuckingFeathers+1"],"picked":"SKIP","floor":43.0},{"not_picked":["beaked:DarkTribute","beaked:Tradeoff","beaked:Windmill"],"picked":"SKIP","floor":44},{"not_picked":["beaked:MaddeningMurmurs+1","beaked:Redirect+1","beaked:Windmill+1"],"picked":"SKIP","floor":46},{"not_picked":["beaked:Resilience","beaked:WarriorSpirit+1","beaked:Redirect+1"],"picked":"SKIP","floor":49},{"not_picked":["ReplayTheSpireMod:Haul","ReplayTheSpireMod:Echoes of Time"],"picked":"infinitespire:FutureSight","floor":50}],"player_experience":1782991,"relics_obtained":[{"floor":6.0,"key":"Incense Burner"},{"floor":9.0,"key":"hubris:Metronome"},{"floor":11.0,"key":"Odd Mushroom"},{"floor":14.0,"key":"Thread and Needle"},{"floor":19.0,"key":"Blood Vial"},{"floor":23.0,"key":"beaked:ShinyBauble"},{"floor":28.0,"key":"Tiny Chest"},{"floor":33.0,"key":"hubris:Potato"},{"floor":39.0,"key":"RollingBoulder"},{"floor":44,"key":"Replay:Rubber Ducky"},{"floor":45,"key":"Letter Opener"}],"event_choices":[{"damage_healed":0.0,"max_hp_gain":0.0,"max_hp_loss":0.0,"gold_gain":0.0,"event_name":"Mushrooms","player_choice":"Fought Mushrooms","floor":11.0,"gold_loss":0.0,"damage_taken":0.0},{"damage_healed":0.0,"max_hp_gain":0.0,"max_hp_loss":0.0,"gold_gain":0.0,"event_name":"WeMeetAgain","player_choice":"Gave Potion","floor":22.0,"gold_loss":0.0,"damage_taken":0.0,"relics_obtained":["halation:OrihimeAndHikoboshiSamaAndTears"]},{"damage_healed":0.0,"max_hp_gain":0.0,"max_hp_loss":0.0,"gold_gain":0.0,"event_name":"conspire:Investor","player_choice":"Leave","floor":38.0,"gold_loss":0.0,"damage_taken":0.0}],"is_beta":false,"boss_relics":[{"not_picked":["Replay:Bronze Core","Tiny House"],"picked":"beaked:SacrificeDoll"},{"not_picked":["Fusion Hammer","Runic Dome","StuffTheSpire:RunicConfusion"]}],"items_purged_floors":[0],"is_endless":false,"potions_floor_spawned":[4,5,6,14,16,20,29,30,33,35,37,41,43,46],"ascension_level":0}}