{"host":"nzq3d31h1j2g5t95","time":1611657167,"event":{"mods":["BaseMod","Hubris","Minty Spire (QoL Compilation)","Replay The Spire","StSLib","[IsaacMod]ÒÔÈö¼âËþ","¡¾ÒÅÎï¿¨ÅÆ¡¿REMEMod"],"gold_per_floor":[109,109,184,199,214,214,32,50,50,81,100,127,127,145,145,219,219,231,158,168,187,187,187,212,212,212,212,212],"floor_reached":27,"language":"ZHS","playtime":1072,"items_purged":["Defend_R","Strike_R"],"score":732,"play_id":"30377d1a-8c44-45a8-8bfe-e51743a3033c","local_time":"20210126183247","is_ascension_mode":true,"campfire_choices":[{"data":"REME_WheelOfFate","floor":6.0,"key":"SMITH"},{"data":"Power Through","floor":15.0,"key":"SMITH"},{"data":"Barricade","floor":23,"key":"SMITH"},{"data":"Double Tap","floor":25,"key":"SMITH"}],"circlet_count":0,"master_deck":["AscendersBane","Strike_R","Strike_R","Defend_R","Defend_R","Bash","REME_WheelOfFate+1","Spot Weakness","Pommel Strike","Second Wind","Havoc","True Grit","Power Through+1","Perfected Strike","Thunderclap","Clothesline","Barricade+1","REME_TheLastStrike","Fiend Fire","Double Tap+1","Fire Breathing","Metallicize","Dual Wield","Heavy Blade","ReplayTheSpireMod:Private Reserves","Abandon+1"],"relics":["HushsDoor","REME_ComplimentaryCards","Empty Cage","SteamSale","Centennial Puzzle","MealTicket","BelialBook","Habit","hubris:ChampionShield","REME_IWantAll","hubris:TenFootPole","Question Card","REME_DuelDisc","JudasShadow","GuppysTail","GuppysHead","Membership Card","Paper Frog","hubris:Reverence","Smiling Mask","Toxic Egg 2"],"acts_visited":["Exordium","TheCity"],"potions_floor_usage":[21,27,27],"damage_taken":[{"damage":2.0,"enemies":"Jaw Worm","floor":1.0,"turns":2.0},{"damage":22.0,"enemies":"2 Louse","floor":4.0,"turns":5.0},{"damage":10.0,"enemies":"Cultist","floor":5.0,"turns":5.0},{"damage":0.0,"enemies":"Looter","floor":8.0,"turns":1.0},{"damage":22.0,"enemies":"Gremlin Nob","floor":10.0,"turns":4.0},{"damage":8.0,"enemies":"Large Slime","floor":11.0,"turns":5.0},{"damage":0.0,"enemies":"Lagavulin","floor":12.0,"turns":3.0},{"damage":2.0,"enemies":"Lots of Slimes","floor":14.0,"turns":3.0},{"damage":8.0,"enemies":"The Guardian","floor":16.0,"turns":7.0},{"damage":22.0,"enemies":"2 Thieves","floor":18.0,"turns":2.0},{"damage":0.0,"enemies":"Chosen","floor":20.0,"turns":3.0},{"damage":10,"enemies":"Snecko","floor":21,"turns":5},{"damage":42,"enemies":"Book of Stabbing","floor":24,"turns":5},{"damage":6,"enemies":"Slavers","floor":27,"turns":2}],"seed_played":"4325419573195014031","potions_obtained":[{"floor":1.0,"key":"Fruit Juice"},{"floor":5.0,"key":"Flashbang"},{"floor":8.0,"key":"Reflective Coating"},{"floor":11.0,"key":"Energy Potion"},{"floor":12.0,"key":"Dexterity Potion"},{"floor":21,"key":"HeartOfIron"}],"is_trial":false,"path_per_floor":["M","?","?","M","M","R","$","M","T","E","M","E","?","M","R","B",null,"M","$","M","M","?","R","E","R","T","E"],"character_chosen":"IRONCLAD","items_purchased":["BelialBook","Habit","JudasShadow","GuppysTail","GuppysHead","Membership Card","Paper Frog","hubris:Reverence","Fruit Juice","ReplayTheSpireMod:Private Reserves","Abandon+1"],"campfire_rested":0,"item_purchase_floors":[7,7,17,17,17,19,19,19,19,19,19],"current_hp_per_floor":[66,66,55,38,28,28,43,43,43,21,16,66,63,65,65,61,55,37,52,52,47,41,41,1,1,1,0,0],"gold":212,"neow_bonus":"BOSS_RELIC","is_daily":false,"chose_seed":false,"campfire_upgraded":4,"win_rate":0.0,"timestamp":1611657167,"path_taken":["M","?","?","M","M","R","$","M","T","E","?","E","?","M","R","BOSS","M","$","?","M","?","R","E","R","T","E"],"items_purchased_type":["Relic","Relic","Relic","Relic","Relic","Relic","Relic","Relic","Potion","Card","Card"],"build_version":"2020-12-22","purchased_purges":2,"victory":false,"max_hp_per_floor":[75,75,75,80,80,80,80,80,80,80,83,80,80,84,84,88,55,59,59,59,64,69,69,1,1,1,1,1],"card_choices":[{"not_picked":["Uppercut","Headbutt","Sword Boomerang"],"picked":"SKIP","floor":1.0},{"not_picked":["Blood for Blood","Perfected Strike","Demonic Infusion"],"picked":"SKIP","floor":4.0},{"not_picked":["Twin Strike","Replay:Undeath\u0027s Touch"],"picked":"Pommel Strike","floor":5.0},{"not_picked":["True Grit","Blood for Blood"],"picked":"Second Wind","floor":8.0},{"not_picked":["Warcry","Intimidate","Sword Boomerang"],"picked":"SKIP","floor":10.0},{"not_picked":["Havoc","Evolve","True Grit"],"picked":"Singing Bowl","floor":11.0},{"not_picked":["hubris:SharpeningStone","Demon Form","Massacre"],"picked":"SKIP","floor":12.0},{"not_picked":["Power Through","Perfected Strike","Thunderclap","Clothesline"],"picked":"Singing Bowl","floor":14.0},{"not_picked":["Barricade","REME_TheLastStrike","Fiend Fire","Double Tap"],"picked":"Singing Bowl","floor":16.0},{"not_picked":["Fire Breathing","Metallicize","Dual Wield","Heavy Blade"],"picked":"Singing Bowl","floor":18.0},{"not_picked":["True Grit+1","Clash","hubris:ReadiedAction","Disarm"],"picked":"SKIP","floor":20.0},{"not_picked":["Heavy Blade","REME_Cut","Hemokinesis","Havoc"],"picked":"SKIP","floor":21},{"not_picked":["Sword Boomerang","Shrug It Off","Sever Soul","Second Wind"],"picked":"SKIP","floor":24}],"player_experience":180640,"relics_obtained":[{"floor":9.0,"key":"hubris:ChampionShield"},{"floor":10.0,"key":"REME_IWantAll"},{"floor":12.0,"key":"Question Card"},{"floor":24,"key":"Smiling Mask"},{"floor":26,"key":"Toxic Egg 2"}],"event_choices":[{"damage_healed":0.0,"max_hp_gain":0.0,"max_hp_loss":0.0,"gold_gain":0.0,"cards_transformed":["Defend_R"],"event_name":"Living Wall","player_choice":"Change","floor":2.0,"gold_loss":0.0,"damage_taken":0.0,"cards_obtained":["Spot Weakness"]},{"damage_healed":0.0,"max_hp_gain":0.0,"max_hp_loss":0.0,"gold_gain":75.0,"event_name":"World of Goop","player_choice":"Gather Gold","floor":3.0,"gold_loss":0.0,"damage_taken":11.0},{"cards_removed":["Evolve"],"damage_healed":0.0,"max_hp_gain":0.0,"max_hp_loss":0.0,"gold_gain":0.0,"event_name":"Golden Wing","player_choice":"Card Removal","floor":13.0,"gold_loss":0.0,"damage_taken":7.0},{"damage_healed":0,"gold_gain":0,"player_choice":"Shed Blood","damage_taken":22,"max_hp_gain":5,"max_hp_loss":0,"event_name":"Forgotten Altar","floor":22,"gold_loss":0}],"is_beta":false,"boss_relics":[{"not_picked":["hubris:BlackHole","Runic Dome"],"picked":"REME_DuelDisc"},{"not_picked":[]}],"items_purged_floors":[7,19],"is_endless":false,"potions_floor_spawned":[1,5,8,11,12,16,20,21],"killed_by":"Slavers","ascension_level":15}}