{"host":"pletss163z7s8pvv","time":1611638696,"event":{"mods":["AchievementEnabler","BaseMod","Better Altar","Better Match","Better Note","Better Sensory Stone","Better Skull","Better Third Choice","BetterRewards","CapriCore","ChefMod","Colored Map","Colored Powertips","Conspire","Energized Spire","Evolution","GifTheSpireLib","Hermit","Ironclad Rager","Marked Mod","Minty Spire (QoL Compilation)","Retaliation","Spicy Shops","StS++","StSLib","The Blue Laboratory","The Cursed","The Disciple","The Forsaken"],"gold_per_floor":[114,114,214,229,244,244,244,244,244,244,19,19,19,19,19,119,119,134,134,134,233,254,254,79,79,79,179,179,179,209,209,209,309,309,324,546,546,569,19,19,19,19,19,19,40,40,40,55,55,55],"floor_reached":51,"language":"ENG","playtime":1225,"items_purged":["Normality"],"score":662,"play_id":"6623abce-eb76-4749-95d2-aa4a5dcd2c60","local_time":"20210125232456","daily_mods":["SealedDeck","Flight","Night Terrors"],"is_ascension_mode":false,"campfire_choices":[{"data":"StSpp:Igniter","floor":6,"key":"SMITH"},{"data":"ICR:ChainLightning","floor":7,"key":"SMITH"},{"data":"White Noise","floor":8,"key":"SMITH"},{"data":"Fusion","floor":10,"key":"SMITH"},{"data":"Biased Cognition","floor":15,"key":"SMITH"},{"floor":23,"key":"REST"},{"data":"Discovery","floor":25,"key":"SMITH"},{"data":"StSpp:Pointer","floor":29,"key":"SMITH"},{"data":"StSpp:TargetLocked","floor":32,"key":"SMITH"},{"data":"Capacitor","floor":40,"key":"SMITH"},{"data":"StSpp:Saturation","floor":42,"key":"SMITH"},{"data":"BootSequence","floor":44,"key":"SMITH"},{"floor":46,"key":"REST"},{"data":"ICR:Cyclone","floor":49,"key":"SMITH"}],"circlet_count":0,"master_deck":["Fusion+1","Barrage","StSpp:TargetLocked+1","White Noise+1","Conserve Battery","BootSequence+1","Beam Cell","ICR:ChainLightning+1","StSpp:Igniter+1","Ball Lightning","StSpp:Pointer+1","Blind+1","Ball Lightning","Conserve Battery","Biased Cognition+1","Apotheosis+1","ICR:Cyclone+1","CurseOfTheBell","Go for the Eyes","Discovery+1","StSpp:Cataclysm","Rip and Tear","Glacier","StSpp:Saturation+1","Streamline","Stack+1","StSpp:TargetLocked+1","Sweeping Beam","Capacitor+1","Barrage","Doom and Gloom","StSpp:Channeliser+1","Chaos+1"],"relics":["Cracked Core","EVO:Axolotl","StrikeDummy","Juzu Bracelet","ClockworkSouvenir","conspire:GiftBox","Calling Bell","Toy Ornithopter","Shuriken","conspire:Boomerang","Red Mask","Regal Pillow","Lantern","Omamori","Bag of Preparation","conspire:TopHat","Lee\u0027s Waffle","StSpp:BackupBattery","Orrery","Gremlin Horn","StoneCalendar"],"acts_visited":["Exordium","TheCity","TheBeyond"],"potions_floor_usage":[33,33,38,50,50,50],"damage_taken":[{"damage":8,"enemies":"Jaw Worm","floor":1,"turns":2},{"damage":4,"enemies":"Cultist","floor":4,"turns":3},{"damage":5,"enemies":"2 Louse","floor":5,"turns":3},{"damage":9,"enemies":"The Guardian","floor":16,"turns":4},{"damage":14,"enemies":"2 Thieves","floor":18,"turns":3},{"damage":62,"enemies":"Masked Bandits","floor":22,"turns":4},{"damage":11,"enemies":"Gremlin Leader","floor":30,"turns":5},{"damage":3,"enemies":"Collector","floor":33,"turns":6},{"damage":37,"enemies":"3 Darklings","floor":35,"turns":4},{"damage":20,"enemies":"conspire:MimicChest","floor":38,"turns":6},{"damage":58,"enemies":"2 Orb Walkers","floor":45,"turns":5},{"damage":0,"enemies":"3 Shapes","floor":48,"turns":4},{"damage":23,"enemies":"Donu and Deca","floor":50,"turns":6}],"seed_played":"-4735054310349275430","potions_obtained":[{"floor":5,"key":"Strength Potion"},{"floor":16,"key":"blueLaboratory:StoneskinPotion"},{"floor":22,"key":"DDmod:CleansePotion"},{"floor":30,"key":"DuplicationPotion"},{"floor":38,"key":"blueLaboratory:AbyssPotion"},{"floor":45,"key":"blueLaboratory:SavagePotion"}],"is_trial":false,"path_per_floor":["M","?","?","M","M","R","R","R","T","R","$","?","?","?","R","B",null,"M","?","?","?","?","R","$","R","T","?","?","R","E","?","R","B",null,"M","?","?","?","$","R","$","R","T","R","?","R","$","M","R","B",null],"character_chosen":"DEFECT","items_purchased":["Juzu Bracelet","ClockworkSouvenir","Regal Pillow","Rip and Tear","Lee\u0027s Waffle","StSpp:BackupBattery","Orrery","PowerPotion"],"campfire_rested":2,"item_purchase_floors":[11,11,24,24,39,39,39,39],"current_hp_per_floor":[69,69,69,65,60,60,60,60,60,60,60,60,60,60,60,51,77,63,63,63,63,1,72,72,72,72,72,72,72,61,61,61,68,72,35,35,35,20,79,79,79,79,79,79,21,74,74,74,74,51],"gold":55,"neow_bonus":"","is_daily":true,"chose_seed":false,"campfire_upgraded":12,"win_rate":0.0,"timestamp":1611638696,"path_taken":["M","?","?","M","M","R","R","R","T","R","$","?","?","?","R","BOSS","M","?","?","?","?","R","$","R","T","?","?","R","E","?","R","BOSS","M","?","?","?","$","R","$","R","T","R","?","R","?","M","R","BOSS"],"items_purchased_type":["Relic","Relic","Relic","Card","Relic","Relic","Relic","Potion"],"build_version":"2020-12-22","purchased_purges":1,"victory":true,"max_hp_per_floor":[77,77,77,77,77,77,77,77,77,77,77,77,77,77,77,77,77,77,77,77,77,77,72,72,72,72,72,72,72,72,72,72,72,72,72,72,72,72,79,79,79,79,79,79,79,74,74,74,74,74],"card_choices":[{"not_picked":["Turbo","Stack"],"picked":"StSpp:Pointer","floor":1},{"not_picked":["Finesse+1","StSpp:MindBarrier+1"],"picked":"Blind+1","floor":2},{"not_picked":["Reprogram","Streamline"],"picked":"Ball Lightning","floor":4},{"not_picked":["Compile Driver","Leap"],"picked":"Conserve Battery","floor":5},{"not_picked":["ICR:Cyclone","Fission"],"picked":"Biased Cognition","floor":13},{"not_picked":["Rainbow","Buffer"],"picked":"ICR:Cyclone","floor":16},{"not_picked":["Compile Driver+1","Double Energy"],"picked":"Go for the Eyes","floor":18},{"not_picked":["Good Instincts","Enlightenment"],"picked":"Discovery","floor":20},{"not_picked":["Swift Strike","PanicButton"],"picked":"StSpp:Cataclysm","floor":20},{"not_picked":["Turbo","Gash"],"picked":"Coolheaded","floor":22},{"not_picked":["Stack","Barrage+1"],"picked":"Glacier","floor":30},{"not_picked":["Seek","Buffer"],"picked":"StSpp:Saturation","floor":33},{"not_picked":["Coolheaded","Barrage"],"picked":"Streamline","floor":35},{"not_picked":["Biased Cognition","Redo"],"picked":"Stack+1","floor":38},{"not_picked":["Streamline+1","Beam Cell"],"picked":"StSpp:TargetLocked+1","floor":39},{"not_picked":["Rebound","ICR:ChainLightning"],"picked":"Sweeping Beam","floor":39},{"not_picked":["Loop","Streamline+1"],"picked":"Capacitor","floor":39},{"not_picked":["StSpp:Fierceness","Undo"],"picked":"Barrage","floor":39},{"not_picked":["Cold Snap","Redo"],"picked":"Doom and Gloom","floor":39},{"not_picked":["Conserve Battery","Coolheaded"],"picked":"StSpp:Channeliser+1","floor":45},{"not_picked":["Steam Power","Leap"],"picked":"Chaos+1","floor":48}],"player_experience":453360,"relics_obtained":[{"floor":9,"key":"StrikeDummy"},{"floor":17,"key":"Toy Ornithopter"},{"floor":17,"key":"Shuriken"},{"floor":17,"key":"conspire:Boomerang"},{"floor":22,"key":"Red Mask"},{"floor":26,"key":"Lantern"},{"floor":30,"key":"Omamori"},{"floor":38,"key":"conspire:TopHat"},{"floor":43,"key":"Gremlin Horn"},{"floor":45,"key":"StoneCalendar"}],"event_choices":[{"damage_healed":0,"gold_gain":0,"player_choice":"2","damage_taken":0,"max_hp_gain":0,"max_hp_loss":0,"event_name":"betterMatch:BetterMatch","floor":2,"gold_loss":0,"cards_obtained":["betterMatch:ColorlessUncommonCard"]},{"damage_healed":0,"gold_gain":100,"player_choice":"Pray","damage_taken":0,"max_hp_gain":0,"max_hp_loss":0,"event_name":"Golden Shrine","floor":3,"gold_loss":0},{"damage_healed":0,"gold_gain":0,"player_choice":"Disagree","damage_taken":0,"max_hp_gain":0,"max_hp_loss":0,"event_name":"conspire:LoneGhost","floor":12,"gold_loss":0},{"damage_healed":0,"gold_gain":0,"player_choice":"Searched \u00272\u0027 times","damage_taken":0,"relics_obtained":["conspire:GiftBox"],"max_hp_gain":0,"max_hp_loss":0,"event_name":"Dead Adventurer","floor":13,"gold_loss":0},{"damage_healed":60,"gold_gain":0,"player_choice":"Embrace","damage_taken":0,"max_hp_gain":0,"max_hp_loss":77,"event_name":"betterThird:BetterShining","floor":14,"gold_loss":0},{"damage_healed":0,"gold_gain":2,"player_choice":"1","damage_taken":0,"max_hp_gain":0,"max_hp_loss":0,"event_name":"betterStone:BetterStone","floor":20,"gold_loss":0},{"damage_healed":0,"gold_gain":99,"player_choice":"Steal","damage_taken":0,"max_hp_gain":0,"max_hp_loss":0,"event_name":"betterThird:BetterNest","floor":21,"gold_loss":0},{"damage_healed":0,"gold_gain":0,"player_choice":"Fought Bandits","damage_taken":0,"max_hp_gain":0,"max_hp_loss":0,"event_name":"Masked Bandits","floor":22,"gold_loss":0},{"damage_healed":0,"gold_gain":100,"player_choice":"Pray","damage_taken":0,"max_hp_gain":0,"max_hp_loss":0,"event_name":"Golden Shrine","floor":27,"gold_loss":0},{"damage_healed":0,"gold_gain":0,"player_choice":"Ignored","damage_taken":0,"max_hp_gain":0,"max_hp_loss":0,"event_name":"Beggar","floor":28,"gold_loss":0},{"damage_healed":0,"gold_gain":222,"player_choice":"Wore Mask","damage_taken":0,"max_hp_gain":0,"max_hp_loss":0,"event_name":"Tomb of Lord Red Mask","floor":36,"gold_loss":0},{"cards_removed":["Coolheaded"],"damage_healed":0,"gold_gain":0,"player_choice":"Removed Skill","damage_taken":0,"max_hp_gain":0,"max_hp_loss":0,"event_name":"Falling","floor":37,"gold_loss":0},{"damage_healed":0,"gold_gain":0,"player_choice":"Fight","damage_taken":0,"max_hp_gain":0,"max_hp_loss":0,"event_name":"Mysterious Sphere","floor":45,"gold_loss":0}],"is_beta":false,"boss_relics":[{"not_picked":["Astrolabe","conspire:RunicOctahedron"],"picked":"Calling Bell"},{"not_picked":["Sozu","energizedSpire:EnergizedDie","Runic Pyramid"]}],"items_purged_floors":[24],"is_endless":false,"potions_floor_spawned":[5,16,22,30,38,45,48],"ascension_level":0}}