{"host":"pgm1p3lvdjflie30","time":1611674671,"event":{"mods":["100% Spire Juice","AchievementEnabler","Bard","BaseMod","Colored Map","Colored Powertips","Conspire","Dark Map","Downfall","Energized Spire","Gremlin Mod","GungeonMod","Hermit","Highlight Path","HornydragonMod","Minty Spire (QoL Compilation)","Nova Terra(?娃·泰拉)","Reimu（博???）","Robot Space Explorer","SOS（斯巴?之子）","StSLib","The Bug Knight","The Dragon Tamer","The Gatherer","The IronCluck","The Jungle","The Marked","The Runesmith","The Saiyan","The Senshi","The Servant 0.9.4","TheHeartMod","Waifu the Spire","【?物卡牌】REMEMod"],"gold_per_floor":[115,115,115,40,40,40,54,86,86,86,150,150,185,198,198,303,303,315,515,515,515,534,534,569,0,0,0,0,0,211,222,222,323,323,535,535,535,535],"floor_reached":37,"language":"ZHS","playtime":1906,"items_purged":["theSenshi:SailorBlock","conspire:GhostlyStrike"],"score":441,"play_id":"bd4a0391-ca5c-400a-8155-78da3edf38a6","local_time":"20210126232431","is_ascension_mode":false,"campfire_choices":[{"floor":6.0,"key":"RECALL"},{"data":"DTMod:ShieldDrain","floor":10.0,"key":"SMITH"},{"data":"theSenshi:RoseThrow","floor":12.0,"key":"SMITH"},{"data":"theSenshi:JupitersPower","floor":15.0,"key":"SMITH"},{"floor":23,"key":"REST"},{"floor":27,"key":"REST"},{"floor":32,"key":"REST"}],"circlet_count":0,"master_deck":["conspire:GhostlyStrike","conspire:GhostlyStrike","conspire:GhostlyDefend","conspire:GhostlyDefend","theSenshi:RoseThrow+1","theSenshi:MoonPrismPowerMakeUp","DTMod:ShieldDrain+1","theSenshi:SupersonicWaves","theSenshi:SailorVenusAssists","theSenshi:MoonTiaraMagic","theSenshi:JupitersPower+1","theSenshi:FatedKiss","theSenshi:LunasBite","theSenshi:SailorChibiMoonAssists+1","theSenshi:JupitersPower","REME_MawOfCthun","hermit:Defend_Hermit","theSenshi:MoonCrystalPowerMakeUp","theSenshi:SailorPlutoAssists","downfall:Haunted"],"relics":["theSenshi:TransformationBroochRelic","REME_ComplimentaryCards","NeowsBlessing","theSenshi:TiaraRelic","Lantern","Runesmith:AutoHammer","REME_DemonsWealth","Gremlin Horn","REME_PuzzleBoxRelic","conspire:TreasureMap","Strawberry","Bronze Scales","Empty Cage"],"acts_visited":["TheCity","TheBeyond"],"potions_floor_usage":[22,24,33,33],"damage_taken":[{"damage":0.0,"enemies":"Cultist","floor":1.0,"turns":1.0},{"damage":0.0,"enemies":"conspire:RoseBush","floor":7.0,"turns":1.0},{"damage":0.0,"enemies":"HollowMod:MossKnight","floor":8.0,"turns":1.0},{"damage":26.0,"enemies":"Lagavulin","floor":13.0,"turns":5.0},{"damage":0.0,"enemies":"Small Slimes","floor":14.0,"turns":2.0},{"damage":17.0,"enemies":"Slime Boss","floor":16.0,"turns":8.0},{"damage":13,"enemies":"Chosen","floor":18,"turns":4},{"damage":37,"enemies":"conspire:FuzzyDice","floor":22,"turns":4},{"damage":31,"enemies":"conspire:SneckoGhost","floor":24,"turns":4},{"damage":14,"enemies":"Chosen and Byrds","floor":30,"turns":5},{"damage":9,"enemies":"3 Cultists","floor":31,"turns":4},{"damage":39,"enemies":"Automaton","floor":33,"turns":8},{"damage":36,"enemies":"3 Shapes","floor":35,"turns":6},{"damage":47,"enemies":"2 Orb Walkers","floor":37,"turns":3}],"seed_played":"-6161306128093435761","potions_obtained":[{"floor":1.0,"key":"Guardian:BlockOnCardUsePotion"},{"floor":8.0,"key":"SteroidPotion"},{"floor":16.0,"key":"LiquidMemories"},{"floor":30,"key":"FearPotion"},{"floor":33,"key":"Dexterity Potion"}],"is_trial":false,"path_per_floor":["M","$","?","$","?","R","M","E","T","R","?","R","E","M","R","B",null,"M","?","?","?","M","R","E","$","T","R","$","?","M","M","R","B",null,"M","?","?"],"character_chosen":"THE_SENSHI","items_purchased":["conspire:TreasureMap","Strawberry","REME_MawOfCthun"],"campfire_rested":3,"item_purchase_floors":[25,25,25],"current_hp_per_floor":[75,75,75,75,75,75,75,75,75,75,75,75,49,49,49,32,75,62,62,62,62,25,47,16,23,23,47,47,47,33,24,48,9,82,46,46,0,0],"gold":535,"neow_bonus":"THREE_ENEMY_KILL","is_daily":false,"chose_seed":false,"campfire_upgraded":3,"win_rate":0.0,"timestamp":1611674671,"path_taken":["M","$","?","$","?","R","M","E","T","R","?","R","E","M","R","BOSS","M","?","?","?","M","R","E","$","T","R","$","?","M","?","R","BOSS","M","?","?"],"items_purchased_type":["Relic","Relic","Card"],"build_version":"2020-12-22","purchased_purges":2,"victory":false,"max_hp_per_floor":[75,75,75,75,75,75,75,75,75,75,75,75,75,75,75,75,75,75,75,75,75,75,75,75,82,82,82,82,82,82,82,82,82,82,82,82,82,82],"card_choices":[{"not_picked":["theSenshi:EncouragingSpeech","theSenshi:SailorNeptuneAssists"],"picked":"theSenshi:SupersonicWaves","floor":1.0},{"not_picked":["theSenshi:MoonKick","theSenshi:GatheringStrength"],"picked":"theSenshi:SailorVenusAssists","floor":7.0},{"not_picked":["theSenshi:MoonPrincessHalation","theSenshi:InTheNickOfTime"],"picked":"theSenshi:MoonTiaraMagic","floor":8.0},{"not_picked":["theSenshi:SailorMercuryAssists","theSenshi:LateForSchool"],"picked":"theSenshi:SailorChibiMoonAssists","floor":13.0},{"not_picked":["theSenshi:LateForSchool","theSenshi:HesSoDreamy"],"picked":"theSenshi:JupitersPower","floor":14.0},{"not_picked":["theSenshi:GlimpseOfThePast","theSenshi:LunaSensingAllies"],"picked":"theSenshi:FatedKiss","floor":16.0},{"not_picked":["theSenshi:SailorPlanetAttack","theSenshi:EncouragingSpeech","Amnesia"],"picked":"theSenshi:LunasBite","floor":18},{"not_picked":["theSenshi:LunaWiseMentor+1","theSenshi:SupersonicWaves+1","conspire:NecroticWound"],"picked":"theSenshi:SailorChibiMoonAssists+1","floor":22},{"not_picked":["theSenshi:SailorPlanetPower+1","theSenshi:Sidestep","conspire:Blindness"],"picked":"theSenshi:JupitersPower","floor":24},{"not_picked":["theSenshi:Sidestep+1","theSenshi:GatheringStrength+1","theSenshi:StudyParty"],"picked":"Writhe","floor":30},{"not_picked":["theSenshi:SailorChibiMoonAssists","theSenshi:SchoolBag","Amnesia"],"picked":"theSenshi:MoonCrystalPowerMakeUp","floor":31},{"not_picked":["theSenshi:SailorCosmosAssists","theSenshi:GlimpseOfThePast","downfall:Aged"],"picked":"theSenshi:SailorPlutoAssists","floor":33},{"not_picked":["theSenshi:Sidestep","theSenshi:EncouragingSpeech+1","theSenshi:TallSilhouette"],"picked":"downfall:Haunted","floor":35}],"player_experience":350429,"relics_obtained":[{"floor":8.0,"key":"theSenshi:TiaraRelic"},{"floor":9.0,"key":"Lantern"},{"floor":13.0,"key":"Runesmith:AutoHammer"},{"floor":24,"key":"REME_PuzzleBoxRelic"},{"floor":31,"key":"Bronze Scales"}],"event_choices":[{"cards_removed":["theSenshi:SailorBlock"],"damage_healed":0.0,"max_hp_gain":0.0,"max_hp_loss":0.0,"gold_gain":0.0,"event_name":"Living Wall","player_choice":"Forget","floor":3.0,"gold_loss":0.0,"damage_taken":0.0},{"damage_healed":0.0,"max_hp_gain":0.0,"max_hp_loss":0.0,"gold_gain":0.0,"event_name":"conspire:LoneGhost","player_choice":"Agree","floor":5.0,"gold_loss":0.0,"damage_taken":0.0},{"damage_healed":0.0,"max_hp_gain":0.0,"max_hp_loss":0.0,"gold_gain":64.0,"event_name":"Golden Wing","player_choice":"Gained Gold","floor":11.0,"gold_loss":0.0,"damage_taken":0.0},{"damage_healed":0,"gold_gain":0,"player_choice":"Stole Relic","damage_taken":0,"relics_obtained":["Gremlin Horn"],"max_hp_gain":0,"max_hp_loss":0,"event_name":"Addict","floor":19,"gold_loss":0,"cards_obtained":["Shame"]},{"damage_healed":0,"gold_gain":0,"player_choice":"Leave","damage_taken":0,"max_hp_gain":0,"max_hp_loss":0,"event_name":"conspire:Investor","floor":20,"gold_loss":0},{"cards_removed":["Shame"],"damage_healed":0,"gold_gain":0,"player_choice":"Elegance","damage_taken":0,"max_hp_gain":0,"max_hp_loss":0,"event_name":"Back to Basics","floor":21,"gold_loss":0},{"cards_removed":["theSenshi:SailorChibiMoonAssists"],"damage_healed":0,"gold_gain":0,"player_choice":"Took Card","damage_taken":0,"max_hp_gain":0,"max_hp_loss":0,"event_name":"NoteForYourself","floor":29,"gold_loss":0,"cards_obtained":["hermit:Defend_Hermit"]},{"damage_healed":0,"gold_gain":0,"player_choice":"Ignored","damage_taken":0,"max_hp_gain":0,"max_hp_loss":0,"event_name":"Tomb of Lord Red Mask","floor":36,"gold_loss":0},{"damage_healed":0,"gold_gain":0,"player_choice":"Fight","damage_taken":0,"max_hp_gain":0,"max_hp_loss":0,"event_name":"Mysterious Sphere","floor":37,"gold_loss":0}],"is_beta":false,"boss_relics":[{"not_picked":["Snecko Eye","Runic Pyramid"],"picked":"REME_DemonsWealth"},{"not_picked":["energizedSpire:DeadBattery","energizedSpire:RedRose"],"picked":"Empty Cage"}],"items_purged_floors":[4,25],"is_endless":false,"potions_floor_spawned":[1,8,16,18,30,33],"killed_by":"2 Orb Walkers","ascension_level":0}}