{"host":"r5cycnjhcbwgkpkf","time":1611633422,"event":{"mods":["2.2 Compatiblity","AchievementEnabler","BaseMod","Bestiary","Better Match","Better Note","Better Skull","Better Third Choice","BetterRewards","Colored Map","Colored Powertips","Downfall","Infinite Spire","Minty Spire (QoL Compilation)","Spicy Shops","StSLib"],"gold_per_floor":[119,119,10,10,21,21,40,40,40,40,29,29,57,76,76,174,174,185,185,185,14,28,59,59,78,101,101,101,26,46,66,66,66,66],"floor_reached":33,"language":"ENG","playtime":1910,"items_purged":["Strike_G"],"score":466,"play_id":"4488e86b-45a9-4d6f-bb9c-b0f213175256","local_time":"20210125195702","is_ascension_mode":true,"campfire_choices":[{"floor":6,"key":"REST"},{"data":"Die Die Die","floor":8,"key":"SMITH"},{"data":"Reflex","floor":10,"key":"SMITH"},{"data":"Quick Slash","floor":12,"key":"SMITH"},{"floor":15,"key":"REST"},{"data":"Tools of the Trade","floor":24,"key":"SMITH"},{"floor":27,"key":"REST"},{"floor":32,"key":"REST"}],"circlet_count":0,"master_deck":["Strike_G","Strike_G","Strike_G","Strike_G","Defend_G+1","Defend_G+1","Defend_G","Defend_G","Survivor","Neutralize+1","Reflex+1","Dagger Throw","Die Die Die+1","Outmaneuver","Quick Slash+1","Choke","Tools of the Trade+1","Underhanded Strike","Distraction","All Out Attack","Grand Finale","Footwork+1"],"relics":["Ring of the Snake","TungstenRod","Medical Kit","Membership Card","Blue Candle","Orichalcum","infinitespire:Bottled Soul","HoveringKite","War Paint","Blood Vial","Bag of Preparation"],"acts_visited":["Exordium","TheCity"],"potions_floor_usage":[33],"damage_taken":[{"damage":0.0,"enemies":"Cultist","floor":1.0,"turns":3.0},{"damage":0,"enemies":"Small Slimes","floor":5,"turns":1},{"damage":0,"enemies":"Jaw Worm","floor":7,"turns":3},{"damage":20,"enemies":"Gremlin Nob","floor":13,"turns":4},{"damage":0,"enemies":"3 Louse","floor":14,"turns":1},{"damage":51,"enemies":"Hexaghost","floor":16,"turns":12},{"damage":13,"enemies":"3 Byrds","floor":18,"turns":4},{"damage":4,"enemies":"Spheric Guardian","floor":22,"turns":3},{"damage":0,"enemies":"Gremlin Leader","floor":23,"turns":6},{"damage":23,"enemies":"Snake Plant","floor":25,"turns":4},{"damage":17,"enemies":"Colosseum Slavers","floor":28,"turns":5},{"damage":21,"enemies":"Snecko","floor":30,"turns":7},{"damage":1,"enemies":"3 Cultists","floor":31,"turns":3},{"damage":65,"enemies":"Champ","floor":33,"turns":11}],"seed_played":"-7039144437465832045","potions_obtained":[{"floor":13,"key":"SteroidPotion"},{"floor":14,"key":"bronze:BurnAndBuffPotion"},{"floor":16,"key":"SpeedPotion"},{"floor":23,"key":"Explosive Potion"}],"is_trial":false,"path_per_floor":["M","?","$","?","M","R","M","R","T","R","$","R","E","M","R","B",null,"M","?","?","$","M","E","R","M","T","R","?","?","M","M","R","B"],"character_chosen":"THE_SILENT","items_purchased":["TungstenRod","Medical Kit","Reflex","Dagger Throw","Membership Card","Die Die Die","Outmaneuver","Quick Slash","War Paint","Distraction","All Out Attack"],"campfire_rested":4,"item_purchase_floors":[0,0,0,0,0,3,3,11,21,21,21],"current_hp_per_floor":[49,45,45,45,45,66,66,66,66,66,66,66,46,46,67,16,70,57,57,57,57,53,53,53,32,32,53,38,38,19,20,41,0,0],"gold":66,"neow_bonus":"","is_daily":false,"chose_seed":false,"campfire_upgraded":4,"win_rate":0.0,"timestamp":1611633422,"path_taken":["M","?","$","?","?","R","M","R","T","R","?","R","E","M","R","BOSS","M","?","?","$","M","E","R","M","T","R","?","?","M","?","R","BOSS"],"items_purchased_type":["Relic","Relic","Card","Card","Relic","Card","Card","Card","Relic","Card","Card"],"build_version":"2020-12-22","purchased_purges":1,"victory":false,"max_hp_per_floor":[70,70,70,70,70,70,70,70,70,70,70,70,70,70,70,70,70,70,70,70,70,70,70,70,70,70,70,70,70,70,70,70,70,70],"card_choices":[{"not_picked":["Dagger Throw","Deflect","Cloak And Dagger"],"picked":"SKIP","floor":1.0},{"not_picked":["Leg Sweep","Setup","Skewer"],"picked":"SKIP","floor":5},{"not_picked":["Escape Plan","Poisoned Stab","Dagger Spray"],"picked":"SKIP","floor":7},{"not_picked":["Slice","Poisoned Stab","Reflex"],"picked":"SKIP","floor":13},{"not_picked":["Outmaneuver","Flying Knee"],"picked":"Choke","floor":14},{"not_picked":["Envenom","Bullet Time"],"picked":"Tools of the Trade","floor":16},{"not_picked":["Quick Slash","Setup"],"picked":"Underhanded Strike","floor":18},{"not_picked":["Tactician","Choke","Backflip+1"],"picked":"SKIP","floor":22},{"not_picked":["Backflip","Predator","Dagger Throw"],"picked":"SKIP","floor":23},{"not_picked":["Well Laid Plans","Prepared"],"picked":"Grand Finale","floor":25},{"not_picked":["Quick Slash","Riddle With Holes"],"picked":"Footwork+1","floor":30},{"not_picked":["Caltrops","Blade Dance","Bouncing Flask+1"],"picked":"SKIP","floor":31}],"player_experience":454087,"relics_obtained":[{"floor":9,"key":"Orichalcum"},{"floor":13,"key":"infinitespire:Bottled Soul"},{"floor":23,"key":"Blood Vial"},{"floor":26,"key":"Bag of Preparation"}],"event_choices":[{"damage_healed":0,"gold_gain":0,"player_choice":"Upgraded","damage_taken":0,"max_hp_gain":0,"max_hp_loss":0,"event_name":"Upgrade Shrine","floor":4,"gold_loss":0,"cards_upgraded":["Neutralize"]},{"damage_healed":0,"gold_gain":0,"player_choice":"Ignored","damage_taken":0,"max_hp_gain":0,"max_hp_loss":0,"event_name":"Cursed Tome","floor":20,"gold_loss":0},{"damage_healed":0,"gold_gain":0,"player_choice":"Fight","damage_taken":0,"max_hp_gain":0,"max_hp_loss":0,"event_name":"Colosseum","floor":28,"gold_loss":0},{"damage_healed":0,"gold_gain":0,"player_choice":"Fled From Nobs","damage_taken":0,"max_hp_gain":0,"max_hp_loss":0,"event_name":"Colosseum","floor":28,"gold_loss":0},{"cards_removed":["Defend_G"],"damage_healed":0,"gold_gain":0,"player_choice":"Gave Gold","damage_taken":0,"max_hp_gain":0,"max_hp_loss":0,"event_name":"Beggar","floor":29,"gold_loss":75}],"is_beta":false,"boss_relics":[{"not_picked":["Busted Crown","Coffee Dripper"],"picked":"HoveringKite"}],"items_purged_floors":[21],"is_endless":false,"potions_floor_spawned":[13,14,16,18,23,31],"killed_by":"Champ","ascension_level":4}}