{"host":"63yhhrjweyj22b0v","time":1611632052,"event":{"mods":["BaseMod","Minty Spire (QoL Compilation)","Quick Restart"],"gold_per_floor":[115,65,15,15,25,25,25,59,59,59,86,104,122,136,136,237,237,248,258,286,286,385,385,385,385,436,461,471,144,144,158,158,254,254,268,50,65,28,28,28],"floor_reached":39,"language":"ENG","playtime":1164,"items_purged":["Defend_B"],"score":482,"play_id":"d0232696-fd25-480c-b5f1-3752a6034759","local_time":"20210125213412","is_ascension_mode":false,"campfire_choices":[{"data":"Redo","floor":6,"key":"SMITH"},{"data":"Defragment","floor":10,"key":"SMITH"},{"floor":15,"key":"REST"},{"floor":23,"key":"REST"},{"data":"Echo Form","floor":25,"key":"SMITH"},{"floor":30,"key":"REST"},{"floor":32,"key":"REST"}],"circlet_count":0,"master_deck":["Strike_B+1","Strike_B","Defend_B","Defend_B","Defend_B","Zap","Dualcast","Defragment+1","Beam Cell","Strike_B","Redo+1","Conserve Battery","Ball Lightning+1","Tempest","Sweeping Beam","Doom and Gloom","Echo Form+1","Reinforced Body","Gash","White Noise","Beam Cell","Consume","Auto Shields","Chaos","Ball Lightning","Capacitor"],"relics":["Cracked Core","NeowsBlessing","Pocketwatch","Regal Pillow","Peace Pipe","Red Mask","Akabeko","Whetstone","MealTicket"],"acts_visited":["Exordium","TheCity","TheBeyond"],"potions_floor_usage":[11,16,16,20,27,28,33,33,33],"damage_taken":[{"damage":0,"enemies":"Cultist","floor":1,"turns":1},{"damage":0,"enemies":"2 Louse","floor":5,"turns":1},{"damage":0,"enemies":"Gremlin Nob","floor":8,"turns":1},{"damage":20,"enemies":"Lagavulin","floor":11,"turns":5},{"damage":11,"enemies":"Jaw Worm","floor":12,"turns":2},{"damage":5,"enemies":"Looter","floor":13,"turns":3},{"damage":11,"enemies":"3 Louse","floor":14,"turns":2},{"damage":0,"enemies":"Slime Boss","floor":16,"turns":5},{"damage":3,"enemies":"Chosen","floor":18,"turns":3},{"damage":5,"enemies":"Spheric Guardian","floor":19,"turns":3},{"damage":44,"enemies":"Masked Bandits","floor":20,"turns":4},{"damage":27,"enemies":"Slavers","floor":27,"turns":4},{"damage":30,"enemies":"Snecko","floor":28,"turns":5},{"damage":28,"enemies":"Centurion and Healer","floor":31,"turns":6},{"damage":45,"enemies":"Champ","floor":33,"turns":8},{"damage":23,"enemies":"Orb Walker","floor":35,"turns":4},{"damage":33,"enemies":"3 Darklings","floor":37,"turns":4},{"damage":53,"enemies":"Spire Growth","floor":39,"turns":3}],"seed_played":"-3954735460759375457","potions_obtained":[{"floor":8,"key":"DistilledChaos"},{"floor":11,"key":"FearPotion"},{"floor":12,"key":"FocusPotion"},{"floor":14,"key":"PowerPotion"},{"floor":19,"key":"Weak Potion"},{"floor":20,"key":"Regen Potion"},{"floor":27,"key":"PowerPotion"},{"floor":31,"key":"SkillPotion"},{"floor":35,"key":"Swift Potion"}],"is_trial":false,"path_per_floor":["M","?","$","?","M","R","$","E","T","R","E","M","M","M","R","B",null,"M","M","?","?","?","R","?","R","T","E","M","$","R","M","R","B",null,"M","$","M","$","M"],"character_chosen":"DEFECT","items_purchased":["Beam Cell","CultistPotion","MealTicket","CultistPotion","Chaos","Ball Lightning","Capacitor"],"campfire_rested":4,"item_purchase_floors":[3,29,29,36,36,36,38],"current_hp_per_floor":[75,75,75,75,75,75,75,75,75,75,55,44,39,28,65,65,75,72,67,23,23,23,60,60,60,60,45,15,15,52,24,61,16,75,52,67,34,49,0,0],"gold":28,"neow_bonus":"THREE_ENEMY_KILL","is_daily":false,"chose_seed":false,"campfire_upgraded":3,"win_rate":0.0,"timestamp":1611632052,"path_taken":["M","?","$","?","M","R","$","E","T","R","E","?","M","M","R","BOSS","M","M","?","?","?","R","?","R","T","E","?","$","R","?","R","BOSS","M","$","M","$","M"],"items_purchased_type":["Card","Potion","Relic","Potion","Card","Card","Card"],"build_version":"2020-12-22","purchased_purges":1,"victory":false,"max_hp_per_floor":[75,75,75,75,75,75,75,75,75,75,75,75,75,75,75,75,75,75,75,75,75,75,75,75,75,75,75,75,75,75,75,75,75,75,75,75,75,75,75,75],"card_choices":[{"not_picked":["Coolheaded","Rebound"],"picked":"Defragment","floor":1},{"not_picked":["Reprogram","Double Energy"],"picked":"Redo","floor":5},{"not_picked":["Streamline","Turbo"],"picked":"Conserve Battery","floor":8},{"not_picked":["Aggregate","Conserve Battery"],"picked":"Ball Lightning","floor":11},{"not_picked":["Coolheaded","Rebound"],"picked":"Tempest","floor":12},{"not_picked":["Streamline","Leap"],"picked":"Sweeping Beam","floor":13},{"not_picked":["Compile Driver","Steam"],"picked":"Doom and Gloom","floor":14},{"not_picked":["Fission","Meteor Strike"],"picked":"Echo Form","floor":16},{"not_picked":["Capacitor","Leap+1"],"picked":"Reinforced Body","floor":18},{"not_picked":["Rebound+1","Compile Driver","Reinforced Body"],"picked":"SKIP","floor":19},{"not_picked":["Streamline","Scrape"],"picked":"Gash","floor":20},{"not_picked":["Genetic Algorithm","Turbo"],"picked":"Beam Cell","floor":27},{"not_picked":["Skim+1","Force Field+1"],"picked":"Consume","floor":28},{"not_picked":["Recycle","Coolheaded"],"picked":"Auto Shields","floor":31},{"not_picked":["Leap","Go for the Eyes+1","Turbo+1"],"picked":"SKIP","floor":35},{"not_picked":["Turbo","Tempest","Go for the Eyes+1"],"picked":"SKIP","floor":37}],"player_experience":598540,"relics_obtained":[{"floor":8,"key":"Pocketwatch"},{"floor":9,"key":"Regal Pillow"},{"floor":11,"key":"Peace Pipe"},{"floor":20,"key":"Red Mask"},{"floor":26,"key":"Akabeko"},{"floor":27,"key":"Whetstone"}],"event_choices":[{"cards_removed":["Strike_B"],"damage_healed":0,"gold_gain":0,"player_choice":"Card Removal","damage_taken":0,"max_hp_gain":0,"max_hp_loss":0,"event_name":"The Cleric","floor":2,"gold_loss":50},{"cards_removed":["Strike_B"],"damage_healed":0,"gold_gain":0,"player_choice":"Took Card","damage_taken":0,"max_hp_gain":0,"max_hp_loss":0,"event_name":"NoteForYourself","floor":4,"gold_loss":0,"cards_obtained":["Strike_B"]},{"damage_healed":0,"gold_gain":0,"player_choice":"Fought Bandits","damage_taken":0,"max_hp_gain":0,"max_hp_loss":0,"event_name":"Masked Bandits","floor":20,"gold_loss":0},{"damage_healed":0,"gold_gain":0,"player_choice":"Read","damage_taken":0,"max_hp_gain":0,"max_hp_loss":0,"event_name":"The Library","floor":21,"gold_loss":0,"cards_obtained":["White Noise"]},{"damage_healed":0,"gold_gain":99,"player_choice":"Stole From Cult","damage_taken":0,"max_hp_gain":0,"max_hp_loss":0,"event_name":"Nest","floor":22,"gold_loss":0},{"damage_healed":0,"gold_gain":0,"player_choice":"Leave","damage_taken":0,"max_hp_gain":0,"max_hp_loss":0,"event_name":"FaceTrader","floor":24,"gold_loss":0}],"is_beta":false,"boss_relics":[{"not_picked":["FrozenCore","Snecko Eye","Pandora\u0027s Box"]},{"not_picked":["Velvet Choker","Cursed Key","Fusion Hammer"]}],"items_purged_floors":[29],"is_endless":false,"potions_floor_spawned":[8,11,12,14,19,20,27,31,35],"killed_by":"Spire Growth","ascension_level":0}}