{"host":"ucx3368bquyf080x","time":1611675672,"event":{"mods":["BaseMod","Minty Spire (QoL Compilation)","Replay The Spire","StSLib","[IsaacMod]ÒÔÈö¼âËþ"],"gold_per_floor":[12,12,26,39,39,39,72,72,72,85,85,10,10,22,22,161,161,179,179,198,226,336,336,403,416,467,487,487,502,512,567,567,757,757,802,802,815,815,664,713,713,753,780,780,877,119,144,144,144,186],"floor_reached":51,"language":"ZHS","playtime":1689,"items_purged":["Bash","Hallucinations","Double Tap"],"score":1559,"play_id":"2a850a1f-fd40-4b45-b1bd-3a3a68e5b44b","local_time":"20210126234112","is_ascension_mode":true,"campfire_choices":[{"floor":6.0,"key":"DIG"},{"floor":8.0,"key":"DIG"},{"floor":15.0,"key":"DIG"},{"floor":23.0,"key":"DIG"},{"floor":28.0,"key":"DIG"},{"floor":32.0,"key":"DIG"},{"floor":41.0,"key":"DIG"},{"floor":44,"key":"REST"},{"floor":49,"key":"DIG"}],"circlet_count":0,"master_deck":["AscendersBane","Strike_R","Strike_R","Strike_R","Strike_R","Strike_R","Defend_R+1","Defend_R","Defend_R+1","Defend_R","EpicFetus","Twin Strike","Anger","Inflame","Spot Weakness","Self Repair+1","Thunderclap+1","ReplayTheSpireMod:Omega Cannon+1","Cleave","Flex+1","Metallicize+1","Flex","Sword Boomerang","Feed","Perfected Strike+1","Metallicize+1","Anger+1","Inflame+1","Thunderclap+1","Spot Weakness"],"relics":["HushsDoor","Leech","Shovel","StrikeDummy","Letter Opener","SalivaCoin","Replay:WaspNest","Frozen Egg 2","Iron Core","Bottled Lightning","Velvet Choker","DeathBook","FossilizedHelix","BookOfRevelations","Replay:Mystery Machine","Blood Vial","DoctorsRemote","Boot","Mark of Pain","Ring of Chaos","Omamori","White Beast Statue","Whetstone","MealTicket","Regal Pillow","Chameleon Ring","Gambling Chip","YumHeart"],"acts_visited":["Exordium","TheCity","TheBeyond"],"potions_floor_usage":[45,45,47,50,50],"damage_taken":[{"damage":10.0,"enemies":"Small Slimes","floor":1.0,"turns":3.0},{"damage":0.0,"enemies":"2 Louse","floor":3.0,"turns":2.0},{"damage":0.0,"enemies":"Cultist","floor":4.0,"turns":3.0},{"damage":31.0,"enemies":"Replay:BlueRogue","floor":7.0,"turns":4.0},{"damage":0.0,"enemies":"Exordium Thugs","floor":10.0,"turns":1.0},{"damage":0.0,"enemies":"Large Slime","floor":14.0,"turns":4.0},{"damage":32.0,"enemies":"Hexaghost","floor":16.0,"turns":6.0},{"damage":4.0,"enemies":"Chosen","floor":18.0,"turns":3.0},{"damage":6.0,"enemies":"Spheric Guardian","floor":20.0,"turns":3.0},{"damage":15.0,"enemies":"Snecko","floor":21.0,"turns":4.0},{"damage":30.0,"enemies":"Replay:Snechameleon","floor":24.0,"turns":2.0},{"damage":0.0,"enemies":"Snake Plant","floor":25.0,"turns":1.0},{"damage":0.0,"enemies":"Centurion and Healer","floor":27.0,"turns":3.0},{"damage":0.0,"enemies":"Sentry and Sphere","floor":29.0,"turns":2.0},{"damage":0.0,"enemies":"Shelled Parasite and Fungi","floor":30.0,"turns":1.0},{"damage":10.0,"enemies":"Gremlin Leader","floor":31.0,"turns":4.0},{"damage":42.0,"enemies":"Pondfish","floor":33.0,"turns":6.0},{"damage":32.0,"enemies":"3 Shapes","floor":35.0,"turns":4.0},{"damage":0.0,"enemies":"3 Darklings","floor":37.0,"turns":1.0},{"damage":49.0,"enemies":"R_Hoarder","floor":40.0,"turns":8.0},{"damage":21,"enemies":"Reptomancer","floor":42,"turns":3},{"damage":21,"enemies":"R_Hoarder","floor":45,"turns":6},{"damage":2,"enemies":"Jaw Worm Horde","floor":47,"turns":4},{"damage":75,"enemies":"Donu and Deca","floor":50,"turns":6}],"seed_played":"5314376092078629941","potions_obtained":[{"floor":4.0,"key":"Regen Potion"},{"floor":7.0,"key":"Block Potion"},{"floor":10.0,"key":"ElixirPotion"},{"floor":16.0,"key":"Elixir"},{"floor":21.0,"key":"DuplicationPotion"},{"floor":24.0,"key":"Strength Potion"},{"floor":25.0,"key":"Swift Potion"},{"floor":30.0,"key":"PowerPotion"},{"floor":31.0,"key":"AttackPotion"},{"floor":33.0,"key":"Strength Potion"},{"floor":35.0,"key":"Toxic Potion"},{"floor":42,"key":"Milkshake"},{"floor":45,"key":"Swift Potion"},{"floor":47,"key":"ColorlessPotion"}],"is_trial":false,"path_per_floor":["M","?","M","M","T","R","E","R","T","M","?","$","?","M","R","B",null,"M","T","M","M","?","R","E","M","T","M","R","M","M","E","R","B",null,"M","?","M","?","$","E","R","E","T","R","E","$","M","?","R","B",null],"character_chosen":"IRONCLAD","items_purchased":["Metallicize+1","Inflame+1","Chameleon Ring","Gambling Chip","SkillPotion"],"campfire_rested":1,"item_purchase_floors":[39,46,46,46,46],"current_hp_per_floor":[70,54,62,70,70,70,60,60,60,67,67,67,67,80,80,61,75,73,73,79,76,56,56,38,38,38,53,53,67,72,67,67,33,73,59,59,61,61,61,26,26,9,9,35,31,46,59,59,59,16],"gold":186,"neow_bonus":"ONE_RARE_RELIC","is_daily":false,"chose_seed":false,"campfire_upgraded":0,"win_rate":0.0,"timestamp":1611675672,"path_taken":["M","?","?","M","?","R","E","R","T","M","?","$","?","?","R","BOSS","M","?","M","M","?","R","E","M","T","M","R","?","M","E","R","BOSS","M","?","M","?","$","E","R","E","T","R","E","$","M","?","R","BOSS"],"items_purchased_type":["Card","Card","Relic","Relic","Potion"],"build_version":"2020-12-22","purchased_purges":3,"victory":true,"max_hp_per_floor":[80,80,80,80,80,80,80,80,80,80,80,80,80,80,80,80,80,80,80,80,80,80,80,80,80,80,83,83,83,86,86,86,86,86,89,89,89,89,89,89,89,89,89,89,89,89,89,89,89,89],"card_choices":[{"not_picked":[],"picked":"EpicFetus","floor":0.0},{"not_picked":["Replay:Many Hands","Whirlwind"],"picked":"Twin Strike","floor":1.0},{"not_picked":["ReplayTheSpireMod:Stacked","Massacre"],"picked":"Anger","floor":3.0},{"not_picked":["Warcry","Abandon"],"picked":"Inflame","floor":4.0},{"not_picked":["Clothesline","Double Tap"],"picked":"Bomb","floor":7.0},{"not_picked":["Clothesline","Replay:Undeath\u0027s Touch"],"picked":"Spot Weakness","floor":10.0},{"not_picked":["Entrench","WeaponsOverheat"],"picked":"Thunderclap","floor":14.0},{"not_picked":["Fiend Fire","Replay:Many Hands"],"picked":"ReplayTheSpireMod:Omega Cannon","floor":16.0},{"not_picked":["Dual Wield","Intimidate"],"picked":"Cleave","floor":18.0},{"not_picked":["Rupture+1","Fire Breathing+1","Armaments+1"],"picked":"SKIP","floor":20.0},{"not_picked":["Havoc","Run Through"],"picked":"Flex+1","floor":21.0},{"not_picked":["Twin Strike","Headbutt"],"picked":"Metallicize+1","floor":22.0},{"not_picked":["Fire Breathing+1","ReplayTheSpireMod:Strike From Hell"],"picked":"Flex","floor":22.0},{"not_picked":["Dark Embrace+1","Run Through"],"picked":"Sword Boomerang","floor":22.0},{"not_picked":["Replay:Undeath\u0027s Touch","ReplayTheSpireMod:Strike From Hell+1","Seeing Red"],"picked":"SKIP","floor":24.0},{"not_picked":["Flame Barrier+1","Run Through"],"picked":"Feed","floor":25.0},{"not_picked":["True Grit","Shrug It Off","Carnage+1"],"picked":"SKIP","floor":27.0},{"not_picked":["Sever Soul","Whirlwind+1","Armaments"],"picked":"SKIP","floor":29.0},{"not_picked":["Havoc+1","Disarm"],"picked":"Perfected Strike+1","floor":30.0},{"not_picked":["True Grit","Bloodletting+1","Shrug It Off"],"picked":"SKIP","floor":31.0},{"not_picked":["Barricade+1","Eclipse"],"picked":"Double Tap","floor":33.0},{"not_picked":["ReplayTheSpireMod:Strike From Hell+1","Uppercut+1","Flex"],"picked":"SKIP","floor":35.0},{"not_picked":["Uppercut+1","ReplayTheSpireMod:Corrosion Curse+1","Intimidate+1"],"picked":"SKIP","floor":37.0},{"not_picked":["Power Through","Sword Boomerang"],"picked":"Anger+1","floor":40.0},{"not_picked":["Evolve+1","Cold Snap+1","Warcry"],"picked":"SKIP","floor":42},{"not_picked":["WeaponsOverheat","Sever Soul","Mirror Shield"],"picked":"SKIP","floor":45},{"not_picked":["Run Through","Iron Wave"],"picked":"Thunderclap+1","floor":47}],"player_experience":614442,"relics_obtained":[{"floor":5.0,"key":"StrikeDummy"},{"floor":6.0,"key":"Letter Opener"},{"floor":7.0,"key":"SalivaCoin"},{"floor":8.0,"key":"Replay:WaspNest"},{"floor":9.0,"key":"Frozen Egg 2"},{"floor":15.0,"key":"Bottled Lightning"},{"floor":19.0,"key":"DeathBook"},{"floor":23.0,"key":"FossilizedHelix"},{"floor":24.0,"key":"BookOfRevelations"},{"floor":26.0,"key":"Replay:Mystery Machine"},{"floor":28.0,"key":"Blood Vial"},{"floor":31.0,"key":"DoctorsRemote"},{"floor":32.0,"key":"Boot"},{"floor":38.0,"key":"Ring of Chaos"},{"floor":40.0,"key":"Omamori"},{"floor":41.0,"key":"White Beast Statue"},{"floor":42,"key":"Whetstone"},{"floor":43,"key":"MealTicket"},{"floor":45,"key":"Regal Pillow"},{"floor":49,"key":"YumHeart"}],"event_choices":[{"damage_healed":0.0,"max_hp_gain":0.0,"max_hp_loss":0.0,"gold_gain":0.0,"event_name":"Shining Light","player_choice":"Entered Light","floor":2.0,"gold_loss":0.0,"damage_taken":16.0,"cards_upgraded":["Defend_R","Defend_R"]},{"damage_healed":0,"gold_gain":0,"player_choice":"Copied","damage_taken":0,"max_hp_gain":0,"max_hp_loss":0,"event_name":"Duplicator","floor":48,"gold_loss":0,"cards_obtained":["Spot Weakness"]}],"is_beta":false,"boss_relics":[{"not_picked":["Ooze Armor","SlaversCollar"],"picked":"Velvet Choker"},{"not_picked":[]},{"not_picked":["Runic Dome","ReplayTheSpireMod:DimensionalGlitch"],"picked":"Mark of Pain"},{"not_picked":[]}],"items_purged_floors":[12,39,46],"is_endless":false,"potions_floor_spawned":[4,7,10,16,21,24,25,30,31,33,35,42,45,47],"ascension_level":11}}