{"host":"1tl36azeqm6yhdgj","time":1611691866,"event":{"mods":["AchievementEnabler","BaseMod","Minty Spire (QoL Compilation)","StSLib","The IronCluck","everything is the same but u backflip on backflip"],"gold_per_floor":[115,115,125,140,153,184,184,211,279,291,346,346,360,360,360,449,449,468,483,498,19,34,34,34,49,76,76,96,114,4,24,24,114,114,128,152,152,168,2,2,37,62,85,85,85],"floor_reached":44,"language":"ENG","playtime":1899,"items_purged":[],"score":962,"play_id":"ea224908-05e7-46e3-b326-2595b79df74c","local_time":"20210126151106","is_ascension_mode":true,"campfire_choices":[{"data":"Rampage","floor":7.0,"key":"SMITH"},{"floor":12.0,"key":"REST"},{"floor":15.0,"key":"REST"},{"floor":23.0,"key":"RECALL"},{"floor":32.0,"key":"REST"},{"floor":40.0,"key":"REST"}],"circlet_count":0,"master_deck":["AscendersBane","Strike_R","Defend_R","Defend_R+1","Defend_R","Defend_R","Bash","Spot Weakness","Metallicize","Rampage+1","Cleave","Heavy Blade","Pummel","Shrug It Off","Corruption+1","Reckless Charge+1","Feel No Pain+1","Havoc+1","Juggernaut","Metallicize","Finesse","Infernal Blade","Dark Embrace","Rage","Offering","Shockwave","Fire Breathing","Anger","Flex","Clothesline+1","Parasite","Clash"],"relics":["Black Blood","NeowsBlessing","Potion Belt","WingedGreaves","Pen Nib","Self Forming Clay","Vajra","Golden Idol","Astrolabe","Toy Ornithopter","Boot","MealTicket"],"acts_visited":["Exordium","TheCity","TheBeyond"],"potions_floor_usage":[41,42],"damage_taken":[{"damage":0.0,"enemies":"Cultist","floor":1.0,"turns":1.0},{"damage":0.0,"enemies":"Jaw Worm","floor":3.0,"turns":1.0},{"damage":0.0,"enemies":"Small Slimes","floor":4.0,"turns":1.0},{"damage":10.0,"enemies":"Blue Slaver","floor":5.0,"turns":6.0},{"damage":20.0,"enemies":"3 Sentries","floor":6.0,"turns":5.0},{"damage":28.0,"enemies":"Lagavulin","floor":8.0,"turns":7.0},{"damage":8.0,"enemies":"2 Fungi Beasts","floor":10.0,"turns":4.0},{"damage":11.0,"enemies":"Gremlin Nob","floor":11.0,"turns":3.0},{"damage":4.0,"enemies":"Looter","floor":13.0,"turns":4.0},{"damage":27.0,"enemies":"The Guardian","floor":16.0,"turns":12.0},{"damage":32.0,"enemies":"2 Thieves","floor":18.0,"turns":4.0},{"damage":19.0,"enemies":"Spheric Guardian","floor":19.0,"turns":5.0},{"damage":4.0,"enemies":"Snecko","floor":20.0,"turns":4.0},{"damage":3.0,"enemies":"Centurion and Healer","floor":22.0,"turns":6.0},{"damage":22.0,"enemies":"Cultist and Chosen","floor":25.0,"turns":7.0},{"damage":13.0,"enemies":"Chosen and Byrds","floor":28.0,"turns":5.0},{"damage":6.0,"enemies":"3 Cultists","floor":29.0,"turns":5.0},{"damage":14.0,"enemies":"Snake Plant","floor":31.0,"turns":4.0},{"damage":36.0,"enemies":"Collector","floor":33.0,"turns":10.0},{"damage":6.0,"enemies":"3 Shapes","floor":35.0,"turns":7.0},{"damage":18.0,"enemies":"Orb Walker","floor":36.0,"turns":4.0},{"damage":55.0,"enemies":"Jaw Worm Horde","floor":38.0,"turns":5.0},{"damage":35,"enemies":"Giant Head","floor":41,"turns":6},{"damage":22,"enemies":"Writhing Mass","floor":42,"turns":9},{"damage":40,"enemies":"Spire Growth","floor":44,"turns":3}],"seed_played":"-8087927141253641321","potions_obtained":[{"floor":1.0,"key":"HeartOfIron"},{"floor":4.0,"key":"ColorlessPotion"},{"floor":11.0,"key":"Strength Potion"},{"floor":19.0,"key":"Block Potion"},{"floor":22.0,"key":"GamblersBrew"},{"floor":28.0,"key":"Strength Potion"},{"floor":31.0,"key":"Block Potion"},{"floor":33.0,"key":"Swift Potion"},{"floor":36.0,"key":"SkillPotion"}],"is_trial":false,"path_per_floor":["M","?","M","M","M","E","R","E","T","M","?","R","M","?","R","B",null,"M","M","M","$","M","R","?","M","T","?","M","M","?","M","R","B",null,"M","M","?","M","$","R","E","M","T","M"],"character_chosen":"IRONCLAD","items_purchased":["Toy Ornithopter","DistilledChaos","Regen Potion","Swift Potion","Finesse","Weak Potion","Strength Potion","Flex"],"campfire_rested":4,"item_purchase_floors":[21,21,21,21,21,39,39,39],"current_hp_per_floor":[74,74,75,75,71,57,57,35,35,33,28,50,52,52,74,53,70,44,31,33,33,66,66,66,50,50,50,48,53,53,45,67,47,68,75,69,69,31,31,53,35,30,30,0,0],"gold":85,"neow_bonus":"THREE_ENEMY_KILL","is_daily":false,"chose_seed":false,"campfire_upgraded":1,"win_rate":0.0,"timestamp":1611691866,"path_taken":["M","?","M","?","M","E","R","E","T","?","?","R","M","?","R","BOSS","M","M","M","$","M","R","?","M","T","?","M","M","?","M","R","BOSS","M","?","?","?","$","R","E","M","T","?"],"items_purchased_type":["Relic","Potion","Potion","Potion","Card","Potion","Potion","Card"],"build_version":"2020-12-22","purchased_purges":0,"victory":false,"max_hp_per_floor":[75,75,75,75,75,75,75,75,75,75,75,75,75,75,75,75,75,75,75,75,75,75,75,75,75,75,75,75,75,75,75,75,75,75,75,75,75,75,75,75,75,75,75,75,75],"card_choices":[{"not_picked":["Headbutt","Fire Breathing"],"picked":"Spot Weakness","floor":1.0},{"not_picked":["Wild Strike","Twin Strike"],"picked":"Metallicize","floor":3.0},{"not_picked":["Body Slam","Havoc"],"picked":"Rampage","floor":4.0},{"not_picked":["Headbutt","Shockwave"],"picked":"Cleave","floor":5.0},{"not_picked":["Bloodletting","Rupture"],"picked":"Heavy Blade","floor":6.0},{"not_picked":["Cleave","True Grit","Wild Strike"],"picked":"SKIP","floor":8.0},{"not_picked":["Corruption","Heavy Blade"],"picked":"Pummel","floor":10.0},{"not_picked":["Heavy Blade","Hemokinesis"],"picked":"Shrug It Off","floor":11.0},{"not_picked":["Armaments","Spot Weakness","Wild Strike"],"picked":"SKIP","floor":13.0},{"not_picked":["Fiend Fire","Demon Form"],"picked":"Corruption","floor":16.0},{"not_picked":["Wild Strike","Cleave"],"picked":"Havoc+1","floor":18.0},{"not_picked":["Cleave+1","Warcry"],"picked":"Juggernaut","floor":19.0},{"not_picked":["Havoc","Wild Strike"],"picked":"Metallicize","floor":20.0},{"not_picked":["Wild Strike","Power Through"],"picked":"Infernal Blade","floor":22.0},{"not_picked":["Shrug It Off","Headbutt","Iron Wave"],"picked":"SKIP","floor":25.0},{"not_picked":["Headbutt","Whirlwind","Shrug It Off"],"picked":"SKIP","floor":28.0},{"not_picked":["Headbutt","Offering"],"picked":"Dark Embrace","floor":29.0},{"not_picked":["Heavy Blade+1","Sword Boomerang"],"picked":"Rage","floor":31.0},{"not_picked":["Feed","Exhume"],"picked":"Offering","floor":33.0},{"not_picked":["Havoc","Battle Trance"],"picked":"Shockwave","floor":35.0},{"not_picked":["Thunderclap","Reckless Charge+1"],"picked":"Fire Breathing","floor":36.0},{"not_picked":["Twin Strike","Sever Soul"],"picked":"Anger","floor":38.0},{"not_picked":["Anger+1","Havoc"],"picked":"Clothesline+1","floor":41},{"not_picked":["Shrug It Off","Iron Wave"],"picked":"Clash","floor":42}],"player_experience":2072385,"relics_obtained":[{"floor":2.0,"key":"Potion Belt"},{"floor":6.0,"key":"WingedGreaves"},{"floor":8.0,"key":"Pen Nib"},{"floor":9.0,"key":"Self Forming Clay"},{"floor":11.0,"key":"Vajra"},{"floor":26.0,"key":"Boot"},{"floor":41,"key":"MealTicket"}],"event_choices":[{"damage_healed":0.0,"max_hp_gain":0.0,"max_hp_loss":0.0,"gold_gain":0.0,"event_name":"Wheel of Change","player_choice":"Relic","floor":2.0,"gold_loss":0.0,"damage_taken":0.0},{"damage_healed":0.0,"max_hp_gain":0.0,"max_hp_loss":0.0,"gold_gain":0.0,"event_name":"Dead Adventurer","player_choice":"Searched \u00271\u0027 times","floor":11.0,"gold_loss":0.0,"damage_taken":0.0},{"damage_healed":0.0,"max_hp_gain":0.0,"max_hp_loss":0.0,"gold_gain":0.0,"event_name":"Golden Idol","player_choice":"Take Wound","floor":14.0,"gold_loss":0.0,"damage_taken":0.0,"relics_obtained":["Golden Idol"],"cards_obtained":["Injury"]},{"damage_healed":0.0,"max_hp_gain":0.0,"max_hp_loss":0.0,"gold_gain":0.0,"event_name":"Vampires","player_choice":"Ignored","floor":24.0,"gold_loss":0.0,"damage_taken":0.0},{"cards_removed":["Corruption"],"damage_healed":0.0,"max_hp_gain":0.0,"max_hp_loss":0.0,"gold_gain":0.0,"event_name":"Back to Basics","player_choice":"Elegance","floor":27.0,"gold_loss":0.0,"damage_taken":0.0},{"cards_removed":["Injury"],"damage_healed":0.0,"max_hp_gain":0.0,"max_hp_loss":0.0,"gold_gain":0.0,"event_name":"Designer","player_choice":"Upgrade and Remove","floor":30.0,"gold_loss":110.0,"damage_taken":0.0,"cards_upgraded":["Defend_R"]},{"cards_removed":["Strike_R"],"damage_healed":0.0,"max_hp_gain":0.0,"max_hp_loss":0.0,"gold_gain":0.0,"event_name":"Purifier","player_choice":"Purged","floor":37.0,"gold_loss":0.0,"damage_taken":0.0}],"is_beta":false,"boss_relics":[{"not_picked":["SlaversCollar","Mark of Pain"],"picked":"Astrolabe"},{"not_picked":["Runic Cube","Sozu"],"picked":"Black Blood"}],"items_purged_floors":[],"is_endless":false,"potions_floor_spawned":[1,4,11,19,22,28,31,33,36],"killed_by":"Spire Growth","ascension_level":20}}