{"host":"f0gpob8hq9vgebej","time":1611657118,"event":{"mods":["AchievementEnabler","BaseMod","Minty Spire (QoL Compilation)","Quick Restart","SuperFastMode"],"gold_per_floor":[117,42,62,62,73,73,105,105,105,154,54,54,64,77,77,151,151,169,185,196,196,215,215,246,262,286,93,93,118,118,150,150,150,150],"floor_reached":33,"language":"KOR","playtime":533,"items_purged":["Strike_R","Defend_R"],"score":627,"play_id":"848fb1fa-7412-498c-9a58-1479cc0ff316","local_time":"20210126193158","is_ascension_mode":true,"campfire_choices":[{"data":"1","floor":6.0,"key":"LIFT"},{"data":"2","floor":8.0,"key":"LIFT"},{"data":"3","floor":12.0,"key":"LIFT"},{"floor":15.0,"key":"REST"},{"data":"Sword Boomerang","floor":23.0,"key":"SMITH"},{"data":"Whirlwind","floor":28.0,"key":"SMITH"},{"data":"Double Tap","floor":32,"key":"SMITH"}],"circlet_count":0,"master_deck":["AscendersBane","Strike_R","Strike_R","Strike_R","Strike_R","Defend_R","Defend_R","Defend_R","Bash","Fire Breathing","Battle Trance","Sword Boomerang+1","Double Tap+1","Pommel Strike","Seeing Red","Disarm","Whirlwind+1","Rage","Offering"],"relics":["Burning Blood","Girya","HornCleat","Ancient Tea Set","Vajra","Black Star","MutagenicStrength","White Beast Statue","Oddly Smooth Stone","Juzu Bracelet","Sling","Dream Catcher","Nunchaku","InkBottle","Tiny Chest"],"acts_visited":["Exordium","TheCity"],"potions_floor_usage":[33],"damage_taken":[{"damage":13.0,"enemies":"Cultist","floor":1.0,"turns":6.0},{"damage":2.0,"enemies":"Jaw Worm","floor":3.0,"turns":6.0},{"damage":5.0,"enemies":"Small Slimes","floor":5.0,"turns":5.0},{"damage":67.0,"enemies":"Lagavulin","floor":7.0,"turns":9.0},{"damage":3.0,"enemies":"Blue Slaver","floor":13.0,"turns":2.0},{"damage":0.0,"enemies":"2 Fungi Beasts","floor":14.0,"turns":2.0},{"damage":0.0,"enemies":"Slime Boss","floor":16.0,"turns":4.0},{"damage":23.0,"enemies":"Shell Parasite","floor":18.0,"turns":4.0},{"damage":0.0,"enemies":"Spheric Guardian","floor":19.0,"turns":3.0},{"damage":8.0,"enemies":"Centurion and Healer","floor":20.0,"turns":6.0},{"damage":0.0,"enemies":"Snecko","floor":22.0,"turns":3.0},{"damage":0.0,"enemies":"Gremlin Leader","floor":24.0,"turns":3.0},{"damage":10.0,"enemies":"Snake Plant","floor":25.0,"turns":4.0},{"damage":14,"enemies":"Slavers","floor":29,"turns":3},{"damage":16,"enemies":"Gremlin Leader","floor":31,"turns":3},{"damage":45,"enemies":"Champ","floor":33,"turns":6}],"seed_played":"3335112677803005870","potions_obtained":[{"floor":7.0,"key":"FearPotion"},{"floor":14.0,"key":"SmokeBomb"},{"floor":16.0,"key":"ColorlessPotion"},{"floor":20.0,"key":"Energy Potion"},{"floor":25.0,"key":"SkillPotion"}],"is_trial":false,"path_per_floor":["M","$","M","?","M","R","E","R","T","T","$","R","M","M","R","B",null,"M","M","M","?","M","R","E","M","T","$","R","E","?","E","R","B"],"character_chosen":"IRONCLAD","items_purchased":["Whirlwind","Sling"],"campfire_rested":1,"item_purchase_floors":[27,27],"current_hp_per_floor":[65,65,69,69,70,70,9,9,9,9,9,9,12,18,39,45,65,48,54,52,52,58,58,64,60,60,60,60,52,52,42,42,0,0],"gold":150,"neow_bonus":"ONE_RARE_RELIC","is_daily":false,"chose_seed":false,"campfire_upgraded":3,"win_rate":0.0,"timestamp":1611657118,"path_taken":["M","?","M","?","M","R","E","R","T","?","$","R","M","M","R","BOSS","M","M","M","?","M","R","E","M","T","$","R","E","?","E","R","BOSS"],"items_purchased_type":["Card","Relic"],"build_version":"2020-12-22","purchased_purges":2,"victory":false,"max_hp_per_floor":[72,72,72,72,72,72,72,72,72,72,72,72,72,72,72,72,72,72,72,72,72,72,72,72,72,72,72,72,72,72,72,72,72,72],"card_choices":[{"not_picked":["Flex","Havoc","Infernal Blade"],"picked":"SKIP","floor":1.0},{"not_picked":["Twin Strike","Sever Soul"],"picked":"Fire Breathing","floor":3.0},{"not_picked":["Anger","Headbutt","Heavy Blade"],"picked":"SKIP","floor":5.0},{"not_picked":["Intimidate","Pommel Strike"],"picked":"Battle Trance","floor":7.0},{"not_picked":["Armaments","Wild Strike"],"picked":"Sword Boomerang","floor":13.0},{"not_picked":["Armaments","Headbutt","Intimidate"],"picked":"SKIP","floor":14.0},{"not_picked":["Feed","Berserk"],"picked":"Double Tap","floor":16.0},{"not_picked":["Feel No Pain","Blood for Blood"],"picked":"Pommel Strike","floor":18.0},{"not_picked":["Warcry","Sever Soul"],"picked":"Seeing Red","floor":19.0},{"not_picked":["Rampage","Twin Strike","Sever Soul"],"picked":"SKIP","floor":20.0},{"not_picked":["Cleave","Clothesline","Havoc"],"picked":"SKIP","floor":22.0},{"not_picked":["True Grit","Body Slam"],"picked":"Disarm","floor":24.0},{"not_picked":["Anger","Pommel Strike","True Grit"],"picked":"SKIP","floor":25.0},{"not_picked":["Entrench","Uppercut"],"picked":"Rage","floor":29},{"not_picked":["Shrug It Off","Rampage+1"],"picked":"Offering","floor":31}],"player_experience":255780,"relics_obtained":[{"floor":7.0,"key":"HornCleat"},{"floor":9.0,"key":"Ancient Tea Set"},{"floor":10.0,"key":"Vajra"},{"floor":24.0,"key":"White Beast Statue"},{"floor":24.0,"key":"Oddly Smooth Stone"},{"floor":26.0,"key":"Juzu Bracelet"},{"floor":29,"key":"Dream Catcher"},{"floor":29,"key":"Nunchaku"},{"floor":31,"key":"InkBottle"},{"floor":31,"key":"Tiny Chest"}],"event_choices":[{"damage_healed":0.0,"max_hp_gain":0.0,"max_hp_loss":0.0,"gold_gain":0.0,"event_name":"Liars Game","player_choice":"Ignored","floor":4.0,"gold_loss":0.0,"damage_taken":0.0},{"damage_healed":0.0,"max_hp_gain":0.0,"max_hp_loss":0.0,"gold_gain":0.0,"event_name":"Drug Dealer","player_choice":"Inject Mutagens","floor":21.0,"gold_loss":0.0,"damage_taken":0.0,"relics_obtained":["MutagenicStrength"]},{"damage_healed":0,"gold_gain":0,"player_choice":"Ignored","damage_taken":0,"max_hp_gain":0,"max_hp_loss":0,"event_name":"Ghosts","floor":30,"gold_loss":0}],"is_beta":false,"boss_relics":[{"not_picked":["Cursed Key","Tiny House"],"picked":"Black Star"}],"items_purged_floors":[2,11],"is_endless":false,"potions_floor_spawned":[7,14,16,19,20,25,29,31],"killed_by":"Champ","ascension_level":13}}