{"host":"uv5ws9rdk87e8i5k","time":1611627271,"event":{"mods":["AchievementEnabler","BaseMod","Colored Map","Minty Spire (QoL Compilation)","Permanent Neow","Quick Restart","StSLib","SuperFastMode","The Animator","The Cursed","The Hierophant","The Necromancer"],"gold_per_floor":[369,388,94,112,123,154,169,169,169,188,199,217,247,258,258,356,356,373,390,408,408,419,448,26,44,97,97,116,134,154,184,184,279,279,299,313,313,313,56,56,106,106,106],"floor_reached":42,"language":"ENG","playtime":1048,"items_purged":["Strike_W","Strike_W"],"score":689,"play_id":"b6fb2fe6-5162-432b-bfb0-46cd21e12cbc","local_time":"20210125201431","is_ascension_mode":true,"campfire_choices":[{"data":"Summon_Undead","floor":8,"key":"SMITH"},{"data":"Summon_Lich","floor":15,"key":"SMITH"},{"data":"Summon_Lich","floor":27,"key":"SMITH"},{"floor":32,"key":"REST"},{"floor":40,"key":"REST"}],"circlet_count":0,"master_deck":["Strike_W","Strike_W+1","Defend_W","Defend_W","Defend_W","Defend_W","Negative_Energy_Arrows","Bone_Wall","Necrotic_Claws","Summon_Lich+1","Vampiric_Strike+1","Life_Drain","Summon_Undead+1","Negative_Energy_Burst","Hellfire","CurseOfTheBell","Spectral_Walk","Hellfire","Necronomicurse","Stop_Heart+1","Summon_Lich+1","Summon_Undead","Summon_Vampire_Lady","Summon_Lich","Madness","Madness","Life_Drain","Summon_Undead_Army"],"relics":["Vampire_Amulet","Orrery","Whetstone","Bottled Tornado","Ancient Tea Set","Calling Bell","Nunchaku","Pear","Lizard Tail","Necronomicon","Dead Branch","Mummified Hand","Pen Nib","Matryoshka","Black Star","Lantern","Incense Burner"],"acts_visited":["Exordium","TheCity","TheBeyond"],"potions_floor_usage":[5,6,11,13,16,19,20,20,23,25,28,33,36,41],"damage_taken":[{"damage":0,"enemies":"2 Louse","floor":1,"turns":3},{"damage":0,"enemies":"Small Slimes","floor":2,"turns":3},{"damage":3,"enemies":"Jaw Worm","floor":4,"turns":3},{"damage":1,"enemies":"Large Slime","floor":5,"turns":5},{"damage":32,"enemies":"3 Sentries","floor":6,"turns":5},{"damage":11,"enemies":"Blue Slaver","floor":7,"turns":4},{"damage":18,"enemies":"3 Louse","floor":10,"turns":3},{"damage":7,"enemies":"Gremlin Gang","floor":11,"turns":3},{"damage":12,"enemies":"Lots of Slimes","floor":12,"turns":3},{"damage":13,"enemies":"Gremlin Nob","floor":13,"turns":4},{"damage":6,"enemies":"3 Louse","floor":14,"turns":2},{"damage":32,"enemies":"The Guardian","floor":16,"turns":8},{"damage":39,"enemies":"2 Thieves","floor":18,"turns":3},{"damage":22,"enemies":"Spheric Guardian","floor":19,"turns":4},{"damage":24,"enemies":"Snake Plant","floor":20,"turns":3},{"damage":27,"enemies":"Cultist and Chosen","floor":22,"turns":7},{"damage":31,"enemies":"Book of Stabbing","floor":23,"turns":4},{"damage":0,"enemies":"Snecko","floor":25,"turns":2},{"damage":3,"enemies":"Shelled Parasite and Fungi","floor":28,"turns":4},{"damage":12,"enemies":"Cultist and Chosen","floor":29,"turns":3},{"damage":13,"enemies":"Snecko","floor":30,"turns":3},{"damage":48,"enemies":"Slavers","floor":31,"turns":5},{"damage":52,"enemies":"Collector","floor":33,"turns":6},{"damage":27,"enemies":"3 Shapes","floor":35,"turns":4},{"damage":30,"enemies":"3 Darklings","floor":36,"turns":4},{"damage":38,"enemies":"Mind Bloom Boss Battle","floor":41,"turns":5},{"damage":43,"enemies":"Nemesis","floor":42,"turns":3}],"seed_played":"165327783108396454","potions_obtained":[{"floor":2,"key":"SkillPotion"},{"floor":4,"key":"Energy Potion"},{"floor":10,"key":"EssenceOfSteel"},{"floor":11,"key":"LiquidBronze"},{"floor":13,"key":"ColorlessPotion"},{"floor":14,"key":"Fire Potion"},{"floor":18,"key":"SteroidPotion"},{"floor":19,"key":"Fire Potion"},{"floor":20,"key":"PowerPotion"},{"floor":23,"key":"Weak Potion"},{"floor":31,"key":"Regen Potion"},{"floor":33,"key":"Regen Potion"},{"floor":35,"key":"Weak Potion"},{"floor":41,"key":"GamblersBrew"}],"is_trial":false,"path_per_floor":["M","M","$","M","M","E","M","R","T","M","M","M","E","M","R","B",null,"M","M","M","?","M","E","$","M","T","R","M","M","M","E","R","B",null,"M","M","?","?","$","R","?","E"],"character_chosen":"NECROMANCER","items_purchased":["Orrery","DuplicationPotion","Summon_Lich","Mummified Hand","Lantern","Life_Drain","Summon_Undead_Army"],"campfire_rested":2,"item_purchase_floors":[3,3,24,24,39,39,39],"current_hp_per_floor":[54,58,58,59,66,54,57,57,57,54,71,75,67,71,71,74,85,53,39,26,10,44,19,19,42,42,42,49,47,45,9,34,20,69,54,35,35,24,24,49,43,0,0],"gold":106,"neow_bonus":"TWO_FIFTY_GOLD","is_daily":false,"chose_seed":false,"campfire_upgraded":3,"win_rate":0.0,"timestamp":1611627271,"path_taken":["M","M","$","M","M","E","M","R","T","M","M","M","E","M","R","BOSS","M","M","M","?","M","E","$","M","T","R","M","M","M","E","R","BOSS","M","M","?","?","$","R","?","E"],"items_purchased_type":["Relic","Potion","Card","Relic","Relic","Card","Card"],"build_version":"2020-12-22","purchased_purges":2,"victory":false,"max_hp_per_floor":[75,75,75,75,75,75,75,75,75,75,75,75,75,75,75,75,85,85,85,85,85,85,85,85,85,85,85,85,85,85,85,85,85,85,85,85,85,85,85,85,85,85,85],"card_choices":[{"not_picked":["Blood_Curse","Toxic_Smoke_Screen"],"picked":"Necrotic_Claws","floor":1},{"not_picked":["Scare","Death_Coil","Life_Tap"],"picked":"SKIP","floor":2},{"not_picked":["Blood_Magic","Scare"],"picked":"Summon_Lich","floor":3},{"not_picked":["Deaths_Shadow","Bone_Shift"],"picked":"Vampiric_Strike","floor":3},{"not_picked":["Negative_Energy_Shield","Epidemic","Blood_for_Blood"],"picked":"SKIP","floor":4},{"not_picked":["Epidemic","Negative_Energy_Shield"],"picked":"Life_Drain","floor":5},{"not_picked":["Vampiric_Strike","Siphon_Strength"],"picked":"Summon_Undead","floor":6},{"not_picked":["Chill_Blood","Blood_Shield","Consume_Illness"],"picked":"SKIP","floor":7},{"not_picked":["Bone_Spikes","Shackles_Of_Pain","Bone_Shift"],"picked":"SKIP","floor":10},{"not_picked":["Bones_to_Steel","Death_Knell","Finger_Of_Death"],"picked":"SKIP","floor":11},{"not_picked":["Negative_Energy_Sphere","Negative_Energy_Bomb"],"picked":"Negative_Energy_Burst","floor":12},{"not_picked":["Bone_Shift","Acid_Javelin","Negative_Energy_Mist"],"picked":"SKIP","floor":13},{"not_picked":["Vampiric_Strike","Blood_Whip","Negative_Energy_Javelin"],"picked":"SKIP","floor":14},{"not_picked":["Cloudkill","Skeleton_Dragon"],"picked":"Hellfire","floor":16},{"not_picked":["Shackles_Of_Pain","Negative_Energy_Javelin","Negative_Energy_Shield"],"picked":"SKIP","floor":18},{"not_picked":["Blood_Curse","Shackles_Of_Pain"],"picked":"Spectral_Walk","floor":19},{"not_picked":["Bone_Bullets+1","Shackles_Of_Pain"],"picked":"Hellfire","floor":20},{"not_picked":["Vampiric_Strike","Chill_Blood"],"picked":"Stop_Heart+1","floor":22},{"not_picked":["Cloudkill","Bone_Bullets","Death_March_Dance+1"],"picked":"SKIP","floor":23},{"not_picked":["Vampiric_Strike","Scare","Death_March_Dance"],"picked":"SKIP","floor":25},{"not_picked":["Negative_Energy_Shield","Slay_Living+1","Chill_Blood"],"picked":"SKIP","floor":28},{"not_picked":["Flesh_Made_Foul","Corrupt","Blood_Curse"],"picked":"SKIP","floor":29},{"not_picked":["Blood_Whip+1","Vampiric_Strike","Bone_Armor"],"picked":"SKIP","floor":30},{"not_picked":["Bone_Shift","Exploit"],"picked":"Summon_Undead","floor":31},{"not_picked":["Reap_The_Weak","Skeleton_Dragon"],"picked":"Summon_Vampire_Lady","floor":33},{"not_picked":["Bone_Armor","Life_Tap","Vampiric_Strike"],"picked":"SKIP","floor":35},{"not_picked":["Shackles_Of_Pain+1","Death_Knell+1"],"picked":"Summon_Lich","floor":36}],"player_experience":281595,"relics_obtained":[{"floor":6,"key":"Whetstone"},{"floor":9,"key":"Bottled Tornado"},{"floor":13,"key":"Ancient Tea Set"},{"floor":17,"key":"Nunchaku"},{"floor":17,"key":"Pear"},{"floor":17,"key":"Lizard Tail"},{"floor":21,"key":"Necronomicon"},{"floor":23,"key":"Dead Branch"},{"floor":26,"key":"Pen Nib"},{"floor":31,"key":"Matryoshka"},{"floor":41,"key":"Incense Burner"}],"event_choices":[{"damage_healed":0,"gold_gain":0,"player_choice":"Obtained Book","damage_taken":16,"max_hp_gain":0,"max_hp_loss":0,"event_name":"Cursed Tome","floor":21,"gold_loss":0},{"damage_healed":0,"gold_gain":0,"player_choice":"Memory 1","damage_taken":0,"max_hp_gain":0,"max_hp_loss":0,"event_name":"SensoryStone","floor":37,"gold_loss":0},{"damage_healed":0,"gold_gain":0,"player_choice":"Embrace Madness","damage_taken":11,"max_hp_gain":0,"max_hp_loss":0,"event_name":"Winding Halls","floor":38,"gold_loss":0,"cards_obtained":["Madness","Madness"]},{"damage_healed":0,"gold_gain":0,"player_choice":"Fight","damage_taken":0,"max_hp_gain":0,"max_hp_loss":0,"event_name":"MindBloom","floor":41,"gold_loss":0}],"is_beta":false,"boss_relics":[{"not_picked":["Ectoplasm","Busted Crown"],"picked":"Calling Bell"},{"not_picked":["Pandora\u0027s Box","Astrolabe"],"picked":"Black Star"}],"items_purged_floors":[3,24],"is_endless":false,"potions_floor_spawned":[2,4,10,11,13,14,18,19,20,23,31,33,35,41],"killed_by":"Nemesis","ascension_level":9}}