{"host":"j4g6ia6asvpyu2b0","time":1611672556,"event":{"mods":["BaseMod","Colored Map","Minty Spire (QoL Compilation)","Permanent Neow","Quick Restart","Relic Stats","StSLib","Unceasing Turn Reminder"],"gold_per_floor":[361,372,387,387,15,15,47,47,73,99,110,125,159,176,176,276,276,290,305,305,319,97,124,124,124,124],"floor_reached":25,"language":"ENG","playtime":920,"items_purged":["Decay"],"score":322,"play_id":"5366b1da-c31f-4d8f-b8f3-c25a9632c78c","local_time":"20210126074916","is_ascension_mode":true,"campfire_choices":[{"data":"Zap","floor":6,"key":"SMITH"},{"data":"Ball Lightning","floor":8,"key":"SMITH"},{"data":"White Noise","floor":15,"key":"SMITH"},{"data":"Hologram","floor":24,"key":"SMITH"}],"circlet_count":0,"master_deck":["Strike_B","Defend_B","Defend_B","Defend_B","Defend_B","Zap+1","Dualcast","Compile Driver","Gash","Ball Lightning+1","White Noise+1","Conserve Battery","All For One","Gash","Cold Snap","All For One","Rainbow+1","Recycle+1","Consume+1","Coolheaded","Undo","Steam Power","Cold Snap","Coolheaded","Hologram+1"],"relics":["Cracked Core","Sling","Omamori","Strawberry","Meat on the Bone","Lantern","Astrolabe","Bag of Marbles","Tiny Chest"],"acts_visited":["Exordium","TheCity"],"potions_floor_usage":[7,18,21,23],"damage_taken":[{"damage":0,"enemies":"2 Louse","floor":1,"turns":2},{"damage":1,"enemies":"Cultist","floor":2,"turns":3},{"damage":5,"enemies":"Jaw Worm","floor":3,"turns":3},{"damage":17,"enemies":"3 Sentries","floor":7,"turns":7},{"damage":15,"enemies":"Gremlin Nob","floor":10,"turns":3},{"damage":14,"enemies":"Red Slaver","floor":11,"turns":4},{"damage":0,"enemies":"Looter","floor":12,"turns":2},{"damage":14,"enemies":"Lagavulin","floor":13,"turns":6},{"damage":1,"enemies":"3 Louse","floor":14,"turns":2},{"damage":0,"enemies":"Slime Boss","floor":16,"turns":6},{"damage":5,"enemies":"Chosen","floor":18,"turns":3},{"damage":17,"enemies":"2 Thieves","floor":19,"turns":3},{"damage":15,"enemies":"Snake Plant","floor":21,"turns":3},{"damage":16,"enemies":"Book of Stabbing","floor":23,"turns":4},{"damage":36,"enemies":"Gremlin Leader","floor":25,"turns":4}],"seed_played":"-1525299904977067771","potions_obtained":[{"floor":1,"key":"Fire Potion"},{"floor":3,"key":"EssenceOfSteel"},{"floor":12,"key":"GamblersBrew"},{"floor":16,"key":"SneckoOil"},{"floor":20,"key":"FocusPotion"},{"floor":20,"key":"AttackPotion"},{"floor":23,"key":"FearPotion"}],"is_trial":false,"path_per_floor":["M","M","M","?","$","R","E","R","T","E","M","M","E","M","R","B",null,"M","M","?","M","$","E","R","E"],"character_chosen":"DEFECT","items_purchased":["Sling","Omamori","Cold Snap","Coolheaded","Bag of Marbles"],"campfire_rested":0,"item_purchase_floors":[5,5,22,22,22],"current_hp_per_floor":[68,67,62,62,62,62,52,52,52,37,35,47,45,44,44,44,75,70,53,53,38,38,34,34,0,0],"gold":124,"neow_bonus":"TWO_FIFTY_GOLD","is_daily":false,"chose_seed":false,"campfire_upgraded":4,"win_rate":0.0,"timestamp":1611672556,"path_taken":["M","M","M","?","$","R","E","R","T","E","?","M","E","M","R","BOSS","M","M","?","?","$","E","R","E"],"items_purchased_type":["Relic","Relic","Card","Card","Relic"],"build_version":"2020-12-22","purchased_purges":1,"victory":false,"max_hp_per_floor":[68,68,68,68,68,68,75,75,75,75,75,75,75,75,75,75,75,75,75,75,75,75,75,75,75,75],"relic_stats":{"counters":[15,55],"Astrolabe":["Rainbow","Recycle","Consume"],"Tiny Chest":0,"obtain_stats":[{"Lantern":13,"Strawberry":7,"Astrolabe":17,"Tiny Chest":23,"Omamori":5,"Bag of Marbles":22,"Cracked Core":0,"Sling":5,"Meat on the Bone":10},{"Lantern":8,"Strawberry":4,"Astrolabe":10,"Tiny Chest":14,"Omamori":3,"Bag of Marbles":13,"Cracked Core":0,"Sling":3,"Meat on the Bone":5},{"Lantern":30,"Strawberry":15,"Astrolabe":38,"Tiny Chest":51,"Omamori":8,"Bag of Marbles":47,"Cracked Core":0,"Sling":8,"Meat on the Bone":18}],"Meat on the Bone":48},"card_choices":[{"not_picked":["Undo","Auto Shields"],"picked":"Compile Driver","floor":1},{"not_picked":["Auto Shields","Force Field"],"picked":"Cold Snap","floor":2},{"not_picked":["Streamline","Beam Cell"],"picked":"Gash","floor":3},{"not_picked":["Coolheaded","Double Energy"],"picked":"Ball Lightning","floor":7},{"not_picked":["Chill","Steam Power"],"picked":"White Noise","floor":10},{"not_picked":["Leap","Redo"],"picked":"Conserve Battery","floor":11},{"not_picked":["Redo","Turbo"],"picked":"All For One","floor":12},{"not_picked":["Stack","Hologram"],"picked":"Gash","floor":13},{"not_picked":["Doom and Gloom","Compile Driver"],"picked":"Cold Snap","floor":14},{"not_picked":["Meteor Strike","Biased Cognition"],"picked":"All For One","floor":16},{"not_picked":["Sweeping Beam","Conserve Battery"],"picked":"Coolheaded","floor":18},{"not_picked":["Redo","Storm"],"picked":"Undo","floor":19},{"not_picked":["Redo","Doom and Gloom"],"picked":"Steam Power","floor":21},{"not_picked":["Redo","Reprogram"],"picked":"Hologram","floor":23}],"player_experience":1024181,"relics_obtained":[{"floor":7,"key":"Strawberry"},{"floor":10,"key":"Meat on the Bone"},{"floor":13,"key":"Lantern"},{"floor":23,"key":"Tiny Chest"}],"event_choices":[{"cards_removed":["Cold Snap"],"damage_healed":0,"gold_gain":0,"player_choice":"Took Card","damage_taken":0,"max_hp_gain":0,"max_hp_loss":0,"event_name":"NoteForYourself","floor":4,"gold_loss":0,"cards_obtained":["Decay"]},{"damage_healed":0,"gold_gain":0,"player_choice":"Got Potions","damage_taken":0,"max_hp_gain":0,"max_hp_loss":0,"event_name":"Lab","floor":20,"gold_loss":0}],"is_beta":false,"boss_relics":[{"not_picked":["Empty Cage","Pandora\u0027s Box"],"picked":"Astrolabe"}],"items_purged_floors":[5],"is_endless":false,"potions_floor_spawned":[1,3,12,16,23],"killed_by":"Gremlin Leader","ascension_level":2}}