{"host":"urvvf8749ekcxo1a","time":1611637458,"event":{"mods":["AchievementEnabler","AlwaysNeverKeys","BaseMod","Better Altar","Better Sensory Stone","Better-Laid Plans","BetterRewards","Colored Powertips","Displayed Cursed Tome","Emptier Cage","Evolution","Gold Saver","Grow up Mod","Minty Spire (QoL Compilation)","Quick Restart","Rare Cards Sparkle","Relic Filter","Relic Stats","Reliquary","StSLib","SuperFastMode","The Animator","The Cursed","The Hierophant","The Servant 0.9.4","Wide Potions"],"gold_per_floor":[692,692,692,462,462,488,503,505,573,573,269,263,337,337,337,388,388,411,411,397,318,322,393,439,439,463,474,474,470,470,509,509,611,611,650,466,511,567,439,484,484,508,558,563,563,615,615,627,627,597,597],"floor_reached":50,"language":"ENG","playtime":1163,"items_purged":["Pain"],"score":769,"play_id":"1d20c286-82f6-488b-9665-4eefe86396f8","local_time":"20210126000418","is_ascension_mode":false,"campfire_choices":[{"data":"hierophant:RepressedViolence","floor":15,"key":"SMITH"},{"data":"hierophant:DisplayOfPower","floor":25,"key":"SMITH"},{"data":"hierophant:WrathOfGod","floor":28,"key":"SMITH"},{"data":"hierophant:Zeal","floor":30,"key":"SMITH"},{"data":"hierophant:Community","floor":32,"key":"SMITH"},{"data":"hierophant:DisplayOfPower","floor":41,"key":"SMITH"},{"data":"hierophant:Determination","floor":45,"key":"SMITH"},{"floor":49,"key":"REST"}],"circlet_count":0,"master_deck":["hierophant:Strike_Hierophant","hierophant:Strike_Hierophant","hierophant:Strike_Hierophant","hierophant:Strike_Hierophant","hierophant:Punish","hierophant:Defend_Hierophant+1","hierophant:Defend_Hierophant+1","hierophant:Defend_Hierophant","hierophant:Defend_Hierophant+1","hierophant:ChurchCoffers+1","hierophant:Zeal+1","hierophant:RustyCrate+1","hierophant:Doubloon+1","hierophant:Doubloon+1","hierophant:WrathOfGod+1","hierophant:RepressedViolence+1","hierophant:Doubloon+1","Injury","hierophant:DivineIntervention+1","hierophant:Doubloon+1","hierophant:Remorse","hierophant:DisplayOfPower+1","hierophant:Exaltation+1","hierophant:Community+1","hierophant:Repentance+1","hierophant:HolyVerse+1","hierophant:HammerAndAnvil+1","hierophant:DeathKnell+1","hierophant:HammerAndAnvil+1","hierophant:Glossolalia+1","hierophant:WrathOfGod","hierophant:HolyVerse+1","hierophant:DisplayOfPower+1","hierophant:Determination+1","hierophant:MorningPrayer+1"],"relics":["hierophant:PropheticMaskRelic","EVO:Axolotl","NeowsBlessing","reliquary:PartyBalloon","WarpedTongs","Chemical X","Toxic Egg 2","reliquary:OuijaBoard","Shuriken","Tiny Chest","Vajra","Golden Idol","Black Star","White Beast Statue","MealTicket","reliquary:ExpiredCoupon","Akabeko","Anchor","Toy Ornithopter","reliquary:KinkedSpring","Membership Card","Bird Faced Urn","Pear","War Paint","reliquary:RoseTintedGlasses","reliquary:Knoch","Happy Flower","reliquary:IridiumChain","Bag of Preparation","reliquary:PorcupineQuills"],"acts_visited":["Exordium","TheCity","TheBeyond"],"potions_floor_usage":[13,33,44,50],"damage_taken":[{"damage":0,"enemies":"Small Slimes","floor":1,"turns":1},{"damage":0,"enemies":"2 Louse","floor":5,"turns":1},{"damage":0,"enemies":"Gremlin Nob","floor":6,"turns":1},{"damage":6,"enemies":"Cultist","floor":7,"turns":3},{"damage":11,"enemies":"3 Sentries","floor":8,"turns":6},{"damage":16,"enemies":"Large Slime","floor":12,"turns":3},{"damage":20,"enemies":"Gremlin Nob","floor":13,"turns":3},{"damage":91,"enemies":"The Guardian","floor":16,"turns":9},{"damage":7,"enemies":"3 Byrds","floor":18,"turns":1},{"damage":32,"enemies":"2 Thieves","floor":20,"turns":3},{"damage":33,"enemies":"Snecko","floor":22,"turns":4},{"damage":66,"enemies":"Slavers","floor":24,"turns":4},{"damage":53,"enemies":"Book of Stabbing","floor":27,"turns":4},{"damage":7,"enemies":"Snake Plant","floor":29,"turns":1},{"damage":7,"enemies":"Centurion and Healer","floor":31,"turns":1},{"damage":31,"enemies":"Automaton","floor":33,"turns":3},{"damage":15,"enemies":"3 Darklings","floor":35,"turns":3},{"damage":32,"enemies":"2 Orb Walkers","floor":37,"turns":2},{"damage":22,"enemies":"3 Shapes","floor":38,"turns":4},{"damage":234,"enemies":"Giant Head","floor":40,"turns":4},{"damage":112,"enemies":"Nemesis","floor":44,"turns":6},{"damage":7,"enemies":"Sphere and 2 Shapes","floor":48,"turns":1},{"damage":438,"enemies":"Awakened One","floor":50,"turns":3}],"seed_played":"-1704022184779322905","potions_obtained":[{"floor":6,"key":"SkillPotion"},{"floor":8,"key":"FairyPotion"},{"floor":12,"key":"Energy Potion"},{"floor":18,"key":"Energy Potion"},{"floor":24,"key":"DistilledChaos"},{"floor":33,"key":"GamblersBrew"},{"floor":44,"key":"FearPotion"}],"is_trial":false,"path_per_floor":["M","?","?","$","M","E","M","E","T","?","$","M","?","?","R","B",null,"M","?","M","$","M","T","E","R","T","E","R","M","R","M","R","B",null,"M","$","?","M","$","E","R","T","T","E","R","T","?","M","R","B"],"character_chosen":"HIEROPHANT","items_purchased":["Chemical X","hierophant:WrathOfGod","Tiny Chest","hierophant:Exaltation+1","Membership Card","hierophant:Glossolalia","Pear"],"campfire_rested":1,"item_purchase_floors":[4,11,11,21,36,36,39],"current_hp_per_floor":[95,98,108,118,128,138,142,141,151,126,136,130,120,130,140,59,255,258,285,263,273,250,260,204,214,224,181,191,194,204,207,217,201,435,430,455,433,425,460,240,250,260,270,182,192,202,212,219,404,0,0],"gold":597,"neow_bonus":"THREE_ENEMY_KILL","is_daily":false,"chose_seed":false,"campfire_upgraded":7,"win_rate":0.0,"timestamp":1611637458,"path_taken":["M","?","?","$","?","E","M","E","T","?","$","M","?","?","R","BOSS","M","?","M","$","M","?","E","R","T","E","R","M","R","M","R","BOSS","M","$","?","M","?","E","R","?","T","E","R","?","?","M","R","BOSS"],"items_purchased_type":["Relic","Card","Relic","Card","Relic","Card","Relic"],"build_version":"2020-12-22","purchased_purges":1,"victory":false,"max_hp_per_floor":[95,105,115,125,135,145,155,165,175,185,195,205,215,225,235,245,255,265,285,295,305,315,325,335,345,355,365,375,385,395,405,415,425,435,445,455,465,475,495,505,515,525,535,545,555,565,575,585,595,595,595],"relic_stats":{"Happy Flower":[3],"counters":[23,71],"Golden Idol":119,"Bag of Preparation":[4],"War Paint":["hierophant:Defend_Hierophant","hierophant:Defend_Hierophant"],"WarpedTongs":[67],"Shuriken":[7],"Bird Faced Urn":[24],"Tiny Chest":2,"MealTicket":30,"Black Star":4,"Chemical X":[1],"obtain_stats":[{"reliquary:OuijaBoard":8,"reliquary:PartyBalloon":2,"hierophant:PropheticMaskRelic":0,"Vajra":13,"Bag of Preparation":44,"EVO:Axolotl":0,"Tiny Chest":11,"MealTicket":24,"reliquary:RoseTintedGlasses":40,"Chemical X":4,"Toxic Egg 2":6,"Pear":39,"NeowsBlessing":0,"Happy Flower":43,"Golden Idol":14,"War Paint":40,"White Beast Statue":23,"Akabeko":26,"reliquary:IridiumChain":44,"WarpedTongs":3,"reliquary:KinkedSpring":34,"reliquary:ExpiredCoupon":24,"Anchor":27,"reliquary:PorcupineQuills":46,"Shuriken":9,"Bird Faced Urn":37,"Black Star":17,"Membership Card":36,"reliquary:Knoch":42,"Toy Ornithopter":27},{"reliquary:OuijaBoard":5,"reliquary:PartyBalloon":1,"hierophant:PropheticMaskRelic":0,"Vajra":7,"Bag of Preparation":21,"EVO:Axolotl":0,"Tiny Chest":5,"MealTicket":12,"reliquary:RoseTintedGlasses":20,"Chemical X":1,"Toxic Egg 2":3,"Pear":19,"NeowsBlessing":0,"Happy Flower":20,"Golden Idol":7,"War Paint":20,"White Beast Statue":11,"Akabeko":12,"reliquary:IridiumChain":21,"WarpedTongs":1,"reliquary:KinkedSpring":16,"reliquary:ExpiredCoupon":12,"Anchor":13,"reliquary:PorcupineQuills":21,"Shuriken":5,"Bird Faced Urn":18,"Black Star":8,"Membership Card":17,"reliquary:Knoch":20,"Toy Ornithopter":13},{"reliquary:OuijaBoard":12,"reliquary:PartyBalloon":1,"hierophant:PropheticMaskRelic":0,"Vajra":18,"Bag of Preparation":67,"EVO:Axolotl":0,"Tiny Chest":12,"MealTicket":39,"reliquary:RoseTintedGlasses":61,"Chemical X":1,"Toxic Egg 2":3,"Pear":57,"NeowsBlessing":0,"Happy Flower":61,"Golden Idol":18,"War Paint":61,"White Beast Statue":35,"Akabeko":39,"reliquary:IridiumChain":67,"WarpedTongs":1,"reliquary:KinkedSpring":48,"reliquary:ExpiredCoupon":39,"Anchor":43,"reliquary:PorcupineQuills":67,"Shuriken":12,"Bird Faced Urn":53,"Black Star":27,"Membership Card":51,"reliquary:Knoch":61,"Toy Ornithopter":43}],"Toy Ornithopter":0},"card_choices":[{"not_picked":["hierophant:Doubloon","hierophant:Shelter","hierophant:MorningPrayer"],"picked":"SKIP","floor":1},{"not_picked":["hierophant:SecretStash","hierophant:Doubloon","hierophant:AuricShield"],"picked":"SKIP","floor":5},{"not_picked":["hierophant:HolyVerse+1","hierophant:FieryStrike"],"picked":"hierophant:Batter","floor":6},{"not_picked":["hierophant:ThreeLashes","hierophant:Rebuild+1"],"picked":"hierophant:Zeal","floor":7},{"not_picked":["hierophant:Patience+1","hierophant:Kindle+1"],"picked":"hierophant:RustyCrate+1","floor":8},{"not_picked":["hierophant:Alms+1","hierophant:OrnateBuckler+1"],"picked":"hierophant:RepressedViolence","floor":12},{"not_picked":["hierophant:ArchangelShield","hierophant:Rebuild+1"],"picked":"hierophant:Doubloon+1","floor":13},{"not_picked":["hierophant:WrathOfGod","hierophant:DeathKnell+1"],"picked":"hierophant:DivineIntervention+1","floor":16},{"not_picked":["hierophant:AuricBeam","hierophant:WrathOfGod"],"picked":"hierophant:Remorse","floor":18},{"not_picked":["hierophant:Remorse","hierophant:RustyCrate+1"],"picked":"hierophant:DisplayOfPower","floor":20},{"not_picked":["hierophant:Repentance+1","hierophant:CoinFling+1"],"picked":"hierophant:Community","floor":22},{"not_picked":["hierophant:AuricShield+1","hierophant:Batter"],"picked":"hierophant:Repentance+1","floor":24},{"not_picked":["hierophant:Flagellation+1","hierophant:Zeal+1"],"picked":"hierophant:HolyVerse+1","floor":27},{"not_picked":["hierophant:Racketeering+1","hierophant:RepressedViolence","hierophant:Zeal+1"],"picked":"SKIP","floor":29},{"not_picked":["hierophant:MorningPrayer+1","hierophant:Doubloon+1"],"picked":"hierophant:HammerAndAnvil+1","floor":31},{"not_picked":["hierophant:Levitation+1","hierophant:Cornucopia+1"],"picked":"hierophant:DeathKnell+1","floor":33},{"not_picked":["hierophant:Remorse+1","hierophant:SealAway"],"picked":"hierophant:HammerAndAnvil+1","floor":35},{"not_picked":["hierophant:Smite+1","hierophant:Sermon+1"],"picked":"hierophant:WrathOfGod","floor":37},{"not_picked":["hierophant:Refuge","hierophant:FaithHealing+1"],"picked":"hierophant:HolyVerse+1","floor":38},{"not_picked":["hierophant:SealAway","hierophant:HammerAndAnvil+1"],"picked":"hierophant:DisplayOfPower","floor":40},{"not_picked":["hierophant:Embezzle+1","hierophant:Rebuild+1"],"picked":"hierophant:Determination","floor":44},{"not_picked":["hierophant:AuricBeam+1","hierophant:Empathy+1"],"picked":"hierophant:MorningPrayer+1","floor":48}],"player_experience":167459,"relics_obtained":[{"floor":6,"key":"Toxic Egg 2"},{"floor":8,"key":"reliquary:OuijaBoard"},{"floor":9,"key":"Shuriken"},{"floor":13,"key":"Vajra"},{"floor":23,"key":"White Beast Statue"},{"floor":24,"key":"MealTicket"},{"floor":24,"key":"reliquary:ExpiredCoupon"},{"floor":26,"key":"Akabeko"},{"floor":27,"key":"Anchor"},{"floor":27,"key":"Toy Ornithopter"},{"floor":37,"key":"Bird Faced Urn"},{"floor":40,"key":"War Paint"},{"floor":40,"key":"reliquary:RoseTintedGlasses"},{"floor":42,"key":"reliquary:Knoch"},{"floor":43,"key":"Happy Flower"},{"floor":44,"key":"reliquary:IridiumChain"},{"floor":44,"key":"Bag of Preparation"},{"floor":46,"key":"reliquary:PorcupineQuills"}],"event_choices":[{"damage_healed":0,"gold_gain":0,"player_choice":"Success","damage_taken":7,"relics_obtained":["reliquary:PartyBalloon"],"max_hp_gain":0,"max_hp_loss":0,"event_name":"Scrap Ooze","floor":2,"gold_loss":0},{"damage_healed":0,"gold_gain":0,"player_choice":"Rummage","damage_taken":0,"relics_obtained":["WarpedTongs"],"max_hp_gain":0,"max_hp_loss":0,"event_name":"Accursed Blacksmith","floor":3,"gold_loss":0,"cards_obtained":["Pain"]},{"damage_healed":0,"gold_gain":0,"player_choice":"Entered Light","damage_taken":35,"max_hp_gain":0,"max_hp_loss":0,"event_name":"Shining Light","floor":10,"gold_loss":0,"cards_upgraded":["hierophant:ChurchCoffers","hierophant:Defend_Hierophant"]},{"damage_healed":0,"gold_gain":0,"player_choice":"Searched \u00272\u0027 times","damage_taken":0,"max_hp_gain":0,"max_hp_loss":0,"event_name":"Dead Adventurer","floor":13,"gold_loss":0},{"damage_healed":0,"gold_gain":0,"player_choice":"Take Wound","damage_taken":0,"relics_obtained":["Golden Idol"],"max_hp_gain":0,"max_hp_loss":0,"event_name":"Golden Idol","floor":14,"gold_loss":0,"cards_obtained":["Injury"]},{"cards_removed":["hierophant:Batter"],"damage_healed":7,"gold_gain":0,"player_choice":"Offered Rare","damage_taken":0,"max_hp_gain":10,"max_hp_loss":0,"event_name":"Bonfire Elementals","floor":19,"gold_loss":0},{"damage_healed":0,"gold_gain":0,"player_choice":"Fight","damage_taken":0,"max_hp_gain":0,"max_hp_loss":0,"event_name":"Mysterious Sphere","floor":37,"gold_loss":0},{"damage_healed":0,"gold_gain":0,"player_choice":"Upgraded","damage_taken":0,"max_hp_gain":0,"max_hp_loss":0,"event_name":"Upgrade Shrine","floor":47,"gold_loss":0,"cards_upgraded":["hierophant:Glossolalia"]}],"is_beta":false,"boss_relics":[{"not_picked":["Tiny House","SacredBark"],"picked":"Black Star"},{"not_picked":["Philosopher\u0027s Stone","Cursed Key"],"picked":"reliquary:KinkedSpring"}],"items_purged_floors":[4],"is_endless":false,"potions_floor_spawned":[5,6,8,12,18,24,27,29,31,33,35,37,38,40,44,48],"killed_by":"Awakened One","ascension_level":0}}