{"host":"sc0o2qwpf9j16a4i","time":1611683561,"event":{"mods":["AchievementEnabler","BaseMod","BetterRewards","Block Reminder","Colored Map","Colored Powertips","Custom Start","Highlight Path","Minty Spire (QoL Compilation)","Relic Stats"],"gold_per_floor":[114,114,22,22,22,63,63,101,101,134,134,165,188,39,39,167,167,181,181,181,96,121,154,168,208,231,256,270,285,321,64,64,189,189,210,230,62,62,76,114,135,148,174,187,202,242,242,275,275,275],"floor_reached":51,"language":"ENG","playtime":1536,"items_purged":["Pain","Pain"],"score":1050,"play_id":"df75cb5b-41d9-415a-916f-6a52e38ccab0","local_time":"20210126195241","daily_mods":["Cursed Run","Red Cards","Lethality"],"is_ascension_mode":false,"campfire_choices":[{"floor":15,"key":"DIG"},{"floor":32,"key":"REST"},{"floor":49,"key":"REST"}],"circlet_count":0,"master_deck":["Survivor","Neutralize","Crippling Poison+1","Whirlwind","Pommel Strike","Shame","Concentrate","Injury","Feed","Deadly Poison","Heavy Blade","Corpse Explosion","Armaments+1","Clumsy","True Grit","Bullet Time","Injury","Exhume","Footwork+1","Evolve","Decay","Feed","Die Die Die","Infinite Blades","Corpse Explosion","Finisher","Crippling Poison","Grand Finale","PiercingWail","Juggernaut","Headbutt","Cleave","Dual Wield","Decay","Eviscerate","Dodge and Roll","Footwork+1","Pain","Barricade","Dodge and Roll+1","The Bomb","Second Wind+1","Flame Barrier","Shame"],"relics":["Cursed Key","Darkstone Periapt","Du-Vu Doll","Golden Idol","Dream Catcher","Tough Bandages","Shovel","WingedGreaves","Tiny Chest","WarpedTongs","Bottled Lightning","Lee\u0027s Waffle","Eternal Feather","Snecko Eye","Oddly Smooth Stone","Ninja Scroll","Akabeko","Sundial","Nunchaku","Bronze Scales","Pandora\u0027s Box","Ice Cream","Turnip","Centennial Puzzle","Bag of Preparation","HornCleat"],"acts_visited":["Exordium","TheCity","TheBeyond"],"potions_floor_usage":[6,8,8,12,22,22,23,23,23,27,29,30,39,40,46,48,50,50],"damage_taken":[{"damage":5,"enemies":"Jaw Worm","floor":1,"turns":2},{"damage":2,"enemies":"3 Sentries","floor":6,"turns":4},{"damage":6,"enemies":"Lagavulin","floor":8,"turns":5},{"damage":14,"enemies":"Gremlin Nob","floor":10,"turns":3},{"damage":27,"enemies":"Lagavulin","floor":12,"turns":5},{"damage":3,"enemies":"Cultist","floor":13,"turns":2},{"damage":42,"enemies":"Slime Boss","floor":16,"turns":8},{"damage":6,"enemies":"Spheric Guardian","floor":18,"turns":2},{"damage":18,"enemies":"3 Byrds","floor":22,"turns":2},{"damage":18,"enemies":"Book of Stabbing","floor":23,"turns":4},{"damage":8,"enemies":"3 Cultists","floor":24,"turns":3},{"damage":19,"enemies":"Gremlin Leader","floor":25,"turns":3},{"damage":10,"enemies":"Snake Plant","floor":27,"turns":2},{"damage":7,"enemies":"Centurion and Healer","floor":28,"turns":3},{"damage":26,"enemies":"Snecko","floor":29,"turns":4},{"damage":15,"enemies":"Book of Stabbing","floor":30,"turns":3},{"damage":43,"enemies":"Champ","floor":33,"turns":10},{"damage":14,"enemies":"Orb Walker","floor":35,"turns":2},{"damage":0,"enemies":"3 Shapes","floor":36,"turns":1},{"damage":4,"enemies":"Maw","floor":39,"turns":5},{"damage":39,"enemies":"Nemesis","floor":40,"turns":7},{"damage":16,"enemies":"Jaw Worm Horde","floor":41,"turns":2},{"damage":4,"enemies":"3 Darklings","floor":42,"turns":2},{"damage":0,"enemies":"4 Shapes","floor":44,"turns":1},{"damage":0,"enemies":"Sphere and 2 Shapes","floor":45,"turns":1},{"damage":36,"enemies":"Giant Head","floor":46,"turns":3},{"damage":24,"enemies":"Reptomancer","floor":48,"turns":4},{"damage":37,"enemies":"Awakened One","floor":50,"turns":9}],"seed_played":"5351317101719154166","potions_obtained":[{"floor":1,"key":"AttackPotion"},{"floor":6,"key":"EntropicBrew"},{"floor":12,"key":"Fire Potion"},{"floor":19,"key":"SkillPotion"},{"floor":19,"key":"EntropicBrew"},{"floor":22,"key":"Dexterity Potion"},{"floor":23,"key":"Poison Potion"},{"floor":27,"key":"Fire Potion"},{"floor":33,"key":"Strength Potion"},{"floor":42,"key":"Strength Potion"},{"floor":45,"key":"PowerPotion"},{"floor":46,"key":"ColorlessPotion"},{"floor":48,"key":"Strength Potion"}],"is_trial":true,"path_per_floor":["M","?","$","?","T","E","?","E","T","E","?","E","M","$","R","B",null,"M","?","T","?","M","E","M","E","T","M","M","M","E","$","R","B",null,"M","M","$","T","M","E","M","M","T","M","M","E","?","E","R","B",null],"character_chosen":"THE_SILENT","items_purchased":["Whirlwind","Pommel Strike","Lee\u0027s Waffle","GhostInAJar","Evolve","Dual Wield"],"campfire_rested":2,"item_purchase_floors":[3,3,14,31,31,37],"current_hp_per_floor":[65,65,65,48,54,52,57,51,57,43,49,22,23,104,104,72,114,111,111,117,117,102,84,76,57,63,57,50,27,16,16,76,43,153,142,146,146,152,148,113,100,96,102,102,102,66,56,32,109,81],"gold":275,"neow_bonus":"","is_daily":false,"chose_seed":false,"campfire_upgraded":0,"win_rate":0.0,"timestamp":1611683561,"path_taken":["M","?","$","?","?","E","?","E","T","E","?","E","?","$","R","BOSS","M","?","?","?","M","E","M","E","T","?","M","M","E","$","R","BOSS","M","?","$","?","M","E","M","M","T","M","M","E","?","E","R","BOSS"],"items_purchased_type":["Card","Card","Relic","Potion","Card","Card"],"build_version":"2020-12-22","purchased_purges":2,"victory":true,"max_hp_per_floor":[70,70,70,70,76,76,81,81,87,87,93,93,97,104,104,114,114,117,117,123,123,126,126,126,126,132,136,136,139,143,143,143,153,153,156,160,160,166,166,170,173,173,179,179,179,179,179,179,179,188],"relic_stats":{"Darkstone Periapt":60,"Lee\u0027s Waffle":81,"counters":[28,102],"Golden Idol":200,"Eternal Feather":42,"Bag of Preparation":[0],"Cursed Key":6,"WarpedTongs":[88],"Dream Catcher":2,"Tough Bandages":[93],"Nunchaku":[13],"Centennial Puzzle":[7],"Shovel":1,"Sundial":[2],"Bronze Scales":[85],"Snecko Eye":[98,99,103,113],"Tiny Chest":2,"Pandora\u0027s Box":["Die Die Die","Infinite Blades","Corpse Explosion","Finisher","Crippling Poison","Grand Finale","PiercingWail","Juggernaut","Headbutt","Cleave"],"Turnip":[2],"obtain_stats":[{"Darkstone Periapt":0,"Ice Cream":38,"Bag of Preparation":46,"Cursed Key":0,"Dream Catcher":5,"Tough Bandages":6,"Nunchaku":26,"Centennial Puzzle":43,"Shovel":8,"HornCleat":48,"Ninja Scroll":21,"Sundial":25,"Tiny Chest":10,"WingedGreaves":9,"Lee\u0027s Waffle":14,"Golden Idol":4,"Oddly Smooth Stone":20,"Eternal Feather":15,"Akabeko":23,"WarpedTongs":11,"Du-Vu Doll":0,"Bronze Scales":30,"Snecko Eye":17,"Pandora\u0027s Box":34,"Turnip":40,"Bottled Lightning":12},{"Darkstone Periapt":0,"Ice Cream":19,"Bag of Preparation":26,"Cursed Key":0,"Dream Catcher":1,"Tough Bandages":2,"Nunchaku":12,"Centennial Puzzle":23,"Shovel":3,"HornCleat":27,"Ninja Scroll":8,"Sundial":12,"Tiny Chest":4,"WingedGreaves":3,"Lee\u0027s Waffle":6,"Golden Idol":1,"Oddly Smooth Stone":8,"Eternal Feather":6,"Akabeko":10,"WarpedTongs":4,"Du-Vu Doll":0,"Bronze Scales":16,"Snecko Eye":7,"Pandora\u0027s Box":17,"Turnip":21,"Bottled Lightning":5},{"Darkstone Periapt":0,"Ice Cream":68,"Bag of Preparation":89,"Cursed Key":0,"Dream Catcher":2,"Tough Bandages":6,"Nunchaku":43,"Centennial Puzzle":84,"Shovel":11,"HornCleat":93,"Ninja Scroll":31,"Sundial":43,"Tiny Chest":14,"WingedGreaves":11,"Lee\u0027s Waffle":21,"Golden Idol":2,"Oddly Smooth Stone":31,"Eternal Feather":21,"Akabeko":37,"WarpedTongs":14,"Du-Vu Doll":0,"Bronze Scales":55,"Snecko Eye":29,"Pandora\u0027s Box":65,"Turnip":80,"Bottled Lightning":19}]},"card_choices":[{"not_picked":["Cloak And Dagger","Spot Weakness"],"picked":"Crippling Poison","floor":1},{"not_picked":["Quick Slash","Sucker Punch"],"picked":"Concentrate","floor":6},{"not_picked":["Iron Wave","Expertise","Dark Embrace"],"picked":"SKIP","floor":8},{"not_picked":["Flechettes","Riddle With Holes"],"picked":"Feed","floor":10},{"not_picked":["Poisoned Stab","Concentrate"],"picked":"Deadly Poison","floor":12},{"not_picked":["Anger","Poisoned Stab"],"picked":"Heavy Blade","floor":13},{"not_picked":["Juggernaut","Glass Knife"],"picked":"Corpse Explosion","floor":16},{"not_picked":["Power Through","Bane+1"],"picked":"Armaments+1","floor":18},{"not_picked":["Entrench","Headbutt"],"picked":"True Grit","floor":22},{"not_picked":["Entrench","Anger+1","Quick Slash"],"picked":"SKIP","floor":23},{"not_picked":["Seeing Red+1","Sucker Punch","Terror+1"],"picked":"SKIP","floor":24},{"not_picked":["Shrug It Off","Cloak And Dagger+1"],"picked":"Bullet Time","floor":25},{"not_picked":["Sucker Punch","Finisher+1","Deflect"],"picked":"SKIP","floor":27},{"not_picked":["Endless Agony","Dagger Spray","Sucker Punch"],"picked":"SKIP","floor":28},{"not_picked":["Havoc+1","Acrobatics+1"],"picked":"Exhume","floor":29},{"not_picked":["Bane","Terror"],"picked":"Footwork+1","floor":30},{"not_picked":["Juggernaut","Unload"],"picked":"Feed","floor":33},{"not_picked":["Iron Wave+1","Bane","Cleave"],"picked":"SKIP","floor":35},{"not_picked":["Perfected Strike","Prepared","Flying Knee"],"picked":"SKIP","floor":36},{"not_picked":["Sword Boomerang+1","Expertise"],"picked":"Eviscerate","floor":39},{"not_picked":["Distraction+1","Cleave+1"],"picked":"Dodge and Roll","floor":40},{"not_picked":["Anger+1","Sucker Punch","Carnage+1"],"picked":"SKIP","floor":41},{"not_picked":["Flex+1","Backstab+1"],"picked":"Footwork+1","floor":42},{"not_picked":["Bouncing Flask","Deflect"],"picked":"Barricade","floor":44},{"not_picked":["Noxious Fumes+1","Dropkick+1"],"picked":"Dodge and Roll+1","floor":45},{"not_picked":["Deadly Poison","Wild Strike","Clash"],"picked":"SKIP","floor":46},{"not_picked":["Violence","Trip"],"picked":"The Bomb","floor":47},{"not_picked":["Wild Strike","Dropkick+1"],"picked":"Second Wind+1","floor":48},{"not_picked":["Predator+1","Dodge and Roll"],"picked":"Flame Barrier","floor":49}],"player_experience":991121,"relics_obtained":[{"floor":5,"key":"Dream Catcher"},{"floor":6,"key":"Tough Bandages"},{"floor":8,"key":"Shovel"},{"floor":9,"key":"WingedGreaves"},{"floor":10,"key":"Tiny Chest"},{"floor":12,"key":"Bottled Lightning"},{"floor":15,"key":"Eternal Feather"},{"floor":20,"key":"Oddly Smooth Stone"},{"floor":23,"key":"Akabeko"},{"floor":25,"key":"Sundial"},{"floor":26,"key":"Nunchaku"},{"floor":30,"key":"Bronze Scales"},{"floor":38,"key":"Ice Cream"},{"floor":40,"key":"Turnip"},{"floor":43,"key":"Centennial Puzzle"},{"floor":46,"key":"Bag of Preparation"},{"floor":48,"key":"HornCleat"}],"event_choices":[{"damage_healed":0,"gold_gain":0,"player_choice":"Grow","damage_taken":0,"max_hp_gain":0,"max_hp_loss":0,"event_name":"Living Wall","floor":2,"gold_loss":0,"cards_upgraded":["Crippling Poison"]},{"damage_healed":0,"gold_gain":0,"player_choice":"Take Damage","damage_taken":17,"relics_obtained":["Golden Idol"],"max_hp_gain":0,"max_hp_loss":0,"event_name":"Golden Idol","floor":4,"gold_loss":0},{"damage_healed":0,"gold_gain":0,"player_choice":"Donut","damage_taken":0,"max_hp_gain":5,"max_hp_loss":0,"event_name":"Big Fish","floor":7,"gold_loss":0},{"damage_healed":0,"gold_gain":0,"player_choice":"Rummage","damage_taken":0,"relics_obtained":["WarpedTongs"],"max_hp_gain":0,"max_hp_loss":0,"event_name":"Accursed Blacksmith","floor":11,"gold_loss":0,"cards_obtained":["Pain"]},{"damage_healed":0,"gold_gain":0,"player_choice":"Got Potions","damage_taken":0,"max_hp_gain":0,"max_hp_loss":0,"event_name":"Lab","floor":19,"gold_loss":0},{"damage_healed":0,"gold_gain":0,"player_choice":"Obtained Relic","damage_taken":0,"relics_obtained":["Ninja Scroll"],"max_hp_gain":0,"max_hp_loss":0,"event_name":"Addict","floor":21,"gold_loss":85},{"damage_healed":0,"gold_gain":0,"player_choice":"Memory 3","damage_taken":10,"max_hp_gain":0,"max_hp_loss":0,"event_name":"SensoryStone","floor":47,"gold_loss":0}],"is_beta":false,"boss_relics":[{"not_picked":["Fusion Hammer","Busted Crown"],"picked":"Snecko Eye"},{"not_picked":["Runic Dome","Philosopher\u0027s Stone"],"picked":"Pandora\u0027s Box"}],"items_purged_floors":[31,37],"is_endless":false,"potions_floor_spawned":[1,6,12,22,23,24,27,28,33,35,42,45,46,48],"ascension_level":0}}