{"host":"9kesdg97wkrx2bva","time":1611626201,"event":{"mods":["AchievementEnabler","BaseMod","Colored Map","GifTheSpireLib","Infinite Spire","Minty Spire (QoL Compilation)","Replay The Spire","StSLib"],"gold_per_floor":[114,114,114,114,39,39,75,75,75,75,118,142,142,142,142,238,238,262,83,83,96,96,96,110,149,149,149,172,195,195,195],"floor_reached":30,"language":"ENG","playtime":733,"items_purged":["Strike_G","Strike_G"],"score":547,"play_id":"70f9eef0-2bda-4bca-b4fc-a69cff7f28e0","local_time":"20210125195641","is_ascension_mode":true,"campfire_choices":[{"data":"Dagger Throw","floor":6,"key":"SMITH"},{"data":"Survivor","floor":8,"key":"SMITH"},{"data":"Neutralize","floor":10,"key":"SMITH"},{"data":"Defend_G","floor":13,"key":"SMITH"},{"data":"infinitespire:Collect","floor":15,"key":"SMITH"},{"data":"ReplayTheSpireMod:Scrap Shanks","floor":23,"key":"SMITH"},{"floor":27,"key":"REST"}],"circlet_count":0,"master_deck":["AscendersBane","Strike_G","Strike_G","Defend_G","Defend_G","Defend_G","Defend_G","Defend_G+1","Survivor+1","Neutralize+1","Dagger Throw+1","Underhanded Strike","Underhanded Strike","Underhanded Strike","infinitespire:Collect+1","infinitespire:Neurotoxin","ReplayTheSpireMod:Scrap Shanks+1","Footwork","Blade Dance","After Image","ReplayTheSpireMod:Scrap Shanks","ReplayTheSpireMod:Shiv Toss+1"],"relics":["Ring of the Serpent","NeowsBlessing","Replay:Kaleidoscope","Golden Idol","Pantograph","Juzu Bracelet","Bag of Preparation","Replay:Blank Codex","Question Card","Replay:Ringing Soul"],"acts_visited":["Exordium","TheCity"],"potions_floor_usage":[16,16,21,29],"damage_taken":[{"damage":0,"enemies":"Small Slimes","floor":1,"turns":1},{"damage":0,"enemies":"Gremlin Nob","floor":7,"turns":1},{"damage":0,"enemies":"3 Sentries","floor":11,"turns":1},{"damage":0,"enemies":"Jaw Worm","floor":12,"turns":1},{"damage":13,"enemies":"Hexaghost","floor":16,"turns":9},{"damage":1,"enemies":"Shell Parasite","floor":18,"turns":3},{"damage":0,"enemies":"Chosen","floor":21,"turns":6},{"damage":10,"enemies":"Shelled Parasite and Fungi","floor":24,"turns":5},{"damage":8,"enemies":"Book of Stabbing","floor":25,"turns":6},{"damage":19,"enemies":"Sentry and Sphere","floor":28,"turns":4},{"damage":0,"enemies":"Cultist and Chosen","floor":29,"turns":3},{"damage":23,"enemies":"Snecko","floor":30,"turns":3}],"seed_played":"6717318350879956161","potions_obtained":[{"floor":1,"key":"PowerPotion"},{"floor":12,"key":"ColorlessPotion"},{"floor":18,"key":"Adrenaline Potion"},{"floor":28,"key":"DistilledChaos"}],"is_trial":false,"path_per_floor":["M","?","?","?","$","R","E","R","T","R","E","M","R","?","R","B",null,"M","$","?","M","?","R","M","E","T","R","M","M","M"],"character_chosen":"THE_SILENT","items_purchased":["Footwork"],"campfire_rested":1,"item_purchase_floors":[19],"current_hp_per_floor":[59,54,54,54,54,54,54,54,54,54,54,54,54,38,38,47,57,56,56,56,56,35,35,25,17,17,35,19,19,0,0],"gold":195,"neow_bonus":"THREE_ENEMY_KILL","is_daily":false,"chose_seed":false,"campfire_upgraded":6,"win_rate":0.0,"timestamp":1611626201,"path_taken":["M","?","?","?","?","R","E","R","T","R","E","M","R","?","R","BOSS","M","$","?","M","?","R","M","E","T","R","M","M","M"],"items_purchased_type":["Card"],"build_version":"2020-12-22","purchased_purges":2,"victory":false,"max_hp_per_floor":[66,66,60,60,60,60,60,60,60,60,60,60,60,60,60,60,60,60,60,60,60,60,60,60,60,60,60,63,63,63,63],"card_choices":[{"not_picked":["Acrobatics","Bouncing Flask"],"picked":"Dagger Throw","floor":1},{"not_picked":["PiercingWail","After Image"],"picked":"Underhanded Strike","floor":7},{"not_picked":["Dodge and Roll","Cloak And Dagger"],"picked":"Underhanded Strike","floor":11},{"not_picked":["Concentrate","Quick Slash"],"picked":"Underhanded Strike","floor":12},{"not_picked":["infinitespire:TheBestDefense","infinitespire:Execution"],"picked":"infinitespire:Collect","floor":14},{"not_picked":["Poison Darts","Phantasmal Killer"],"picked":"infinitespire:Neurotoxin","floor":16},{"not_picked":["Dagger Spray","Deflect"],"picked":"ReplayTheSpireMod:Scrap Shanks","floor":18},{"not_picked":["Poisoned Stab","Sucker Punch"],"picked":"Blade Dance","floor":21},{"not_picked":["Flying Knee","Underhanded Strike"],"picked":"After Image","floor":24},{"not_picked":["Heel Hook","Bane"],"picked":"ReplayTheSpireMod:Scrap Shanks","floor":25},{"not_picked":["Deadly Poison","Slice","Backflip"],"picked":"ReplayTheSpireMod:Shiv Toss+1","floor":28},{"not_picked":["Hidden Blade","Deflect","Dagger Spray","Caltrops"],"picked":"SKIP","floor":29}],"player_experience":971367,"relics_obtained":[{"floor":7,"key":"Pantograph"},{"floor":9,"key":"Juzu Bracelet"},{"floor":11,"key":"Bag of Preparation"},{"floor":22,"key":"Replay:Blank Codex"},{"floor":25,"key":"Question Card"},{"floor":26,"key":"Replay:Ringing Soul"}],"event_choices":[{"damage_healed":0,"gold_gain":0,"player_choice":"Success","damage_taken":5,"relics_obtained":["Replay:Kaleidoscope"],"max_hp_gain":0,"max_hp_loss":0,"event_name":"Scrap Ooze","floor":2,"gold_loss":0},{"damage_healed":0,"gold_gain":0,"player_choice":"Lose Max HP","damage_taken":0,"relics_obtained":["Golden Idol"],"max_hp_gain":0,"max_hp_loss":6,"event_name":"Golden Idol","floor":3,"gold_loss":0},{"cards_removed":["Strike_G"],"damage_healed":0,"gold_gain":0,"player_choice":"Forget","damage_taken":0,"max_hp_gain":0,"max_hp_loss":0,"event_name":"Living Wall","floor":4,"gold_loss":0},{"damage_healed":0,"gold_gain":0,"player_choice":"Ignored","damage_taken":0,"max_hp_gain":0,"max_hp_loss":0,"event_name":"N\u0027loth","floor":20,"gold_loss":0},{"damage_healed":0,"gold_gain":0,"player_choice":"Obtained Book","damage_taken":21,"max_hp_gain":0,"max_hp_loss":0,"event_name":"Cursed Tome","floor":22,"gold_loss":0}],"is_beta":false,"boss_relics":[{"not_picked":["infinitespire:Cupcake","Snecko Heart"],"picked":"Ring of the Serpent"}],"items_purged_floors":[5,19],"is_endless":false,"potions_floor_spawned":[1,12,18,28],"killed_by":"Snecko","ascension_level":16}}