{"host":"ojezjkpqju62j8xy","time":1611666506,"event":{"mods":["ATMod(°¢èªMod)","Act Like it!","Aspiration","BaseMod","Conspire","Minty Spire (QoL Compilation)","Pale of the Ancients","Replay The Spire","Spicy Shops","StSLib","[GremlinLeader]The Maniac","¡¾ÒÅÎï¿¨ÅÆ¡¿REMEMod"],"gold_per_floor":[138,138,176,211,29,79,119,164,164,197,197,227,278,316,316,388,388,398,416,331,331,361,361,393,443,490,519,519,533,558,574,574,650,650,668,683,116,126,143,177,177,203,285,285,59,94,94,108,108,108,118,135,135,135,135,152,152,152,152,152,152],"floor_reached":60,"language":"ZHS","playtime":2754,"items_purged":["Pain"],"score":2078,"play_id":"c82eed75-cba1-47eb-91b4-76eb68c09a06","local_time":"20210126210826","is_ascension_mode":true,"campfire_choices":[{"floor":15.0,"key":"RECALL"},{"floor":23.0,"key":"REST"},{"data":"Adrenaline","floor":32.0,"key":"SMITH"},{"data":"Blade Dance","floor":44.0,"key":"SMITH"},{"data":"Envenom","floor":49,"key":"SMITH"},{"data":"Backstab","floor":55,"key":"SMITH"},{"data":"Neutralize","floor":57,"key":"SMITH"}],"circlet_count":0,"master_deck":["AscendersBane","Strike_G+1","Strike_G+1","Strike_G+1","Strike_G+1","Defend_G+1","Defend_G+1","Defend_G+1","Defend_G+1","Survivor","Neutralize+1","AT_FamilyPortrait","HandOfGreed+1","Adrenaline+1","Flying Knee","Backstab+1","Bouncing Flask","All Out Attack","Predator","Noxious Fumes+1","Underhanded Strike","Burst","AT_KingSlayer","PiercingWail","Envenom+1","Catalyst","Finisher","Noxious Fumes","All Out Attack+1","Choke","Bouncing Flask","Blade Dance+1","conspire:PoisonWeapons","Malaise","Deflect","Blade Dance+1","Atom Bomb","Dramatic Entrance","Sneak Up","REME_GreenPollution+1","Quick Slash+1","Envenom","PiercingWail","Flying Knee+1","Catalyst","Acrobatics+1","Accuracy","Slice+1","Deflect+1"],"relics":["Ring of the Snake","AT_ATBox","REME_ComplimentaryCards","Darkstone Periapt","AT_SilvercatRing","Bronze Scales","AT_Manta","WarpedTongs","Gremlin Horn","Painkiller Herb","Replay:Accelerometer","Snack Pack","Boot","Juzu Bracelet","The Courier","Mummified Hand","Black Star","Sundial","aspiration:HummingbirdHeart","ReplayTheSpireMod:Lightbulb","REME_PoisonedDagger","Singing Bowl","Replay:Rubber Ducky","conspire:BottledYoYo","AT_ChloranthyRing","ReplayTheSpireMod:TigerMarble","Pen Nib","paleoftheancients:Timepiece","paleoftheancients:KeyRelic","CultistMask","paleoftheancients:SoulOfTheShowman","Ornamental Fan","AT_Kusabimaru"],"acts_visited":["Exordium","TheCity","TheBeyond","paleoftheancients:PaleOfTheAncients"],"potions_floor_usage":[56,60],"damage_taken":[{"damage":1.0,"enemies":"Small Slimes","floor":1.0,"turns":5.0},{"damage":0.0,"enemies":"Cultist","floor":3.0,"turns":3.0},{"damage":0.0,"enemies":"Jaw Worm","floor":4.0,"turns":3.0},{"damage":0.0,"enemies":"Gremlin Nob","floor":6.0,"turns":1.0},{"damage":0.0,"enemies":"Exordium Thugs","floor":7.0,"turns":3.0},{"damage":27.0,"enemies":"Lagavulin","floor":8.0,"turns":5.0},{"damage":11.0,"enemies":"Gremlin Nob","floor":10.0,"turns":3.0},{"damage":7.0,"enemies":"Exordium Wildlife","floor":12.0,"turns":1.0},{"damage":5.0,"enemies":"Lagavulin","floor":13.0,"turns":3.0},{"damage":0.0,"enemies":"2 Fungi Beasts","floor":14.0,"turns":1.0},{"damage":43.0,"enemies":"Fading Forest","floor":16.0,"turns":11.0},{"damage":2.0,"enemies":"Spheric Guardian","floor":18.0,"turns":3.0},{"damage":7.0,"enemies":"Shell Parasite","floor":19.0,"turns":3.0},{"damage":8.0,"enemies":"3 Cultists","floor":22.0,"turns":5.0},{"damage":0.0,"enemies":"Slavers","floor":24.0,"turns":2.0},{"damage":9.0,"enemies":"Book of Stabbing","floor":27.0,"turns":3.0},{"damage":25.0,"enemies":"Shelled Parasite and Fungi","floor":29.0,"turns":5.0},{"damage":0.0,"enemies":"Slavers","floor":30.0,"turns":1.0},{"damage":0.0,"enemies":"Cultist and Chosen","floor":31.0,"turns":3.0},{"damage":27.0,"enemies":"Pondfish","floor":33.0,"turns":5.0},{"damage":0.0,"enemies":"Orb Walker","floor":35.0,"turns":2.0},{"damage":3.0,"enemies":"3 Shapes","floor":36.0,"turns":2.0},{"damage":0.0,"enemies":"Sphere and 2 Shapes","floor":38.0,"turns":2.0},{"damage":0.0,"enemies":"Maw","floor":39.0,"turns":2.0},{"damage":17.0,"enemies":"R_Hoarder","floor":40.0,"turns":5.0},{"damage":1.0,"enemies":"Nemesis","floor":42.0,"turns":4.0},{"damage":0,"enemies":"R_Hoarder","floor":46,"turns":4},{"damage":0,"enemies":"3 Darklings","floor":48,"turns":3},{"damage":35,"enemies":"Time Eater","floor":50,"turns":4},{"damage":62,"enemies":"Time Eater","floor":51,"turns":6},{"damage":0,"enemies":"Time Eater","floor":52,"turns":3},{"damage":1,"enemies":"Time Eater","floor":56,"turns":3},{"damage":236,"enemies":"paleoftheancients:N","floor":60,"turns":9}],"seed_played":"-5887968586257560691","potions_obtained":[{"floor":6.0,"key":"Venom Potion"},{"floor":7.0,"key":"Poison Potion"},{"floor":8.0,"key":"Doom Potion"},{"floor":16.0,"key":"Dexterity Potion"},{"floor":22.0,"key":"DistilledChaos"},{"floor":29.0,"key":"Dexterity Potion"},{"floor":30.0,"key":"Adrenaline Potion"},{"floor":35.0,"key":"DuplicationPotion"},{"floor":42.0,"key":"Explosive Potion"},{"floor":47,"key":"GhostInAJar"}],"is_trial":false,"path_per_floor":["M","?","M","M","$","E","M","E","T","E","?","M","E","M","R","B",null,"?","?","?","?","?","T","E","T","T","E","?","?","E","?","T","B",null,"?","?","T","?","?","E","?","E","T","T","T","E","?","?","T","B","?","?","?","T","T","?","T","T","?","B"],"character_chosen":"THE_SILENT","items_purchased":["Darkstone Periapt","Sundial","aspiration:HummingbirdHeart","Atom Bomb","Dramatic Entrance","AT_ChloranthyRing","PiercingWail","Flying Knee+1"],"campfire_rested":1,"item_purchase_floors":[5,37,37,37,37,45,45,45],"current_hp_per_floor":[65,65,65,65,71,71,71,44,44,33,39,32,45,45,45,21,64,62,55,55,55,47,70,70,70,70,69,69,48,54,62,62,49,71,78,77,77,78,78,65,65,68,68,68,68,78,78,78,78,69,47,70,70,70,70,78,78,78,78,0,0],"gold":152,"neow_bonus":"THREE_RARE_CARDS","is_daily":false,"chose_seed":false,"campfire_upgraded":5,"win_rate":0.0,"timestamp":1611666506,"path_taken":["M","?","M","M","$","E","?","E","T","E","?","M","E","M","R","BOSS","?","?","?","?","?","T","E","?","T","E","?","?","E","?","T","BOSS","?","?","T","?","?","E","?","E","T","T","?","E","?","?","T","BOSS","?","?","?","T","T","?","T","T","?","BOSS"],"items_purchased_type":["Relic","Relic","Relic","Card","Card","Relic","Card","Card"],"build_version":"2020-12-22","purchased_purges":1,"victory":false,"max_hp_per_floor":[66,66,66,66,72,72,72,72,72,72,78,78,78,78,78,78,78,78,78,78,78,78,78,78,78,78,78,78,78,78,78,78,78,78,78,78,78,78,78,78,78,78,78,78,78,78,78,78,78,78,78,78,78,78,78,78,78,78,78,78,78],"card_choices":[{"not_picked":["AT_MyraUnstableElement","Glass Knife"],"picked":"Adrenaline","floor":0.0},{"not_picked":["Prepared","AT_ArcaneSupremacy"],"picked":"Flying Knee","floor":1.0},{"not_picked":["conspire:PoisonWeapons","Hidden Blade"],"picked":"Backstab","floor":3.0},{"not_picked":["AT_ShadowStep","Dagger Spray"],"picked":"Bouncing Flask","floor":4.0},{"not_picked":["Prepared","Poisoned Stab"],"picked":"All Out Attack","floor":6.0},{"not_picked":["Quick Slash","Underhanded Strike"],"picked":"Predator","floor":7.0},{"not_picked":["Cloak And Dagger","Backflip"],"picked":"Noxious Fumes","floor":8.0},{"not_picked":["Sucker Punch","Calculated Gamble"],"picked":"Underhanded Strike","floor":10.0},{"not_picked":["Deadly Poison","Dodge and Roll"],"picked":"Burst","floor":12.0},{"not_picked":["ReplayTheSpireMod:Shiv Toss","Sneak Up"],"picked":"AT_KingSlayer","floor":13.0},{"not_picked":["Underhanded Strike","Prepared"],"picked":"PiercingWail","floor":14.0},{"not_picked":["AT_MyraUnstableElement","ReplayTheSpireMod:From All Sides"],"picked":"Envenom","floor":16.0},{"not_picked":["Blade Dance","ReplayTheSpireMod:Scrap Shanks"],"picked":"Catalyst","floor":18.0},{"not_picked":["AT_ArcaneSupremacy","Reflex+1"],"picked":"Finisher","floor":19.0},{"not_picked":["Caltrops","Leg Sweep"],"picked":"Noxious Fumes","floor":22.0},{"not_picked":["Cloak And Dagger+1","Acrobatics"],"picked":"All Out Attack+1","floor":24.0},{"not_picked":["Dagger Spray","Outmaneuver"],"picked":"Choke","floor":27.0},{"not_picked":["Dodge and Roll","Slice"],"picked":"Bouncing Flask","floor":29.0},{"not_picked":["Malaise","Escape Plan"],"picked":"Blade Dance","floor":30.0},{"not_picked":["Dodge and Roll","Sucker Punch"],"picked":"conspire:PoisonWeapons","floor":31.0},{"not_picked":["REME_GrazeFinale","REME_ShadowForm"],"picked":"Malaise","floor":33.0},{"not_picked":["Skewer","All Out Attack"],"picked":"Deflect","floor":35.0},{"not_picked":["Escape Plan","AT_WindFlip"],"picked":"Blade Dance+1","floor":36.0},{"not_picked":["Backflip","ReplayTheSpireMod:Exploit Weakness"],"picked":"Sneak Up","floor":38.0},{"not_picked":["Poisoned Stab","Dagger Throw"],"picked":"REME_GreenPollution+1","floor":39.0},{"not_picked":["Infinite Blades","Hidden Blade"],"picked":"Quick Slash+1","floor":40.0},{"not_picked":["Dodge and Roll+1","Deadly Poison"],"picked":"Envenom","floor":42.0},{"not_picked":["Dagger Throw+1","Poisoned Stab+1"],"picked":"Catalyst","floor":46},{"not_picked":["Hidden Blade","Sucker Punch"],"picked":"Acrobatics+1","floor":48},{"not_picked":["ReplayTheSpireMod:Speed Training","Dodge and Roll"],"picked":"Accuracy","floor":51},{"not_picked":["Underhanded Strike","Bane"],"picked":"Slice+1","floor":52},{"not_picked":["Prepared","All Out Attack"],"picked":"Deflect+1","floor":56}],"player_experience":1386966,"relics_obtained":[{"floor":6.0,"key":"AT_SilvercatRing"},{"floor":8.0,"key":"Bronze Scales"},{"floor":10.0,"key":"AT_Manta"},{"floor":13.0,"key":"Gremlin Horn"},{"floor":24.0,"key":"Snack Pack"},{"floor":25.0,"key":"Boot"},{"floor":26.0,"key":"Juzu Bracelet"},{"floor":27.0,"key":"The Courier"},{"floor":30.0,"key":"Mummified Hand"},{"floor":40.0,"key":"ReplayTheSpireMod:Lightbulb"},{"floor":40.0,"key":"REME_PoisonedDagger"},{"floor":42.0,"key":"Singing Bowl"},{"floor":42.0,"key":"Replay:Rubber Ducky"},{"floor":43.0,"key":"conspire:BottledYoYo"},{"floor":46,"key":"ReplayTheSpireMod:TigerMarble"},{"floor":46,"key":"Pen Nib"},{"floor":51,"key":"paleoftheancients:SoulOfTheShowman"},{"floor":54,"key":"Ornamental Fan"},{"floor":58,"key":"AT_Kusabimaru"}],"event_choices":[{"cards_removed":["Delirium"],"damage_healed":0.0,"max_hp_gain":0.0,"max_hp_loss":0.0,"gold_gain":0.0,"event_name":"Wheel of Change","player_choice":"Card Removal","floor":2.0,"gold_loss":0.0,"damage_taken":0.0},{"damage_healed":0.0,"max_hp_gain":0.0,"max_hp_loss":0.0,"gold_gain":0.0,"event_name":"Accursed Blacksmith","player_choice":"Rummage","floor":11.0,"gold_loss":0.0,"damage_taken":0.0,"relics_obtained":["WarpedTongs"],"cards_obtained":["Pain"]},{"damage_healed":0.0,"max_hp_gain":0.0,"max_hp_loss":0.0,"gold_gain":0.0,"event_name":"Addict","player_choice":"Obtained Relic","floor":20.0,"gold_loss":85.0,"damage_taken":0.0,"relics_obtained":["Replay:Accelerometer"]},{"cards_removed":["Pain"],"damage_healed":0.0,"max_hp_gain":0.0,"max_hp_loss":0.0,"gold_gain":0.0,"event_name":"Purifier","player_choice":"Purged","floor":21.0,"gold_loss":0.0,"damage_taken":0.0},{"damage_healed":0.0,"max_hp_gain":0.0,"max_hp_loss":0.0,"gold_gain":0.0,"event_name":"Back to Basics","player_choice":"Simplicity","floor":28.0,"gold_loss":0.0,"damage_taken":0.0,"cards_upgraded":["Strike_G","Strike_G","Strike_G","Strike_G","Strike_G","Defend_G","Defend_G","Defend_G","Defend_G"]},{"cards_removed":["Strike_G"],"damage_healed":0.0,"max_hp_gain":0.0,"max_hp_loss":0.0,"gold_gain":0.0,"event_name":"Purifier","player_choice":"Purged","floor":41.0,"gold_loss":0.0,"damage_taken":0.0},{"damage_healed":0,"gold_gain":0,"player_choice":"Got Potions","damage_taken":0,"max_hp_gain":0,"max_hp_loss":0,"event_name":"Lab","floor":47,"gold_loss":0},{"cards_removed":["Defend_G"],"damage_healed":0,"gold_gain":0,"player_choice":"Offered Basic","damage_taken":0,"max_hp_gain":0,"max_hp_loss":0,"event_name":"Bonfire Elementals","floor":53,"gold_loss":0}],"is_beta":false,"boss_relics":[{"not_picked":["Pandora\u0027s Box","conspire:SeveredTorchhead"],"picked":"Painkiller Herb"},{"not_picked":["Velvet Choker","conspire:RoyalGoblet"],"picked":"Black Star"}],"items_purged_floors":[5],"is_endless":false,"potions_floor_spawned":[6,7,8,16,22,29,30,35,36,42,46,51,52],"killed_by":"paleoftheancients:N","ascension_level":18}}