{"host":"tvwbxqry54t86y0v","time":1611641111,"event":{"mods":["2.2 Compatiblity","A Magickal Journey","Arknights The Spire","Astrologer","BaseMod","Beaked The Cultist","BetterRewards","Block Reminder","Clockwork Mod","Colored Powertips","DeckTracker","Downfall","Fiend Mod","GungeonMod","Hermit","Hubris","Infinite Spire","Ironclad Rager","Marked Mod","Mimic Mod","Minty Spire (QoL Compilation)","Potionbrewer","Replay The Spire","Shade Mod","Somnambulant","StSLib","The Bug Knight","The Cursed","The Death Knight","The Druid","The Elementalist","The Exalted","The Forsaken","The Hierophant","The Jungle","The Marked","The Mystic","The Problem Sleuth","The Runesmith","The Senshi","The Spell Scribe","The Valiant","The Wild Card","TheFirefly","TheHeartMod","Unceasing Turn Reminder","thorton"],"gold_per_floor":[118,118,218,229,229,229,239,239,316,331,331,366,436,451,451,554,554,525,525,525,228,246,246,278,301,327,327,2,2,26,65,65,65,65],"floor_reached":33,"language":"ENG","playtime":1548,"items_purged":["Voices"],"score":383,"play_id":"fd136cec-934e-47f3-bd80-dc68b1556991","local_time":"20210126170511","is_ascension_mode":false,"campfire_choices":[{"data":"DeathKnight:ReapingStrike","floor":6,"key":"SMITH"},{"data":"DeathKnight:Runesurge","floor":8,"key":"SMITH"},{"data":"DeathKnight:RuneStrike","floor":11,"key":"SMITH"},{"data":"DeathKnight:Hysteria","floor":15,"key":"SMITH"},{"floor":23,"key":"REST"},{"data":"DeathKnight:BoneStorm","floor":23,"key":"SMITH"},{"floor":32,"key":"REST"},{"data":"DeathKnight:BladedArmor","floor":32,"key":"SMITH"}],"circlet_count":0,"master_deck":["DeathKnight:Strike_DeathKnight","DeathKnight:Strike_DeathKnight","DeathKnight:Strike_DeathKnight","DeathKnight:Strike_DeathKnight","DeathKnight:Strike_DeathKnight","DeathKnight:Defend_DeathKnight","DeathKnight:Defend_DeathKnight","DeathKnight:Defend_DeathKnight","DeathKnight:Defend_DeathKnight","DeathKnight:Defend_DeathKnight","DeathKnight:RuneTap","DeathKnight:RuneStrike+1","Impatience","DeathKnight:BoneShield+1","DeathKnight:ReapingStrike+1","DeathKnight:Runesurge+1","DeathKnight:Hysteria+1","hubris:Greed","Injury","DeathKnight:BladedArmor+1","Writhe","DeathKnight:BoneStorm+1","DeathKnight:DeathRune+1","DeathKnight:BloodEchoes","J.A.X.","DeathKnight:BladedArmor+1","DeathKnight:BladedArmor"],"relics":["DeathKnight:BrokenRuneblade","FaceOfCleric","Pear","infinitespire:Magic Flask","Replay:Ancient Bell","PreservedInsect","Replay:WaspNest","Mango","Toy Ornithopter","theForsaken:Gavel","Lantern","Pet Ghost","hubris:BottledRain","Golden Egg"],"acts_visited":["Exordium","TheCity"],"potions_floor_usage":[12,16,16,16,24,24],"damage_taken":[{"damage":2,"enemies":"Small Slimes","floor":1,"turns":4},{"damage":0,"enemies":"2 Louse","floor":4,"turns":4},{"damage":0,"enemies":"Cultist","floor":7,"turns":4},{"damage":10,"enemies":"Exordium Wildlife","floor":10,"turns":6},{"damage":0,"enemies":"HollowMod:MossKnight","floor":12,"turns":9},{"damage":10,"enemies":"Lots of Slimes","floor":14,"turns":6},{"damage":26,"enemies":"Fading Forest","floor":16,"turns":11},{"damage":13,"enemies":"2 Thieves","floor":18,"turns":5},{"damage":27,"enemies":"Snake Plant","floor":22,"turns":2},{"damage":35,"enemies":"HollowMod:Nosk","floor":24,"turns":5},{"damage":25,"enemies":"Shelled Parasite and Fungi","floor":25,"turns":2},{"damage":17,"enemies":"3 Cultists","floor":30,"turns":2},{"damage":9,"enemies":"Nightmare","floor":31,"turns":9},{"damage":68,"enemies":"Automaton","floor":33,"turns":6}],"seed_played":"-3439375789640754807","potions_obtained":[{"floor":1,"key":"ColorlessPotion"},{"floor":4,"key":"SteroidPotion"},{"floor":7,"key":"Block Potion"},{"floor":12,"key":"BlessingOfTheForge"},{"floor":22,"key":"SkillPotion"},{"floor":24,"key":"LiquidBronze"}],"is_trial":false,"path_per_floor":["M","?","?","M","?","R","M","R","T","M","R","E","?","M","R","B",null,"M","?","?","$","M","R","E","M","T","?","$","?","M","NM","R","B"],"character_chosen":"DEATH_KNIGHT","items_purchased":["DeathKnight:BoneStorm","theForsaken:Gavel","hubris:BottledRain"],"campfire_rested":2,"item_purchase_floors":[21,21,28],"current_hp_per_floor":[73,73,73,73,73,73,74,74,84,75,75,76,76,67,67,42,104,92,92,92,92,66,97,72,48,48,48,48,48,32,24,57,0,0],"gold":65,"neow_bonus":"RANDOM_COLORLESS","is_daily":false,"chose_seed":false,"campfire_upgraded":6,"win_rate":0.0,"timestamp":1611641111,"path_taken":["M","?","?","?","?","R","M","R","T","?","R","E","?","M","R","BOSS","M","?","?","$","?","R","E","M","T","?","$","?","M","NM","R","BOSS"],"items_purchased_type":["Card","Relic","Relic"],"build_version":"2020-12-22","purchased_purges":1,"victory":false,"max_hp_per_floor":[75,75,75,75,75,75,76,76,86,87,87,88,88,89,89,90,104,105,105,105,105,106,106,107,108,108,108,108,108,109,110,110,110,110],"card_choices":[{"not_picked":["ReplayTheSpireMod:Uncanny Aura","Madness"],"picked":"Impatience","floor":0},{"not_picked":["DeathKnight:HornOfWinter","DeathKnight:RunicCorruption"],"picked":"DeathKnight:BoneShield","floor":1},{"not_picked":["DeathKnight:IceboundArmor","DeathKnight:UnholyFrenzy"],"picked":"DeathKnight:ReapingStrike","floor":4},{"not_picked":["DeathKnight:Ossuary","DeathKnight:IcyTouch"],"picked":"DeathKnight:Runesurge","floor":7},{"not_picked":["DeathKnight:Obliterate","DeathKnight:IcyTouch","DeathKnight:DeathCoil"],"picked":"SKIP","floor":10},{"not_picked":["DeathKnight:UnholyAssault","DeathKnight:Simulacrum"],"picked":"DeathKnight:Hysteria","floor":12},{"not_picked":["DeathKnight:MutagenicPlague","DeathKnight:PathOfFrost","DeathKnight:RuneShock"],"picked":"SKIP","floor":14},{"not_picked":["ReplayTheSpireMod:Faulty Equipment","Voices"],"picked":"hubris:Greed","floor":17},{"not_picked":["theSleuth:FrighteningBeast","CurseOfTheBell"],"picked":"Voices","floor":17},{"not_picked":["Amnesia","Normality"],"picked":"Injury","floor":17},{"not_picked":["DeathKnight:Pestilence","DeathKnight:DeathGrip+1"],"picked":"DeathKnight:BladedArmor+1","floor":18},{"not_picked":["DeathKnight:Parry","DeathKnight:MindFreeze+1","DeathKnight:Lichborne"],"picked":"SKIP","floor":22},{"not_picked":["DeathKnight:DeathGrip+1","DeathKnight:UnholyFrenzy"],"picked":"DeathKnight:DeathRune+1","floor":24},{"not_picked":["DeathKnight:MindFreeze","DeathKnight:Parry"],"picked":"DeathKnight:BloodEchoes","floor":25},{"not_picked":["DeathKnight:DeathAndDecay+1","DeathKnight:HowlingBlast"],"picked":"DeathKnight:BladedArmor","floor":30},{"not_picked":["DeathKnight:MutagenicPlague+1","DeathKnight:Rot+1"],"picked":"DeathKnight:BladedArmor","floor":31}],"player_experience":1110282,"relics_obtained":[{"floor":9,"key":"Pear"},{"floor":12,"key":"infinitespire:Magic Flask"},{"floor":24,"key":"Lantern"},{"floor":26,"key":"Pet Ghost"},{"floor":31,"key":"Golden Egg"}],"event_choices":[{"damage_healed":0,"gold_gain":0,"player_choice":"Grow","damage_taken":0,"max_hp_gain":0,"max_hp_loss":0,"event_name":"Living Wall","floor":2,"gold_loss":0,"cards_upgraded":["DeathKnight:BoneShield"]},{"damage_healed":0,"gold_gain":100,"player_choice":"Pray","damage_taken":0,"max_hp_gain":0,"max_hp_loss":0,"event_name":"Golden Shrine","floor":3,"gold_loss":0},{"damage_healed":0,"gold_gain":0,"player_choice":"Trade","damage_taken":0,"relics_obtained":["FaceOfCleric"],"max_hp_gain":0,"max_hp_loss":0,"event_name":"FaceTrader","floor":5,"gold_loss":0},{"damage_healed":0,"gold_gain":70,"player_choice":"Gained Gold","damage_taken":0,"max_hp_gain":0,"max_hp_loss":0,"event_name":"Golden Wing","floor":13,"gold_loss":0},{"damage_healed":0,"gold_gain":0,"player_choice":"Opened","damage_taken":0,"relics_obtained":["Toy Ornithopter"],"max_hp_gain":0,"max_hp_loss":0,"event_name":"The Mausoleum","floor":20,"gold_loss":0,"cards_obtained":["Writhe"]},{"damage_healed":0,"gold_gain":0,"player_choice":"Obtain J.A.X.","damage_taken":0,"max_hp_gain":0,"max_hp_loss":0,"event_name":"Drug Dealer","floor":27,"gold_loss":0,"cards_obtained":["J.A.X."]},{"damage_healed":0,"gold_gain":0,"player_choice":"Ignored","damage_taken":0,"max_hp_gain":0,"max_hp_loss":0,"event_name":"NoteForYourself","floor":29,"gold_loss":0}],"is_beta":false,"boss_relics":[{"not_picked":["Coffee Dripper","Replay:Drink Me"],"picked":"Replay:Ancient Bell"},{"not_picked":["Ancient Tea Set","Juzu Bracelet"],"picked":"PreservedInsect"},{"not_picked":["Bromod:ArcaneTrickery","beaked:ShinyBauble"],"picked":"Replay:WaspNest"},{"not_picked":["hubris:64BitClover","Prayer Wheel"],"picked":"Mango"}],"items_purged_floors":[28],"is_endless":false,"potions_floor_spawned":[1,4,7,12,22,24],"killed_by":"Automaton","ascension_level":0}}