{"host":"fr3ip57hl52y255p","time":1611649089,"event":{"mods":["Act Like it!","Arknights The Spire","BaseMod","Challenge The Spire","Colored Powertips","Downfall","Good Game Mod","Luminous","Mari Mod (Legacy)","Mari\u0027s V1 Patch","Minty Spire (QoL Compilation)","READ ME - Guardian Mod","Relic Filter Mod","Relic Stats","StSLib","The Hierophant","UnlockEverythingMod","[GremlinLeader]The Maniac"],"gold_per_floor":[142,159,170,170,170,170,170,177,226,248,45,56,56,60,60,73,73],"floor_reached":16,"language":"ZHS","playtime":1362,"items_purged":[],"score":94,"play_id":"77c9de0a-7459-4265-b9ae-8749fb867456","local_time":"20210126161809","is_ascension_mode":false,"campfire_choices":[{"data":"MariMod:Mari_Debut","floor":6.0,"key":"SMITH"},{"data":"MariMod:Mari_From_Zero","floor":13.0,"key":"SMITH"},{"data":"MariMod:Mari_Delicacy","floor":15.0,"key":"SMITH"}],"circlet_count":0,"master_deck":["MariMod:Mari_Strike","MariMod:Mari_Strike","MariMod:Mari_Strike","MariMod:Mari_Strike","MariMod:Mari_Defend","MariMod:Mari_Defend","MariMod:Mari_Defend","MariMod:Mari_Defend","MariMod:Mari_Reminisce","MariMod:Mari_Debut+1","MariMod:Mari_Overexertion","MasterReality","MariMod:Mari_Well_Kept_Secret","MariMod:Mari_Hug","MariMod:Mari_From_Zero+1","MariMod:Mari_The_Beach_Episode","MariMod:Mari_Delicacy+1","MariMod:Mari_Cash_Back","MariMod:Mari_Tough_Front","MariMod:Mari_Reckless_Spending"],"relics":["MariMod:MariTheSpark","REME:ComplimentaryCards","Blue Candle","Tiny Chest","MawBank","Lee\u0027s Waffle"],"acts_visited":["Exordium"],"potions_floor_usage":[16,16],"damage_taken":[{"damage":3.0,"enemies":"Jaw Worm","floor":1.0,"turns":3.0},{"damage":9.0,"enemies":"2 Louse","floor":2.0,"turns":3.0},{"damage":0.0,"enemies":"Cultist","floor":3.0,"turns":3.0},{"damage":13.0,"enemies":"Red Slaver","floor":8.0,"turns":4.0},{"damage":11.0,"enemies":"Blue Slaver","floor":10.0,"turns":5.0},{"damage":12.0,"enemies":"Looter","floor":12.0,"turns":3.0},{"damage":5.0,"enemies":"3 Louse","floor":14.0,"turns":7.0},{"damage":29,"enemies":"Slime Boss","floor":16,"turns":8}],"seed_played":"1172733299599795522","potions_obtained":[{"floor":3.0,"key":"Block Potion"},{"floor":8.0,"key":"PowerPotion"},{"floor":14.0,"key":"DuplicationPotion"}],"is_trial":false,"path_per_floor":["M","M","M","?","?","R","?","M","T","M","$","M","R","M","R","B"],"character_chosen":"MARI","items_purchased":["Lee\u0027s Waffle","MariMod:Mari_Cash_Back"],"campfire_rested":0,"item_purchase_floors":[11,11],"current_hp_per_floor":[69,60,60,55,48,48,48,35,35,24,79,67,67,62,62,33,33],"gold":73,"neow_bonus":"REMOVE_CARD","is_daily":false,"chose_seed":false,"campfire_upgraded":3,"win_rate":0.0,"timestamp":1611649089,"path_taken":["M","M","M","?","?","R","?","?","T","M","?","M","R","M","R","BOSS"],"items_purchased_type":["Relic","Card"],"build_version":"2020-12-22","purchased_purges":0,"victory":false,"max_hp_per_floor":[72,72,72,72,72,72,72,72,72,72,79,79,79,79,79,79,79],"relic_stats":{"Lee\u0027s Waffle":55,"counters":[8,36],"Blue Candle":[0],"Tiny Chest":0,"MawBank":24,"obtain_stats":[{"MariMod:MariTheSpark":0,"REME:ComplimentaryCards":0,"Lee\u0027s Waffle":11,"Blue Candle":4,"Tiny Chest":5,"MawBank":9},{"MariMod:MariTheSpark":0,"REME:ComplimentaryCards":0,"Lee\u0027s Waffle":5,"Blue Candle":3,"Tiny Chest":3,"MawBank":4},{"MariMod:MariTheSpark":0,"REME:ComplimentaryCards":0,"Lee\u0027s Waffle":18,"Blue Candle":9,"Tiny Chest":9,"MawBank":13}]},"card_choices":[{"not_picked":["MariMod:Mari_Self_Care","MariMod:Mari_Old_Costume"],"picked":"MariMod:Mari_Overexertion","floor":1.0},{"not_picked":["MariMod:Mari_Self_Care","MariMod:Mari_Reckless_Driving"],"picked":"MariMod:Mari_Well_Kept_Secret","floor":2.0},{"not_picked":["MariMod:Mari_Fragile_Hope","MariMod:Mari_Lie_In_Wait"],"picked":"MariMod:Mari_Hug","floor":3.0},{"not_picked":["MariMod:Mari_zzz","MariMod:Mari_Old_Costume","MariMod:Mari_Dolphin_Strike"],"picked":"SKIP","floor":8.0},{"not_picked":["MariMod:Mari_Heavy_Metal","MariMod:Mari_Fire_Strike"],"picked":"MariMod:Mari_The_Beach_Episode","floor":10.0},{"not_picked":["MariMod:Mari_Lets_Go","MariMod:Mari_zzz"],"picked":"MariMod:Mari_Delicacy","floor":10.0},{"not_picked":["MariMod:Mari_Pent_Up_Emotions","MariMod:Mari_Sparkle"],"picked":"MariMod:Mari_Tough_Front","floor":12.0},{"not_picked":["MariMod:Mari_Shine","MariMod:Mari_Self_Care"],"picked":"MariMod:Mari_Reckless_Spending","floor":14.0}],"player_experience":171217,"relics_obtained":[{"floor":9.0,"key":"MawBank"}],"event_choices":[{"damage_healed":0.0,"max_hp_gain":0.0,"max_hp_loss":0.0,"gold_gain":0.0,"event_name":"Scrap Ooze","player_choice":"Success","floor":5.0,"gold_loss":0.0,"damage_taken":7.0,"relics_obtained":["Tiny Chest"]},{"damage_healed":0.0,"max_hp_gain":0.0,"max_hp_loss":0.0,"gold_gain":0.0,"cards_transformed":["MariMod:Mari_Strike"],"event_name":"Transmorgrifier","player_choice":"Transformed","floor":7.0,"gold_loss":0.0,"damage_taken":0.0,"cards_obtained":["MariMod:Mari_From_Zero"]}],"is_beta":false,"boss_relics":[],"items_purged_floors":[],"is_endless":false,"potions_floor_spawned":[3,8,14],"killed_by":"Slime Boss","ascension_level":0}}