{"host":"zrtolk9726p85qr7","time":1611626604,"event":{"mods":["BaseMod","BetterRewards","Colored Powertips","Minty Spire (QoL Compilation)","Permanent Neow","Quick Restart","Spire Arcade","StSLib","The Animator","The Necromancer"],"gold_per_floor":[117,131,146,164,179,206,206,218,264,264,281,316,316,316,316,435,435,449,548,583,265,288,326,346,346,346,346,362,214,214,233,233,233,233],"floor_reached":33,"language":"ENG","playtime":2426,"items_purged":["Injury"],"score":279,"play_id":"25de895d-239f-410b-90e5-856c2d022c2c","local_time":"20210126030324","is_ascension_mode":false,"campfire_choices":[{"floor":10.0,"key":"REST"},{"floor":13,"key":"REST"},{"data":"Anger","floor":15,"key":"SMITH"},{"floor":25,"key":"REST"},{"floor":27,"key":"REST"},{"floor":30,"key":"REST"},{"floor":32,"key":"REST"}],"circlet_count":0,"master_deck":["Strike_R","Strike_R","Strike_R","Strike_R","Strike_R","Defend_R","Defend_R","Defend_R","Defend_R","Bash","Anger+1","Thunderclap","Shrug It Off","Clash","Shrug It Off","Whirlwind","Reaper","Iron Wave","Cleave+1","Sever Soul+1","Sword Boomerang+1"],"relics":["Burning Blood","Bag of Marbles","PreservedInsect","Golden Idol","Black Star","Red Mask","Blood Vial","Shuriken","Boot","HornCleat","Strawberry"],"acts_visited":["Exordium","TheCity"],"potions_floor_usage":[16,20,23,23,28,33],"damage_taken":[{"damage":1.0,"enemies":"Cultist","floor":1.0,"turns":3.0},{"damage":0.0,"enemies":"2 Louse","floor":2.0,"turns":3.0},{"damage":7.0,"enemies":"Jaw Worm","floor":3.0,"turns":3.0},{"damage":8.0,"enemies":"2 Fungi Beasts","floor":4.0,"turns":4.0},{"damage":12.0,"enemies":"3 Louse","floor":5.0,"turns":4.0},{"damage":24.0,"enemies":"Gremlin Nob","floor":6.0,"turns":4.0},{"damage":1.0,"enemies":"Gremlin Gang","floor":8.0,"turns":3.0},{"damage":17.0,"enemies":"Exordium Wildlife","floor":11.0,"turns":4.0},{"damage":20,"enemies":"3 Sentries","floor":12,"turns":5},{"damage":39,"enemies":"Slime Boss","floor":16,"turns":12},{"damage":28,"enemies":"Shell Parasite","floor":18,"turns":6},{"damage":0,"enemies":"Masked Bandits","floor":20,"turns":2},{"damage":6,"enemies":"Chosen","floor":22,"turns":5},{"damage":48,"enemies":"Book of Stabbing","floor":23,"turns":5},{"damage":30,"enemies":"Snake Plant","floor":24,"turns":5},{"damage":33,"enemies":"Centurion and Healer","floor":28,"turns":4},{"damage":27,"enemies":"3 Cultists","floor":31,"turns":4},{"damage":97,"enemies":"Automaton","floor":33,"turns":10}],"seed_played":"3320662258875316710","potions_obtained":[{"floor":6.0,"key":"BlessingOfTheForge"},{"floor":11.0,"key":"Strength Potion"},{"floor":12,"key":"FearPotion"},{"floor":22,"key":"SkillPotion"},{"floor":28,"key":"Ancient Potion"},{"floor":31,"key":"Weak Potion"}],"is_trial":false,"path_per_floor":["M","M","M","M","M","E","?","M","T","R","M","E","R","?","R","B",null,"M","?","?","$","M","E","M","R","T","R","M","$","R","M","R","B"],"character_chosen":"IRONCLAD","items_purchased":["Blood Vial","Fruit Juice","Strawberry"],"campfire_rested":6,"item_purchase_floors":[21,21,29],"current_hp_per_floor":[80,80,79,77,71,53,53,58,58,80,69,55,79,79,79,46,80,60,60,70,70,72,37,15,40,40,65,52,59,86,71,92,0,0],"gold":233,"neow_bonus":"THREE_CARDS","is_daily":false,"chose_seed":false,"campfire_upgraded":1,"win_rate":0.0,"timestamp":1611626604,"path_taken":["M","?","M","M","M","E","?","?","T","R","M","E","R","?","R","BOSS","M","?","?","$","M","E","M","R","T","R","M","$","R","M","R","BOSS"],"items_purchased_type":["Relic","Potion","Relic"],"build_version":"2020-12-22","purchased_purges":1,"victory":false,"max_hp_per_floor":[80,80,80,80,80,80,80,80,80,80,80,80,80,80,80,80,80,80,80,80,80,80,85,85,85,85,85,85,92,92,92,92,92,92],"card_choices":[{"not_picked":["Metallicize","Dual Wield"],"picked":"Anger","floor":0.0},{"not_picked":["Clothesline","Havoc"],"picked":"Thunderclap","floor":1.0},{"not_picked":["Burning Pact","Feel No Pain"],"picked":"Shrug It Off","floor":2.0},{"not_picked":["Entrench","Havoc"],"picked":"Clash","floor":3.0},{"not_picked":["Carnage","True Grit"],"picked":"Shrug It Off","floor":4.0},{"not_picked":["Uppercut","Heavy Blade","Armaments"],"picked":"SKIP","floor":5.0},{"not_picked":["Headbutt","Rage","Sentinel"],"picked":"SKIP","floor":6.0},{"not_picked":["Dual Wield","Sentinel","Dropkick"],"picked":"SKIP","floor":8.0},{"not_picked":["Dropkick","Thunderclap"],"picked":"Whirlwind","floor":11.0},{"not_picked":["Battle Trance","Sentinel","Heavy Blade"],"picked":"SKIP","floor":12},{"not_picked":["Barricade","Exhume"],"picked":"Reaper","floor":16},{"not_picked":["Wild Strike+1","Carnage"],"picked":"Iron Wave","floor":18},{"not_picked":["Flex","Dropkick","Dark Embrace"],"picked":"SKIP","floor":22},{"not_picked":["Sentinel","Flex"],"picked":"Cleave+1","floor":23},{"not_picked":["Sword Boomerang","Clothesline","Burning Pact"],"picked":"SKIP","floor":24},{"not_picked":["Clash","Carnage"],"picked":"Sever Soul+1","floor":28},{"not_picked":["Fire Breathing","Reaper"],"picked":"Sword Boomerang+1","floor":31}],"player_experience":97468,"relics_obtained":[{"floor":6.0,"key":"Bag of Marbles"},{"floor":12,"key":"PreservedInsect"},{"floor":20,"key":"Red Mask"},{"floor":23,"key":"Shuriken"},{"floor":23,"key":"Boot"},{"floor":26,"key":"HornCleat"}],"event_choices":[{"damage_healed":0.0,"max_hp_gain":0.0,"max_hp_loss":0.0,"gold_gain":0.0,"event_name":"Match and Keep!","player_choice":"0 cards matched","floor":7.0,"gold_loss":0.0,"damage_taken":0.0,"cards_obtained":[]},{"damage_healed":0,"gold_gain":0,"player_choice":"Take Wound","damage_taken":0,"relics_obtained":["Golden Idol"],"max_hp_gain":0,"max_hp_loss":0,"event_name":"Golden Idol","floor":14,"gold_loss":0,"cards_obtained":["Injury"]},{"damage_healed":0,"gold_gain":99,"player_choice":"Stole From Cult","damage_taken":0,"max_hp_gain":0,"max_hp_loss":0,"event_name":"Nest","floor":19,"gold_loss":0},{"damage_healed":0,"gold_gain":0,"player_choice":"Fought Bandits","damage_taken":0,"max_hp_gain":0,"max_hp_loss":0,"event_name":"Masked Bandits","floor":20,"gold_loss":0}],"is_beta":false,"boss_relics":[{"not_picked":["Ectoplasm","Runic Pyramid"],"picked":"Black Star"}],"items_purged_floors":[21],"is_endless":false,"potions_floor_spawned":[6,11,12,22,28,31],"killed_by":"Automaton","ascension_level":0}}