{"host":"y89x8uui45kcjy42","time":1611654183,"event":{"mods":["2.2 Compatiblity","BaseMod","CapriCore","Colored Map","Colored Powertips","Custom Start","Friendly Minions","Keyboard Shortcuts","Minty Spire (QoL Compilation)","Relic Stats","Slay the Relics Exporter","StSLib","SuperFastMode","Uncapped"],"gold_per_floor":[117,117,135,135,209,209,209,209],"floor_reached":7,"language":"KOR","playtime":99,"items_purged":[],"score":78,"play_id":"11f2170e-2d23-40e7-9a13-87562463bc26","local_time":"20210126184303","is_ascension_mode":true,"campfire_choices":[{"data":"Eruption","floor":6,"key":"SMITH"}],"circlet_count":0,"master_deck":["AscendersBane","Strike_P","Strike_P","Strike_P","Defend_P","Defend_P","Defend_P","Defend_P","Eruption+1","Vigilance","Conclude","Wallop"],"relics":["PureWater","Golden Idol","Gremlin Horn"],"acts_visited":["Exordium"],"potions_floor_usage":[],"damage_taken":[{"damage":0,"enemies":"Small Slimes","floor":1,"turns":2},{"damage":10,"enemies":"Jaw Worm","floor":3,"turns":4},{"damage":40,"enemies":"Lagavulin","floor":7,"turns":4}],"seed_played":"2445334296519200425","potions_obtained":[],"is_trial":false,"path_per_floor":["M","?","M","?","T","R","E"],"character_chosen":"WATCHER","items_purchased":[],"campfire_rested":0,"item_purchase_floors":[],"current_hp_per_floor":[61,38,28,28,28,28,0,0],"gold":209,"neow_bonus":"TRANSFORM_CARD","is_daily":false,"chose_seed":false,"campfire_upgraded":1,"win_rate":0.0,"timestamp":1611654183,"path_taken":["M","?","M","?","?","R","E"],"items_purchased_type":[],"build_version":"2020-12-22","purchased_purges":0,"victory":false,"max_hp_per_floor":[68,68,68,68,68,68,68,68],"relic_stats":{"Gremlin Horn":[0,0],"counters":[3,10],"Golden Idol":4,"obtain_stats":[{"Gremlin Horn":5,"Golden Idol":2,"PureWater":0},{"Gremlin Horn":2,"Golden Idol":1,"PureWater":0},{"Gremlin Horn":6,"Golden Idol":2,"PureWater":0}]},"card_choices":[{"not_picked":["Protect","Crescendo"],"picked":"Wallop","floor":1},{"not_picked":["Worship","Consecrate","SandsOfTime"],"picked":"SKIP","floor":3}],"player_experience":657572,"relics_obtained":[{"floor":5,"key":"Gremlin Horn"}],"event_choices":[{"damage_healed":0,"gold_gain":0,"player_choice":"Take Damage","damage_taken":23,"relics_obtained":["Golden Idol"],"max_hp_gain":0,"max_hp_loss":0,"event_name":"Golden Idol","floor":2,"gold_loss":0},{"damage_healed":0,"gold_gain":0,"player_choice":"Ignored","damage_taken":0,"max_hp_gain":0,"max_hp_loss":0,"event_name":"Liars Game","floor":4,"gold_loss":0}],"is_beta":false,"boss_relics":[],"items_purged_floors":[],"is_endless":false,"potions_floor_spawned":[],"killed_by":"Lagavulin","ascension_level":20}}