{"host":"4kmvpqjeiacgn1pr","time":1611691834,"event":{"mods":["AchievementEnabler","BaseMod","Better Altar","Better Match","Better Note","Better Sensory Stone","Better Skull","Better Third Choice","Colored Map","Colored Powertips","Curses Come First","Highlight Path","Minty Spire (QoL Compilation)","Permanent Neow","Rare Cards Sparkle","Replay The Spire","Spicy Shops","StSLib"],"gold_per_floor":[158,158,190,190,190,230,230,230,230,280,280,346,420,420,420],"floor_reached":14,"language":"ENG","playtime":362,"items_purged":[],"score":113,"play_id":"06d23a81-7cf7-4f5b-bb51-bcef61f0309d","local_time":"20210126151034","is_ascension_mode":true,"campfire_choices":[{"data":"HandOfGreed","floor":9,"key":"SMITH"}],"circlet_count":0,"master_deck":["Strike_B","Strike_B","Strike_B","Strike_B","Defend_B","Defend_B","Defend_B","Defend_B","Zap","Dualcast","ReplayTheSpireMod:Faulty Equipment","HandOfGreed+1","ReplayTheSpireMod:System Scan","Hello World","Tempest","FIFO Queue","Panic Button","Static Discharge"],"relics":["Cracked Core","Eternal Feather","Golden Idol","Pocketwatch","Potion Belt"],"acts_visited":["Exordium"],"potions_floor_usage":[6,14,14],"damage_taken":[{"damage":1,"enemies":"Small Slimes","floor":1,"turns":5},{"damage":12,"enemies":"2 Louse","floor":3,"turns":3},{"damage":25,"enemies":"Lagavulin","floor":6,"turns":9},{"damage":12,"enemies":"Jaw Worm","floor":10,"turns":2},{"damage":13,"enemies":"Exordium Wildlife","floor":12,"turns":5},{"damage":10,"enemies":"3 Louse","floor":13,"turns":4},{"damage":10,"enemies":"3 Sentries","floor":14,"turns":1}],"seed_played":"8513433561524116923","potions_obtained":[{"floor":3,"key":"Dexterity Potion"},{"floor":12,"key":"AttackPotion"},{"floor":13,"key":"CultistPotion"}],"is_trial":false,"path_per_floor":["M","?","M","?","?","E","PTL","PTL","R","M","T","M","M","E"],"character_chosen":"DEFECT","items_purchased":[],"campfire_rested":0,"item_purchase_floors":[],"current_hp_per_floor":[74,74,62,55,55,30,30,30,39,27,27,14,4,0,0],"gold":420,"neow_bonus":"RANDOM_COLORLESS_2","is_daily":false,"chose_seed":false,"campfire_upgraded":1,"win_rate":0.0,"timestamp":1611691834,"path_taken":["M","?","M","?","?","E","PTL","PTL","R","M","T","M","?","E"],"items_purchased_type":[],"build_version":"2020-12-22","purchased_purges":0,"victory":false,"max_hp_per_floor":[75,75,75,75,69,69,69,69,69,69,69,69,69,69,69],"card_choices":[{"not_picked":["Transmutation","Metamorphosis"],"picked":"HandOfGreed","floor":0},{"not_picked":["Panic Button","Cold Snap"],"picked":"ReplayTheSpireMod:System Scan","floor":1},{"not_picked":["Ball Lightning","Compile Driver"],"picked":"Hello World","floor":3},{"not_picked":["Rebound","Conserve Battery"],"picked":"Tempest","floor":6},{"not_picked":["Glacier","Coolheaded"],"picked":"FIFO Queue","floor":10},{"not_picked":["Force Field","Ball Lightning"],"picked":"Panic Button","floor":12},{"not_picked":["Go for the Eyes","Beam Cell"],"picked":"Static Discharge","floor":13}],"player_experience":350341,"relics_obtained":[{"floor":6,"key":"Pocketwatch"},{"floor":11,"key":"Potion Belt"}],"event_choices":[{"damage_healed":0,"gold_gain":0,"player_choice":"Box","damage_taken":0,"relics_obtained":["Eternal Feather"],"max_hp_gain":0,"max_hp_loss":0,"event_name":"Big Fish","floor":2,"gold_loss":0,"cards_obtained":["Regret"]},{"cards_removed":["Regret"],"damage_healed":0,"gold_gain":0,"player_choice":"Card Removal","damage_taken":7,"max_hp_gain":0,"max_hp_loss":0,"event_name":"Golden Wing","floor":4,"gold_loss":0},{"damage_healed":0,"gold_gain":0,"player_choice":"Lose Max HP","damage_taken":0,"relics_obtained":["Golden Idol"],"max_hp_gain":0,"max_hp_loss":6,"event_name":"Golden Idol","floor":5,"gold_loss":0}],"is_beta":false,"boss_relics":[],"items_purged_floors":[],"is_endless":false,"potions_floor_spawned":[3,12,13],"killed_by":"3 Sentries","ascension_level":5}}