{"host":"g4jqqbmo30rq7cal","time":1611657589,"event":{"mods":["AchievementEnabler","Act Like it!","BaseMod","Better Altar","Better Match","Better Note","Better Sensory Stone","Better Skull","Better Third Choice","Better Vampires","BetterRewards","Conspire","DeckTracker","Downfall","Luminous","Minty Spire (QoL Compilation)","Rare Cards Sparkle","Shade Mod","Shop Mod","StSLib","The Bug Knight","The Cursed","The Marked","The Mystic","Thieving Mod","[IsaacMod]????"],"gold_per_floor":[99,117,132,150,161,611,611,611,621,636,436,453,453,453,453],"floor_reached":13,"language":"RUS","playtime":624,"items_purged":[],"score":104,"play_id":"6ff25fea-7c2f-4e6d-a038-e7b0e30bf667","local_time":"20210126153949","is_ascension_mode":false,"campfire_choices":[{"floor":1,"key":"RECALL"},{"floor":11,"key":"REST"}],"circlet_count":0,"master_deck":["hexamod:Strike","hexamod:Strike","hexamod:Strike","hexamod:Strike","hexamod:Defend","hexamod:Defend","hexamod:Defend","hexamod:Defend","hexamod:Sear","hexamod:Float","hexamod:EmpoweredFlame","hexamod:ExtraCrispy","hexamod:SoulSteal","hexamod:Firestarter","downfall:Icky","downfall:Icky","downfall:Icky","Devotion","hexamod:StepThrough","hexamod:HauntingEcho","hexamod:ThermalTransfer"],"relics":["hexamod:SpiritBrand","HushsDoor","DeadEye","StrikeDummy","downfall:HeartBlessingRed","downfall:HeartBlessingBlue"],"acts_visited":["Exordium"],"potions_floor_usage":[10,10,10],"damage_taken":[{"damage":0,"enemies":"Jaw Worm","floor":2,"turns":3},{"damage":7,"enemies":"2 Louse","floor":3,"turns":3},{"damage":13,"enemies":"Cultist","floor":4,"turns":5},{"damage":6,"enemies":"2 Fungi Beasts","floor":5,"turns":4},{"damage":22,"enemies":"Large Slime","floor":9,"turns":8},{"damage":5,"enemies":"Exordium Thugs","floor":10,"turns":4},{"damage":7,"enemies":"Blue Slaver","floor":12,"turns":3},{"damage":37,"enemies":"3 Sentries","floor":13,"turns":6}],"seed_played":"3328606581360768336","potions_obtained":[{"floor":3,"key":"ColorlessPotion"},{"floor":4,"key":"DuplicationPotion"},{"floor":9,"key":"champ:CounterPotion"},{"floor":10,"key":"SpeedPotion"}],"is_trial":false,"path_per_floor":["R","M","M","M","M","?","T","?","M","M","R","M","E"],"character_chosen":"THE_SPIRIT","items_purchased":[],"campfire_rested":1,"item_purchase_floors":[],"current_hp_per_floor":[77,77,70,57,51,51,51,30,8,3,39,32,0,0,0],"gold":453,"neow_bonus":"TEN_PERCENT_HP_BONUS","is_daily":false,"chose_seed":false,"campfire_upgraded":0,"win_rate":0.0,"timestamp":1611657589,"path_taken":["R","M","M","M","M","?","T","?","?","M","R","M","E"],"items_purchased_type":[],"build_version":"2020-12-22","purchased_purges":0,"victory":false,"max_hp_per_floor":[77,77,77,77,77,77,77,77,77,77,87,87,87,87,87],"card_choices":[{"not_picked":["hexamod:SpectersWail","hexamod:NightmareStrike"],"picked":"hexamod:EmpoweredFlame","floor":2},{"not_picked":["hexamod:DynamicBlow","hexamod:NightmareStrike"],"picked":"hexamod:ExtraCrispy","floor":3},{"not_picked":["Bomb","hexamod:GhostShield"],"picked":"hexamod:SoulSteal","floor":4},{"not_picked":["hexamod:SpectralAdrenaline","hexamod:UnleashSpirits"],"picked":"hexamod:Firestarter","floor":5},{"not_picked":["hexamod:NightmareGuise","hexamod:EtherealExpedition"],"picked":"hexamod:StepThrough","floor":9},{"not_picked":["hexamod:SwordOfDarkness","hexamod:GhostShield"],"picked":"hexamod:HauntingEcho","floor":10},{"not_picked":["hexamod:Incineration","hexamod:HeatMetal"],"picked":"hexamod:ThermalTransfer","floor":12}],"player_experience":312864,"relics_obtained":[],"event_choices":[],"is_beta":false,"boss_relics":[],"items_purged_floors":[],"is_endless":false,"potions_floor_spawned":[3,4,9,10],"killed_by":"3 Sentries","ascension_level":0}}