{"host":"9709z2dy8v1s63sm","time":1611652535,"event":{"mods":["AchievementEnabler","BaseMod","Minty Spire (QoL Compilation)","StSLib","SuperFastMode"],"gold_per_floor":[13,28,38,52,67,100,116,147,147,158,158,169,169,195,195,298,298,308,323,128,128,227,227,227],"floor_reached":23,"language":"KOR","playtime":837,"items_purged":["Rage"],"score":411,"play_id":"c9ed93fb-6b9f-4b1a-98fe-cd0b26bc5a19","local_time":"20210126181535","is_ascension_mode":true,"campfire_choices":[{"data":"Immolate","floor":13.0,"key":"SMITH"},{"data":"Body Slam","floor":15.0,"key":"SMITH"}],"circlet_count":0,"master_deck":["AscendersBane","Bash","Dropkick","Carnage","Dual Wield","Power Through","Immolate+1","Feel No Pain","Shrug It Off","Body Slam+1","Shrug It Off","Barricade","Corruption","Sword Boomerang","Exhume","Body Slam","Entrench"],"relics":["Burning Blood","Bag of Marbles","Omamori","Toy Ornithopter","Centennial Puzzle","Pandora\u0027s Box","Membership Card","Red Skull"],"acts_visited":["Exordium","TheCity"],"potions_floor_usage":[23],"damage_taken":[{"damage":1.0,"enemies":"Cultist","floor":1.0,"turns":4.0},{"damage":1.0,"enemies":"2 Louse","floor":2.0,"turns":2.0},{"damage":12.0,"enemies":"Jaw Worm","floor":3.0,"turns":3.0},{"damage":6.0,"enemies":"Exordium Wildlife","floor":4.0,"turns":2.0},{"damage":16.0,"enemies":"Blue Slaver","floor":5.0,"turns":3.0},{"damage":14.0,"enemies":"Gremlin Nob","floor":6.0,"turns":4.0},{"damage":0.0,"enemies":"2 Fungi Beasts","floor":7.0,"turns":1.0},{"damage":22.0,"enemies":"3 Sentries","floor":8.0,"turns":7.0},{"damage":0.0,"enemies":"3 Louse","floor":10.0,"turns":3.0},{"damage":3.0,"enemies":"Looter","floor":12.0,"turns":2.0},{"damage":10.0,"enemies":"Gremlin Nob","floor":14.0,"turns":3.0},{"damage":0.0,"enemies":"Slime Boss","floor":16.0,"turns":2.0},{"damage":37.0,"enemies":"Shell Parasite","floor":18.0,"turns":8.0},{"damage":13.0,"enemies":"Spheric Guardian","floor":19.0,"turns":4.0},{"damage":52,"enemies":"Book of Stabbing","floor":23,"turns":5}],"seed_played":"8983323884390005484","potions_obtained":[{"floor":2.0,"key":"EssenceOfSteel"},{"floor":4.0,"key":"EssenceOfSteel"},{"floor":6.0,"key":"DuplicationPotion"},{"floor":14.0,"key":"SkillPotion"},{"floor":16.0,"key":"EssenceOfSteel"},{"floor":18.0,"key":"Swift Potion"}],"is_trial":false,"path_per_floor":["M","M","M","M","M","E","M","E","T","M","?","M","R","E","R","B",null,"M","M","$","?","?","E"],"character_chosen":"IRONCLAD","items_purchased":["Membership Card"],"campfire_rested":0,"item_purchase_floors":[20],"current_hp_per_floor":[77,80,74,74,64,56,62,46,46,52,45,48,48,49,49,60,75,49,42,42,42,42,0,0],"gold":227,"neow_bonus":"TRANSFORM_TWO_CARDS","is_daily":false,"chose_seed":false,"campfire_upgraded":2,"win_rate":0.0,"timestamp":1611652535,"path_taken":["M","M","M","?","M","E","M","E","T","M","?","M","R","E","R","BOSS","M","M","$","?","?","E"],"items_purchased_type":["Relic"],"build_version":"2020-12-22","purchased_purges":1,"victory":false,"max_hp_per_floor":[80,80,80,80,80,80,80,80,80,80,80,80,80,80,80,80,80,80,80,80,80,80,80,80],"card_choices":[{"not_picked":["Warcry","Pommel Strike","Iron Wave"],"picked":"SKIP","floor":1.0},{"not_picked":["Flex","Heavy Blade","Anger"],"picked":"SKIP","floor":2.0},{"not_picked":["Bloodletting","Cleave","Sword Boomerang"],"picked":"SKIP","floor":3.0},{"not_picked":["Rampage","Entrench"],"picked":"Dual Wield","floor":4.0},{"not_picked":["Rampage","Hemokinesis"],"picked":"Power Through","floor":5.0},{"not_picked":["Heavy Blade","Infernal Blade"],"picked":"Immolate","floor":6.0},{"not_picked":["Pommel Strike","Clash"],"picked":"Feel No Pain","floor":7.0},{"not_picked":["Flex","Heavy Blade"],"picked":"Shrug It Off","floor":8.0},{"not_picked":["Clash","Flex"],"picked":"Body Slam","floor":10.0},{"not_picked":["Iron Wave","Dropkick"],"picked":"Shrug It Off","floor":12.0},{"not_picked":["Headbutt","Shrug It Off","Carnage"],"picked":"SKIP","floor":14.0},{"not_picked":["Impervious","Demon Form"],"picked":"Barricade","floor":16.0},{"not_picked":["Rampage","Warcry","Perfected Strike"],"picked":"SKIP","floor":18.0},{"not_picked":["Rampage","Warcry","Perfected Strike"],"picked":"SKIP","floor":18.0},{"not_picked":["Whirlwind","Anger","Wild Strike"],"picked":"SKIP","floor":19.0}],"player_experience":91596,"relics_obtained":[{"floor":6.0,"key":"Bag of Marbles"},{"floor":8.0,"key":"Omamori"},{"floor":9.0,"key":"Toy Ornithopter"},{"floor":14.0,"key":"Centennial Puzzle"}],"event_choices":[{"cards_removed":["Strike_R"],"damage_healed":0.0,"max_hp_gain":0.0,"max_hp_loss":0.0,"gold_gain":0.0,"event_name":"Golden Wing","player_choice":"Card Removal","floor":11.0,"gold_loss":0.0,"damage_taken":7.0},{"damage_healed":0.0,"max_hp_gain":0.0,"max_hp_loss":0.0,"gold_gain":0.0,"event_name":"The Mausoleum","player_choice":"Opened","floor":21.0,"gold_loss":0.0,"damage_taken":0.0,"relics_obtained":["Red Skull"]},{"damage_healed":0.0,"max_hp_gain":0.0,"max_hp_loss":0.0,"gold_gain":99.0,"event_name":"Nest","player_choice":"Stole From Cult","floor":22.0,"gold_loss":0.0,"damage_taken":0.0}],"is_beta":false,"boss_relics":[{"not_picked":["Ectoplasm","SacredBark"],"picked":"Pandora\u0027s Box"}],"items_purged_floors":[20],"is_endless":false,"potions_floor_spawned":[2,4,5,6,10,14,16,18],"killed_by":"Book of Stabbing","ascension_level":11}}