{"host":"lktusdb9orijgc6z","time":1611688886,"event":{"mods":["BaseMod","Bestiary","Colored Map","Colored Powertips","Filter the Spire","Minty Spire (QoL Compilation)","Permanent Neow","Quick Restart","Relic Stats","StSLib","everything is the same but u backflip on backflip","slay the spire mod where everything is the same but ironclad has a cowboy hat"],"gold_per_floor":[110,110,110,130,143,143,143,143,212,212,230,70,70,93,93,186,186,202,217,217,217,233,233,276,276,276,276,276,2,41,54,54,54,54],"floor_reached":33,"language":"ENG","playtime":1390,"items_purged":[],"score":727,"play_id":"8c4be0ee-851d-48ff-9188-ca7359e53fd2","local_time":"20210126202126","is_ascension_mode":true,"campfire_choices":[{"data":"Dagger Spray","floor":6,"key":"SMITH"},{"data":"Blade Dance","floor":8,"key":"SMITH"},{"data":"Neutralize","floor":10,"key":"SMITH"},{"data":"Deadly Poison","floor":13,"key":"SMITH"},{"data":"Dodge and Roll","floor":15,"key":"SMITH"},{"floor":23,"key":"REST"},{"floor":25,"key":"REST"},{"data":"Burst","floor":27,"key":"SMITH"},{"data":"Caltrops","floor":32,"key":"SMITH"}],"circlet_count":0,"master_deck":["AscendersBane","Strike_G","Strike_G","Strike_G","Strike_G","Strike_G+1","Defend_G","Defend_G+1","Defend_G","Defend_G","Defend_G","Survivor","Neutralize+1","Heel Hook","Dagger Spray+1","Blade Dance+1","Deadly Poison+1","Dodge and Roll+1","Burst+1","CurseOfTheBell","Noxious Fumes+1","Backflip","Storm of Steel","PiercingWail","Slice","Caltrops+1","PiercingWail"],"relics":["Ring of the Snake","MealTicket","Golden Idol","Tiny Chest","Shuriken","Toy Ornithopter","Calling Bell","Omamori","Paper Crane","Lizard Tail","Orichalcum","Ornamental Fan","StrikeDummy","Akabeko","Bag of Preparation"],"acts_visited":["TheCity"],"potions_floor_usage":[16,19,22,33],"damage_taken":[{"damage":0,"enemies":"Small Slimes","floor":1,"turns":5},{"damage":8,"enemies":"Jaw Worm","floor":4,"turns":5},{"damage":0,"enemies":"Cultist","floor":5,"turns":4},{"damage":0,"enemies":"Red Slaver","floor":11,"turns":2},{"damage":0,"enemies":"Large Slime","floor":14,"turns":3},{"damage":12,"enemies":"The Guardian","floor":16,"turns":10},{"damage":29,"enemies":"Shell Parasite","floor":18,"turns":7},{"damage":12,"enemies":"2 Thieves","floor":19,"turns":4},{"damage":28,"enemies":"Snecko","floor":22,"turns":5},{"damage":50,"enemies":"Slavers","floor":24,"turns":7},{"damage":8,"enemies":"Gremlin Leader","floor":30,"turns":7},{"damage":22,"enemies":"Centurion and Healer","floor":31,"turns":7},{"damage":44,"enemies":"Champ","floor":33,"turns":6}],"seed_played":"6228888843101355502","potions_obtained":[{"floor":4,"key":"SpeedPotion"},{"floor":11,"key":"EssenceOfSteel"},{"floor":14,"key":"Regen Potion"},{"floor":19,"key":"SteroidPotion"},{"floor":31,"key":"ColorlessPotion"}],"is_trial":false,"path_per_floor":["M","?","?","M","M","R","?","R","T","R","M","$","R","M","R","B",null,"M","M","T","?","M","R","E","R","T","R","$","$","E","M","R","B"],"character_chosen":"THE_SILENT","items_purchased":["Toy Ornithopter","Akabeko","PiercingWail","Slice"],"campfire_rested":2,"item_purchase_floors":[12,29,29,29],"current_hp_per_floor":[59,59,41,33,33,33,15,15,15,15,15,30,30,30,30,38,55,26,19,19,31,8,26,10,28,28,28,43,58,50,28,28,0,0],"gold":54,"neow_bonus":"RANDOM_COMMON_RELIC","is_daily":false,"chose_seed":false,"campfire_upgraded":7,"win_rate":0.0,"timestamp":1611688886,"path_taken":["M","?","?","M","M","R","?","R","T","R","?","$","R","?","R","BOSS","M","M","?","?","M","R","E","R","T","R","?","$","E","?","R","BOSS"],"items_purchased_type":["Relic","Relic","Card","Card"],"build_version":"2020-12-22","purchased_purges":0,"victory":false,"max_hp_per_floor":[66,60,60,60,60,60,60,60,60,60,60,60,60,60,60,60,60,60,60,60,60,60,60,60,60,60,60,60,60,60,60,60,60,60],"relic_stats":{"Lizard Tail":30,"counters":[13,72],"Golden Idol":64,"Shuriken":[33],"Ornamental Fan":[44],"MealTicket":45,"Tiny Chest":1,"Bag of Preparation":[4],"Orichalcum":[48],"obtain_stats":[{"Golden Idol":2,"Omamori":17,"Bag of Preparation":30,"Paper Crane":17,"Orichalcum":20,"Akabeko":29,"Calling Bell":17,"Lizard Tail":17,"Shuriken":9,"Ornamental Fan":24,"MealTicket":0,"Tiny Chest":3,"StrikeDummy":26,"Toy Ornithopter":12,"Ring of the Snake":0},{"Golden Idol":1,"Omamori":6,"Bag of Preparation":11,"Paper Crane":6,"Orichalcum":8,"Akabeko":10,"Calling Bell":6,"Lizard Tail":6,"Shuriken":3,"Ornamental Fan":10,"MealTicket":0,"Tiny Chest":1,"StrikeDummy":10,"Toy Ornithopter":4,"Ring of the Snake":0},{"Golden Idol":5,"Omamori":29,"Bag of Preparation":59,"Paper Crane":29,"Orichalcum":40,"Akabeko":52,"Calling Bell":29,"Lizard Tail":29,"Shuriken":14,"Ornamental Fan":52,"MealTicket":0,"Tiny Chest":5,"StrikeDummy":52,"Toy Ornithopter":16,"Ring of the Snake":0}],"Toy Ornithopter":20,"Ring of the Snake":[26]},"card_choices":[{"not_picked":["Cloak And Dagger","Underhanded Strike"],"picked":"Heel Hook","floor":1},{"not_picked":["Predator","Dodge and Roll"],"picked":"Dagger Spray","floor":4},{"not_picked":["Acrobatics","Eviscerate"],"picked":"Blade Dance","floor":5},{"not_picked":["Acrobatics","Outmaneuver"],"picked":"Deadly Poison","floor":11},{"not_picked":["Poisoned Stab","Acrobatics"],"picked":"Dodge and Roll","floor":14},{"not_picked":["Bullet Time","Die Die Die"],"picked":"Burst","floor":16},{"not_picked":["Underhanded Strike","Deadly Poison"],"picked":"Noxious Fumes+1","floor":18},{"not_picked":["Reflex","Skewer"],"picked":"Backflip","floor":19},{"not_picked":["Prepared","Calculated Gamble","Acrobatics+1"],"picked":"SKIP","floor":22},{"not_picked":["Dagger Spray","Choke"],"picked":"Storm of Steel","floor":24},{"not_picked":["Predator","All Out Attack"],"picked":"Caltrops","floor":30},{"not_picked":["Deadly Poison","Sucker Punch"],"picked":"PiercingWail","floor":31}],"player_experience":689744,"relics_obtained":[{"floor":9,"key":"Shuriken"},{"floor":17,"key":"Omamori"},{"floor":17,"key":"Paper Crane"},{"floor":17,"key":"Lizard Tail"},{"floor":20,"key":"Orichalcum"},{"floor":24,"key":"Ornamental Fan"},{"floor":26,"key":"StrikeDummy"},{"floor":30,"key":"Bag of Preparation"}],"event_choices":[{"damage_healed":0,"gold_gain":0,"player_choice":"Lose Max HP","damage_taken":0,"relics_obtained":["Golden Idol"],"max_hp_gain":0,"max_hp_loss":6,"event_name":"Golden Idol","floor":2,"gold_loss":0},{"damage_healed":0,"gold_gain":0,"player_choice":"Success","damage_taken":18,"relics_obtained":["Tiny Chest"],"max_hp_gain":0,"max_hp_loss":0,"event_name":"Scrap Ooze","floor":3,"gold_loss":0},{"damage_healed":0,"gold_gain":0,"player_choice":"Entered Light","damage_taken":18,"max_hp_gain":0,"max_hp_loss":0,"event_name":"Shining Light","floor":7,"gold_loss":0,"cards_upgraded":["Strike_G","Defend_G"]},{"damage_healed":12,"gold_gain":0,"player_choice":"Heal","damage_taken":0,"max_hp_gain":0,"max_hp_loss":0,"event_name":"The Library","floor":21,"gold_loss":0}],"is_beta":false,"boss_relics":[{"not_picked":["Empty Cage","Fusion Hammer"],"picked":"Calling Bell"}],"items_purged_floors":[],"is_endless":false,"potions_floor_spawned":[4,11,14,19,31],"killed_by":"Champ","ascension_level":19}}