{"host":"2n2g1vowfllvjtvi","time":1611671213,"event":{"mods":["AchievementEnabler","BaseMod","Custom Start","GifTheSpireLib","Keyboard Shortcuts","Minty Spire (QoL Compilation)","Quick Restart","Rare Cards Sparkle","StSLib","SuperFastMode"],"gold_per_floor":[109,34,47,47,47,102,114,126,138,191,224,250,262,297,309,446,458,460,472,505,531,282,282,317,332,384,384,384,384,259,273,273,273,273],"floor_reached":33,"language":"KOR","playtime":588,"items_purged":["Strike_R","Strike_R","Wild Strike"],"score":420,"play_id":"40455507-c617-488d-ac79-19ea6c33907a","local_time":"20210126232653","is_ascension_mode":true,"campfire_choices":[{"data":"1","floor":8.0,"key":"LIFT"},{"data":"2","floor":13.0,"key":"LIFT"},{"data":"3","floor":15.0,"key":"LIFT"},{"data":"Blood for Blood","floor":23.0,"key":"SMITH"},{"floor":27.0,"key":"REST"},{"data":"Dark Embrace","floor":32,"key":"SMITH"}],"circlet_count":0,"master_deck":["Defend_R","Defend_R","Defend_R","Defend_R","Bash","Flame Barrier","Shrug It Off","Bloodletting","Carnage","Necronomicurse","Blood for Blood+1","Flash of Steel","Offering+1","Infernal Blade+1","Sentinel+1","Dark Embrace+1"],"relics":["Burning Blood","NeowsBlessing","Golden Idol","MawBank","Girya","Pear","Kunai","SacredBark","Necronomicon","Toxic Egg 2","Bag of Marbles"],"acts_visited":["Exordium","TheCity"],"potions_floor_usage":[33],"damage_taken":[{"damage":0.0,"enemies":"Cultist","floor":1.0,"turns":1.0},{"damage":0.0,"enemies":"2 Louse","floor":3.0,"turns":1.0},{"damage":0.0,"enemies":"Lagavulin","floor":6.0,"turns":1.0},{"damage":20.0,"enemies":"3 Sentries","floor":10.0,"turns":8.0},{"damage":0.0,"enemies":"Small Slimes","floor":11.0,"turns":3.0},{"damage":1.0,"enemies":"2 Fungi Beasts","floor":12.0,"turns":3.0},{"damage":0.0,"enemies":"Large Slime","floor":14.0,"turns":5.0},{"damage":18.0,"enemies":"The Guardian","floor":16.0,"turns":16.0},{"damage":7.0,"enemies":"2 Thieves","floor":18.0,"turns":4.0},{"damage":19.0,"enemies":"3 Byrds","floor":20.0,"turns":5.0},{"damage":0.0,"enemies":"Centurion and Healer","floor":21.0,"turns":4.0},{"damage":38.0,"enemies":"Book of Stabbing","floor":24.0,"turns":5.0},{"damage":16.0,"enemies":"Shelled Parasite and Fungi","floor":25.0,"turns":5.0},{"damage":0,"enemies":"Snake Plant","floor":31,"turns":1},{"damage":69,"enemies":"Collector","floor":33,"turns":5}],"seed_played":"-4363780531753878203","potions_obtained":[{"floor":3.0,"key":"AttackPotion"},{"floor":10.0,"key":"SpeedPotion"},{"floor":12.0,"key":"Swift Potion"},{"floor":14.0,"key":"Swift Potion"},{"floor":16.0,"key":"DuplicationPotion"},{"floor":20.0,"key":"Fire Potion"},{"floor":24.0,"key":"BlessingOfTheForge"},{"floor":25.0,"key":"AttackPotion"},{"floor":31,"key":"BloodPotion"}],"is_trial":false,"path_per_floor":["M","$","M","?","?","E","?","R","T","E","M","M","R","M","R","B",null,"M","?","M","M","$","R","E","M","T","R","?","?","$","M","R","B"],"character_chosen":"IRONCLAD","items_purchased":["Blood for Blood","Flash of Steel"],"campfire_rested":1,"item_purchase_floors":[22,22],"current_hp_per_floor":[78,78,80,60,53,59,52,52,62,48,54,59,59,65,65,53,81,80,64,51,57,57,57,25,15,15,42,42,42,42,48,48,0,0],"gold":273,"neow_bonus":"THREE_ENEMY_KILL","is_daily":false,"chose_seed":false,"campfire_upgraded":2,"win_rate":0.0,"timestamp":1611671213,"path_taken":["M","$","?","?","?","E","?","R","T","E","M","M","R","M","R","BOSS","M","?","M","M","$","R","E","M","T","R","?","?","?","M","R","BOSS"],"items_purchased_type":["Card","Card"],"build_version":"2020-12-22","purchased_purges":3,"victory":false,"max_hp_per_floor":[80,80,80,80,80,80,80,80,90,90,90,90,90,90,90,90,90,90,90,90,90,90,90,90,90,90,90,90,90,90,90,90,90,90],"card_choices":[{"not_picked":["Flex","Clash","True Grit"],"picked":"SKIP","floor":1.0},{"not_picked":["Ghostly Armor","Entrench"],"picked":"Wild Strike","floor":3.0},{"not_picked":["True Grit","Rage","Body Slam"],"picked":"SKIP","floor":6.0},{"not_picked":["Clash","Juggernaut"],"picked":"Flame Barrier","floor":10.0},{"not_picked":["Dark Embrace","Sword Boomerang","Fire Breathing"],"picked":"SKIP","floor":11.0},{"not_picked":["Rampage","Pommel Strike"],"picked":"Shrug It Off","floor":12.0},{"not_picked":["Dual Wield","Body Slam"],"picked":"Bloodletting","floor":14.0},{"not_picked":["Havoc","Wild Strike+1"],"picked":"Carnage","floor":18.0},{"not_picked":["Headbutt","Sword Boomerang","Inflame"],"picked":"SKIP","floor":20.0},{"not_picked":["Twin Strike","Havoc+1","Battle Trance"],"picked":"SKIP","floor":21.0},{"not_picked":["Demon Form","Sentinel+1"],"picked":"Offering+1","floor":24.0},{"not_picked":["Wild Strike","Heavy Blade","Entrench+1"],"picked":"SKIP","floor":25.0},{"not_picked":["Shrug It Off+1","Armaments+1","Thunderclap"],"picked":"SKIP","floor":31}],"player_experience":211958,"relics_obtained":[{"floor":6.0,"key":"Girya"},{"floor":9.0,"key":"Pear"},{"floor":10.0,"key":"Kunai"},{"floor":19.0,"key":"Necronomicon"},{"floor":24.0,"key":"Toxic Egg 2"},{"floor":26.0,"key":"Bag of Marbles"}],"event_choices":[{"damage_healed":0.0,"max_hp_gain":0.0,"max_hp_loss":0.0,"gold_gain":0.0,"event_name":"Golden Idol","player_choice":"Take Damage","floor":4.0,"gold_loss":0.0,"damage_taken":20.0,"relics_obtained":["Golden Idol"]},{"damage_healed":0.0,"max_hp_gain":0.0,"max_hp_loss":0.0,"gold_gain":0.0,"event_name":"Scrap Ooze","player_choice":"Success","floor":5.0,"gold_loss":0.0,"damage_taken":7.0,"relics_obtained":["MawBank"]},{"cards_removed":["Strike_R"],"damage_healed":0.0,"max_hp_gain":0.0,"max_hp_loss":0.0,"gold_gain":0.0,"event_name":"Golden Wing","player_choice":"Card Removal","floor":7.0,"gold_loss":0.0,"damage_taken":7.0},{"damage_healed":0.0,"max_hp_gain":0.0,"max_hp_loss":0.0,"gold_gain":0.0,"event_name":"Cursed Tome","player_choice":"Obtained Book","floor":19.0,"gold_loss":0.0,"damage_taken":16.0},{"damage_healed":0.0,"max_hp_gain":0.0,"max_hp_loss":0.0,"gold_gain":0.0,"cards_transformed":["Strike_R","Strike_R"],"event_name":"Drug Dealer","player_choice":"Became Test Subject","floor":28.0,"gold_loss":0.0,"damage_taken":0.0,"cards_obtained":["Infernal Blade","Sentinel"]},{"damage_healed":0.0,"max_hp_gain":0.0,"max_hp_loss":0.0,"gold_gain":0.0,"event_name":"The Library","player_choice":"Read","floor":29.0,"gold_loss":0.0,"damage_taken":0.0,"cards_obtained":["Dark Embrace"]}],"is_beta":false,"boss_relics":[{"not_picked":["Black Blood","Calling Bell"],"picked":"SacredBark"}],"items_purged_floors":[2,22,30],"is_endless":false,"potions_floor_spawned":[3,10,12,14,16,20,24,25,31],"killed_by":"Collector","ascension_level":8}}