{"host":"qizkh73694cd5kai","time":1611627039,"event":{"mods":["Act Like it!","BaseMod","CapriCore","Chen","Downfall","Gensokyo","GifTheSpireLib","Koishi","KomeijiMod","Marisa£¨ìFÓê¡¡Ä§ÀíÉ³£©","Minty Spire (QoL Compilation)","MostiFishMod","Quick Restart","Reimu£¨²©ÀöÁéÃÎ£©","Relic Stats","Remilia£¨ÀÙÃ×ÀòÑÇ£©","Replay The Spire","RumiaBox-Â¶Ã×æ«µÄÉñÃØºÐ×Ó","StSLib","TestMod","The Administrix","The Immortal","The Servant 0.9.4","Yakumo Yukari mod","Youmu£¨»êÆÇÑýÃÎ£©","Yuyuko","[IsaacMod]ÒÔÈö¼âËþ","¡¾¹¦ÄÜMod¡¿´ÏÃ÷µÄ×îÖÕBoss"],"gold_per_floor":[111,37,37,49,115,148,148,448,519,519,548,548,548,561,561,664,664,680,680,680,680,487,523,523,523,523,551,551,551,324,324,324,438,438,455,455,140,140,149,483,286,513,536,426,426,457,463,403,403,405],"floor_reached":51,"language":"ZHS","playtime":1809,"items_purged":["Defend_B","Strike_B","Defend_B","Strike_B","Strike_B+1"],"score":1290,"play_id":"bc720481-0e15-45b6-bdfd-aa7be5d06108","local_time":"20210126101039","is_ascension_mode":false,"campfire_choices":[{"data":"Hologram","floor":13.0,"key":"SMITH"},{"data":"Strike_B","floor":15.0,"key":"PURGE"},{"data":"Zap","floor":24.0,"key":"SMITH"},{"data":"Dualcast","floor":25.0,"key":"SMITH"},{"data":"Gash","floor":28.0,"key":"SMITH"},{"data":"Conserve Battery","floor":29.0,"key":"SMITH"},{"data":"Blade Dance","floor":32.0,"key":"SMITH"},{"data":"Recycle","floor":45.0,"key":"SMITH"},{"data":"Beam Cell","floor":49.0,"key":"SMITH"}],"circlet_count":0,"master_deck":["Defend_B+1","Defend_B+1","Zap+1","Hologram+1","Glacier","Conserve Battery+1","Gash+1","Beam Cell+1","Hologram+1","Blade Dance+1","Recycle+1","Gensokyo:BlemishedSteel","Gensokyo:TarnishedGold","Gensokyo:RisingWorld+1","Purity","Gensokyo:CustomPotion"],"relics":["Cracked Core","testmod-TestBox","HushsDoor","DaveBox","testmod-IntensifyImprint","DoctorsRemote","PatriotShield","NeowsBlessing","Gensokyo:CelestialsFlawlessClothing","Juzu Bracelet","Gensokyo:PortableGap","Mango","Pear","BelialBook","testmod-DeterminationOfClimber","Damocles","SecretRecord","testmod-D¨¦j¨¤vu","TheBean","SynthV:C4","BookofShadows","Bronze Scales","testmod-Antiphasic","Replay:Baseball","ScarletDevilRocket","Runic Pyramid","GuppysCollar","GuppysPaw","Onion Ring","SteamSale","Boot","Old Coin","BookOfRevelations","Replay:Accelerometer","Replay:Bandana","testmod-Charity","Ancient Tea Set","SalivaCoin","Simple Rune","SharpPlug","Shuriken","Singing Bowl","Blue Candle"],"acts_visited":["Gensokyo:Gensokyo","Gensokyo:Gensokyoer","Gensokyo:Gensokyoest"],"potions_floor_usage":[],"damage_taken":[{"damage":0.0,"enemies":"Gensokyo:3_Fairies","floor":1.0,"turns":1.0},{"damage":0.0,"enemies":"Gensokyo:2_Kodama","floor":4.0,"turns":1.0},{"damage":0.0,"enemies":"Gensokyo:Aya","floor":6.0,"turns":1.0},{"damage":0.0,"enemies":"Gensokyo:Mamizou","floor":11.0,"turns":4.0},{"damage":0.0,"enemies":"Gensokyo:Gryphon","floor":14.0,"turns":2.0},{"damage":0.0,"enemies":"Gensokyo:Kokoro","floor":16.0,"turns":3.0},{"damage":0.0,"enemies":"Gensokyo:AngelMirror","floor":18.0,"turns":3.0},{"damage":0.0,"enemies":"Gensokyo:Koishi","floor":23.0,"turns":1.0},{"damage":0.0,"enemies":"Gensokyo:Reisen","floor":27.0,"turns":2.0},{"damage":0.0,"enemies":"Gensokyo:Eternal_Rivals","floor":33.0,"turns":2.0},{"damage":0.0,"enemies":"Gensokyo:3_Boulders","floor":35.0,"turns":1.0},{"damage":0.0,"enemies":"Gensokyo:3_Boulders","floor":39.0,"turns":3.0},{"damage":0.0,"enemies":"Gensokyo:Kasen","floor":40.0,"turns":2.0},{"damage":0.0,"enemies":"Gensokyo:Marisa","floor":42.0,"turns":1.0},{"damage":0.0,"enemies":"Gensokyo:Doremy","floor":46.0,"turns":1.0},{"damage":0,"enemies":"Gensokyo:Scarlet_Devils","floor":50,"turns":4}],"seed_played":"335995042303715084","potions_obtained":[{"floor":5.0,"key":"Explosive Potion"},{"floor":5.0,"key":"SpeedPotion"},{"floor":11.0,"key":"EssenceOfSteel"}],"is_trial":false,"path_per_floor":["M","COS","?","M","?","E","?","?","T","?","E","?","R","M","R","B",null,"M","?","?","?","COS","E","R","R","T","E","R","R","$","?","R","B",null,"M","?","COS","?","?","E","$","E","T","$","R","E","?","?","R","B",null],"character_chosen":"DEFECT","items_purchased":["Damocles","Replay:Baseball","GuppysCollar","GuppysPaw","Replay:Bandana","testmod-Charity","Purity"],"campfire_rested":0,"item_purchase_floors":[17,30,34,34,41,41,44],"current_hp_per_floor":[75,75,57,57,57,57,57,57,57,50,60,42,42,42,42,42,74,74,67,67,67,64,64,61,58,58,55,52,52,52,52,52,52,22,22,22,22,19,16,16,16,42,43,40,40,64,60,60,60,90],"gold":405,"neow_bonus":"THREE_ENEMY_KILL","is_daily":false,"chose_seed":false,"campfire_upgraded":8,"win_rate":0.0,"timestamp":1611627039,"path_taken":["M","COS","?","M","?","E","?","?","T","?","E","?","R","M","R","BOSS","M","?","?","?","COS","E","R","R","T","E","R","R","$","?","R","BOSS","M","?","COS","?","?","E","$","E","T","?","R","E","?","?","R","BOSS"],"items_purchased_type":["Relic","Relic","Relic","Relic","Relic","Relic","Card"],"build_version":"2020-12-22","purchased_purges":5,"victory":true,"max_hp_per_floor":[75,75,75,75,75,75,68,68,68,82,92,89,89,89,89,89,74,74,67,67,67,64,64,61,58,58,55,52,52,52,52,52,52,22,22,22,22,19,16,16,16,42,43,40,40,64,65,65,65,90],"relic_stats":{"Singing Bowl":2,"counters":[16,32],"Shuriken":[5],"Bronze Scales":[6],"Blue Candle":[0],"Juzu Bracelet":5,"Boot":[0],"obtain_stats":[{"Damocles":17,"Replay:Accelerometer":40,"PatriotShield":0,"ScarletDevilRocket":33,"DaveBox":0,"Singing Bowl":46,"GuppysPaw":34,"SharpPlug":46,"Mango":10,"SecretRecord":18,"Juzu Bracelet":5,"Gensokyo:PortableGap":7,"Boot":40,"Ancient Tea Set":42,"SynthV:C4":23,"testmod-Charity":41,"Old Coin":40,"Frozen Eye":23,"Replay:Bandana":41,"TheBean":23,"testmod-D¨¦j¨¤vu":18,"testmod-DeterminationOfClimber":17,"Cracked Core":0,"Runic Pyramid":34,"KeepersGift":0,"testmod-IntensifyImprint":0,"DoctorsRemote":0,"BookofShadows":26,"testmod-TestBox":0,"Pear":11,"NeowsBlessing":0,"Blue Candle":47,"BelialBook":12,"BookOfRevelations":40,"Gensokyo:CelestialsFlawlessClothing":3,"SteamSale":37,"testmod-Antiphasic":27,"Replay:Baseball":30,"Shuriken":46,"Bronze Scales":27,"Onion Ring":35,"Simple Rune":43,"SalivaCoin":42,"HushsDoor":0,"GuppysCollar":34},{"Damocles":6,"Replay:Accelerometer":13,"PatriotShield":0,"ScarletDevilRocket":10,"DaveBox":0,"Singing Bowl":15,"GuppysPaw":10,"SharpPlug":15,"Mango":3,"SecretRecord":7,"Juzu Bracelet":2,"Gensokyo:PortableGap":3,"Boot":13,"Ancient Tea Set":14,"SynthV:C4":8,"testmod-Charity":13,"Old Coin":13,"Frozen Eye":7,"Replay:Bandana":13,"TheBean":8,"testmod-D¨¦j¨¤vu":7,"testmod-DeterminationOfClimber":6,"Cracked Core":0,"Runic Pyramid":10,"KeepersGift":0,"testmod-IntensifyImprint":0,"DoctorsRemote":0,"BookofShadows":8,"testmod-TestBox":0,"Pear":4,"NeowsBlessing":0,"Blue Candle":15,"BelialBook":4,"BookOfRevelations":13,"Gensokyo:CelestialsFlawlessClothing":1,"SteamSale":11,"testmod-Antiphasic":9,"Replay:Baseball":9,"Shuriken":15,"Bronze Scales":9,"Onion Ring":11,"Simple Rune":14,"SalivaCoin":14,"HushsDoor":0,"GuppysCollar":10},{"Damocles":12,"Replay:Accelerometer":26,"PatriotShield":0,"ScarletDevilRocket":19,"DaveBox":0,"Singing Bowl":28,"GuppysPaw":20,"SharpPlug":28,"Mango":3,"SecretRecord":13,"Juzu Bracelet":2,"Gensokyo:PortableGap":3,"Boot":25,"Ancient Tea Set":27,"SynthV:C4":16,"testmod-Charity":26,"Old Coin":26,"Frozen Eye":15,"Replay:Bandana":26,"TheBean":16,"testmod-D¨¦j¨¤vu":15,"testmod-DeterminationOfClimber":12,"Cracked Core":0,"Runic Pyramid":20,"KeepersGift":0,"testmod-IntensifyImprint":0,"DoctorsRemote":0,"BookofShadows":16,"testmod-TestBox":0,"Pear":7,"NeowsBlessing":0,"Blue Candle":28,"BelialBook":7,"BookOfRevelations":26,"Gensokyo:CelestialsFlawlessClothing":1,"SteamSale":21,"testmod-Antiphasic":18,"Replay:Baseball":18,"Shuriken":28,"Bronze Scales":18,"Onion Ring":21,"Simple Rune":27,"SalivaCoin":27,"HushsDoor":0,"GuppysCollar":20}]},"card_choices":[{"not_picked":["ReplaySort","Rebound"],"picked":"Hologram","floor":1.0},{"not_picked":["Rebound","Stack"],"picked":"Glacier","floor":4.0},{"not_picked":["Hyperbeam","Double Energy"],"picked":"Conserve Battery","floor":6.0},{"not_picked":["Cold Snap","Panic Button"],"picked":"Gash","floor":11.0},{"not_picked":["Chaos","ReplayTheSpireMod:Repulse","Barrage"],"picked":"SKIP","floor":14.0},{"not_picked":["Turbo","Hologram"],"picked":"Beam Cell","floor":18.0},{"not_picked":["Glacier","Auto Shields"],"picked":"Hologram+1","floor":23.0},{"not_picked":["ReplayTheSpireMod:GoodbyeWorld","Heatsinks+1","Rebound+1"],"picked":"SKIP","floor":27.0},{"not_picked":["Fan","Loop"],"picked":"Recycle","floor":35.0},{"not_picked":["Gensokyo:MorningStar+1","Gensokyo:UnlikelyAid+1"],"picked":"Gensokyo:RisingWorld+1","floor":39.0},{"not_picked":["Turbo+1","Redo","Hologram+1"],"picked":"SKIP","floor":40.0},{"not_picked":["Hologram+1","Chill","Glacier"],"picked":"SKIP","floor":42.0},{"not_picked":["Leap","Undo","Aggregate+1"],"picked":"Singing Bowl","floor":46.0}],"player_experience":1601576,"relics_obtained":[{"floor":5.0,"key":"Juzu Bracelet"},{"floor":11.0,"key":"Pear"},{"floor":18.0,"key":"testmod-D¨¦j¨¤vu"},{"floor":23.0,"key":"TheBean"},{"floor":23.0,"key":"SynthV:C4"},{"floor":26.0,"key":"BookofShadows"},{"floor":27.0,"key":"Bronze Scales"},{"floor":27.0,"key":"testmod-Antiphasic"},{"floor":35.0,"key":"Onion Ring"},{"floor":40.0,"key":"BookOfRevelations"},{"floor":40.0,"key":"Replay:Accelerometer"},{"floor":42.0,"key":"Ancient Tea Set"},{"floor":42.0,"key":"SalivaCoin"},{"floor":43.0,"key":"Simple Rune"},{"floor":46.0,"key":"Shuriken"},{"floor":46.0,"key":"Singing Bowl"}],"event_choices":[],"is_beta":false,"boss_relics":[{"not_picked":["Cursed Key","MoonlightInvasionPlan"],"picked":"testmod-DeterminationOfClimber"},{"not_picked":[]},{"not_picked":["Replay:Wanted Poster","testmod-StringDisintegrator"],"picked":"Runic Pyramid"},{"not_picked":[]}],"items_purged_floors":[17,30,34,41,44],"is_endless":false,"potions_floor_spawned":[1,6,11,14,23,27,33,42],"ascension_level":0}}