{"host":"t0dtoggyaif518ut","time":1611670261,"event":{"mods":["AchievementEnabler","BaseMod","Best Route Mod","Bestiary","Better Altar","Better Match","Better Note","Better Sensory Stone","Better Silent Start","Better Skull","Better Third Choice","Better Vampires","Block Reminder","Colored Powertips","Dark Map","Displayed Cursed Tome","Energized Spire","Evolution","Gold Saver","Ironclad Rager","Minty Spire (QoL Compilation)","Practice Mode","Quick Restart","RNG Fix","Random Character Button","Relic Stats","Retaliation","Reworked Bosses","StSLib","Treasure Hunter"],"gold_per_floor":[815,84,99,99,99,99,128,128,181,210,210,227,327,302,302,380,380,393,393,12,25,25,50,50,83,83,107,119,148,192,305,317,404,416,443,468,480,492,504,550,562,585,597,609,633,655,667,604,616,628],"floor_reached":51,"language":"RUS","playtime":3825,"items_purged":["Defend_R"],"score":1315,"play_id":"ceb6912a-3b49-449c-9b42-101ee811a9bf","local_time":"20210126211101","is_ascension_mode":true,"campfire_choices":[{"data":"Rampage","floor":6,"key":"SMITH"},{"data":"Pommel Strike","floor":8,"key":"SMITH"},{"data":"Pommel Strike","floor":11,"key":"SMITH"},{"data":"Pommel Strike","floor":15,"key":"SMITH"},{"data":"Pommel Strike","floor":24,"key":"SMITH"},{"floor":28,"key":"REST"},{"floor":32,"key":"REST"},{"floor":41,"key":"REST"},{"data":"Demon Form","floor":44,"key":"SMITH"},{"data":"TH:ElvenBoots","floor":47,"key":"SMITH"},{"data":"Whirlwind","floor":49,"key":"SMITH"}],"circlet_count":0,"master_deck":["AscendersBane","Pommel Strike+1","Pommel Strike+1","Pommel Strike+1","Pommel Strike+1","Pommel Strike+1","Shrug It Off","Bash+1","Rampage+1","Deep Breath+1","Shrug It Off+1","TH:CursedSword","Shrug It Off+1","TH:CursedSword","Limit Break+1","Shrug It Off+1","Whirlwind+1","TH:PixieDust","DDmod:RapidStrikeAttack+1","Demon Form+1","Rampage+1","TH:ArmorSpikes+1","Writhe","TH:ElvenBoots+1","Parasite"],"relics":["Burning Blood","EVO:Axolotl","Toxic Egg 2","Ancient Tea Set","Potion Belt","Regal Pillow","Orichalcum","betterThird:SlimedRelic","Busted Crown","Tiny Chest","Whetstone","Art of War","MawBank","Singing Bowl","FossilizedHelix","Question Card","Astrolabe","Oddly Smooth Stone","Anchor","Toy Ornithopter"],"acts_visited":["Exordium","TheCity","TheBeyond"],"potions_floor_usage":[31,33,35,42,45,50],"damage_taken":[{"damage":0,"enemies":"Cultist","floor":1,"turns":3},{"damage":7,"enemies":"Jaw Worm","floor":3,"turns":3},{"damage":5,"enemies":"3 Sentries","floor":7,"turns":6},{"damage":8,"enemies":"Gremlin Nob","floor":10,"turns":3},{"damage":0,"enemies":"Small Slimes","floor":12,"turns":2},{"damage":28,"enemies":"Slime Boss","floor":16,"turns":10},{"damage":16,"enemies":"Shell Parasite","floor":18,"turns":6},{"damage":0,"enemies":"3 Byrds","floor":21,"turns":5},{"damage":23,"enemies":"Snake Plant","floor":23,"turns":5},{"damage":29,"enemies":"Gremlin Leader","floor":25,"turns":6},{"damage":3,"enemies":"Centurion and Healer","floor":27,"turns":5},{"damage":7,"enemies":"Chosen and Byrds","floor":29,"turns":6},{"damage":48,"enemies":"Slavers","floor":30,"turns":9},{"damage":22,"enemies":"Colosseum Slavers","floor":31,"turns":5},{"damage":17,"enemies":"Colosseum Nobs","floor":31,"turns":5},{"damage":0,"enemies":"bossMod:newChamp","floor":33,"turns":8},{"damage":12,"enemies":"3 Shapes","floor":35,"turns":7},{"damage":27,"enemies":"3 Darklings","floor":36,"turns":4},{"damage":73,"enemies":"Nemesis","floor":40,"turns":9},{"damage":0,"enemies":"Transient","floor":42,"turns":5},{"damage":18,"enemies":"4 Shapes","floor":45,"turns":6},{"damage":16,"enemies":"Writhing Mass","floor":46,"turns":6},{"damage":30,"enemies":"Time Eater","floor":50,"turns":10}],"seed_played":"6909958089652497387","potions_obtained":[{"floor":1,"key":"GamblersBrew"},{"floor":12,"key":"AttackPotion"},{"floor":16,"key":"DistilledChaos"},{"floor":25,"key":"FearPotion"},{"floor":27,"key":"LiquidBronze"},{"floor":29,"key":"DDmod:CleansePotion"},{"floor":31,"key":"SpeedPotion"},{"floor":33,"key":"DDmod:CleansePotion"},{"floor":40,"key":"SkillPotion"},{"floor":42,"key":"Energy Potion"},{"floor":45,"key":"Fire Potion"}],"is_trial":false,"path_per_floor":["M","$","M","$","?","R","E","R","T","E","R","M","?","?","R","B",null,"M","?","$","M","$","M","R","E","T","M","R","M","E","?","R","B",null,"M","M","?","?","T","E","R","M","T","R","M","M","R","?","R","B",null],"character_chosen":"IRONCLAD","items_purchased":["Toxic Egg 2","Rampage","Deep Breath+1","Shrug It Off+1","Ancient Tea Set","Armaments+1","Tiny Chest","Whetstone","Whirlwind"],"campfire_rested":3,"item_purchase_floors":[2,2,2,2,2,2,20,20,20],"current_hp_per_floor":[86,86,85,85,78,78,79,79,79,77,77,83,83,72,72,50,79,69,69,69,75,75,58,58,35,35,38,79,78,38,11,53,61,84,80,61,85,85,85,22,67,75,77,77,72,64,64,66,66,47],"gold":640,"neow_bonus":"TEN_PERCENT_HP_BONUS","is_daily":false,"chose_seed":false,"campfire_upgraded":8,"win_rate":0.0,"timestamp":1611670261,"path_taken":["M","$","M","$","?","R","E","R","T","E","R","M","?","?","R","BOSS","M","?","$","M","$","M","R","E","T","M","R","M","E","?","R","BOSS","M","M","?","?","?","E","R","M","T","R","M","M","R","?","R","BOSS"],"items_purchased_type":["Relic","Card","Card","Card","Relic","Card","Relic","Relic","Card"],"build_version":"2020-12-22","purchased_purges":1,"victory":true,"max_hp_per_floor":[88,88,88,88,88,88,88,88,88,88,88,88,88,88,88,88,88,88,88,88,88,88,88,88,88,88,88,88,88,90,90,90,92,92,94,96,96,96,96,100,100,102,104,104,106,108,108,110,110,110],"relic_stats":{"Regal Pillow":45,"Singing Bowl":22,"counters":[23,134],"Astrolabe":["Rampage","Exhume","TH:ArmorSpikes"],"Whetstone":["Pommel Strike","Bash"],"Orichalcum":[240],"MawBank":300,"Question Card":17,"Burning Blood":138,"Busted Crown":62,"Tiny Chest":1,"Art of War":[11],"obtain_stats":[{"Potion Belt":7,"Regal Pillow":9,"Singing Bowl":30,"Astrolabe":34,"Oddly Smooth Stone":39,"EVO:Axolotl":0,"Whetstone":20,"Orichalcum":10,"Ancient Tea Set":2,"MawBank":26,"Question Card":31,"Burning Blood":0,"Anchor":40,"Busted Crown":17,"betterThird:SlimedRelic":14,"Tiny Chest":20,"Art of War":25,"Toxic Egg 2":2,"FossilizedHelix":31,"Toy Ornithopter":43},{"Potion Belt":3,"Regal Pillow":3,"Singing Bowl":13,"Astrolabe":16,"Oddly Smooth Stone":18,"EVO:Axolotl":0,"Whetstone":7,"Orichalcum":4,"Ancient Tea Set":1,"MawBank":10,"Question Card":15,"Burning Blood":0,"Anchor":19,"Busted Crown":6,"betterThird:SlimedRelic":5,"Tiny Chest":7,"Art of War":10,"Toxic Egg 2":1,"FossilizedHelix":15,"Toy Ornithopter":20},{"Potion Belt":12,"Regal Pillow":12,"Singing Bowl":69,"Astrolabe":87,"Oddly Smooth Stone":98,"EVO:Axolotl":0,"Whetstone":33,"Orichalcum":15,"Ancient Tea Set":3,"MawBank":49,"Question Card":79,"Burning Blood":0,"Anchor":107,"Busted Crown":27,"betterThird:SlimedRelic":17,"Tiny Chest":33,"Art of War":49,"Toxic Egg 2":3,"FossilizedHelix":79,"Toy Ornithopter":112}],"Toy Ornithopter":10},"card_choices":[{"not_picked":["Dual Wield","Headbutt","Ghostly Armor"],"picked":"SKIP","floor":1},{"not_picked":["DDmod:EasePowerCard","DDmod:CallousedSkill+1","DDmod:PokeAttack"],"picked":"SKIP","floor":3},{"not_picked":["TH:ArmorSpikes","TH:EnergyPotion"],"picked":"SKIP","floor":7},{"not_picked":["Iron Wave","Reckless Charge","Dropkick"],"picked":"SKIP","floor":7},{"not_picked":["TH:ArmorSpikes"],"picked":"TH:CursedSword","floor":9},{"not_picked":["TH:DeckOfManyThings"],"picked":"TH:CopperCoins","floor":10},{"not_picked":["Dropkick","Pommel Strike"],"picked":"Shrug It Off+1","floor":10},{"not_picked":["Heavy Blade","DDmod:PokeAttack","Sword Boomerang"],"picked":"SKIP","floor":12},{"not_picked":["TH:DeckOfManyThings"],"picked":"TH:CursedSword","floor":16},{"not_picked":["DDmod:AllInSkill+1","Reaper"],"picked":"Limit Break+1","floor":16},{"not_picked":["Pommel Strike"],"picked":"SKIP","floor":18},{"not_picked":["Clothesline"],"picked":"SKIP","floor":21},{"not_picked":["Twin Strike"],"picked":"SKIP","floor":23},{"not_picked":["TH:PixieDust"],"picked":"SKIP","floor":25},{"not_picked":["True Grit+1"],"picked":"SKIP","floor":25},{"not_picked":["TH:ArmorSpikes"],"picked":"SKIP","floor":26},{"not_picked":["Iron Wave"],"picked":"SKIP","floor":27},{"not_picked":["Armaments+1"],"picked":"SKIP","floor":29},{"not_picked":[],"picked":"TH:PixieDust","floor":30},{"not_picked":["Twin Strike"],"picked":"Singing Bowl","floor":30},{"not_picked":[],"picked":"DDmod:RapidStrikeAttack+1","floor":31},{"not_picked":["TH:EnergyPotion"],"picked":"Singing Bowl","floor":33},{"not_picked":["Exhume+1"],"picked":"Demon Form","floor":33},{"not_picked":["Iron Wave+1","Blood for Blood"],"picked":"Singing Bowl","floor":35},{"not_picked":["Twin Strike","Clothesline"],"picked":"Singing Bowl","floor":36},{"not_picked":[],"picked":"TH:ElvenBoots","floor":39},{"not_picked":["TH:CursedSword"],"picked":"Singing Bowl","floor":40},{"not_picked":["DDmod:BurningFumesPowerCard","Inflame"],"picked":"Singing Bowl","floor":40},{"not_picked":["Dark Embrace","DDmod:UnstoppableAttack+1"],"picked":"Singing Bowl","floor":42},{"not_picked":["TH:CursedSword"],"picked":"Singing Bowl","floor":43},{"not_picked":["Rupture","DDmod:CallousedSkill+1"],"picked":"Singing Bowl","floor":45},{"not_picked":["DDmod:PokeAttack+1","Armaments+1"],"picked":"Singing Bowl","floor":46},{"not_picked":["Flex+1","DDmod:UnstoppableAttack+1"],"picked":"Singing Bowl","floor":48}],"player_experience":289015,"relics_obtained":[{"floor":7,"key":"Potion Belt"},{"floor":9,"key":"Regal Pillow"},{"floor":10,"key":"Orichalcum"},{"floor":25,"key":"Art of War"},{"floor":26,"key":"MawBank"},{"floor":30,"key":"Singing Bowl"},{"floor":31,"key":"FossilizedHelix"},{"floor":31,"key":"Question Card"},{"floor":39,"key":"Oddly Smooth Stone"},{"floor":40,"key":"Anchor"},{"floor":43,"key":"Toy Ornithopter"}],"event_choices":[{"cards_removed":["Defend_R"],"damage_healed":0,"gold_gain":0,"player_choice":"Card Removal","damage_taken":7,"max_hp_gain":0,"max_hp_loss":0,"event_name":"Golden Wing","floor":5,"gold_loss":0},{"damage_healed":0,"gold_gain":100,"player_choice":"Pray","damage_taken":0,"max_hp_gain":0,"max_hp_loss":0,"event_name":"Golden Shrine","floor":13,"gold_loss":0},{"damage_healed":0,"gold_gain":0,"player_choice":"Slimed","damage_taken":11,"max_hp_gain":0,"max_hp_loss":0,"event_name":"betterThird:BetterGoop","floor":14,"gold_loss":25},{"cards_removed":["Limit Break"],"damage_healed":0,"gold_gain":0,"player_choice":"Take \u0026 Give","damage_taken":0,"max_hp_gain":0,"max_hp_loss":0,"event_name":"betterNote:BetterNote","floor":19,"gold_loss":0,"cards_obtained":["Shrug It Off"]},{"damage_healed":0,"gold_gain":0,"player_choice":"Fight","damage_taken":0,"max_hp_gain":0,"max_hp_loss":0,"event_name":"Colosseum","floor":31,"gold_loss":0},{"damage_healed":0,"gold_gain":0,"player_choice":"Fought Nobs","damage_taken":0,"max_hp_gain":0,"max_hp_loss":0,"event_name":"Colosseum","floor":31,"gold_loss":0},{"damage_healed":24,"gold_gain":0,"player_choice":"Writhe","damage_taken":0,"max_hp_gain":0,"max_hp_loss":0,"event_name":"Winding Halls","floor":37,"gold_loss":0,"cards_obtained":["Writhe"]},{"cards_removed":["Exhume"],"damage_healed":0,"gold_gain":0,"player_choice":"Removed Skill","damage_taken":0,"max_hp_gain":0,"max_hp_loss":0,"event_name":"Falling","floor":38,"gold_loss":0},{"damage_healed":0,"gold_gain":0,"player_choice":"2","damage_taken":0,"max_hp_gain":0,"max_hp_loss":0,"event_name":"betterMatch:BetterMatch","floor":48,"gold_loss":0,"cards_obtained":["betterMatch:CommonCard"]}],"is_beta":false,"boss_relics":[{"not_picked":["energizedSpire:StickyHand","energizedSpire:SpiderWeb"],"picked":"Busted Crown"},{"not_picked":["Velvet Choker","Runic Dome"],"picked":"Astrolabe"}],"items_purged_floors":[2],"is_endless":false,"potions_floor_spawned":[1,12,16,25,27,29,31,33,40,42,45],"ascension_level":13}}