{"host":"2n2g1vowfllvjtvi","time":1611671401,"event":{"mods":["AchievementEnabler","BaseMod","Custom Start","GifTheSpireLib","Keyboard Shortcuts","Minty Spire (QoL Compilation)","Quick Restart","Rare Cards Sparkle","StSLib","SuperFastMode"],"gold_per_floor":[117,42,42,18,43,76,90,90,90,90,90,146,146,146,146,146,146],"floor_reached":16,"language":"KOR","playtime":179,"items_purged":["Strike_R"],"score":167,"play_id":"04309e5a-e0eb-4a15-8bbe-3771a5229891","local_time":"20210126233001","is_ascension_mode":true,"campfire_choices":[{"data":"Armaments","floor":8,"key":"SMITH"},{"data":"Shockwave","floor":10,"key":"SMITH"},{"data":"Bash","floor":13,"key":"SMITH"},{"floor":15,"key":"RECALL"}],"circlet_count":0,"master_deck":["Strike_R","Strike_R","Strike_R","Defend_R","Defend_R","Defend_R","Bash+1","Armaments+1","Shockwave+1","Heavy Blade+1"],"relics":["Burning Blood","NeowsBlessing","Boot","Pear","Self Forming Clay","Molten Egg 2"],"acts_visited":["Exordium"],"potions_floor_usage":[],"damage_taken":[{"damage":0,"enemies":"2 Louse","floor":1,"turns":1},{"damage":0,"enemies":"Gremlin Nob","floor":6,"turns":1},{"damage":0,"enemies":"Cultist","floor":7,"turns":1},{"damage":24,"enemies":"Gremlin Nob","floor":12,"turns":5},{"damage":69,"enemies":"The Guardian","floor":16,"turns":17}],"seed_played":"-989553377310573806","potions_obtained":[],"is_trial":false,"path_per_floor":["M","$","?","$","T","E","M","R","T","R","?","?","R","?","R","B"],"character_chosen":"IRONCLAD","items_purchased":["Armaments"],"campfire_rested":0,"item_purchase_floors":[4],"current_hp_per_floor":[78,78,78,78,78,90,90,90,90,90,83,65,65,65,65,0,0],"gold":146,"neow_bonus":"THREE_ENEMY_KILL","is_daily":false,"chose_seed":false,"campfire_upgraded":3,"win_rate":0.0,"timestamp":1611671401,"path_taken":["M","$","?","$","?","E","?","R","T","R","?","?","R","?","R","BOSS"],"items_purchased_type":["Card"],"build_version":"2020-12-22","purchased_purges":1,"victory":false,"max_hp_per_floor":[80,80,80,80,80,90,90,90,90,90,90,90,90,90,90,90,90],"card_choices":[{"not_picked":["Iron Wave","Power Through","Flex"],"picked":"SKIP","floor":1},{"not_picked":["Entrench","Evolve","Infernal Blade"],"picked":"SKIP","floor":6},{"not_picked":["Power Through","Entrench"],"picked":"Shockwave","floor":7},{"not_picked":["Sword Boomerang+1","Warcry"],"picked":"Heavy Blade+1","floor":12}],"player_experience":211958,"relics_obtained":[{"floor":5,"key":"Boot"},{"floor":6,"key":"Pear"},{"floor":9,"key":"Self Forming Clay"}],"event_choices":[{"cards_removed":["Strike_R"],"damage_healed":0,"gold_gain":0,"player_choice":"Card Removal","damage_taken":0,"max_hp_gain":0,"max_hp_loss":0,"event_name":"Wheel of Change","floor":3,"gold_loss":0},{"cards_removed":["Defend_R"],"damage_healed":0,"gold_gain":0,"player_choice":"Card Removal","damage_taken":7,"max_hp_gain":0,"max_hp_loss":0,"event_name":"Golden Wing","floor":11,"gold_loss":0},{"damage_healed":0,"gold_gain":30,"player_choice":"Searched \u00273\u0027 times","damage_taken":0,"relics_obtained":["Molten Egg 2"],"max_hp_gain":0,"max_hp_loss":0,"event_name":"Dead Adventurer","floor":12,"gold_loss":0},{"damage_healed":0,"gold_gain":0,"player_choice":"Ignored","damage_taken":0,"max_hp_gain":0,"max_hp_loss":0,"event_name":"Liars Game","floor":14,"gold_loss":0}],"is_beta":false,"boss_relics":[],"items_purged_floors":[2],"is_endless":false,"potions_floor_spawned":[],"killed_by":"The Guardian","ascension_level":8}}