{"host":"qq27suot6m8koe0b","time":1611668461,"event":{"mods":["Act Like it!","BaseMod","CapriCore","Downfall","GifTheSpireLib","Minty Spire (QoL Compilation)","StSLib"],"gold_per_floor":[99,99,112,128,128,157,181,216,16,46,31,31,31,41,51,155,155,155,174,193,204,221,221,247,260,260,293,307,307,330,115,130,130,130,130],"floor_reached":33,"language":"ZHS","playtime":1255,"items_purged":["Parasite"],"score":337,"play_id":"3125d399-4601-4857-acc0-9bd97ab456bb","local_time":"20210126214101","is_ascension_mode":false,"campfire_choices":[{"floor":1,"key":"RECALL"},{"data":"bronze:DelayedSlice","floor":9,"key":"SMITH"},{"data":"bronze:DelayedSlice","floor":13,"key":"SMITH"},{"data":"bronze:InfiniteLoop","floor":18,"key":"SMITH"},{"data":"bronze:Terminator","floor":23,"key":"SMITH"},{"data":"bronze:Mutator","floor":26,"key":"SMITH"}],"circlet_count":0,"master_deck":["bronze:Strike","bronze:Strike","bronze:Strike","bronze:Strike","bronze:Defend","bronze:Defend","bronze:Defend","bronze:Defend","bronze:Replicate","bronze:Goto","bronze:DelayedSlice+1","bronze:FollowUp","bronze:DelayedSlice+1","bronze:Terminator+1","bronze:BronzeOrb","bronze:WhirlingStrike","bronze:InfiniteLoop+1","bronze:FollowUp","bronze:WhirlingStrike+1","bronze:Mutator+1","bronze:GetLatest+1","CurseOfTheBell","CurseOfTheBell","bronze:Assembly","bronze:AlphaBuild","bronze:SpaghettiCode"],"relics":["bronze:BronzeCore","Anchor","bronze:SilverBullet","HornCleat","Bag of Marbles","Nunchaku","downfall:HeartBlessingRed","downfall:HeartBlessingGreen","Art of War","bronze:MakeshiftBattery","Smiling Mask","Juzu Bracelet","downfall:ExtraCursedBell","Potion Belt","Eternal Feather","Calipers"],"acts_visited":["Exordium","TheCity"],"potions_floor_usage":[16,16,33,33],"damage_taken":[{"damage":0,"enemies":"Small Slimes","floor":3,"turns":4},{"damage":0,"enemies":"Jaw Worm","floor":4,"turns":4},{"damage":31,"enemies":"Gremlin Nob","floor":6,"turns":5},{"damage":4,"enemies":"3 Sentries","floor":8,"turns":6},{"damage":0,"enemies":"Gremlin Nob","floor":10,"turns":3},{"damage":0,"enemies":"downfall:FleeingMerchant","floor":11,"turns":4},{"damage":0,"enemies":"Cultist","floor":12,"turns":1},{"damage":0,"enemies":"Exordium Thugs","floor":14,"turns":1},{"damage":0,"enemies":"Exordium Wildlife","floor":15,"turns":2},{"damage":22,"enemies":"SI_SHIV_ARCHETYPE","floor":16,"turns":7},{"damage":0,"enemies":"Chosen","floor":19,"turns":2},{"damage":0,"enemies":"Spheric Guardian","floor":20,"turns":1},{"damage":0,"enemies":"3 Cultists","floor":21,"turns":3},{"damage":0,"enemies":"Chosen and Byrds","floor":22,"turns":2},{"damage":0,"enemies":"Snake Plant","floor":25,"turns":2},{"damage":0,"enemies":"Slavers","floor":27,"turns":2},{"damage":0,"enemies":"Centurion and Healer","floor":28,"turns":2},{"damage":0,"enemies":"downfall:FleeingMerchant","floor":31,"turns":4},{"damage":2,"enemies":"Shelled Parasite and Fungi","floor":32,"turns":3},{"damage":71,"enemies":"WA_ARCHETYPE_CALM","floor":33,"turns":10}],"seed_played":"7658484309743422053","potions_obtained":[{"floor":3,"key":"FearPotion"},{"floor":4,"key":"Regen Potion"},{"floor":6,"key":"ColorlessPotion"},{"floor":16,"key":"SteroidPotion"},{"floor":19,"key":"champ:CounterPotion"},{"floor":21,"key":"Strength Potion"},{"floor":27,"key":"SkillPotion"},{"floor":28,"key":"SkillPotion"}],"is_trial":false,"path_per_floor":["R","?","M","M","?","E","T","E","R","E","$","M","R","M","M","B",null,"R","M","M","M","M","R","T","M","R","E","M","?","T","$","M","B"],"character_chosen":"THE_AUTOMATON","items_purchased":["bronze:SpaghettiCode"],"campfire_rested":0,"item_purchase_floors":[31],"current_hp_per_floor":[70,70,70,70,52,21,21,17,17,17,17,17,17,17,17,7,70,70,70,70,70,70,70,70,70,70,70,70,70,70,67,65,0,0,0],"gold":130,"neow_bonus":"RANDOM_COMMON_RELIC","is_daily":false,"chose_seed":false,"campfire_upgraded":5,"win_rate":0.0,"timestamp":1611668461,"path_taken":["R","?","M","M","?","E","T","E","R","E","?","M","R","M","M","BOSS","R","M","M","M","?","R","T","M","R","E","M","?","?","?","M","BOSS"],"items_purchased_type":["Card"],"build_version":"2020-12-22","purchased_purges":1,"victory":false,"max_hp_per_floor":[70,70,70,70,70,70,70,70,70,70,70,70,70,70,70,70,70,70,70,70,70,70,70,70,70,70,70,70,70,70,67,67,67,67,67],"card_choices":[{"not_picked":["bronze:DarkDash","bronze:OilSpill","bronze:Backtrace"],"picked":"SKIP","floor":3},{"not_picked":["bronze:BuggyMess","bronze:Iterate"],"picked":"bronze:DelayedSlice","floor":4},{"not_picked":["bronze:NullPointer","bronze:Invalidate"],"picked":"bronze:FollowUp","floor":6},{"not_picked":["bronze:DelayedGuard","bronze:DarkDash"],"picked":"bronze:DelayedSlice","floor":8},{"not_picked":["bronze:BurnOut","bronze:DelayedGuard"],"picked":"bronze:Terminator","floor":10},{"not_picked":["bronze:Return","bronze:OilSpill","bronze:Backtrace"],"picked":"SKIP","floor":11},{"not_picked":["bronze:Shield","bronze:Shell"],"picked":"bronze:BronzeOrb","floor":12},{"not_picked":["bronze:Invalidate","bronze:Repulsor","bronze:Overheat"],"picked":"SKIP","floor":14},{"not_picked":["bronze:MaxOutput","bronze:Overheat"],"picked":"bronze:WhirlingStrike","floor":15},{"not_picked":["bronze:CleanCode","bronze:HardenedForm"],"picked":"bronze:InfiniteLoop","floor":16},{"not_picked":["bronze:FineTuning","bronze:DelayedGuard+1"],"picked":"bronze:FollowUp","floor":19},{"not_picked":["bronze:BuggyMess","bronze:CutThrough"],"picked":"bronze:WhirlingStrike+1","floor":20},{"not_picked":["bronze:Break","bronze:Return","bronze:Invalidate+1"],"picked":"SKIP","floor":21},{"not_picked":["bronze:FineTuning","bronze:BitShift+1","bronze:Branch"],"picked":"SKIP","floor":22},{"not_picked":["bronze:Iterate+1","bronze:Philosophize"],"picked":"bronze:Mutator","floor":25},{"not_picked":["bronze:WhirlingStrike+1","bronze:CutThrough","bronze:WildBeam"],"picked":"SKIP","floor":27},{"not_picked":["bronze:ForLoop","bronze:FineTuning"],"picked":"bronze:GetLatest+1","floor":28},{"not_picked":["bronze:BitShift","bronze:Boost"],"picked":"bronze:AlphaBuild","floor":31},{"not_picked":["bronze:MaxOutput","bronze:CutThrough","bronze:DelayedGuard+1"],"picked":"SKIP","floor":32}],"player_experience":367822,"relics_obtained":[{"floor":6,"key":"HornCleat"},{"floor":7,"key":"Bag of Marbles"},{"floor":8,"key":"Nunchaku"},{"floor":10,"key":"Art of War"},{"floor":24,"key":"Smiling Mask"},{"floor":27,"key":"Juzu Bracelet"},{"floor":29,"key":"Potion Belt"},{"floor":29,"key":"Eternal Feather"},{"floor":29,"key":"Calipers"}],"event_choices":[{"damage_healed":0,"gold_gain":0,"player_choice":"Success","damage_taken":18,"relics_obtained":["bronze:SilverBullet"],"max_hp_gain":0,"max_hp_loss":0,"event_name":"Scrap Ooze","floor":5,"gold_loss":0}],"is_beta":false,"boss_relics":[{"not_picked":["Runic Dome","Fusion Hammer"],"picked":"bronze:MakeshiftBattery"}],"items_purged_floors":[31],"is_endless":false,"potions_floor_spawned":[3,4,6,16,19,21,27,28],"killed_by":"WA_ARCHETYPE_CALM","ascension_level":0}}