{"host":"58njlu7hme3ojrlz","time":1611694822,"event":{"mods":["Act Like it!","Arknights The Spire","BaseMod","Block Reminder","Colored Map","Colored Powertips","DeckTracker","Gensokyo","Hallownest","Highlight Path","Marisa????????","Minty Spire (QoL Compilation)","Relic Sorter","StSLib","The Alterego","The Bug Knight","The Servant 0.9.4","The Wild Card"],"gold_per_floor":[114,134,196,209,209,209,18,18,95,111,111,125,125,154,154,251,251,265,265,24,35,50,50,60,71,71,83,115,115,115,128,128,225,225,236,255,305,319,25,25,43,43,43,43,91,91,91,106,106,106],"floor_reached":51,"language":"ENG","playtime":3876,"items_purged":["theWildCard:BasicDefend"],"score":744,"play_id":"efef48a3-f2d1-4273-aa15-ac61ae8dd0cf","local_time":"20210127040022","is_ascension_mode":false,"campfire_choices":[{"data":"theWildCard:ArcaneArts","floor":6,"key":"SMITH"},{"data":"theWildCard:PowerOfTheArcana","floor":11,"key":"SMITH"},{"floor":15,"key":"REST"},{"data":"theWildCard:SeveringSlash","floor":23,"key":"SMITH"},{"floor":29,"key":"REST"},{"floor":32,"key":"REST"},{"data":"theWildCard:FinalHour","floor":40,"key":"SMITH"},{"data":"theWildCard:PaleRider","floor":42,"key":"SMITH"},{"data":"theWildCard:Patience","floor":46,"key":"SMITH"},{"floor":49,"key":"REST"}],"circlet_count":0,"master_deck":["theWildCard:BasicStrike","theWildCard:BasicStrike","theWildCard:BasicStrike","theWildCard:BasicStrike","theWildCard:BasicDefend","theWildCard:BasicDefend+1","theWildCard:BasicDefend+1","theWildCard:CallToAdventure","theWildCard:Arsene","theWildCard:Patience+1","theWildCard:ArcaneArts+1","theWildCard:SeveringSlash+1","theWildCard:PowerOfTheArcana+1","theWildCard:PaleRider+1","theWildCard:Lucifer+1","theWildCard:StingingStrike+1","theWildCard:MagicMettle+1","theWildCard:Salvation+1","theWildCard:Ruination+1","theWildCard:UnderLockAndKey","theWildCard:Providence+1","theWildCard:Unburden","theWildCard:ArcaneArts+1","theWildCard:TheArcanaUnleashed","theWildCard:SeveringSlash+1","theWildCard:StingingStrike+1","theWildCard:BladeOfGenerations+1","theWildCard:FinalHour+1","theWildCard:MaskChange+1","theWildCard:Abstinence","theWildCard:StingingStrike+1","theWildCard:TheGreatSeal+1","Madness","Madness","theWildCard:PowerOfTheArcana+1","Parasite"],"relics":["theWildCard:VelvetContract","Boot","Molten Egg 2","Bottled Tornado","theWildCard:FigureOfDeath","Meat on the Bone","White Beast Statue","Strawberry","CultistMask","Busted Crown","FossilizedHelix","Bag of Marbles","Pear","Incense Burner"],"acts_visited":["Exordium","TheCity","TheBeyond"],"potions_floor_usage":[14,16,22,25,33,38,50],"damage_taken":[{"damage":0,"enemies":"Jaw Worm","floor":1,"turns":4},{"damage":0,"enemies":"2 Louse","floor":2,"turns":2},{"damage":0,"enemies":"Cultist","floor":4,"turns":2},{"damage":0,"enemies":"Large Slime","floor":10,"turns":3},{"damage":4,"enemies":"Gremlin Gang","floor":12,"turns":2},{"damage":18,"enemies":"3 Sentries","floor":14,"turns":3},{"damage":0,"enemies":"Slime Boss","floor":16,"turns":4},{"damage":0,"enemies":"Spheric Guardian","floor":18,"turns":1},{"damage":0,"enemies":"Sentry and Sphere","floor":21,"turns":2},{"damage":0,"enemies":"Snake Plant","floor":22,"turns":2},{"damage":18,"enemies":"Centurion and Healer","floor":24,"turns":2},{"damage":6,"enemies":"Shelled Parasite and Fungi","floor":25,"turns":3},{"damage":4,"enemies":"Snecko","floor":27,"turns":3},{"damage":21,"enemies":"Book of Stabbing","floor":28,"turns":3},{"damage":12,"enemies":"Snake Plant","floor":31,"turns":3},{"damage":11,"enemies":"Collector","floor":33,"turns":6},{"damage":0,"enemies":"3 Darklings","floor":35,"turns":2},{"damage":23,"enemies":"3 Shapes","floor":36,"turns":2},{"damage":0,"enemies":"Mind Bloom Boss Battle","floor":37,"turns":2},{"damage":0,"enemies":"Jaw Worm Horde","floor":38,"turns":2},{"damage":22,"enemies":"Sphere and 2 Shapes","floor":41,"turns":4},{"damage":0,"enemies":"2 Orb Walkers","floor":45,"turns":2},{"damage":0,"enemies":"Writhing Mass","floor":48,"turns":3},{"damage":35,"enemies":"Donu and Deca","floor":50,"turns":6}],"seed_played":"-8657829259936897375","potions_obtained":[{"floor":1,"key":"Weak Potion"},{"floor":4,"key":"Explosive Potion"},{"floor":10,"key":"AttackPotion"},{"floor":14,"key":"SmokeBomb"},{"floor":22,"key":"Dexterity Potion"},{"floor":25,"key":"BlessingOfTheForge"},{"floor":27,"key":"GamblersBrew"},{"floor":28,"key":"LiquidBronze"},{"floor":31,"key":"PowerPotion"},{"floor":33,"key":"ColorlessPotion"},{"floor":35,"key":"SkillPotion"},{"floor":36,"key":"Energy Potion"},{"floor":38,"key":"DistilledChaos"}],"is_trial":false,"path_per_floor":["M","M","?","M","?","R","$","?","T","M","R","M","?","E","R","B",null,"M","?","$","M","M","R","M","M","T","M","E","R","?","M","R","B",null,"M","M","?","M","$","R","M","R","T","?","?","R","?","M","R","B",null],"character_chosen":"THE_WILD_CARD","items_purchased":["Boot","theWildCard:SeveringSlash","Meat on the Bone","Bag of Marbles","theWildCard:TheGreatSeal+1"],"campfire_rested":4,"item_purchase_floors":[7,7,20,39,39],"current_hp_per_floor":[66,66,66,66,53,53,53,53,53,53,53,49,49,31,50,50,66,66,66,66,66,66,66,48,42,42,40,38,59,59,49,70,61,73,73,50,50,50,50,50,42,42,52,42,42,42,42,42,66,43],"gold":106,"neow_bonus":"TEN_PERCENT_HP_BONUS","is_daily":false,"chose_seed":false,"campfire_upgraded":6,"win_rate":0.0,"timestamp":1611694822,"path_taken":["M","M","?","M","?","R","$","?","T","M","R","?","?","E","R","BOSS","M","?","$","M","M","R","?","M","T","?","E","R","?","?","R","BOSS","M","M","?","M","$","R","M","R","T","?","?","R","?","M","R","BOSS"],"items_purchased_type":["Relic","Card","Relic","Relic","Card"],"build_version":"2020-12-22","purchased_purges":1,"victory":true,"max_hp_per_floor":[66,66,66,66,66,66,66,66,66,66,66,66,66,66,66,66,66,66,66,66,66,66,66,66,66,66,66,73,73,73,73,73,73,73,73,73,73,73,73,73,73,73,83,83,83,83,83,83,83,83],"card_choices":[{"not_picked":["theWildCard:BladeOfGenerations","theWildCard:Abstinence"],"picked":"theWildCard:Salvation","floor":1},{"not_picked":["theWildCard:Odin","theWildCard:MaskChange"],"picked":"theWildCard:Patience","floor":2},{"not_picked":["theWildCard:SacrificialStroke","theWildCard:Salvation"],"picked":"theWildCard:ArcaneArts","floor":4},{"not_picked":["theWildCard:Loki","theWildCard:Unburden"],"picked":"theWildCard:StingingStrike+1","floor":10},{"not_picked":["theWildCard:StalwartBlade+1","theWildCard:Patience"],"picked":"theWildCard:MagicMettle","floor":12},{"not_picked":["theWildCard:Proficiency","theWildCard:Metatron"],"picked":"theWildCard:Salvation+1","floor":14},{"not_picked":["theWildCard:Lucifer","theWildCard:Desolation+1"],"picked":"theWildCard:Ruination+1","floor":16},{"not_picked":["theWildCard:MaskChange+1","theWildCard:StalwartBlade+1"],"picked":"theWildCard:UnderLockAndKey","floor":18},{"not_picked":["theWildCard:PowerOfTheArcana","theWildCard:ArcanaArtistry+1"],"picked":"theWildCard:Providence+1","floor":21},{"not_picked":["theWildCard:Metatron","theWildCard:Impatience"],"picked":"theWildCard:Unburden","floor":22},{"not_picked":["theWildCard:EnergizedStroke+1","theWildCard:Abstinence"],"picked":"theWildCard:ArcaneArts+1","floor":24},{"not_picked":["theWildCard:Michael","theWildCard:ArchaicAssault+1"],"picked":"theWildCard:TheArcanaUnleashed","floor":25},{"not_picked":["theWildCard:Safeguard","theWildCard:SacrificialStroke+1"],"picked":"theWildCard:SeveringSlash+1","floor":27},{"not_picked":["theWildCard:SeveringSlash+1","theWildCard:Unburden+1"],"picked":"theWildCard:StingingStrike+1","floor":28},{"not_picked":["theWildCard:ShieldOfMany","theWildCard:ArcaneArts"],"picked":"theWildCard:BladeOfGenerations+1","floor":31},{"not_picked":["theWildCard:Amaterasu","theWildCard:Lucifer"],"picked":"theWildCard:FinalHour","floor":33},{"not_picked":["theWildCard:StalwartBlade+1"],"picked":"SKIP","floor":35},{"not_picked":[],"picked":"theWildCard:MaskChange+1","floor":36},{"not_picked":[],"picked":"theWildCard:Abstinence","floor":37},{"not_picked":[],"picked":"theWildCard:StingingStrike+1","floor":38},{"not_picked":["theWildCard:Polydeuces+1"],"picked":"SKIP","floor":41},{"not_picked":[],"picked":"theWildCard:PowerOfTheArcana+1","floor":45},{"not_picked":["theWildCard:SacrificialStroke+1"],"picked":"SKIP","floor":48}],"player_experience":98581,"relics_obtained":[{"floor":9,"key":"Molten Egg 2"},{"floor":14,"key":"Bottled Tornado"},{"floor":26,"key":"White Beast Statue"},{"floor":28,"key":"Strawberry"},{"floor":37,"key":"FossilizedHelix"},{"floor":43,"key":"Pear"},{"floor":45,"key":"Incense Burner"}],"event_choices":[{"damage_healed":0,"gold_gain":62,"player_choice":"Gained Gold","damage_taken":0,"max_hp_gain":0,"max_hp_loss":0,"event_name":"Golden Wing","floor":3,"gold_loss":0},{"damage_healed":0,"gold_gain":0,"player_choice":"Entered Light","damage_taken":13,"max_hp_gain":0,"max_hp_loss":0,"event_name":"Shining Light","floor":5,"gold_loss":0,"cards_upgraded":["theWildCard:BasicDefend","theWildCard:BasicDefend"]},{"damage_healed":0,"gold_gain":0,"player_choice":"3 cards matched","damage_taken":0,"max_hp_gain":0,"max_hp_loss":0,"event_name":"Match and Keep!","floor":8,"gold_loss":0,"cards_obtained":["theWildCard:PowerOfTheArcana","theWildCard:PaleRider","theWildCard:Lucifer"]},{"damage_healed":0,"gold_gain":0,"player_choice":"Grow","damage_taken":0,"max_hp_gain":0,"max_hp_loss":0,"event_name":"Living Wall","floor":13,"gold_loss":0,"cards_upgraded":["theWildCard:Lucifer"]},{"damage_healed":0,"gold_gain":0,"player_choice":"Forge","damage_taken":0,"max_hp_gain":0,"max_hp_loss":0,"event_name":"Accursed Blacksmith","floor":19,"gold_loss":0,"cards_upgraded":["theWildCard:MagicMettle"]},{"damage_healed":0,"gold_gain":0,"player_choice":"Trade","damage_taken":0,"relics_obtained":["CultistMask"],"max_hp_gain":0,"max_hp_loss":0,"event_name":"FaceTrader","floor":30,"gold_loss":0},{"damage_healed":0,"gold_gain":0,"player_choice":"Fight","damage_taken":0,"max_hp_gain":0,"max_hp_loss":0,"event_name":"MindBloom","floor":37,"gold_loss":0},{"damage_healed":0,"gold_gain":0,"player_choice":"Embrace Madness","damage_taken":10,"max_hp_gain":0,"max_hp_loss":0,"event_name":"Winding Halls","floor":44,"gold_loss":0,"cards_obtained":["Madness","Madness"]},{"damage_healed":0,"gold_gain":0,"player_choice":"Fight","damage_taken":0,"max_hp_gain":0,"max_hp_loss":0,"event_name":"Mysterious Sphere","floor":45,"gold_loss":0},{"cards_removed":["theWildCard:Salvation"],"damage_healed":0,"gold_gain":0,"player_choice":"Removed Attack","damage_taken":0,"max_hp_gain":0,"max_hp_loss":0,"event_name":"Falling","floor":47,"gold_loss":0}],"is_beta":false,"boss_relics":[{"not_picked":["Sozu","Calling Bell"],"picked":"theWildCard:FigureOfDeath"},{"not_picked":["Astrolabe","Snecko Eye"],"picked":"Busted Crown"}],"items_purged_floors":[39],"is_endless":false,"potions_floor_spawned":[1,4,10,14,22,25,27,28,31,33,35,36,37,38,41,45,48],"ascension_level":0}}