{"host":"qfskrnw3pl1q86j0","time":1611693827,"event":{"mods":["BaseMod","Block Reminder","Hermit","Marisa????????","Minty Spire (QoL Compilation)","Quick Restart","Random Character Button","Relic Stats","StSLib","The Poker Player","slay the spire mod where everything is the same but ironclad has a cowboy hat"],"gold_per_floor":[110,33,49,224,8,8,42,42,96,96,110,110,150,193,193,370,370,438,452,452,452,452,452,134,134,159,159,159,234,234,269,269,386,386,462,462,63,111,111,111,129,202,226,284,284,302,302,317,317,317],"floor_reached":51,"language":"ENG","playtime":1360,"items_purged":["Doubt","Strike_MRS","Strike_MRS"],"score":880,"play_id":"2d6b89c7-81b8-4c9a-8bcc-3e42abe66f50","local_time":"20210126214347","is_ascension_mode":false,"campfire_choices":[{"data":"MasterSpark","floor":6.0,"key":"SMITH"},{"data":"MilkyWay","floor":12.0,"key":"SMITH"},{"data":"OortCloud","floor":15,"key":"SMITH"},{"data":"EnergyFlow","floor":23,"key":"SMITH"},{"data":"EnergyFlow","floor":25,"key":"SMITH"},{"data":"MilkyWay","floor":28,"key":"SMITH"},{"data":"GrandCross","floor":32,"key":"SMITH"},{"data":"EnergyFlow","floor":40,"key":"SMITH"},{"data":"GrandCross","floor":45,"key":"SMITH"},{"data":"PulseMagic","floor":47,"key":"SMITH"},{"floor":49,"key":"REST"}],"circlet_count":0,"master_deck":["Defend_MRS","Defend_MRS","Defend_MRS","MasterSpark+1","UpSweep+1","DoubleSpark+1","OortCloud+1","MilkyWay+1","EnergyFlow+1","Robbery","GrandCross+1","EnergyFlow+1","MilkyWay+1","MilkyWay+1","PulseMagic+1","GrandCross+1","ShootTheMoon","AlicesGift+1","AsteroidBelt+1","EnergyFlow+1","OortCloud+1"],"relics":["MiniHakkero","NeowsBlessing","Membership Card","Vajra","Bloody Idol","Whetstone","GremlinMask","Bronze Scales","Sozu","Sundial","Orrery","Letter Opener","Ancient Tea Set","Dream Catcher","Empty Cage","Lee\u0027s Waffle","Pocketwatch","Omamori","Pen Nib"],"acts_visited":["Exordium","TheCity","TheBeyond"],"potions_floor_usage":[46],"damage_taken":[{"damage":0.0,"enemies":"2 Louse","floor":1.0,"turns":1.0},{"damage":0.0,"enemies":"Jaw Worm","floor":3.0,"turns":1.0},{"damage":0.0,"enemies":"Gremlin Nob","floor":7.0,"turns":1.0},{"damage":0.0,"enemies":"Small Slimes","floor":11.0,"turns":3.0},{"damage":3.0,"enemies":"2 Fungi Beasts","floor":13.0,"turns":3.0},{"damage":7,"enemies":"Lagavulin","floor":14,"turns":5},{"damage":0,"enemies":"Slime Boss","floor":16,"turns":5},{"damage":0,"enemies":"Chosen","floor":18,"turns":4},{"damage":2,"enemies":"Spheric Guardian","floor":19,"turns":3},{"damage":0,"enemies":"Centurion and Healer","floor":29,"turns":5},{"damage":0,"enemies":"Shelled Parasite and Fungi","floor":31,"turns":6},{"damage":0,"enemies":"Automaton","floor":33,"turns":6},{"damage":2,"enemies":"3 Shapes","floor":35,"turns":4},{"damage":0,"enemies":"Orb Walker","floor":38,"turns":3},{"damage":1,"enemies":"Writhing Mass","floor":41,"turns":4},{"damage":0,"enemies":"Sphere and 2 Shapes","floor":42,"turns":4},{"damage":11,"enemies":"4 Shapes","floor":44,"turns":5},{"damage":0,"enemies":"3 Darklings","floor":46,"turns":3},{"damage":17,"enemies":"Jaw Worm Horde","floor":48,"turns":3},{"damage":8,"enemies":"Time Eater","floor":50,"turns":6}],"seed_played":"8900974624911983996","potions_obtained":[{"floor":1.0,"key":"Explosive Potion"},{"floor":11.0,"key":"BottledSpark"},{"floor":14,"key":"DistilledChaos"}],"is_trial":false,"path_per_floor":["M","$","M","?","$","R","E","?","T","?","M","R","M","E","R","B",null,"M","M","?","?","?","R","$","R","T","?","R","M","?","M","R","B",null,"M","?","$","M","?","R","M","M","T","M","R","M","R","M","R","B",null],"character_chosen":"MARISA","items_purchased":["OortCloud","Membership Card","MilkyWay","Orrery","Letter Opener","Ancient Tea Set","Lee\u0027s Waffle","Pocketwatch","Omamori","EnergyFlow"],"campfire_rested":1,"item_purchase_floors":[2,5,5,24,24,24,37,37,37,37],"current_hp_per_floor":[75,75,75,75,75,75,75,69,69,69,69,69,66,59,59,59,69,69,67,67,67,67,67,67,67,69,69,69,69,69,69,69,69,69,69,69,76,76,76,76,76,76,76,75,75,76,76,64,76,68],"gold":317,"neow_bonus":"THREE_ENEMY_KILL","is_daily":false,"chose_seed":false,"campfire_upgraded":10,"win_rate":0.0,"timestamp":1611693827,"path_taken":["M","$","M","?","$","R","E","?","T","?","M","R","M","E","R","BOSS","M","?","?","?","?","R","$","R","T","?","R","M","?","M","R","BOSS","M","?","$","?","?","R","M","M","T","M","R","M","R","M","R","BOSS"],"items_purchased_type":["Card","Relic","Card","Relic","Relic","Relic","Relic","Relic","Relic","Card"],"build_version":"2020-12-22","purchased_purges":3,"victory":true,"max_hp_per_floor":[75,75,75,75,75,75,75,69,69,69,69,69,69,69,69,69,69,69,69,69,69,69,69,69,69,69,69,69,69,69,69,69,69,69,69,69,76,76,76,76,76,76,76,76,76,76,76,76,76,76],"relic_stats":{"Sozu":9,"Dream Catcher":1,"Lee\u0027s Waffle":7,"counters":[20,75],"Sundial":[6],"Bloody Idol":21,"Bronze Scales":[120],"Pen Nib":[2],"Whetstone":["DoubleSpark","UpSweep"],"Letter Opener":[85],"obtain_stats":[{"Lee\u0027s Waffle":37,"NeowsBlessing":0,"Golden Idol":8,"Vajra":7,"GremlinMask":10,"Pen Nib":43,"Omamori":37,"Whetstone":9,"Letter Opener":24,"Ancient Tea Set":24,"Empty Cage":34,"Sozu":17,"Dream Catcher":26,"Sundial":21,"Bronze Scales":14,"Bloody Idol":20,"Orrery":24,"MiniHakkero":0,"Membership Card":5,"Pocketwatch":37},{"Lee\u0027s Waffle":13,"NeowsBlessing":0,"Golden Idol":3,"Vajra":3,"GremlinMask":3,"Pen Nib":16,"Omamori":13,"Whetstone":3,"Letter Opener":9,"Ancient Tea Set":9,"Empty Cage":12,"Sozu":7,"Dream Catcher":9,"Sundial":9,"Bronze Scales":6,"Bloody Idol":9,"Orrery":9,"MiniHakkero":0,"Membership Card":2,"Pocketwatch":13},{"Lee\u0027s Waffle":47,"NeowsBlessing":0,"Golden Idol":3,"Vajra":3,"GremlinMask":3,"Pen Nib":58,"Omamori":47,"Whetstone":3,"Letter Opener":26,"Ancient Tea Set":26,"Empty Cage":43,"Sozu":19,"Dream Catcher":26,"Sundial":26,"Bronze Scales":14,"Bloody Idol":26,"Orrery":26,"MiniHakkero":0,"Membership Card":2,"Pocketwatch":47}],"Pocketwatch":[24]},"card_choices":[{"not_picked":["DragonMeteor","MeteoricShower"],"picked":"DoubleSpark","floor":1.0},{"not_picked":["RefractionSpark","PropBag"],"picked":"SporeBomb","floor":3.0},{"not_picked":["LuminesStrike","DoubleSpark"],"picked":"EnergyFlow","floor":7.0},{"not_picked":["LuminesStrike","StarlightTyphoon"],"picked":"Robbery","floor":11.0},{"not_picked":["AlicesGift","Robbery"],"picked":"GrandCross","floor":13.0},{"not_picked":["MagicAbsorber","6A"],"picked":"EnergyFlow","floor":14},{"not_picked":["ShootTheMoon","WitchOfGreed+1"],"picked":"MilkyWay+1","floor":18},{"not_picked":["LuminesStrike","GalacticHalo"],"picked":"MilkyWay","floor":19},{"not_picked":["AlicesGift+1","Orbital"],"picked":"PulseMagic","floor":24},{"not_picked":["ShootingEcho","6A"],"picked":"GrandCross","floor":24},{"not_picked":["LuminesStrike","PowerUp"],"picked":"ShootTheMoon","floor":24},{"not_picked":["PulseMagic","SporeBomb"],"picked":"AlicesGift+1","floor":29},{"not_picked":["Singularity","DoubleSpark+1"],"picked":"AsteroidBelt+1","floor":31},{"not_picked":["SporeBomb+1","LuminesStrike","UnstableBomb"],"picked":"SKIP","floor":35},{"not_picked":["SporeBomb+1","DoubleSpark+1","PowerUp+1"],"picked":"SKIP","floor":38},{"not_picked":["MagicAbsorber+1","OrrerysSun+1","GravityBeat+1"],"picked":"SKIP","floor":41},{"not_picked":["IllusionStar","StarDustReverie","SprinkleStarSeal"],"picked":"SKIP","floor":42},{"not_picked":["NonDirectionalLaser+1","MagicChant","DC"],"picked":"SKIP","floor":44},{"not_picked":["MysteriousBeam+1","GravityBeat"],"picked":"OortCloud+1","floor":46},{"not_picked":["UnstableBomb","6A","DoubleSpark+1"],"picked":"SKIP","floor":48}],"player_experience":1007661,"relics_obtained":[{"floor":7.0,"key":"Vajra"},{"floor":9.0,"key":"Whetstone"},{"floor":14,"key":"Bronze Scales"},{"floor":26,"key":"Dream Catcher"},{"floor":43,"key":"Pen Nib"}],"event_choices":[{"damage_healed":0.0,"max_hp_gain":0.0,"max_hp_loss":0.0,"gold_gain":175.0,"event_name":"Liars Game","player_choice":"AGREE","floor":4.0,"gold_loss":0.0,"damage_taken":0.0,"cards_obtained":["Doubt"]},{"damage_healed":0.0,"max_hp_gain":0.0,"max_hp_loss":6.0,"gold_gain":0.0,"event_name":"Golden Idol","player_choice":"Lose Max HP","floor":8.0,"gold_loss":0.0,"damage_taken":0.0,"relics_obtained":["Golden Idol"]},{"damage_healed":0.0,"max_hp_gain":0.0,"max_hp_loss":0.0,"gold_gain":0.0,"event_name":"FaceTrader","player_choice":"Trade","floor":10.0,"gold_loss":0.0,"damage_taken":0.0,"relics_obtained":["GremlinMask"]},{"damage_healed":0,"gold_gain":0,"player_choice":"Gave Idol","damage_taken":0,"relics_obtained":["Bloody Idol"],"max_hp_gain":0,"max_hp_loss":0,"event_name":"Forgotten Altar","floor":20,"relics_lost":["Golden Idol"],"gold_loss":0},{"damage_healed":0,"gold_gain":0,"player_choice":"Opened","damage_taken":0,"relics_obtained":["Sundial"],"max_hp_gain":0,"max_hp_loss":0,"event_name":"The Mausoleum","floor":21,"gold_loss":0},{"damage_healed":0,"gold_gain":0,"player_choice":"Ignored","damage_taken":0,"max_hp_gain":0,"max_hp_loss":0,"event_name":"Ghosts","floor":22,"gold_loss":0},{"damage_healed":0,"gold_gain":0,"player_choice":"Ignored","damage_taken":0,"max_hp_gain":0,"max_hp_loss":0,"event_name":"Vampires","floor":27,"gold_loss":0},{"cards_removed":["Strike_MRS"],"damage_healed":0,"gold_gain":0,"player_choice":"Offered Basic","damage_taken":0,"max_hp_gain":0,"max_hp_loss":0,"event_name":"Bonfire Elementals","floor":30,"gold_loss":0},{"damage_healed":0,"gold_gain":0,"player_choice":"Got Potions","damage_taken":0,"max_hp_gain":0,"max_hp_loss":0,"event_name":"Lab","floor":36,"gold_loss":0},{"cards_removed":["SporeBomb"],"damage_healed":0,"gold_gain":0,"player_choice":"Removed Skill","damage_taken":0,"max_hp_gain":0,"max_hp_loss":0,"event_name":"Falling","floor":39,"gold_loss":0}],"is_beta":false,"boss_relics":[{"not_picked":["Cursed Key","RampagingMagicTools"],"picked":"Sozu"},{"not_picked":["Snecko Eye","Runic Dome"],"picked":"Empty Cage"}],"items_purged_floors":[5,24,37],"is_endless":false,"potions_floor_spawned":[1,11,14,19,33,38,42,44,48],"ascension_level":0}}