{"host":"6xsbn6ynqlzwllfm","time":1611704299,"event":{"mods":["2.2 Compatiblity","BaseMod","Bestiary","Colored Map","Colored Powertips","Curses Come First","Highlight Path","Keyboard Shortcuts","Minty Spire (QoL Compilation)","Relic Stats","Slay the Relics Exporter","StSLib","SuperFastMode"],"gold_per_floor":[116,191,102,114,39,39,68,87,110,145,145,167,194,207,207,284,284,299,33,303,319,332,332,366,366,366,395,16,43,54,79,79,79,79],"floor_reached":33,"language":"ENG","playtime":1065,"items_purged":["Strike_R"],"score":782,"play_id":"0aaf2e8b-3d1d-4e06-b7b1-80cee9de09d9","local_time":"20210126183819","is_ascension_mode":true,"campfire_choices":[{"data":"Bludgeon","floor":6,"key":"SMITH"},{"data":"Spot Weakness","floor":11,"key":"SMITH"},{"data":"Bash","floor":15,"key":"SMITH"},{"data":"Rage","floor":23,"key":"SMITH"},{"floor":25,"key":"REST"},{"data":"Double Tap","floor":32,"key":"SMITH"}],"circlet_count":0,"master_deck":["AscendersBane","Strike_R","Strike_R","Strike_R","Strike_R","Defend_R","Defend_R","Defend_R","Defend_R","Bash+1","Cleave","Bludgeon+1","Battle Trance","Cleave","Battle Trance","Spot Weakness+1","Shrug It Off","Headbutt","Dark Shackles","Thunderclap","Rage+1","Double Tap+1","Power Through+1","Flame Barrier"],"relics":["Burning Blood","NeowsBlessing","Anchor","Ancient Tea Set","Paper Frog","Odd Mushroom","Bronze Scales","Runic Pyramid","Sling","Mango","Oddly Smooth Stone","Nunchaku","Bag of Marbles","Akabeko","Orichalcum","Letter Opener"],"acts_visited":["Exordium","TheCity"],"potions_floor_usage":[10,18,21,24,33,33],"damage_taken":[{"damage":0,"enemies":"Small Slimes","floor":1,"turns":1},{"damage":0,"enemies":"Jaw Worm","floor":4,"turns":1},{"damage":0,"enemies":"Lagavulin","floor":7,"turns":1},{"damage":1,"enemies":"Cultist","floor":8,"turns":3},{"damage":10,"enemies":"3 Sentries","floor":10,"turns":5},{"damage":0,"enemies":"The Mushroom Lair","floor":12,"turns":3},{"damage":32,"enemies":"Lagavulin","floor":13,"turns":5},{"damage":1,"enemies":"Looter","floor":14,"turns":2},{"damage":38,"enemies":"Slime Boss","floor":16,"turns":10},{"damage":13,"enemies":"3 Byrds","floor":18,"turns":4},{"damage":0,"enemies":"2 Thieves","floor":21,"turns":4},{"damage":0,"enemies":"Centurion and Healer","floor":22,"turns":6},{"damage":9,"enemies":"Book of Stabbing","floor":24,"turns":3},{"damage":25,"enemies":"Slavers","floor":27,"turns":4},{"damage":0,"enemies":"Gremlin Leader","floor":29,"turns":4},{"damage":16,"enemies":"Sentry and Sphere","floor":30,"turns":5},{"damage":4,"enemies":"Book of Stabbing","floor":31,"turns":3},{"damage":73,"enemies":"Automaton","floor":33,"turns":8}],"seed_played":"5192882091241958627","potions_obtained":[{"floor":1,"key":"Dexterity Potion"},{"floor":7,"key":"LiquidMemories"},{"floor":16,"key":"AttackPotion"},{"floor":18,"key":"SmokeBomb"},{"floor":21,"key":"BlessingOfTheForge"},{"floor":30,"key":"DuplicationPotion"}],"is_trial":false,"path_per_floor":["M","?","$","M","$","R","E","M","T","E","R","?","E","M","R","B",null,"M","$","?","M","M","R","E","R","T","E","$","E","M","E","R","B"],"character_chosen":"IRONCLAD","items_purchased":["Bludgeon","Sling","Dark Shackles","Bag of Marbles","Akabeko","BloodPotion"],"campfire_rested":1,"item_purchase_floors":[3,19,19,28,28,28],"current_hp_per_floor":[74,63,63,69,69,69,75,75,75,71,71,75,49,54,54,22,62,55,55,28,34,40,40,51,77,77,58,58,64,54,56,56,0,0],"gold":79,"neow_bonus":"THREE_ENEMY_KILL","is_daily":false,"chose_seed":false,"campfire_upgraded":5,"win_rate":0.0,"timestamp":1611704299,"path_taken":["M","?","$","M","$","R","E","M","T","E","R","?","E","M","R","BOSS","M","$","?","M","?","R","E","R","T","E","$","E","M","E","R","BOSS"],"items_purchased_type":["Card","Relic","Card","Relic","Relic","Potion"],"build_version":"2020-12-22","purchased_purges":1,"victory":false,"max_hp_per_floor":[75,75,75,75,75,75,75,75,75,75,75,75,75,75,75,75,75,75,75,75,75,75,75,89,89,89,89,89,89,89,89,89,89,89],"relic_stats":{"Nunchaku":[3],"counters":[18,72],"Bronze Scales":[146],"Letter Opener":[5],"Orichalcum":[24],"obtain_stats":[{"NeowsBlessing":0,"Oddly Smooth Stone":26,"Mango":24,"Letter Opener":31,"Odd Mushroom":12,"Orichalcum":29,"Ancient Tea Set":9,"Sling":19,"Burning Blood":0,"Akabeko":28,"Anchor":7,"Nunchaku":27,"Bronze Scales":13,"Bag of Marbles":28,"Paper Frog":10,"Runic Pyramid":17},{"NeowsBlessing":0,"Oddly Smooth Stone":13,"Mango":13,"Letter Opener":17,"Odd Mushroom":6,"Orichalcum":15,"Ancient Tea Set":4,"Sling":10,"Burning Blood":0,"Akabeko":14,"Anchor":3,"Nunchaku":14,"Bronze Scales":7,"Bag of Marbles":14,"Paper Frog":5,"Runic Pyramid":9},{"NeowsBlessing":0,"Oddly Smooth Stone":48,"Mango":48,"Letter Opener":64,"Odd Mushroom":14,"Orichalcum":56,"Ancient Tea Set":6,"Sling":35,"Burning Blood":0,"Akabeko":52,"Anchor":3,"Nunchaku":52,"Bronze Scales":19,"Bag of Marbles":52,"Paper Frog":11,"Runic Pyramid":31}],"Burning Blood":95},"card_choices":[{"not_picked":["Power Through","Shrug It Off"],"picked":"Cleave","floor":1},{"not_picked":["Searing Blow","Heavy Blade"],"picked":"Battle Trance","floor":4},{"not_picked":["Iron Wave","Limit Break"],"picked":"Cleave","floor":7},{"not_picked":["Rage","Shrug It Off"],"picked":"Battle Trance","floor":8},{"not_picked":["Iron Wave","Heavy Blade"],"picked":"Spot Weakness","floor":10},{"not_picked":["Warcry","Clash"],"picked":"Shrug It Off","floor":12},{"not_picked":["Rage","Armaments"],"picked":"Headbutt","floor":14},{"not_picked":["Twin Strike","Pommel Strike","Iron Wave"],"picked":"SKIP","floor":18},{"not_picked":["Ghostly Armor","Sword Boomerang"],"picked":"Thunderclap","floor":21},{"not_picked":["Body Slam","Second Wind+1"],"picked":"Rage","floor":22},{"not_picked":["Twin Strike+1","Burning Pact+1"],"picked":"Double Tap","floor":27},{"not_picked":["Perfected Strike","Sentinel"],"picked":"Power Through+1","floor":30},{"not_picked":["Entrench","Rampage"],"picked":"Flame Barrier","floor":31}],"player_experience":1148845,"relics_obtained":[{"floor":7,"key":"Anchor"},{"floor":9,"key":"Ancient Tea Set"},{"floor":10,"key":"Paper Frog"},{"floor":12,"key":"Odd Mushroom"},{"floor":13,"key":"Bronze Scales"},{"floor":24,"key":"Mango"},{"floor":26,"key":"Oddly Smooth Stone"},{"floor":27,"key":"Nunchaku"},{"floor":29,"key":"Orichalcum"},{"floor":31,"key":"Letter Opener"}],"event_choices":[{"damage_healed":0,"gold_gain":75,"player_choice":"Gather Gold","damage_taken":11,"max_hp_gain":0,"max_hp_loss":0,"event_name":"World of Goop","floor":2,"gold_loss":0},{"damage_healed":0,"gold_gain":0,"player_choice":"Fought Mushrooms","damage_taken":0,"max_hp_gain":0,"max_hp_loss":0,"event_name":"Mushrooms","floor":12,"gold_loss":0},{"damage_healed":0,"gold_gain":270,"player_choice":"GOLD GOLD GOLD ","damage_taken":27,"max_hp_gain":0,"max_hp_loss":0,"event_name":"Knowing Skull","floor":20,"potions_obtained":[],"gold_loss":0,"cards_obtained":[]}],"is_beta":false,"boss_relics":[{"not_picked":["Mark of Pain","Black Star"],"picked":"Runic Pyramid"}],"items_purged_floors":[5],"is_endless":false,"potions_floor_spawned":[1,7,8,16,18,21,30],"killed_by":"Automaton","ascension_level":20}}