{"host":"kwnpvqmnt47pmyi1","time":1611676773,"event":{"mods":["AchievementEnabler","BaseMod","Bestiary","BetterRewards","Downfall","Hermit","Hubris","Marisa????????","Minty Spire (QoL Compilation)","Random Character Mod","Reliquary","Replay The Spire","StSLib","The Marked","The Servant 0.9.4"],"gold_per_floor":[117,117,117,117,135,166,166,184,208,224,258,277,277,291,291,291,291],"floor_reached":16,"language":"ENG","playtime":1324,"items_purged":[],"score":144,"play_id":"9ff84cad-9ffb-45d2-b766-786ceead0870","local_time":"20210126075933","is_ascension_mode":true,"campfire_choices":[{"floor":15,"key":"DIG"}],"circlet_count":0,"master_deck":["Strike_R","Strike_R","Strike_R","Strike_R","Strike_R","Defend_R","Defend_R","Defend_R","Defend_R","Bash","Twin Strike+1","Iron Wave","hubris:ReadiedAction","Heavy Blade","Pot Of Greed","Pot Of Greed","ReplayTheSpireMod:Corrosion Curse"],"relics":["Burning Blood","NeowsBlessing","Smiling Mask","Grinning Jar","Iron Hammer","Calipers"],"acts_visited":["Exordium"],"potions_floor_usage":[16,16],"damage_taken":[{"damage":0,"enemies":"Small Slimes","floor":1,"turns":1},{"damage":0,"enemies":"Jaw Worm","floor":5,"turns":1},{"damage":0,"enemies":"Lagavulin","floor":6,"turns":1},{"damage":0,"enemies":"2 Louse","floor":8,"turns":2},{"damage":7,"enemies":"Exordium Thugs","floor":10,"turns":4},{"damage":28,"enemies":"3 Sentries","floor":11,"turns":10},{"damage":2,"enemies":"2 Fungi Beasts","floor":12,"turns":3},{"damage":2,"enemies":"Blue Slaver","floor":14,"turns":3},{"damage":82,"enemies":"Slime Boss","floor":16,"turns":14}],"seed_played":"1270921453521118935","potions_obtained":[{"floor":6,"key":"BloodPotion"},{"floor":8,"key":"LiquidBronze"},{"floor":11,"key":"sneckomod:MuddlingPotion"},{"floor":12,"key":"Languid Potion"}],"is_trial":false,"path_per_floor":["M","?","?","?","M","E","?","M","T","M","E","M","$","M","R","B"],"character_chosen":"IRONCLAD","items_purchased":[],"campfire_rested":0,"item_purchase_floors":[],"current_hp_per_floor":[80,80,80,80,80,80,80,80,80,79,57,61,61,65,65,0,0],"gold":291,"neow_bonus":"THREE_ENEMY_KILL","is_daily":false,"chose_seed":false,"campfire_upgraded":0,"win_rate":0.0,"timestamp":1611676773,"path_taken":["M","?","?","?","M","E","?","M","T","M","E","M","$","M","R","BOSS"],"items_purchased_type":[],"build_version":"2020-12-22","purchased_purges":0,"victory":false,"max_hp_per_floor":[80,80,80,80,80,80,80,80,80,80,80,80,80,80,80,80,80],"card_choices":[{"not_picked":["Iron Wave","Body Slam"],"picked":"Twin Strike","floor":1},{"not_picked":["Headbutt","Shrug It Off"],"picked":"Iron Wave","floor":5},{"not_picked":["ReplayTheSpireMod:Corrosion Curse","Spot Weakness"],"picked":"hubris:ReadiedAction","floor":6},{"not_picked":["Bludgeon","Evolve"],"picked":"Heavy Blade","floor":8},{"not_picked":["True Grit","ReplayTheSpireMod:Strike From Hell","Blood for Blood"],"picked":"SKIP","floor":10},{"not_picked":["hubris:ReadiedAction","True Grit","Perfected Strike"],"picked":"SKIP","floor":11},{"not_picked":["Entrench","Sentinel"],"picked":"ReplayTheSpireMod:Corrosion Curse","floor":12},{"not_picked":["Bloodletting","Clash","Flex"],"picked":"SKIP","floor":14}],"player_experience":259651,"relics_obtained":[{"floor":6,"key":"Smiling Mask"},{"floor":9,"key":"Grinning Jar"},{"floor":11,"key":"Iron Hammer"},{"floor":15,"key":"Calipers"}],"event_choices":[{"damage_healed":0,"gold_gain":0,"player_choice":"Ignored","damage_taken":0,"max_hp_gain":0,"max_hp_loss":0,"event_name":"Golden Wing","floor":3,"gold_loss":0},{"damage_healed":0,"gold_gain":0,"player_choice":"Leave","damage_taken":0,"max_hp_gain":0,"max_hp_loss":0,"event_name":"The Cleric","floor":4,"gold_loss":0}],"is_beta":false,"boss_relics":[],"items_purged_floors":[],"is_endless":false,"potions_floor_spawned":[6,8,11,12],"killed_by":"Slime Boss","ascension_level":1}}