{"host":"39cwv5sgq9xx7422","time":1611665536,"event":{"mods":["BaseMod","Colored Map","Downfall","Minty Spire (QoL Compilation)","Permanent Neow","StSLib"],"gold_per_floor":[99,117,267,267,267,297,297,297,365,201,221,221,16,44,62,62,62,62],"floor_reached":16,"language":"ENG","playtime":762,"items_purged":["bronze:Strike","bronze:Defend"],"score":108,"play_id":"3de0b04a-0df5-4096-9e74-3fcba03dff2c","local_time":"20210126135216","is_ascension_mode":false,"campfire_choices":[{"data":"bronze:Replicate","floor":1,"key":"SMITH"},{"data":"bronze:Goto","floor":8,"key":"SMITH"},{"data":"bronze:Terminator","floor":12,"key":"SMITH"}],"circlet_count":0,"master_deck":["bronze:Strike","bronze:Strike","bronze:Defend","bronze:Defend","bronze:Replicate+1","bronze:Goto+1","bronze:ClassDefault","bronze:ChildClass","bronze:WhirlingStrike","bronze:Frontload","bronze:Terminator+1","bronze:ForceShield","expansioncontent:Chronoboost"],"relics":["bronze:BronzeCore","SsserpentHead","Pen Nib","bronze:CableSpool","Shuriken"],"acts_visited":["Exordium"],"potions_floor_usage":[],"damage_taken":[{"damage":3,"enemies":"2 Louse","floor":2,"turns":3},{"damage":34,"enemies":"3 Sentries","floor":6,"turns":9},{"damage":0,"enemies":"Cultist","floor":9,"turns":2},{"damage":0,"enemies":"downfall:FleeingMerchant","floor":10,"turns":4},{"damage":0,"enemies":"Jaw Worm","floor":11,"turns":4},{"damage":0,"enemies":"downfall:FleeingMerchant","floor":13,"turns":4},{"damage":17,"enemies":"Gremlin Nob","floor":14,"turns":5},{"damage":0,"enemies":"2 Fungi Beasts","floor":15,"turns":2},{"damage":20,"enemies":"IC_STATUS_ARCHETYPE","floor":16,"turns":2}],"seed_played":"-955685121461217622","potions_obtained":[{"floor":6,"key":"bronze:CleanCodePotion"},{"floor":9,"key":"Explosive Potion"},{"floor":15,"key":"Strength Potion"}],"is_trial":false,"path_per_floor":["R","M","?","?","?","E","T","R","M","$","M","R","$","E","M","B"],"character_chosen":"THE_AUTOMATON","items_purchased":["bronze:Frontload","bronze:Terminator","expansioncontent:Chronoboost"],"campfire_rested":0,"item_purchase_floors":[10,10,13],"current_hp_per_floor":[63,60,60,60,60,26,26,26,26,26,26,26,26,9,9,0,0,0],"gold":62,"neow_bonus":"REMOVE_TWO","is_daily":false,"chose_seed":false,"campfire_upgraded":3,"win_rate":0.0,"timestamp":1611665536,"path_taken":["R","M","?","?","?","E","T","R","?","?","M","R","$","E","M","BOSS"],"items_purchased_type":["Card","Card","Card"],"build_version":"2020-12-22","purchased_purges":2,"victory":false,"max_hp_per_floor":[63,63,63,63,63,63,63,63,63,63,63,63,63,63,63,63,63,63],"card_choices":[{"not_picked":["bronze:BitShift","bronze:Frontload"],"picked":"bronze:ClassDefault","floor":2},{"not_picked":["bronze:GetLatest","bronze:Overheat"],"picked":"bronze:ChildClass","floor":6},{"not_picked":["bronze:Optimize","bronze:WildBeam"],"picked":"bronze:WhirlingStrike","floor":9},{"not_picked":["bronze:Optimize","bronze:WhirlingStrike","bronze:Safeguard"],"picked":"SKIP","floor":10},{"not_picked":["bronze:DigitalCarnage","bronze:Refactor","bronze:BronzeArmor"],"picked":"SKIP","floor":11},{"not_picked":["bronze:ItsAFeature","bronze:Philosophize"],"picked":"bronze:ForceShield","floor":13},{"not_picked":["bronze:Iterate","bronze:CutThrough","bronze:ForceShield"],"picked":"SKIP","floor":14},{"not_picked":["bronze:Optimize","bronze:CutThrough","bronze:Deprecate"],"picked":"SKIP","floor":15}],"player_experience":629954,"relics_obtained":[{"floor":6,"key":"Pen Nib"},{"floor":7,"key":"bronze:CableSpool"},{"floor":14,"key":"Shuriken"}],"event_choices":[{"cards_removed":["downfall:Icky"],"damage_healed":0,"gold_gain":0,"player_choice":"Card Removal","damage_taken":0,"max_hp_gain":0,"max_hp_loss":0,"event_name":"The Cleric","floor":4,"gold_loss":0},{"damage_healed":0,"gold_gain":0,"player_choice":"Trade","damage_taken":0,"relics_obtained":["SsserpentHead"],"max_hp_gain":0,"max_hp_loss":0,"event_name":"FaceTrader","floor":5,"gold_loss":0}],"is_beta":false,"boss_relics":[],"items_purged_floors":[10,13],"is_endless":false,"potions_floor_spawned":[6,9,15],"killed_by":"IC_STATUS_ARCHETYPE","ascension_level":0}}