{"host":"zrtolk9726p85qr7","time":1611627342,"event":{"mods":["BaseMod","BetterRewards","Colored Powertips","Minty Spire (QoL Compilation)","Permanent Neow","Quick Restart","Spire Arcade","StSLib","The Animator","The Necromancer"],"gold_per_floor":[119,136,46,61,236,236,248,266,266,280,127,127,137,169,169,272,272,290,290,68,68,78,107,107,107],"floor_reached":24,"language":"ENG","playtime":736,"items_purged":["Doubt"],"score":318,"play_id":"79f4270b-6ccb-4331-ab9c-8f32d6635abc","local_time":"20210126031542","is_ascension_mode":false,"campfire_choices":[{"data":"Pummel","floor":6,"key":"SMITH"},{"floor":12,"key":"REST"},{"floor":15,"key":"REST"}],"circlet_count":0,"master_deck":["Strike_R","Strike_R","Strike_R","Strike_R","Strike_R","Defend_R","Defend_R","Defend_R","Defend_R","Bash","Sword Boomerang","Headbutt","Inflame","Clash","Pummel+1","Rampage","Rampage","Bludgeon","Reaper","Juggernaut","Writhe","Inflame","Cleave+1"],"relics":["Burning Blood","Ornamental Fan","Strawberry","Boot","SacredBark","Mercury Hourglass","Happy Flower","Paper Frog"],"acts_visited":["Exordium","TheCity"],"potions_floor_usage":[14,24,24],"damage_taken":[{"damage":0,"enemies":"Small Slimes","floor":1,"turns":3},{"damage":5,"enemies":"Jaw Worm","floor":2,"turns":4},{"damage":1,"enemies":"Cultist","floor":4,"turns":3},{"damage":4,"enemies":"3 Louse","floor":7,"turns":3},{"damage":5,"enemies":"Looter","floor":8,"turns":3},{"damage":24,"enemies":"Lots of Slimes","floor":10,"turns":3},{"damage":15,"enemies":"Blue Slaver","floor":13,"turns":3},{"damage":27,"enemies":"Lagavulin","floor":14,"turns":5},{"damage":36,"enemies":"Slime Boss","floor":16,"turns":9},{"damage":20,"enemies":"2 Thieves","floor":18,"turns":3},{"damage":10,"enemies":"Chosen","floor":22,"turns":4},{"damage":63,"enemies":"Slavers","floor":23,"turns":5},{"damage":28,"enemies":"Centurion and Healer","floor":24,"turns":2}],"seed_played":"3453205542461029731","potions_obtained":[{"floor":4,"key":"SteroidPotion"},{"floor":7,"key":"EssenceOfSteel"},{"floor":8,"key":"Dexterity Potion"},{"floor":10,"key":"LiquidBronze"},{"floor":16,"key":"Explosive Potion"}],"is_trial":false,"path_per_floor":["M","M","$","M","?","R","M","M","T","M","$","R","M","E","R","B",null,"M","?","$","?","M","E","M"],"character_chosen":"IRONCLAD","items_purchased":["Ornamental Fan","Inflame","Clash","Strawberry","Happy Flower"],"campfire_rested":2,"item_purchase_floors":[0,3,3,11,20],"current_hp_per_floor":[80,80,80,80,80,80,80,80,80,62,69,87,78,57,83,63,87,73,73,73,73,69,24,0,0],"gold":107,"neow_bonus":"","is_daily":false,"chose_seed":false,"campfire_upgraded":1,"win_rate":0.0,"timestamp":1611627342,"path_taken":["M","M","$","M","?","R","M","M","T","M","$","R","M","E","R","BOSS","M","?","$","?","M","E","M"],"items_purchased_type":["Relic","Card","Card","Relic","Relic"],"build_version":"2020-12-22","purchased_purges":1,"victory":false,"max_hp_per_floor":[80,80,80,80,80,80,80,80,80,80,87,87,87,87,87,87,87,87,87,87,87,87,87,87,87],"card_choices":[{"not_picked":["Armaments","Twin Strike"],"picked":"Sword Boomerang","floor":1},{"not_picked":["Heavy Blade","Impervious"],"picked":"Headbutt","floor":2},{"not_picked":["Rage","Shrug It Off"],"picked":"Pummel","floor":4},{"not_picked":["True Grit","Wild Strike"],"picked":"Rampage","floor":7},{"not_picked":["Dual Wield","Pommel Strike","Combust"],"picked":"SKIP","floor":8},{"not_picked":["Armaments","Iron Wave"],"picked":"Rampage","floor":10},{"not_picked":["Body Slam","Sentinel"],"picked":"Bludgeon","floor":13},{"not_picked":["Havoc","Blood for Blood"],"picked":"Reaper","floor":14},{"not_picked":["Berserk","Impervious"],"picked":"Juggernaut","floor":16},{"not_picked":["Warcry","Sword Boomerang","Armaments"],"picked":"SKIP","floor":18},{"not_picked":["Seeing Red","Headbutt"],"picked":"Cleave+1","floor":22},{"not_picked":["Twin Strike+1","Body Slam","Perfected Strike+1"],"picked":"SKIP","floor":23}],"player_experience":97468,"relics_obtained":[{"floor":14,"key":"Boot"},{"floor":23,"key":"Paper Frog"}],"event_choices":[{"damage_healed":0,"gold_gain":175,"player_choice":"AGREE","damage_taken":0,"max_hp_gain":0,"max_hp_loss":0,"event_name":"Liars Game","floor":5,"gold_loss":0,"cards_obtained":["Doubt"]},{"damage_healed":0,"gold_gain":0,"player_choice":"Opened","damage_taken":0,"relics_obtained":["Mercury Hourglass"],"max_hp_gain":0,"max_hp_loss":0,"event_name":"The Mausoleum","floor":19,"gold_loss":0,"cards_obtained":["Writhe"]},{"damage_healed":0,"gold_gain":0,"player_choice":"Copied","damage_taken":0,"max_hp_gain":0,"max_hp_loss":0,"event_name":"Duplicator","floor":21,"gold_loss":0,"cards_obtained":["Inflame"]}],"is_beta":false,"boss_relics":[{"not_picked":["Runic Dome","Mark of Pain"],"picked":"SacredBark"}],"items_purged_floors":[20],"is_endless":false,"potions_floor_spawned":[4,7,8,10,16,23],"killed_by":"Centurion and Healer","ascension_level":0}}