{"host":"kxbvub3a5s21lqnr","time":1611656580,"event":{"mods":["Bard","BaseMod","Dota2Spire","Minty Spire (QoL Compilation)","MostiFishMod","Reimu£®≤©¿ˆ¡È√Œ£©","Remilia£®¿Ÿ√◊¿Ú—«£©","StSLib","The Cursed","The Hierophant","Yakumo Yukari mod","Youmu£®ªÍ∆«—˝√Œ£©","Yuyuko"],"gold_per_floor":[19,37,37,112,133,44,78,78,158,197,197,51,51,74,74,202,202,225,225,235,235,235,235,260,260,311,346,346,372,382,410,410,509,509,519,530,580,133,144,170,170,184,184,284,301,333,346,363,363,363,363,363,26,52,52],"floor_reached":56,"language":"ZHS","playtime":1524,"items_purged":["Bandage Up+1"],"score":2081,"play_id":"6a488756-31e8-4b41-a78f-1431fff372a2","local_time":"20210126182300","is_ascension_mode":true,"campfire_choices":[{"data":"Meditate","floor":8.0,"key":"SMITH"},{"floor":13.0,"key":"REST"},{"data":"MostiFishMod:PathToVictory","floor":15.0,"key":"SMITH"},{"floor":23.0,"key":"RECALL"},{"data":"MostiFishMod:SephirahHod","floor":28.0,"key":"SMITH"},{"data":"MostiFishMod:OutWit","floor":32.0,"key":"SMITH"},{"floor":41,"key":"DIG"},{"floor":49,"key":"DIG"},{"floor":52,"key":"DIG"}],"circlet_count":0,"master_deck":["Strike_P+1","Strike_P+1","Strike_P+1","Strike_P+1","Defend_P+1","Defend_P+1","Defend_P+1","Defend_P+1","Eruption","Vigilance","Meditate+1","LikeWater","FlyingSleeves","ThirdEye","Consecrate+1","MostiFishMod:PathToVictory+1","MostiFishMod:OutWit+1","MostiFishMod:SephirahHod+1","Worship","FollowUp","Pray","Swivel","CutThroughFate","Prostrate","Evaluate","MostiFishMod:Unraveling","SandsOfTime","FlyingSleeves+1","Sanctity+1","Consecrate","MostiFishMod:KamiSmash","SashWhip+1","SandsOfTime+1","Adaptation","MostiFishMod:LegendTransform"],"relics":["PureWater","DaveBox","PatriotShield","Dota2Spire:Mjollnir","SynthV:TestCard","Bloody Idol","Dota2Spire:EchoSabre","Dota2Spire:AghanimScepter","Dota2Spire:Dagon","Civilization","MostiFishMod:Hod","Enchiridion","Bronze Scales","Strawberry","Damaru","Question Card","Dota2Spire:Bloodstone","MostiFishMod:Haymaker","Shovel","Darkstone Periapt","Molten Egg 2","Kunai","Ancient Tea Set","Dota2Spire:PowerTreads","Sundial","Bottled Lightning","Nunchaku"],"acts_visited":["Exordium","TheCity","TheBeyond","TheEnding"],"potions_floor_usage":[39,39,39,39,45,55,55],"damage_taken":[{"damage":1.0,"enemies":"Cultist","floor":1.0,"turns":1.0},{"damage":0.0,"enemies":"Jaw Worm","floor":2.0,"turns":2.0},{"damage":0.0,"enemies":"Small Slimes","floor":5.0,"turns":3.0},{"damage":1.0,"enemies":"Gremlin Nob","floor":7.0,"turns":3.0},{"damage":3.0,"enemies":"3 Sentries","floor":10.0,"turns":3.0},{"damage":1.0,"enemies":"Exordium Wildlife","floor":14.0,"turns":3.0},{"damage":6.0,"enemies":"Hexaghost","floor":16.0,"turns":3.0},{"damage":1.0,"enemies":"2 Thieves","floor":18.0,"turns":1.0},{"damage":0.0,"enemies":"Chosen","floor":20.0,"turns":2.0},{"damage":0.0,"enemies":"Book of Stabbing","floor":24.0,"turns":2.0},{"damage":9.0,"enemies":"Slavers","floor":27.0,"turns":2.0},{"damage":0.0,"enemies":"Book of Stabbing","floor":29.0,"turns":2.0},{"damage":0.0,"enemies":"Snecko","floor":30.0,"turns":2.0},{"damage":0.0,"enemies":"Slavers","floor":31.0,"turns":1.0},{"damage":0.0,"enemies":"Collector","floor":33.0,"turns":3.0},{"damage":0.0,"enemies":"3 Darklings","floor":35.0,"turns":2.0},{"damage":0.0,"enemies":"3 Shapes","floor":36.0,"turns":1.0},{"damage":0.0,"enemies":"Mind Bloom Boss Battle","floor":37.0,"turns":2.0},{"damage":0,"enemies":"Transient","floor":39,"turns":3},{"damage":0,"enemies":"Reptomancer","floor":40,"turns":2},{"damage":0,"enemies":"Jaw Worm Horde","floor":42,"turns":1},{"damage":0,"enemies":"Writhing Mass","floor":45,"turns":2},{"damage":0,"enemies":"Giant Head","floor":46,"turns":3},{"damage":16,"enemies":"4 Shapes","floor":47,"turns":2},{"damage":1,"enemies":"Sphere and 2 Shapes","floor":48,"turns":2},{"damage":1,"enemies":"Donu and Deca","floor":50,"turns":1},{"damage":0,"enemies":"Shield and Spear","floor":54,"turns":2},{"damage":5,"enemies":"The Heart","floor":55,"turns":4}],"seed_played":"7144644405919406315","potions_obtained":[{"floor":1.0,"key":"Weak Potion"},{"floor":16.0,"key":"SkillPotion"},{"floor":18.0,"key":"Dota2Spire:Clarity"},{"floor":24.0,"key":"EssenceOfSteel"},{"floor":27.0,"key":"EntropicBrew"},{"floor":37.0,"key":"Block Potion"},{"floor":40,"key":"DistilledChaos"},{"floor":45,"key":"Swift Potion"},{"floor":46,"key":"Energy Potion"}],"is_trial":false,"path_per_floor":["M","M","?","?","M","$","E","R","T","E","?","$","R","M","R","B",null,"M","?","M","?","?","R","E","?","T","E","R","E","M","E","R","B",null,"M","M","?","$","M","E","R","M","T","?","M","E","M","M","R","B",null,"R","$","E","B",null],"character_chosen":"WATCHER","items_purchased":["Bandage Up","Civilization","Shovel","Bottled Lightning"],"campfire_rested":1,"item_purchase_floors":[6,12,38,53],"current_hp_per_floor":[71,71,53,42,42,42,45,45,45,46,32,32,53,54,54,57,77,81,81,87,71,71,71,87,87,92,100,100,109,114,119,119,124,124,129,134,139,139,144,149,149,154,154,154,159,164,158,167,167,171,179,179,179,184,184],"gold":52,"neow_bonus":"ONE_RARE_RELIC","is_daily":false,"chose_seed":false,"campfire_upgraded":4,"win_rate":0.0,"timestamp":1611656580,"path_taken":["M","?","?","?","M","?","E","R","T","E","?","$","R","M","R","BOSS","M","?","M","?","?","R","E","?","T","E","R","E","?","E","R","BOSS","M","M","?","$","M","E","R","M","T","?","?","E","M","M","R","BOSS","R","$","E","BOSS"],"items_purchased_type":["Card","Relic","Relic","Relic"],"build_version":"2020-12-22","purchased_purges":1,"victory":true,"max_hp_per_floor":[72,72,72,72,72,72,72,72,72,72,72,72,72,74,74,77,77,82,82,87,87,87,87,92,92,92,104,104,109,114,119,119,124,124,129,134,139,139,144,149,149,154,154,154,159,164,169,174,174,179,179,179,179,184,189],"card_choices":[{"not_picked":["MostiFishMod:FlowState","SashWhip"],"picked":"Meditate","floor":1.0},{"not_picked":["MostiFishMod:PathToVictory","Consecrate","SashWhip","Halt"],"picked":"LikeWater","floor":2.0},{"not_picked":["CutThroughFate","MostiFishMod:FlowState","Prostrate","CrushJoints"],"picked":"FlyingSleeves","floor":5.0},{"not_picked":["EmptyBody","Vault","Adaptation","Indignation"],"picked":"ThirdEye","floor":7.0},{"not_picked":["MostiFishMod:Disappear","JustLucky","WindmillStrike","Weave"],"picked":"Consecrate","floor":10.0},{"not_picked":["Swivel","FlurryOfBlows","PathToVictory","Wallop"],"picked":"MostiFishMod:PathToVictory","floor":14.0},{"not_picked":["LessonLearned","Judgement","MostiFishMod:Adaptation","Omniscience"],"picked":"MostiFishMod:OutWit","floor":16.0},{"not_picked":["CrushJoints","Halt","ThirdEye","FollowUp"],"picked":"Worship","floor":18.0},{"not_picked":["FlyingSleeves+1","CrushJoints+1","Study","MasterReality"],"picked":"FollowUp","floor":20.0},{"not_picked":["FollowUp","Study","EmptyFist+1","InnerPeace"],"picked":"Swivel","floor":24.0},{"not_picked":["ClearTheMind+1","Adaptation","EmptyFist","Wallop+1","SpiritShield"],"picked":"SKIP","floor":27.0},{"not_picked":["SashWhip+1","ThirdEye","EmptyFist","FlurryOfBlows"],"picked":"CutThroughFate","floor":29.0},{"not_picked":["DeceiveReality","Worship","ForeignInfluence","MostiFishMod:Nomercy+1"],"picked":"Prostrate","floor":30.0},{"not_picked":["MostiFishMod:ScryFuture","Swivel","FollowUp","SashWhip"],"picked":"Evaluate","floor":31.0},{"not_picked":["MostiFishMod:StarLaLaLa","MostiFishMod:Dust","Devotion","Alpha","MostiFishMod:Minus"],"picked":"MostiFishMod:Unraveling","floor":33.0},{"not_picked":["SashWhip","PathToVictory","EmptyFist+1","CrushJoints+1","Fasting2"],"picked":"SandsOfTime","floor":35.0},{"not_picked":["FlurryOfBlows","EmptyMind+1","BowlingBash+1","Evaluate","ReachHeaven+1"],"picked":"FlyingSleeves+1","floor":36.0},{"not_picked":["EmptyBody","Indignation+1","Evaluate","FlyingSleeves+1","MostiFishMod:FlowState"],"picked":"Sanctity+1","floor":37.0},{"not_picked":["Crescendo","EmptyBody","FlyingSleeves+1","CutThroughFate","Nirvana"],"picked":"Consecrate","floor":39},{"not_picked":["Perseverance+1","Prostrate","EmptyBody+1","Indignation","WreathOfFlame+1"],"picked":"MostiFishMod:KamiSmash","floor":40},{"not_picked":["PathToVictory+1","Meditate","Consecrate+1","JustLucky+1","Halt"],"picked":"SashWhip+1","floor":42},{"not_picked":["PathToVictory+1","Protect","MostiFishMod:Clarity","Blasphemy","FollowUp+1","Crescendo"],"picked":"SKIP","floor":45},{"not_picked":["ThirdEye+1","SignatureMove+1","Meditate","Swivel","EmptyBody"],"picked":"SandsOfTime+1","floor":46},{"not_picked":["FlyingSleeves+1","Crescendo+1","WreathOfFlame","EmptyBody+1","ThirdEye"],"picked":"Adaptation","floor":47},{"not_picked":["CrushJoints+1","Consecrate+1","MostiFishMod:Clarity","ClearTheMind+1","JustLucky+1","MostiFishMod:CyberBuddha"],"picked":"SKIP","floor":48},{"not_picked":["CutThroughFate+1","EmptyFist+1","ForeignInfluence","Wish","Protect+1"],"picked":"MostiFishMod:LegendTransform","floor":54}],"player_experience":78161,"relics_obtained":[{"floor":1.0,"key":"SynthV:TestCard"},{"floor":7.0,"key":"Dota2Spire:EchoSabre"},{"floor":9.0,"key":"Dota2Spire:AghanimScepter"},{"floor":10.0,"key":"Dota2Spire:Dagon"},{"floor":21.0,"key":"Enchiridion"},{"floor":24.0,"key":"Bronze Scales"},{"floor":27.0,"key":"Strawberry"},{"floor":29.0,"key":"Damaru"},{"floor":31.0,"key":"Question Card"},{"floor":37.0,"key":"MostiFishMod:Haymaker"},{"floor":40,"key":"Darkstone Periapt"},{"floor":41,"key":"Molten Egg 2"},{"floor":43,"key":"Kunai"},{"floor":46,"key":"Ancient Tea Set"},{"floor":49,"key":"Dota2Spire:PowerTreads"},{"floor":52,"key":"Sundial"},{"floor":54,"key":"Nunchaku"}],"event_choices":[{"damage_healed":0.0,"max_hp_gain":0.0,"max_hp_loss":0.0,"gold_gain":0.0,"event_name":"Golden Idol","player_choice":"Take Damage","floor":3.0,"gold_loss":0.0,"damage_taken":18.0,"relics_obtained":["Golden Idol"]},{"damage_healed":0.0,"max_hp_gain":0.0,"max_hp_loss":0.0,"gold_gain":75.0,"event_name":"World of Goop","player_choice":"Gather Gold","floor":4.0,"gold_loss":0.0,"damage_taken":11.0},{"damage_healed":0.0,"max_hp_gain":0.0,"max_hp_loss":0.0,"gold_gain":0.0,"event_name":"Shining Light","player_choice":"Entered Light","floor":11.0,"gold_loss":0.0,"damage_taken":14.0,"cards_upgraded":["Consecrate","Bandage Up"]},{"damage_healed":0.0,"max_hp_gain":0.0,"max_hp_loss":0.0,"gold_gain":0.0,"event_name":"Forgotten Altar","player_choice":"Gave Idol","floor":19.0,"relics_lost":["Golden Idol"],"gold_loss":0.0,"damage_taken":0.0,"relics_obtained":["Bloody Idol"]},{"damage_healed":0.0,"max_hp_gain":0.0,"max_hp_loss":0.0,"gold_gain":0.0,"event_name":"Cursed Tome","player_choice":"Obtained Book","floor":21.0,"gold_loss":0.0,"damage_taken":16.0},{"damage_healed":0.0,"max_hp_gain":0.0,"max_hp_loss":0.0,"gold_gain":0.0,"event_name":"The Library","player_choice":"Read","floor":22.0,"gold_loss":0.0,"damage_taken":0.0,"cards_obtained":["Pray"]},{"damage_healed":0.0,"max_hp_gain":0.0,"max_hp_loss":0.0,"gold_gain":0.0,"event_name":"Back to Basics","player_choice":"Simplicity","floor":25.0,"gold_loss":0.0,"damage_taken":0.0,"cards_upgraded":["Strike_P","Strike_P","Strike_P","Strike_P","Defend_P","Defend_P","Defend_P","Defend_P"]},{"damage_healed":0.0,"max_hp_gain":0.0,"max_hp_loss":0.0,"gold_gain":0.0,"event_name":"MindBloom","player_choice":"Fight","floor":37.0,"gold_loss":0.0,"damage_taken":0.0},{"damage_healed":0,"gold_gain":100,"player_choice":"Pray","damage_taken":0,"max_hp_gain":0,"max_hp_loss":0,"event_name":"Golden Shrine","floor":44,"gold_loss":0}],"is_beta":false,"boss_relics":[{"not_picked":["Transparent","Tiny House"],"picked":"MostiFishMod:Hod"},{"not_picked":["FrostBlade","Philosopher\u0027s Stone"],"picked":"Dota2Spire:Bloodstone"}],"items_purged_floors":[38],"is_endless":false,"potions_floor_spawned":[1,16,18,24,27,37,40,45,46,48],"ascension_level":3}}