{"host":"qq27suot6m8koe0b","time":1611660993,"event":{"mods":["Act Like it!","BaseMod","CapriCore","Downfall","GifTheSpireLib","Minty Spire (QoL Compilation)","StSLib"],"gold_per_floor":[99,99,99,274,274,174,174,174,205,105,121,121,121,140,150,245,245,245,256,256,267,281,176,176,206,220,220,233,233,244,269,279,279,279,279],"floor_reached":33,"language":"ZHS","playtime":1630,"items_purged":[],"score":285,"play_id":"d0793e82-7610-4b50-9521-e14a684897d2","local_time":"20210126193633","is_ascension_mode":false,"campfire_choices":[{"floor":1,"key":"RECALL"},{"data":"champ:Taunt","floor":6,"key":"SMITH"},{"data":"champ:StanceDance","floor":10,"key":"SMITH"},{"data":"champ:EnragedBash","floor":13,"key":"SMITH"},{"data":"champ:UltimateStance","floor":18,"key":"SMITH"},{"data":"champ:IgnorePain","floor":27,"key":"SMITH"},{"floor":29,"key":"REST"}],"circlet_count":0,"master_deck":["champ:Execute","champ:Taunt+1","champ:StanceDance+1","champ:Duel","champ:PreciseThrust","champ:EnragedBash+1","champ:TornadoPunch","champ:HoldFirm","champ:SwordThrow","champ:RisingSlash","champ:Circumvent","champ:FocusedDefense","champ:UltimateStance+1","champ:EnGarde","champ:DancingMaster","champ:StrikeOfGenius+1","champ:FocusedBerserking+1","expansioncontent:AwakenDeath","champ:IgnorePain+1","champ:ShieldSlam","champ:PreciseThrust"],"relics":["champ:ChampionCrown","downfall:HeartsMalice","downfall:HeartBlessingRed","Bottled Lightning","Akabeko","downfall:HeartBlessingGreen","Pandora\u0027s Box","Ancient Tea Set","Frozen Egg 2","Girya"],"acts_visited":["Exordium","TheCity"],"potions_floor_usage":[28,31],"damage_taken":[{"damage":0,"enemies":"Cultist","floor":2,"turns":1},{"damage":0,"enemies":"2 Louse","floor":3,"turns":1},{"damage":0,"enemies":"Small Slimes","floor":8,"turns":1},{"damage":23,"enemies":"Gremlin Nob","floor":9,"turns":4},{"damage":13,"enemies":"Red Slaver","floor":11,"turns":2},{"damage":15,"enemies":"Blue Slaver","floor":14,"turns":2},{"damage":0,"enemies":"Lots of Slimes","floor":15,"turns":1},{"damage":84,"enemies":"DF_ARCHETYPE_STREAMLINE","floor":16,"turns":9},{"damage":27,"enemies":"Shell Parasite","floor":19,"turns":3},{"damage":30,"enemies":"Spheric Guardian","floor":21,"turns":2},{"damage":48,"enemies":"Centurion and Healer","floor":22,"turns":7},{"damage":50,"enemies":"downfall:FleeingMerchant","floor":23,"turns":4},{"damage":54,"enemies":"Slavers","floor":25,"turns":5},{"damage":25,"enemies":"Cultist and Chosen","floor":26,"turns":5},{"damage":35,"enemies":"Chosen and Byrds","floor":28,"turns":6},{"damage":30,"enemies":"Centurion and Healer","floor":30,"turns":3},{"damage":45,"enemies":"Gremlin Leader","floor":31,"turns":7},{"damage":20,"enemies":"Snecko","floor":32,"turns":4},{"damage":65,"enemies":"WA_ARCHETYPE_CALM","floor":33,"turns":5}],"seed_played":"-3637852203490506406","potions_obtained":[{"floor":9,"key":"EssenceOfSteel"},{"floor":14,"key":"ColorlessPotion"},{"floor":15,"key":"EssenceOfSteel"},{"floor":25,"key":"champ:OpenerPotion"},{"floor":28,"key":"Explosive Potion"},{"floor":30,"key":"Block Potion"}],"is_trial":false,"path_per_floor":["R","M","M","?","?","R","T","M","E","R","M","?","R","M","M","B",null,"R","M","?","M","M","$","T","E","M","R","M","R","M","E","M","B"],"character_chosen":"THE_CHAMP","items_purchased":["expansioncontent:AwakenDeath"],"campfire_rested":1,"item_purchase_floors":[23],"current_hp_per_floor":[90,90,90,90,90,90,90,90,77,77,74,74,74,74,74,35,90,90,78,78,78,65,65,65,26,26,26,16,43,43,38,43,0,0,0],"gold":279,"neow_bonus":"THREE_ENEMY_KILL","is_daily":false,"chose_seed":false,"campfire_upgraded":5,"win_rate":0.0,"timestamp":1611660993,"path_taken":["R","M","M","?","?","R","T","M","E","R","?","?","R","?","M","BOSS","R","M","?","?","M","$","T","E","M","R","M","R","M","E","M","BOSS"],"items_purchased_type":["Card"],"build_version":"2020-12-22","purchased_purges":0,"victory":false,"max_hp_per_floor":[90,90,90,90,90,90,90,90,90,90,90,90,90,90,90,90,90,90,90,90,90,90,90,90,90,90,90,90,90,90,90,90,90,90,90],"card_choices":[{"not_picked":["champ:EndlessRage","champ:BerserkersShout"],"picked":"champ:StanceDance","floor":2},{"not_picked":["champ:FaceSlap","champ:HeartStrike"],"picked":"champ:Duel","floor":3},{"not_picked":["champ:FocusedDefense","champ:BerserkersShout"],"picked":"champ:PreciseThrust","floor":8},{"not_picked":["champ:BladeFlurry","champ:CrownThrow"],"picked":"champ:EnragedBash","floor":9},{"not_picked":["champ:RapidStrikes","champ:EnragedBash"],"picked":"champ:TornadoPunch","floor":11},{"not_picked":["champ:BringItOn","champ:ArenaPreparation"],"picked":"champ:HoldFirm","floor":14},{"not_picked":["champ:Haymaker","champ:FalseCounter","champ:HeartStrike"],"picked":"SKIP","floor":15},{"not_picked":["champ:MurderStrike","champ:ShieldThrow"],"picked":"champ:SwordThrow","floor":16},{"not_picked":["champ:Endure","champ:StanceDance","champ:Duel"],"picked":"SKIP","floor":19},{"not_picked":["champ:AdrenalArmor","champ:BerserkersShout","champ:PerfectedStrike+1"],"picked":"SKIP","floor":21},{"not_picked":["champ:FancyFootwork","champ:Haymaker+1","champ:StanceDance"],"picked":"SKIP","floor":22},{"not_picked":["champ:ArenaPreparation+1","champ:FanOfKnives"],"picked":"champ:FocusedBerserking+1","floor":23},{"not_picked":["champ:ShieldWall+1","champ:Lariat"],"picked":"champ:IgnorePain","floor":25},{"not_picked":["champ:GutPunch","champ:FanOfKnives"],"picked":"champ:ShieldSlam","floor":26},{"not_picked":["champ:RisingSlash","champ:RecklessLeap+1","champ:DefensiveShout"],"picked":"SKIP","floor":28},{"not_picked":["champ:EnGarde","champ:DeathBlow"],"picked":"champ:PreciseThrust","floor":30},{"not_picked":["champ:Circumvent","champ:ShieldSlam","champ:StanceDance"],"picked":"SKIP","floor":31},{"not_picked":["champ:HoldFirm","champ:TornadoPunch","champ:StanceDance"],"picked":"SKIP","floor":32}],"player_experience":360382,"relics_obtained":[{"floor":7,"key":"Bottled Lightning"},{"floor":9,"key":"Akabeko"},{"floor":24,"key":"Ancient Tea Set"},{"floor":25,"key":"Frozen Egg 2"},{"floor":31,"key":"Girya"}],"event_choices":[{"cards_removed":["champ:Strike"],"damage_healed":0,"gold_gain":0,"player_choice":"Offered Basic","damage_taken":0,"max_hp_gain":0,"max_hp_loss":0,"event_name":"Bonfire Elementals","floor":12,"gold_loss":0}],"is_beta":false,"boss_relics":[{"not_picked":["Runic Dome","Snecko Eye"],"picked":"Pandora\u0027s Box"}],"items_purged_floors":[],"is_endless":false,"potions_floor_spawned":[9,14,15,19,25,26,28,30],"killed_by":"WA_ARCHETYPE_CALM","ascension_level":0}}