{"host":"s8eu5oacnz2jj6un","time":1611697819,"event":{"mods":["AchievementEnabler","Act Like it!","Astrologer","BaseMod","Colored Powertips","Marisa????????","Minty Spire (QoL Compilation)","Remilia??????","Replay The Spire","Shop Mod","StSLib","The Senshi","The Servant 0.9.4"],"gold_per_floor":[110,110,110,110,122,159,171,194,233,277,289,301,313,347,359,490,502,536,848,0,0,10,10],"floor_reached":22,"language":"ENG","playtime":1412,"items_purged":["Greed_TH"],"score":253,"play_id":"4abbfbf7-b904-4ea1-8d6e-07847d5768db","local_time":"20210126225019","is_ascension_mode":false,"campfire_choices":[{"floor":7,"key":"REST"},{"floor":13,"key":"REST"},{"floor":15,"key":"REST"}],"circlet_count":0,"master_deck":["Strike_P+1","Strike_P","Strike_P","Strike_P","Defend_P","Defend_P","Defend_P","Defend_P","Eruption","Vigilance","Perseverance","Regret","PathToVictory","Prostrate","FlurryOfBlows+1","SandsOfTime","Establishment","CarveReality","FlurryOfBlows","MentalFortress","Halt","Halt","Replay:ManipulateFuture","Crow Ritual"],"relics":["PureWater","NeowsBlessing","Potion Belt","MawBank","Pantograph","Replay:Bandana","Odd Mushroom","Philosopher\u0027s Stone","Singing Bowl","theSenshi:SailorFukuRelic","ReplayTheSpireMod:ShopPack","Enchiridion"],"acts_visited":["Exordium","TheCity"],"potions_floor_usage":[16],"damage_taken":[{"damage":0,"enemies":"Jaw Worm","floor":1,"turns":1},{"damage":0,"enemies":"3 Sentries","floor":6,"turns":1},{"damage":0,"enemies":"2 Louse","floor":8,"turns":1},{"damage":21,"enemies":"The Mushroom Lair","floor":10,"turns":6},{"damage":3,"enemies":"Cultist","floor":14,"turns":3},{"damage":2,"enemies":"Slime Boss","floor":16,"turns":6},{"damage":1,"enemies":"Spheric Guardian","floor":18,"turns":3},{"damage":25,"enemies":"Shell Parasite","floor":22,"turns":5}],"seed_played":"2008599132161348321","potions_obtained":[{"floor":1,"key":"Strength Potion"},{"floor":14,"key":"Dexterity Potion"}],"is_trial":false,"path_per_floor":["M","?","$","?","?","E","R","M","T","?","?","$","R","M","R","B",null,"M","?","$","?","M"],"character_chosen":"WATCHER","items_purchased":["Singing Bowl","theSenshi:SailorFukuRelic","FlurryOfBlows","ReplayTheSpireMod:ShopPack","MentalFortress","Halt","Replay:ManipulateFuture"],"campfire_rested":3,"item_purchase_floors":[20,20,20,20,20,20,20],"current_hp_per_floor":[72,47,47,47,47,47,68,68,68,47,33,33,54,51,72,70,72,71,71,35,19,0,0],"gold":10,"neow_bonus":"THREE_ENEMY_KILL","is_daily":false,"chose_seed":false,"campfire_upgraded":0,"win_rate":0.0,"timestamp":1611697819,"path_taken":["M","?","$","?","?","E","R","?","T","?","?","$","R","M","R","BOSS","M","?","$","?","?"],"items_purchased_type":["Relic","Relic","Card","Relic","Card","Card","Card"],"build_version":"2020-12-22","purchased_purges":1,"victory":false,"max_hp_per_floor":[72,72,72,72,72,72,72,72,72,72,72,72,72,72,72,72,72,72,72,76,76,76,76],"card_choices":[{"not_picked":["Halt","Replay:DivineShield"],"picked":"Perseverance","floor":1},{"not_picked":["JustLucky","Replay:Vibes"],"picked":"PathToVictory","floor":6},{"not_picked":["FlyingSleeves","Adaptation"],"picked":"Prostrate","floor":8},{"not_picked":["Replay:DivineShield","Protect"],"picked":"FlurryOfBlows","floor":10},{"not_picked":["Conclude","Halt"],"picked":"SandsOfTime","floor":14},{"not_picked":["DeusExMachina","Blasphemy"],"picked":"Establishment","floor":16},{"not_picked":["Halt","Replay:ManipulateFuture"],"picked":"CarveReality","floor":18},{"not_picked":["The Bomb","ReplayUltimateDefense"],"picked":"Crow Ritual","floor":20},{"not_picked":["Replay:Sssssssssstrike","Enlightenment","PanicButton"],"picked":"Singing Bowl","floor":20},{"not_picked":["Purity","The Bomb","Specialist"],"picked":"Singing Bowl","floor":20}],"player_experience":736033,"relics_obtained":[{"floor":6,"key":"Pantograph"},{"floor":9,"key":"Replay:Bandana"},{"floor":10,"key":"Odd Mushroom"},{"floor":21,"key":"Enchiridion"}],"event_choices":[{"damage_healed":0,"gold_gain":0,"player_choice":"Success","damage_taken":25,"relics_obtained":["Potion Belt"],"max_hp_gain":0,"max_hp_loss":0,"event_name":"Scrap Ooze","floor":2,"gold_loss":0},{"damage_healed":0,"gold_gain":0,"player_choice":"Box","damage_taken":0,"relics_obtained":["MawBank"],"max_hp_gain":0,"max_hp_loss":0,"event_name":"Big Fish","floor":4,"gold_loss":0,"cards_obtained":["Regret"]},{"damage_healed":0,"gold_gain":0,"player_choice":"Bought 0 Potions","damage_taken":0,"max_hp_gain":0,"max_hp_loss":0,"event_name":"The Woman in Blue","floor":5,"gold_loss":0},{"damage_healed":0,"gold_gain":0,"player_choice":"Fought Mushrooms","damage_taken":0,"max_hp_gain":0,"max_hp_loss":0,"event_name":"Mushrooms","floor":10,"gold_loss":0},{"damage_healed":0,"gold_gain":0,"player_choice":"Entered Light","damage_taken":14,"max_hp_gain":0,"max_hp_loss":0,"event_name":"Shining Light","floor":11,"gold_loss":0,"cards_upgraded":["Strike_P","FlurryOfBlows"]},{"damage_healed":0,"gold_gain":0,"player_choice":"Obtained Book","damage_taken":16,"max_hp_gain":0,"max_hp_loss":0,"event_name":"Cursed Tome","floor":21,"gold_loss":0}],"is_beta":false,"boss_relics":[{"not_picked":["ReplayTheSpireMod:Onyx Gauntlets","Snecko Eye"],"picked":"Philosopher\u0027s Stone"}],"items_purged_floors":[20],"is_endless":false,"potions_floor_spawned":[1,14],"killed_by":"Shell Parasite","ascension_level":0}}