{"host":"lnt5dzsuhru0aonl","time":1611672406,"event":{"mods":["2.2 Compatiblity","BaseMod","Colored Map","Colored Powertips","DeckTracker","Keyboard Shortcuts","Minty Spire (QoL Compilation)","Permanent Neow","Rare Cards Sparkle","StSLib","SuperFastMode","everything is the same but u backflip on backflip"],"gold_per_floor":[109,109,109,67,83,102,102,137,137,167,179,191,203,233,245,333,345,372,16,27,27,27,27],"floor_reached":22,"language":"KOR","playtime":551,"items_purged":[],"score":484,"play_id":"8b82b95c-c918-48d0-aed6-1c285422987f","local_time":"20210126234646","is_ascension_mode":true,"campfire_choices":[{"data":"Loop","floor":7,"key":"SMITH"},{"data":"Dualcast","floor":11,"key":"SMITH"},{"data":"Tempest","floor":13,"key":"SMITH"},{"data":"Defragment","floor":15,"key":"SMITH"}],"circlet_count":0,"master_deck":["AscendersBane","Strike_B","Strike_B","Defend_B","Defend_B","Defend_B","Zap+1","Dualcast+1","Ball Lightning","Tempest+1","Cold Snap","Loop+1","Sweeping Beam","Lockon","Reboot","Defragment+1","Creative AI","Conserve Battery","Defragment","Turbo"],"relics":["Cracked Core","Ornamental Fan","InkBottle","Kunai","MawBank","Runic Pyramid","TungstenRod"],"acts_visited":["Exordium","TheCity"],"potions_floor_usage":[8,10,14,18,22,22],"damage_taken":[{"damage":7,"enemies":"Cultist","floor":1,"turns":4},{"damage":7,"enemies":"Jaw Worm","floor":5,"turns":2},{"damage":2,"enemies":"2 Louse","floor":6,"turns":2},{"damage":9,"enemies":"Lagavulin","floor":8,"turns":5},{"damage":2,"enemies":"Gremlin Nob","floor":10,"turns":3},{"damage":4,"enemies":"Lots of Slimes","floor":14,"turns":3},{"damage":0,"enemies":"Slime Boss","floor":16,"turns":4},{"damage":9,"enemies":"2 Thieves","floor":18,"turns":2},{"damage":30,"enemies":"Spheric Guardian","floor":20,"turns":5},{"damage":18,"enemies":"Centurion and Healer","floor":22,"turns":2}],"seed_played":"-5897313791593217622","potions_obtained":[{"floor":1,"key":"ColorlessPotion"},{"floor":8,"key":"DistilledChaos"},{"floor":10,"key":"DuplicationPotion"},{"floor":16,"key":"SneckoOil"},{"floor":18,"key":"FearPotion"},{"floor":20,"key":"Swift Potion"}],"is_trial":false,"path_per_floor":["M","?","T","$","M","M","R","E","T","E","R","?","R","M","R","B",null,"M","$","M","?","M"],"character_chosen":"DEFECT","items_purchased":["Tempest","TungstenRod","Defragment"],"campfire_rested":0,"item_purchase_floors":[4,19,19],"current_hp_per_floor":[57,57,57,57,50,48,48,39,39,37,37,37,37,33,33,33,56,47,47,17,17,0,0],"gold":27,"neow_bonus":"REMOVE_TWO","is_daily":false,"chose_seed":false,"campfire_upgraded":4,"win_rate":0.0,"timestamp":1611672406,"path_taken":["M","?","?","?","M","M","R","E","T","E","R","?","R","M","R","BOSS","M","?","?","?","M"],"items_purchased_type":["Card","Relic","Card"],"build_version":"2020-12-22","purchased_purges":0,"victory":false,"max_hp_per_floor":[64,64,64,64,64,64,64,64,64,64,64,64,64,64,64,64,64,64,64,64,64,64,64],"card_choices":[{"not_picked":["Static Discharge","Auto Shields"],"picked":"Ball Lightning","floor":1},{"not_picked":["Gash","Rebound"],"picked":"Cold Snap","floor":5},{"not_picked":["Rebound","Darkness"],"picked":"Loop","floor":6},{"not_picked":["Genetic Algorithm","Turbo"],"picked":"Sweeping Beam","floor":8},{"not_picked":["Amplify","Go for the Eyes"],"picked":"Lockon","floor":10},{"not_picked":["Self Repair","Loop"],"picked":"Defragment","floor":14},{"not_picked":["Machine Learning","Reboot"],"picked":"Creative AI","floor":16},{"not_picked":["Compile Driver","Stack"],"picked":"Conserve Battery","floor":18},{"not_picked":["Steam Power","BootSequence"],"picked":"Turbo","floor":20}],"player_experience":771435,"relics_obtained":[{"floor":3,"key":"Ornamental Fan"},{"floor":8,"key":"InkBottle"},{"floor":9,"key":"Kunai"},{"floor":10,"key":"MawBank"}],"event_choices":[{"damage_healed":0,"gold_gain":0,"player_choice":"Grow","damage_taken":0,"max_hp_gain":0,"max_hp_loss":0,"event_name":"Living Wall","floor":2,"gold_loss":0,"cards_upgraded":["Zap"]},{"damage_healed":0,"gold_gain":0,"cards_transformed":["Strike_B"],"player_choice":"Transformed","damage_taken":0,"max_hp_gain":0,"max_hp_loss":0,"event_name":"Transmorgrifier","floor":12,"gold_loss":0,"cards_obtained":["Reboot"]},{"damage_healed":0,"gold_gain":0,"player_choice":"Ignored","damage_taken":0,"max_hp_gain":0,"max_hp_loss":0,"event_name":"Ghosts","floor":21,"gold_loss":0}],"is_beta":false,"boss_relics":[{"not_picked":["Snecko Eye","Coffee Dripper"],"picked":"Runic Pyramid"}],"items_purged_floors":[],"is_endless":false,"potions_floor_spawned":[1,8,10,16,18,20],"killed_by":"Centurion and Healer","ascension_level":20}}