{"host":"opgesw7sb5n0ordz","time":1611623091,"event":{"mods":["BaseMod","Better Note","Colored Powertips","Downfall","Minty Spire (QoL Compilation)","Relic Stats","StSLib","Unceasing Turn Reminder"],"gold_per_floor":[0,0,15,25,25,38,90,190,190,219,319,319,344,363,381,381,381,381],"floor_reached":16,"language":"ENG","playtime":899,"items_purged":[],"score":155,"play_id":"a29bb27b-b944-409e-ad65-328d8e6beb52","local_time":"20210125200451","is_ascension_mode":true,"campfire_choices":[{"floor":1,"key":"RECALL"}],"circlet_count":0,"master_deck":["Slimebound:Tackle","Slimebound:Defend_Slimebound","Slimebound:Defend_Slimebound","Slimebound:Defend_Slimebound","Slimebound:Split+1","Slimebound:CorrosiveSpit","Secret Weapon","Slimebound:ProtectTheBoss","Slimebound:LevelUp","Slimebound:SlimeTap","Slimebound:LeechEnergy","Slimebound:SplitMire","Slimebound:MegaLick","Slimebound:Teamwork","Slimebound:Prepare","Slimebound:DisruptingSlam","Slimebound:FinishingTackle","Slimebound:Split","Slimebound:GoopSpray","Slimebound:MassFeed","Slimebound:HauntingLick"],"relics":["Slimebound:AbsorbEndCombat","downfall:BrokenWingStatue","PreservedInsect","Kunai","Akabeko"],"acts_visited":["Exordium"],"potions_floor_usage":[10,11,16],"damage_taken":[{"damage":22,"enemies":"Small Slimes","floor":3,"turns":5},{"damage":0,"enemies":"Cultist","floor":4,"turns":5},{"damage":8,"enemies":"Jaw Worm","floor":6,"turns":5},{"damage":20,"enemies":"3 Sentries","floor":10,"turns":7},{"damage":28,"enemies":"downfall:Heads","floor":11,"turns":5},{"damage":0,"enemies":"Lagavulin","floor":13,"turns":5},{"damage":1,"enemies":"Blue Slaver","floor":14,"turns":3},{"damage":0,"enemies":"Large Slime","floor":15,"turns":4},{"damage":40,"enemies":"IC_STATUS_ARCHETYPE","floor":16,"turns":10}],"seed_played":"-7193406971935929014","potions_obtained":[{"floor":4,"key":"champ:CounterPotion"},{"floor":6,"key":"Block Potion"},{"floor":11,"key":"Dexterity Potion"}],"is_trial":false,"path_per_floor":["R","?","M","M","?","M","T","?","T","E","?","?","E","M","M","B"],"character_chosen":"SLIMEBOUND","items_purchased":[],"campfire_rested":0,"item_purchase_floors":[],"current_hp_per_floor":[65,65,47,53,53,51,51,51,51,37,17,17,23,26,31,0,0,0],"gold":381,"neow_bonus":"RANDOM_COLORLESS_2","is_daily":false,"chose_seed":false,"campfire_upgraded":0,"win_rate":0.0,"timestamp":1611623091,"path_taken":["R","?","M","?","?","M","T","?","?","E","?","?","E","?","M","BOSS"],"items_purchased_type":[],"build_version":"2020-12-22","purchased_purges":0,"victory":false,"max_hp_per_floor":[65,65,65,65,65,65,65,65,65,65,65,65,65,65,68,68,68,68],"relic_stats":{"counters":[9,46],"PreservedInsect":99,"Kunai":[1],"obtain_stats":[{"downfall:BrokenWingStatue":5,"PreservedInsect":7,"Slimebound:AbsorbEndCombat":0,"Kunai":10,"Akabeko":13},{"downfall:BrokenWingStatue":2,"PreservedInsect":3,"Slimebound:AbsorbEndCombat":0,"Kunai":4,"Akabeko":6},{"downfall:BrokenWingStatue":10,"PreservedInsect":15,"Slimebound:AbsorbEndCombat":0,"Kunai":21,"Akabeko":30}]},"card_choices":[{"not_picked":["Thinking Ahead","Magnetism"],"picked":"Secret Weapon","floor":0},{"not_picked":["Slimebound:ItLooksTasty","Slimebound:TongueLash"],"picked":"Slimebound:LeechEnergy","floor":3},{"not_picked":["Slimebound:ItLooksTasty","Slimebound:ComboTackle"],"picked":"Slimebound:SplitMire","floor":4},{"not_picked":["Slimebound:SplitBruiser","Slimebound:Chomp"],"picked":"Slimebound:MegaLick","floor":6},{"not_picked":["Slimebound:ItLooksTasty","Slimebound:SplitBruiser"],"picked":"Slimebound:Teamwork","floor":10},{"not_picked":["Slimebound:Chomp","Slimebound:BestDefense"],"picked":"Slimebound:DisruptingSlam","floor":11},{"not_picked":["Slimebound:Chomp","Slimebound:ComboTackle"],"picked":"Slimebound:GoopSpray","floor":13},{"not_picked":["Slimebound:LivingWall","Slimebound:PressTheAttack"],"picked":"Slimebound:MassFeed","floor":14},{"not_picked":["Slimebound:GoopSpray","Slimebound:Grow"],"picked":"Slimebound:HauntingLick","floor":15}],"player_experience":745182,"relics_obtained":[{"floor":7,"key":"PreservedInsect"},{"floor":10,"key":"Kunai"},{"floor":13,"key":"Akabeko"}],"event_choices":[],"is_beta":false,"boss_relics":[],"items_purged_floors":[],"is_endless":false,"potions_floor_spawned":[4,6,11],"killed_by":"IC_STATUS_ARCHETYPE","ascension_level":3}}