{"host":"vumwfieg2b2mnrfl","time":1611620875,"event":{"mods":["AchievementEnabler","BaseMod","Minty Spire (QoL Compilation)","Rare Cards Sparkle","Relic Stats"],"gold_per_floor":[109,125,125,125,125,141,141,141,141],"floor_reached":8,"language":"ENG","playtime":119,"items_purged":[],"score":60,"play_id":"34d9b7d5-052c-49d1-8051-57af622b1a01","local_time":"20210125182755","is_ascension_mode":true,"campfire_choices":[],"circlet_count":0,"master_deck":["Strike_P","Strike_P","Strike_P","Strike_P","Defend_P","Defend_P","Defend_P","Eruption","Vigilance","Evaluate","Wallop"],"relics":["PureWater","NeowsBlessing","Bag of Marbles"],"acts_visited":["Exordium"],"potions_floor_usage":[],"damage_taken":[{"damage":0,"enemies":"Jaw Worm","floor":1,"turns":1},{"damage":0,"enemies":"2 Louse","floor":2,"turns":2},{"damage":0,"enemies":"Cultist","floor":6,"turns":1},{"damage":45,"enemies":"Gremlin Nob","floor":8,"turns":5}],"seed_played":"-4007222988104395575","potions_obtained":[{"floor":1,"key":"Weak Potion"},{"floor":2,"key":"EssenceOfSteel"},{"floor":7,"key":"SmokeBomb"}],"is_trial":false,"path_per_floor":["M","M","$","?","?","M","?","E"],"character_chosen":"WATCHER","items_purchased":[],"campfire_rested":0,"item_purchase_floors":[],"current_hp_per_floor":[65,65,65,62,62,62,62,17,17],"gold":141,"neow_bonus":"THREE_ENEMY_KILL","is_daily":false,"chose_seed":false,"campfire_upgraded":0,"win_rate":0.0,"timestamp":1611620875,"path_taken":["M","M","$","?","?","?","?","E"],"items_purchased_type":[],"build_version":"2020-12-22","purchased_purges":0,"victory":false,"max_hp_per_floor":[72,72,72,72,72,72,72,72,72],"relic_stats":{"counters":[4,9],"obtain_stats":[{"NeowsBlessing":0,"Bag of Marbles":4,"PureWater":0},{"NeowsBlessing":0,"Bag of Marbles":2,"PureWater":0},{"NeowsBlessing":0,"Bag of Marbles":3,"PureWater":0}]},"card_choices":[{"not_picked":["Wireheading","EmptyFist"],"picked":"Evaluate","floor":1},{"not_picked":["CrushJoints","Wireheading","Sanctity"],"picked":"SKIP","floor":2},{"not_picked":["SandsOfTime","Conclude"],"picked":"Wallop","floor":6}],"player_experience":461495,"relics_obtained":[],"event_choices":[{"damage_healed":0,"gold_gain":0,"player_choice":"Success","damage_taken":3,"relics_obtained":["Bag of Marbles"],"max_hp_gain":0,"max_hp_loss":0,"event_name":"Scrap Ooze","floor":4,"gold_loss":0},{"cards_removed":["Defend_P"],"damage_healed":0,"gold_gain":0,"player_choice":"Purged","damage_taken":0,"max_hp_gain":0,"max_hp_loss":0,"event_name":"Purifier","floor":5,"gold_loss":0},{"damage_healed":0,"gold_gain":0,"player_choice":"Got Potions","damage_taken":0,"max_hp_gain":0,"max_hp_loss":0,"event_name":"Lab","floor":7,"gold_loss":0}],"is_beta":false,"boss_relics":[],"items_purged_floors":[],"is_endless":false,"potions_floor_spawned":[1,2],"killed_by":"Gremlin Nob","ascension_level":6}}