{"host":"4rvakrj1idbgia3f","time":1611670743,"event":{"mods":["BaseMod","Colored Map","Colored Powertips","DeckTracker","Highlight Path","Minty Spire (QoL Compilation)","Random Character Button","StSLib"],"gold_per_floor":[13,13,32,44,61,61,94,94,117,7,39,52,80,80,80,80,80],"floor_reached":16,"language":"JPN","playtime":739,"items_purged":[],"score":240,"play_id":"15f77954-7d5e-41a1-b639-5e4872460659","local_time":"20210126231903","is_ascension_mode":true,"campfire_choices":[{"data":"Poisoned Stab","floor":6.0,"key":"SMITH"},{"data":"Doppelganger","floor":8.0,"key":"SMITH"},{"data":"Phantasmal Killer","floor":15,"key":"SMITH"}],"circlet_count":0,"master_deck":["AscendersBane","Strike_G","Strike_G","Strike_G","Strike_G","Defend_G","Defend_G","Defend_G","Survivor","Neutralize","Blur","Doppelganger+1","Quick Slash","Poisoned Stab+1","Cloak And Dagger","Blur","Blade Dance","Cloak And Dagger","PiercingWail","Phantasmal Killer+1","Parasite"],"relics":["Ring of the Snake","Orichalcum","Juzu Bracelet","Tiny Chest","Frozen Egg 2"],"acts_visited":["Exordium"],"potions_floor_usage":[13,16],"damage_taken":[{"damage":0.0,"enemies":"2 Louse","floor":1.0,"turns":5.0},{"damage":1.0,"enemies":"Cultist","floor":3.0,"turns":5.0},{"damage":0.0,"enemies":"Jaw Worm","floor":4.0,"turns":5.0},{"damage":0.0,"enemies":"Looter","floor":5.0,"turns":3.0},{"damage":15.0,"enemies":"3 Sentries","floor":7.0,"turns":10.0},{"damage":8.0,"enemies":"Gremlin Nob","floor":11.0,"turns":3.0},{"damage":11.0,"enemies":"2 Fungi Beasts","floor":12.0,"turns":3.0},{"damage":2,"enemies":"Lagavulin","floor":13,"turns":8},{"damage":57,"enemies":"The Guardian","floor":16,"turns":13}],"seed_played":"8938353550887369084","potions_obtained":[{"floor":1.0,"key":"Fire Potion"},{"floor":4.0,"key":"AttackPotion"},{"floor":11.0,"key":"PowerPotion"},{"floor":13,"key":"GamblersBrew"}],"is_trial":false,"path_per_floor":["M","?","M","M","M","R","E","R","T","$","E","M","E","?","R","B"],"character_chosen":"THE_SILENT","items_purchased":["Blade Dance","Fire Potion"],"campfire_rested":0,"item_purchase_floors":[10,10],"current_hp_per_floor":[59,59,58,58,58,58,43,43,43,43,35,24,22,38,38,0,0],"gold":80,"neow_bonus":"REMOVE_TWO","is_daily":false,"chose_seed":false,"campfire_upgraded":3,"win_rate":0.0,"timestamp":1611670743,"path_taken":["M","?","M","M","?","R","E","R","T","$","E","M","E","?","R","BOSS"],"items_purchased_type":["Card","Potion"],"build_version":"2020-12-22","purchased_purges":0,"victory":false,"max_hp_per_floor":[66,66,66,66,66,66,66,66,66,66,66,66,66,66,66,66,66],"card_choices":[{"not_picked":["Endless Agony","PiercingWail"],"picked":"Blur","floor":1.0},{"not_picked":["Flying Knee","Dodge and Roll"],"picked":"Quick Slash","floor":3.0},{"not_picked":["Dodge and Roll","Finisher"],"picked":"Poisoned Stab","floor":4.0},{"not_picked":["Quick Slash","Bane"],"picked":"Cloak And Dagger","floor":5.0},{"not_picked":["Die Die Die","Poisoned Stab"],"picked":"Blur","floor":7.0},{"not_picked":["Setup","Caltrops"],"picked":"Cloak And Dagger","floor":11.0},{"not_picked":["Acrobatics","Masterful Stab"],"picked":"PiercingWail","floor":12.0},{"not_picked":["Underhanded Strike","Slice"],"picked":"Phantasmal Killer","floor":13}],"player_experience":2122555,"relics_obtained":[{"floor":7.0,"key":"Orichalcum"},{"floor":9.0,"key":"Juzu Bracelet"},{"floor":11.0,"key":"Tiny Chest"},{"floor":13,"key":"Frozen Egg 2"}],"event_choices":[{"damage_healed":0.0,"max_hp_gain":0.0,"max_hp_loss":0.0,"gold_gain":0.0,"cards_transformed":["Defend_G"],"event_name":"Transmorgrifier","player_choice":"Transformed","floor":2.0,"gold_loss":0.0,"damage_taken":0.0,"cards_obtained":["Doppelganger"]},{"damage_healed":16,"gold_gain":0,"player_choice":"Healed and dodged fight","damage_taken":0,"max_hp_gain":0,"max_hp_loss":0,"event_name":"Mushrooms","floor":14,"gold_loss":0,"cards_obtained":["Parasite"]}],"is_beta":false,"boss_relics":[],"items_purged_floors":[],"is_endless":false,"potions_floor_spawned":[1,4,11,13],"killed_by":"The Guardian","ascension_level":20}}