{"host":"f1ywytio1xmbwkwz","time":1611698455,"event":{"mods":["BaseMod","Minty Spire (QoL Compilation)","Relic Stats","StSLib","The Cursed"],"gold_per_floor":[118,118,293,65,83,116,116,126,126,144,144,175,187,200,200,299,299,318,336,349,364,11,11,11,11,60,60,60,90,189,114,114,211,211,231,247,247,266,32,60,89,112,173,211,233,271,283,306,318,330],"floor_reached":51,"language":"ENG","playtime":2673,"items_purged":[],"score":844,"play_id":"1db3b12a-a380-42ca-8bfd-f5eb808981b8","local_time":"20210126150055","is_ascension_mode":false,"campfire_choices":[{"data":"TheCursedMod:CleanUpWorkshop","floor":15,"key":"SMITH"},{"data":"TheCursedMod:CircleOfFlame","floor":23,"key":"SMITH"},{"data":"TheCursedMod:Torture","floor":25,"key":"SMITH"},{"data":"TheCursedMod:VoidForm","floor":27,"key":"SMITH"},{"floor":32,"key":"REST"},{"floor":49,"key":"REST"}],"circlet_count":0,"master_deck":["TheCursedMod:Strike_TheCursed","TheCursedMod:Strike_TheCursed","TheCursedMod:Defend_TheCursed","TheCursedMod:Defend_TheCursed","TheCursedMod:Defend_TheCursed","TheCursedMod:Defend_TheCursed","TheCursedMod:CursedWand+1","TheCursedMod:CleanUpWorkshop+1","TheCursedMod:Dregs","TheCursedMod:CursedBoomerang","TheCursedMod:StingEye","TheCursedMod:CircleOfFlame+1","TheCursedMod:StingEye","TheCursedMod:CursedBlade","TheCursedMod:Evocation","TheCursedMod:VitalStrike","TheCursedMod:StingEye","TheCursedMod:CursedArmor","TheCursedMod:VoidForm+1","TheCursedMod:Torture+1","TheCursedMod:RapidMovement","TheCursedMod:CircleOfCorruption","TheCursedMod:FuryStrike+1","TheCursedMod:Hemoplague","TheCursedMod:TacticalStrike","TheCursedMod:CursedSpellbook","TheCursedMod:CircleOfBlood","TheCursedMod:WearCloak","TheCursedMod:LuckyCharm","TheCursedMod:FleshFromBone+1","Doubt","TheCursedMod:TroublousMinions+1","TheCursedMod:HellfireBreathing+1","TheCursedMod:Torture+1"],"relics":["TheCursedMod:BlackMagicAdvanced","NeowsBlessing","Bronze Scales","Meat on the Bone","Oddly Smooth Stone","CaptainsWheel","Cursed Key","InkBottle","MutagenicStrength","Nunchaku","Art of War","White Beast Statue","Orichalcum","MawBank","Blood Vial","Centennial Puzzle","Smiling Mask"],"acts_visited":["Exordium","TheCity","TheBeyond"],"potions_floor_usage":[12,14,16,19,35,38,40,42,50],"damage_taken":[{"damage":0,"enemies":"Cultist","floor":1,"turns":1},{"damage":0,"enemies":"2 Louse","floor":5,"turns":1},{"damage":0,"enemies":"Lagavulin","floor":6,"turns":1},{"damage":4,"enemies":"Jaw Worm","floor":8,"turns":3},{"damage":5,"enemies":"Looter","floor":10,"turns":2},{"damage":4,"enemies":"Gremlin Nob","floor":12,"turns":3},{"damage":0,"enemies":"2 Fungi Beasts","floor":13,"turns":2},{"damage":8,"enemies":"Lots of Slimes","floor":14,"turns":1},{"damage":42,"enemies":"The Guardian","floor":16,"turns":10},{"damage":3,"enemies":"2 Thieves","floor":18,"turns":3},{"damage":14,"enemies":"Chosen","floor":19,"turns":4},{"damage":14,"enemies":"3 Cultists","floor":20,"turns":5},{"damage":9,"enemies":"Snecko","floor":21,"turns":4},{"damage":7,"enemies":"Book of Stabbing","floor":29,"turns":4},{"damage":40,"enemies":"Automaton","floor":33,"turns":7},{"damage":41,"enemies":"3 Darklings","floor":35,"turns":3},{"damage":26,"enemies":"3 Shapes","floor":36,"turns":2},{"damage":9,"enemies":"Transient","floor":38,"turns":5},{"damage":19,"enemies":"Reptomancer","floor":40,"turns":6},{"damage":36,"enemies":"Sphere and 2 Shapes","floor":41,"turns":6},{"damage":9,"enemies":"Maw","floor":42,"turns":5},{"damage":11,"enemies":"Giant Head","floor":44,"turns":8},{"damage":4,"enemies":"Jaw Worm Horde","floor":45,"turns":4},{"damage":14,"enemies":"Nemesis","floor":46,"turns":5},{"damage":0,"enemies":"Writhing Mass","floor":48,"turns":4},{"damage":37,"enemies":"Time Eater","floor":50,"turns":10}],"seed_played":"5777586900506648641","potions_obtained":[{"floor":5,"key":"Energy Potion"},{"floor":6,"key":"DistilledChaos"},{"floor":8,"key":"Fire Potion"},{"floor":13,"key":"GamblersBrew"},{"floor":16,"key":"SpeedPotion"},{"floor":20,"key":"FairyPotion"},{"floor":29,"key":"FairyPotion"},{"floor":33,"key":"Explosive Potion"},{"floor":35,"key":"Energy Potion"},{"floor":38,"key":"Weak Potion"},{"floor":40,"key":"TheCursedMod:DregsPotion"},{"floor":41,"key":"Strength Potion"},{"floor":42,"key":"GamblersBrew"},{"floor":44,"key":"SteroidPotion"},{"floor":46,"key":"Fire Potion"}],"is_trial":false,"path_per_floor":["M","?","?","$","M","E","?","M","T","M","?","E","M","M","R","B",null,"M","M","M","M","$","R","?","R","T","R","?","E","?","?","R","B",null,"M","M","?","M","$","E","M","M","T","E","M","E","?","M","R","B",null],"character_chosen":"THE_CURSED","items_purchased":["Bronze Scales","TheCursedMod:StingEye","TheCursedMod:Hemoplague","InkBottle","TheCursedMod:TacticalStrike","Orichalcum","TheCursedMod:LuckyCharm"],"campfire_rested":2,"item_purchase_floors":[4,4,22,22,22,39,39],"current_hp_per_floor":[75,75,75,75,75,75,75,71,71,66,66,62,62,54,54,24,75,72,58,44,47,47,47,47,47,47,47,47,40,40,40,61,33,72,43,35,35,40,40,39,21,26,26,37,39,45,45,49,70,47],"gold":342,"neow_bonus":"THREE_ENEMY_KILL","is_daily":false,"chose_seed":false,"campfire_upgraded":4,"win_rate":0.0,"timestamp":1611698455,"path_taken":["M","?","?","?","M","E","?","M","T","M","?","E","M","M","R","BOSS","M","?","?","M","$","R","?","R","T","R","?","E","?","?","R","BOSS","M","M","?","M","$","E","?","M","T","E","M","E","?","M","R","BOSS"],"items_purchased_type":["Relic","Card","Card","Relic","Card","Relic","Card"],"build_version":"2020-12-22","purchased_purges":0,"victory":true,"max_hp_per_floor":[75,75,75,75,75,75,75,75,75,75,75,75,75,75,75,75,75,75,75,75,75,75,75,75,75,75,75,75,75,75,72,72,72,72,72,72,72,72,72,72,72,72,72,72,72,72,72,72,72,72],"relic_stats":{"counters":[26,109],"Orichalcum":[12],"Cursed Key":2,"MawBank":132,"Smiling Mask":0,"Blood Vial":10,"Nunchaku":[16],"Centennial Puzzle":[9],"Bronze Scales":[328],"Art of War":[2],"obtain_stats":[{"TheCursedMod:BlackMagic101":0,"NeowsBlessing":0,"TheCursedMod:BlackMagicAdvanced":34,"Oddly Smooth Stone":9,"Orichalcum":39,"Cursed Key":17,"MawBank":40,"Smiling Mask":46,"White Beast Statue":29,"Blood Vial":43,"CaptainsWheel":12,"Nunchaku":26,"Centennial Puzzle":44,"Bronze Scales":4,"MutagenicStrength":24,"Art of War":28,"InkBottle":22,"Meat on the Bone":6},{"TheCursedMod:BlackMagic101":0,"NeowsBlessing":0,"TheCursedMod:BlackMagicAdvanced":15,"Oddly Smooth Stone":4,"Orichalcum":18,"Cursed Key":9,"MawBank":19,"Smiling Mask":24,"White Beast Statue":14,"Blood Vial":21,"CaptainsWheel":6,"Nunchaku":13,"Centennial Puzzle":22,"Bronze Scales":1,"MutagenicStrength":13,"Art of War":13,"InkBottle":13,"Meat on the Bone":3},{"TheCursedMod:BlackMagic101":0,"NeowsBlessing":0,"TheCursedMod:BlackMagicAdvanced":51,"Oddly Smooth Stone":6,"Orichalcum":61,"Cursed Key":24,"MawBank":67,"Smiling Mask":95,"White Beast Statue":44,"Blood Vial":78,"CaptainsWheel":11,"Nunchaku":40,"Centennial Puzzle":86,"Bronze Scales":1,"MutagenicStrength":40,"Art of War":40,"InkBottle":40,"Meat on the Bone":3}],"InkBottle":[32],"Meat on the Bone":144},"card_choices":[{"not_picked":["TheCursedMod:RavingStaff","TheCursedMod:CircleOfAmplification"],"picked":"TheCursedMod:CursedBoomerang","floor":1},{"not_picked":["TheCursedMod:HellfireBreathing","TheCursedMod:CircleOfAmplification"],"picked":"TheCursedMod:CircleOfFlame","floor":5},{"not_picked":["TheCursedMod:CursedMace","TheCursedMod:HellsGateOpen"],"picked":"TheCursedMod:StingEye","floor":6},{"not_picked":["TheCursedMod:CursedMace","TheCursedMod:VitalStrike"],"picked":"TheCursedMod:CursedBlade","floor":8},{"not_picked":["TheCursedMod:HellfireBreathing","TheCursedMod:SpitefulPlan"],"picked":"TheCursedMod:Evocation","floor":10},{"not_picked":["TheCursedMod:SpitefulStrike","TheCursedMod:FleshFromBone"],"picked":"TheCursedMod:VitalStrike","floor":12},{"not_picked":["TheCursedMod:HellfireBreathing","TheCursedMod:Obscuration"],"picked":"TheCursedMod:StingEye","floor":13},{"not_picked":["TheCursedMod:Mangle","TheCursedMod:SoulCrush"],"picked":"TheCursedMod:CursedArmor","floor":14},{"not_picked":["TheCursedMod:ForbiddenAlchemy","TheCursedMod:AntiAging"],"picked":"TheCursedMod:VoidForm","floor":16},{"not_picked":["TheCursedMod:CursedMace+1","TheCursedMod:FleshFromBone"],"picked":"TheCursedMod:Torture","floor":18},{"not_picked":["TheCursedMod:SpitefulPray","TheCursedMod:SmokeScreen"],"picked":"TheCursedMod:RapidMovement","floor":19},{"not_picked":["TheCursedMod:WearCloak","TheCursedMod:ReleasedKnowledge"],"picked":"TheCursedMod:CircleOfCorruption","floor":20},{"not_picked":["TheCursedMod:CircleOfCorruption","TheCursedMod:SpreadPlague"],"picked":"TheCursedMod:FuryStrike+1","floor":21},{"not_picked":["TheCursedMod:VitalStrike","TheCursedMod:CircleOfFlame"],"picked":"TheCursedMod:CursedSpellbook","floor":29},{"not_picked":["TheCursedMod:FleshFromBone","TheCursedMod:Obscuration"],"picked":"TheCursedMod:CircleOfBlood","floor":35},{"not_picked":["TheCursedMod:SoulCrush","TheCursedMod:TacticalStrike","TheCursedMod:SpreadPlague"],"picked":"SKIP","floor":36},{"not_picked":["TheCursedMod:Obscuration+1","TheCursedMod:RapidMovement+1"],"picked":"TheCursedMod:WearCloak","floor":38},{"not_picked":["TheCursedMod:OutForBlood","TheCursedMod:WearCloak"],"picked":"TheCursedMod:FleshFromBone+1","floor":40},{"not_picked":["TheCursedMod:WearCloak+1","TheCursedMod:CircleOfWindfury+1","TheCursedMod:RapidMovement+1"],"picked":"SKIP","floor":41},{"not_picked":["TheCursedMod:CircleOfFlame","TheCursedMod:AshesToAshes","TheCursedMod:CursedAmulet+1"],"picked":"SKIP","floor":42},{"not_picked":["TheCursedMod:CollectTribute","TheCursedMod:RavingStaff"],"picked":"TheCursedMod:TroublousMinions+1","floor":44},{"not_picked":["TheCursedMod:Stretching+1","TheCursedMod:CircleOfCorruption+1"],"picked":"TheCursedMod:HellfireBreathing+1","floor":45},{"not_picked":["TheCursedMod:DoubleShield+1","TheCursedMod:RavingStaff","TheCursedMod:Mangle"],"picked":"SKIP","floor":46},{"not_picked":["TheCursedMod:RapidMovement","TheCursedMod:SoulCrush+1"],"picked":"TheCursedMod:Torture+1","floor":48}],"player_experience":296267,"relics_obtained":[{"floor":6,"key":"Meat on the Bone"},{"floor":9,"key":"Oddly Smooth Stone"},{"floor":12,"key":"CaptainsWheel"},{"floor":26,"key":"Nunchaku"},{"floor":29,"key":"White Beast Statue"},{"floor":40,"key":"MawBank"},{"floor":43,"key":"Blood Vial"},{"floor":44,"key":"Centennial Puzzle"},{"floor":46,"key":"Smiling Mask"}],"event_choices":[{"damage_healed":0,"gold_gain":0,"player_choice":"Grow","damage_taken":0,"max_hp_gain":0,"max_hp_loss":0,"event_name":"Living Wall","floor":2,"gold_loss":0,"cards_upgraded":["TheCursedMod:CursedWand"]},{"damage_healed":0,"gold_gain":175,"player_choice":"AGREE","damage_taken":0,"max_hp_gain":0,"max_hp_loss":0,"event_name":"Liars Game","floor":3,"gold_loss":0,"cards_obtained":["Doubt"]},{"damage_healed":0,"gold_gain":0,"player_choice":"Leave","damage_taken":0,"max_hp_gain":0,"max_hp_loss":0,"event_name":"The Cleric","floor":7,"gold_loss":0},{"cards_removed":["Doubt"],"damage_healed":0,"gold_gain":0,"player_choice":"Purged","damage_taken":0,"max_hp_gain":0,"max_hp_loss":0,"event_name":"Purifier","floor":11,"gold_loss":0},{"damage_healed":0,"gold_gain":0,"player_choice":"Inject Mutagens","damage_taken":0,"relics_obtained":["MutagenicStrength"],"max_hp_gain":0,"max_hp_loss":0,"event_name":"Drug Dealer","floor":24,"gold_loss":0},{"damage_healed":0,"gold_gain":0,"player_choice":"Opened","damage_taken":0,"relics_obtained":["Art of War"],"max_hp_gain":0,"max_hp_loss":0,"event_name":"The Mausoleum","floor":28,"gold_loss":0},{"damage_healed":0,"gold_gain":99,"player_choice":"Stole From Cult","damage_taken":0,"max_hp_gain":0,"max_hp_loss":0,"event_name":"Nest","floor":30,"gold_loss":0},{"cards_removed":["Parasite"],"damage_healed":0,"gold_gain":0,"player_choice":"Gave Gold","damage_taken":0,"max_hp_gain":0,"max_hp_loss":0,"event_name":"Beggar","floor":31,"gold_loss":75},{"cards_removed":["TheCursedMod:Strike_TheCursed"],"damage_healed":0,"gold_gain":0,"player_choice":"Card Removal","damage_taken":0,"max_hp_gain":0,"max_hp_loss":0,"event_name":"Wheel of Change","floor":37,"gold_loss":0},{"cards_removed":["TheCursedMod:Strike_TheCursed"],"damage_healed":0,"gold_gain":0,"player_choice":"Removed Attack","damage_taken":0,"max_hp_gain":0,"max_hp_loss":0,"event_name":"Falling","floor":47,"gold_loss":0}],"is_beta":false,"boss_relics":[{"not_picked":["Sozu","Ectoplasm"],"picked":"Cursed Key"},{"not_picked":["Philosopher\u0027s Stone","Busted Crown"],"picked":"TheCursedMod:BlackMagicAdvanced"}],"items_purged_floors":[],"is_endless":false,"potions_floor_spawned":[5,6,8,13,16,20,29,33,35,36,38,40,41,42,44,45,46,48],"ascension_level":0}}