{"host":"r6jigiblrojhp6xe","time":1611639268,"event":{"mods":["AchievementEnabler","BaseMod","DeckTracker","Hermit","Minty Spire (QoL Compilation)","Quick Restart","Rare Cards Sparkle","Relic Stats","StSLib","SuperFastMode","everything is the same but u backflip on backflip"],"gold_per_floor":[110,110,110,122,135,135,158,188,188,204,239,239,239,257,257,357,357,385,413,423,205,233,133,152,152,231,231,297,27,52,52,52,232,232,249,249,129,129,147,147,178,196,196,216,232,232,282,25,25,25],"floor_reached":51,"language":"KOR","playtime":1657,"items_purged":["hermit:Strike_Hermit","hermit:Strike_Hermit","hermit:Headshot+1","hermit:Defend_Hermit","hermit:Defend_Hermit"],"score":1065,"play_id":"f1f3e386-7d98-49d1-82b8-34962e2c81fc","local_time":"20210126143428","is_ascension_mode":true,"campfire_choices":[{"data":"hermit:Headshot","floor":6,"key":"SMITH"},{"data":"hermit:Snapshot","floor":13,"key":"SMITH"},{"data":"hermit:LuckOfTheDraw","floor":15,"key":"SMITH"},{"data":"hermit:CalledShot","floor":27,"key":"SMITH"},{"data":"hermit:Enervate","floor":32,"key":"SMITH"},{"data":"hermit:Enervate","floor":40,"key":"SMITH"},{"floor":49,"key":"RECALL"}],"circlet_count":0,"master_deck":["hermit:Defend_Hermit","hermit:Snapshot+1","hermit:Covet","hermit:GhostlyPresence","hermit:LuckOfTheDraw+1","hermit:DeadOrAlive","hermit:Enervate+1","hermit:CalledShot+1","hermit:Enervate+1","Secret Technique","hermit:Covet"],"relics":["Runic Pyramid","Orichalcum","Potion Belt","Bottled Lightning","Kunai","Empty Cage","Vajra","MutagenicStrength","hermit:Horseshoe","Singing Bowl","Lee\u0027s Waffle","The Courier","SacredBark","Mercury Hourglass","TungstenRod","Ginger","Nunchaku"],"acts_visited":["Exordium","TheCity","TheBeyond"],"potions_floor_usage":[8,11,16,20,28,28],"damage_taken":[{"damage":6,"enemies":"2 Louse","floor":1,"turns":3},{"damage":7,"enemies":"Small Slimes","floor":4,"turns":3},{"damage":1,"enemies":"Cultist","floor":5,"turns":3},{"damage":4,"enemies":"3 Sentries","floor":8,"turns":6},{"damage":22,"enemies":"Exordium Wildlife","floor":10,"turns":4},{"damage":2,"enemies":"Gremlin Nob","floor":11,"turns":3},{"damage":0,"enemies":"Large Slime","floor":14,"turns":3},{"damage":6,"enemies":"The Guardian","floor":16,"turns":11},{"damage":22,"enemies":"Spheric Guardian","floor":18,"turns":4},{"damage":13,"enemies":"2 Thieves","floor":19,"turns":4},{"damage":13,"enemies":"Snecko","floor":20,"turns":4},{"damage":4,"enemies":"3 Cultists","floor":22,"turns":4},{"damage":0,"enemies":"Cultist and Chosen","floor":24,"turns":4},{"damage":3,"enemies":"Book of Stabbing","floor":28,"turns":4},{"damage":2,"enemies":"Slavers","floor":30,"turns":2},{"damage":0,"enemies":"Collector","floor":33,"turns":1},{"damage":3,"enemies":"3 Shapes","floor":35,"turns":2},{"damage":0,"enemies":"Orb Walker","floor":39,"turns":1},{"damage":0,"enemies":"Nemesis","floor":41,"turns":1},{"damage":0,"enemies":"Maw","floor":42,"turns":1},{"damage":0,"enemies":"Transient","floor":44,"turns":1},{"damage":0,"enemies":"Spire Growth","floor":45,"turns":1},{"damage":0,"enemies":"Mind Bloom Boss Battle","floor":47,"turns":1},{"damage":0,"enemies":"Awakened One","floor":50,"turns":2}],"seed_played":"557389560061753485","potions_obtained":[{"floor":3,"key":"SteroidPotion"},{"floor":3,"key":"Explosive Potion"},{"floor":3,"key":"DuplicationPotion"},{"floor":8,"key":"SpeedPotion"},{"floor":11,"key":"AttackPotion"},{"floor":16,"key":"hermit:Eclipse"},{"floor":18,"key":"Weak Potion"},{"floor":20,"key":"Regen Potion"},{"floor":30,"key":"Block Potion"},{"floor":33,"key":"Ancient Potion"},{"floor":39,"key":"DuplicationPotion"}],"is_trial":false,"path_per_floor":["M","?","?","M","M","R","T","E","T","M","E","?","R","M","R","B",null,"M","M","M","$","M","$","M","?","T","R","E","$","E","?","R","B",null,"M","?","$","?","M","R","E","M","T","M","M","?","?","$","R","B",null],"character_chosen":"HERMIT","items_purchased":["Vajra","Lee\u0027s Waffle","Nunchaku"],"campfire_rested":0,"item_purchase_floors":[21,29,48],"current_hp_per_floor":[69,74,74,67,66,66,66,62,62,40,38,38,38,38,38,32,80,58,45,32,32,28,28,28,28,28,28,36,89,89,89,89,91,93,92,92,92,92,94,94,96,98,98,100,102,100,102,102,102,102],"gold":25,"neow_bonus":"BOSS_RELIC","is_daily":false,"chose_seed":false,"campfire_upgraded":6,"win_rate":0.0,"timestamp":1611639268,"path_taken":["M","?","?","?","M","R","?","E","T","M","E","?","R","M","R","BOSS","M","M","?","$","M","$","M","?","T","R","E","?","E","?","R","BOSS","M","?","$","?","M","R","E","M","T","?","M","?","?","$","R","BOSS"],"items_purchased_type":["Relic","Relic","Relic"],"build_version":"2020-12-22","purchased_purges":5,"victory":true,"max_hp_per_floor":[75,80,80,80,80,80,80,80,80,80,80,80,80,80,80,80,80,80,80,80,80,80,80,80,80,80,80,82,89,91,91,91,93,93,95,95,95,95,97,97,99,101,101,103,105,100,102,102,102,102],"relic_stats":{"Lee\u0027s Waffle":53,"Nunchaku":[4],"Singing Bowl":20,"counters":[24,73],"Kunai":[94],"Ginger":[0],"Orichalcum":[66],"obtain_stats":[{"Potion Belt":8,"Lee\u0027s Waffle":29,"Singing Bowl":28,"SacredBark":34,"Vajra":21,"The Courier":30,"Ginger":47,"Orichalcum":7,"Empty Cage":17,"Mercury Hourglass":41,"Nunchaku":48,"MutagenicStrength":25,"Bottled Lightning":9,"Kunai":11,"hermit:Horseshoe":26,"hermit:Momento":0,"TungstenRod":43,"Runic Pyramid":0},{"Potion Belt":4,"Lee\u0027s Waffle":14,"Singing Bowl":14,"SacredBark":16,"Vajra":11,"The Courier":15,"Ginger":23,"Orichalcum":3,"Empty Cage":8,"Mercury Hourglass":19,"Nunchaku":23,"MutagenicStrength":13,"Bottled Lightning":4,"Kunai":6,"hermit:Horseshoe":13,"hermit:Momento":0,"TungstenRod":20,"Runic Pyramid":0},{"Potion Belt":15,"Lee\u0027s Waffle":60,"Singing Bowl":60,"SacredBark":63,"Vajra":48,"The Courier":62,"Ginger":71,"Orichalcum":9,"Empty Cage":36,"Mercury Hourglass":67,"Nunchaku":71,"MutagenicStrength":56,"Bottled Lightning":15,"Kunai":22,"hermit:Horseshoe":56,"hermit:Momento":0,"TungstenRod":68,"Runic Pyramid":0}],"TungstenRod":0,"Mercury Hourglass":[30]},"card_choices":[{"not_picked":["hermit:HighCaliber","hermit:WideOpen","hermit:CursedWeapon"],"picked":"SKIP","floor":1},{"not_picked":["hermit:TrackingShot","hermit:Headshot","hermit:Manifest"],"picked":"SKIP","floor":4},{"not_picked":["hermit:TrackingShot","hermit:Manifest"],"picked":"hermit:Headshot","floor":4},{"not_picked":["hermit:ItchyTrigger","hermit:Feint"],"picked":"hermit:GhostlyPresence","floor":5},{"not_picked":["hermit:TrackingShot","hermit:GoldenBullet"],"picked":"hermit:LuckOfTheDraw","floor":8},{"not_picked":["hermit:Desperado","hermit:Roulette","hermit:Coalescence"],"picked":"SKIP","floor":10},{"not_picked":["hermit:Reprieve","hermit:Vantage","hermit:Coalescence"],"picked":"SKIP","floor":11},{"not_picked":["hermit:WideOpen","hermit:Cheat","hermit:Quickdraw"],"picked":"SKIP","floor":14},{"not_picked":["hermit:Reprieve","hermit:Adapt"],"picked":"hermit:DeadOrAlive","floor":16},{"not_picked":["hermit:Ricochet","hermit:SprayPray"],"picked":"hermit:Enervate","floor":18},{"not_picked":["hermit:Purgatory","hermit:LuckOfTheDraw","hermit:Ricochet"],"picked":"SKIP","floor":19},{"not_picked":["hermit:DeadMansHand","hermit:ItchyTrigger"],"picked":"hermit:CalledShot","floor":20},{"not_picked":["hermit:Roulette","hermit:Misfire","hermit:DeadMansHand+1"],"picked":"SKIP","floor":22},{"not_picked":["hermit:BodyArmor","hermit:Scavenge"],"picked":"hermit:Enervate","floor":24},{"not_picked":["hermit:Misfire","hermit:Horror","hermit:Brawl"],"picked":"Singing Bowl","floor":28},{"not_picked":["hermit:Dive+1","hermit:SprayPray","hermit:Quickdraw"],"picked":"Singing Bowl","floor":30},{"not_picked":["hermit:Roughhouse","hermit:Dissolve","hermit:Adapt"],"picked":"Singing Bowl","floor":33},{"not_picked":["hermit:Quickdraw","hermit:Glare","hermit:TrackingShot+1"],"picked":"Singing Bowl","floor":35},{"not_picked":["Deep Breath","Forethought"],"picked":"Secret Technique","floor":36},{"not_picked":["hermit:ItchyTrigger","hermit:TrackingShot","hermit:Vantage"],"picked":"Singing Bowl","floor":39},{"not_picked":["hermit:NoHoldsBarred+1","hermit:Cheat","hermit:Gambit"],"picked":"Singing Bowl","floor":41},{"not_picked":["hermit:SprayPray","hermit:Dive","hermit:Glare"],"picked":"Singing Bowl","floor":42},{"not_picked":["hermit:Horror","hermit:SprayPray+1","hermit:Ricochet"],"picked":"Singing Bowl","floor":44},{"not_picked":["hermit:Ricochet","hermit:Desperado+1","hermit:Grudge+1"],"picked":"Singing Bowl","floor":45},{"not_picked":["hermit:Cheat","hermit:Dissolve","hermit:SprayPray+1"],"picked":"Singing Bowl","floor":47}],"player_experience":594754,"relics_obtained":[{"floor":7,"key":"Orichalcum"},{"floor":8,"key":"Potion Belt"},{"floor":9,"key":"Bottled Lightning"},{"floor":11,"key":"Kunai"},{"floor":26,"key":"hermit:Horseshoe"},{"floor":28,"key":"Singing Bowl"},{"floor":30,"key":"The Courier"},{"floor":41,"key":"Mercury Hourglass"},{"floor":43,"key":"TungstenRod"},{"floor":47,"key":"Ginger"}],"event_choices":[{"damage_healed":0,"gold_gain":0,"player_choice":"Donut","damage_taken":0,"max_hp_gain":5,"max_hp_loss":0,"event_name":"Big Fish","floor":2,"gold_loss":0},{"damage_healed":0,"gold_gain":0,"player_choice":"Got Potions","damage_taken":0,"max_hp_gain":0,"max_hp_loss":0,"event_name":"Lab","floor":3,"gold_loss":0},{"cards_removed":["hermit:Strike_Hermit"],"damage_healed":0,"gold_gain":0,"player_choice":"Card Removal","damage_taken":0,"max_hp_gain":0,"max_hp_loss":0,"event_name":"Wheel of Change","floor":12,"gold_loss":0},{"damage_healed":0,"gold_gain":0,"player_choice":"Inject Mutagens","damage_taken":0,"relics_obtained":["MutagenicStrength"],"max_hp_gain":0,"max_hp_loss":0,"event_name":"Drug Dealer","floor":25,"gold_loss":0},{"damage_healed":0,"gold_gain":0,"player_choice":"Ignored","damage_taken":0,"max_hp_gain":0,"max_hp_loss":0,"event_name":"Vampires","floor":31,"gold_loss":0},{"damage_healed":0,"gold_gain":0,"player_choice":"Memory 1","damage_taken":0,"max_hp_gain":0,"max_hp_loss":0,"event_name":"SensoryStone","floor":36,"gold_loss":0},{"damage_healed":0,"gold_gain":0,"player_choice":"Copied","damage_taken":0,"max_hp_gain":0,"max_hp_loss":0,"event_name":"Duplicator","floor":38,"gold_loss":0,"cards_obtained":["hermit:Covet"]},{"damage_healed":0,"gold_gain":0,"player_choice":"Max HP","damage_taken":0,"max_hp_gain":0,"max_hp_loss":5,"event_name":"Winding Halls","floor":46,"gold_loss":0},{"damage_healed":0,"gold_gain":0,"player_choice":"Fight","damage_taken":0,"max_hp_gain":0,"max_hp_loss":0,"event_name":"MindBloom","floor":47,"gold_loss":0}],"is_beta":false,"boss_relics":[{"not_picked":["hermit:DentedPlate","Sozu"],"picked":"Empty Cage"},{"not_picked":["Snecko Eye","Velvet Choker"],"picked":"SacredBark"}],"items_purged_floors":[21,23,29,37,48],"is_endless":false,"potions_floor_spawned":[4,8,11,16,18,20,30,33,39,45,47],"ascension_level":4}}