{"host":"pec1bvkeldr5yzx1","time":1611626251,"event":{"mods":["ATMod(°¢èªMod)","AchievementEnabler","Act Like it!","Aspiration","BaseMod","Better Altar","Better Match","Better Sensory Stone","Better Skull","Better Vampires","BetterRewards","Conspire","Dota2Spire","Energized Spire","Friendly Minions","GifTheSpireLib","Hubris","Minty Spire (QoL Compilation)","Replay The Spire","Spicy Shops","StSLib","Stuff the Spire","SuperFastMode","óô»ðÖ¸ÄÏ"],"gold_per_floor":[117,292,292,367,377,406,406,440,440,469,486,486,513,513,513,610,610,621,621,621,621],"floor_reached":20,"language":"ZHS","playtime":844,"items_purged":[],"score":387,"play_id":"3ae05e93-184f-4390-8354-c4acc2ec9df0","local_time":"20210126095731","is_ascension_mode":true,"campfire_choices":[{"floor":7,"key":"RECALL"},{"data":"Flex","floor":12,"key":"SMITH"},{"data":"Life Link","floor":15,"key":"SMITH"}],"circlet_count":0,"master_deck":["Strike_R","Strike_R","Strike_R","Strike_R","Defend_R","Defend_R","Defend_R","Defend_R","Bash","AT_ManFootWork","Reaper","Reaper","AT_GerminateFire","Reckless Charge+1","Flex+1","StuffTheSpire:Slingshot","hubris:NaturalOne","Twin Strike","AT_Dispersion","Anger","Life Link+1","Headbutt","Fire Breathing","Feed+1","Replay:Undeath\u0027s Touch","StuffTheSpire:CopiaOfFamine"],"relics":["Burning Blood","AT_ATBox","Dota2Spire:HeartOfTarrasque","Dota2Spire:DivineRapier","hubris:Icosahedron","Dota2Spire:MonkeyKingBar","BranchBurnRelic","AT_LudenTempest","Bottled Lightning","Golden Egg","Cursed Key"],"acts_visited":["Exordium","TheCity"],"potions_floor_usage":[],"damage_taken":[{"damage":0,"enemies":"2 Louse","floor":1,"turns":2},{"damage":0,"enemies":"Small Slimes","floor":5,"turns":2},{"damage":12,"enemies":"Gremlin Nob","floor":6,"turns":3},{"damage":30,"enemies":"Lagavulin","floor":8,"turns":3},{"damage":16,"enemies":"Replay:BlueRogue","floor":10,"turns":3},{"damage":3,"enemies":"conspire:RoseBush","floor":11,"turns":1},{"damage":12,"enemies":"3 Sentries","floor":13,"turns":3},{"damage":40,"enemies":"Fading Forest","floor":16,"turns":11},{"damage":31,"enemies":"3 Byrds","floor":18,"turns":3},{"damage":64,"enemies":"conspire:FuzzyDice","floor":20,"turns":2}],"seed_played":"-5176697425395760624","potions_obtained":[{"floor":1,"key":"Venom Potion"},{"floor":11,"key":"ColorlessPotion"},{"floor":13,"key":"BloodPotion"}],"is_trial":false,"path_per_floor":["M","?","?","?","M","E","R","E","T","E","M","R","E","?","R","B",null,"M","?","M"],"character_chosen":"IRONCLAD","items_purchased":["Dota2Spire:HeartOfTarrasque","Reaper","Dead Branch","Reckless Charge+1","Flex"],"campfire_rested":0,"item_purchase_floors":[0,0,0,0,0],"current_hp_per_floor":[60,60,60,49,57,56,56,56,56,61,75,75,84,84,84,61,81,72,52,0,0],"gold":621,"neow_bonus":"","is_daily":false,"chose_seed":false,"campfire_upgraded":2,"win_rate":0.0,"timestamp":1611626251,"path_taken":["M","?","?","?","M","E","R","E","T","E","M","R","E","?","R","BOSS","M","?","M"],"items_purchased_type":["Relic","Card","Relic","Card","Card"],"build_version":"2020-12-22","purchased_purges":0,"victory":false,"max_hp_per_floor":[88,88,88,88,88,88,88,88,88,88,88,88,88,88,88,88,88,88,88,88,88],"card_choices":[{"not_picked":["Sword Boomerang","Warcry"],"picked":"StuffTheSpire:Slingshot","floor":1},{"not_picked":["Abandon","ReplayTheSpireMod:Strike From Hell"],"picked":"Twin Strike","floor":5},{"not_picked":["Searing Blow","ReplayTheSpireMod:Strike From Hell"],"picked":"AT_Dispersion","floor":6},{"not_picked":["Run Through","Battle Trance"],"picked":"Anger","floor":8},{"not_picked":["Twin Strike","Havoc"],"picked":"Life Link","floor":10},{"not_picked":["ReplayTheSpireMod:Strike From Hell","Shockwave"],"picked":"Headbutt","floor":11},{"not_picked":["Hemokinesis","AT_ManFootWork"],"picked":"Fire Breathing","floor":13},{"not_picked":["conspire:HitWhereItHurts","Juggernaut"],"picked":"Feed","floor":16},{"not_picked":["StuffTheSpire:Incineration","Fire Breathing"],"picked":"Replay:Undeath\u0027s Touch","floor":18}],"player_experience":98741,"relics_obtained":[{"floor":6,"key":"Dota2Spire:MonkeyKingBar"},{"floor":8,"key":"AT_LudenTempest"},{"floor":10,"key":"Bottled Lightning"},{"floor":13,"key":"Golden Egg"}],"event_choices":[{"damage_healed":0,"gold_gain":175,"player_choice":"AGREE","damage_taken":0,"max_hp_gain":0,"max_hp_loss":0,"event_name":"Liars Game","floor":2,"gold_loss":0,"cards_obtained":["Doubt"]},{"damage_healed":0,"gold_gain":75,"player_choice":"Gather Gold","damage_taken":11,"max_hp_gain":0,"max_hp_loss":0,"event_name":"World of Goop","floor":4,"gold_loss":0},{"cards_removed":["Doubt"],"damage_healed":0,"gold_gain":0,"player_choice":"Forget","damage_taken":0,"max_hp_gain":0,"max_hp_loss":0,"event_name":"Living Wall","floor":14,"gold_loss":0}],"is_beta":false,"boss_relics":[{"not_picked":["hubris:CrackedHourglass","energizedSpire:OgreHead"],"picked":"Cursed Key"}],"items_purged_floors":[],"is_endless":false,"potions_floor_spawned":[1,11,13],"killed_by":"conspire:FuzzyDice","ascension_level":6}}