{"host":"t9zjxed0utvsfjwc","time":1611667629,"event":{"mods":["2.2 Compatiblity","Aspiration","BaseMod","Better Altar","Better Match","Better Note","Better Sensory Stone","Better Skull","Better Third Choice","Block Reminder","Colored Map","Colored Powertips","Custom Start","Hermit","Highlight Path","Hubris","Infinite Spire","Minty Spire (QoL Compilation)","Quick Restart","Rare Cards Sparkle","Reliquary","Replay The Spire","Shade Mod","StSLib","The Cursed","The Disciple","The Marked","The Runesmith","Unceasing Turn Reminder","everything is the same but u backflip on backflip"],"gold_per_floor":[110,110,125,125,125,150,166,183,183,212,223,223,254,274,274,370,370,386,402,402,402,413,446,356,356,356,372,407,407,407,435,435,537,537,551,287,301,312,328,355,335,351,376,376,376,405,405,405,405,501,501,505,505,512,512,512,516,523,535,560,572,387,391,391,259,259,317,467,453,453,267,272,272,402,402,415,415,415,415,469,192,195,195,279,279,289,95,95,120,129,115,165,181,181,181,179,229,229,277,277,349,349,372,372,372,547,585,278,278,312,392,392,426,426,447,447,447,546,546,578,578,596,650,652,652,681,681,730,757,809,860,908,908,958,1061,1061,1122,1116,1116,716,749,779,779,819,887,887,941,941,941,960,960,1082,1082,1082,912,963,1018,1018],"floor_reached":157,"language":"ENG","playtime":9918,"items_purged":["Defend_R","Strike_R","Strike_R","Strike_R","Defend_R+1","Prepared","ReplayReversal+1","Twin Strike+1","Doubt","Bash+1"],"score":4173,"play_id":"a3ea7677-abf0-4785-88a4-3109aaff6e1c","local_time":"20210126132709","is_ascension_mode":true,"campfire_choices":[{"data":"Iron Wave","floor":12.0,"key":"SMITH"},{"floor":30.0,"key":"REST"},{"data":"Defend_R","floor":32.0,"key":"PURGE"},{"floor":44.0,"key":"REST"},{"data":"Strike_R","floor":49.0,"key":"PURGE"},{"data":"Metallicize","floor":64.0,"key":"SMITH"},{"data":"Shrug It Off","floor":66.0,"key":"SMITH"},{"data":"Heavy Blade","floor":75.0,"key":"SMITH"},{"data":"infinitespire:Collect","floor":78.0,"key":"SMITH"},{"data":"Carnage","floor":83.0,"key":"SMITH"},{"data":"Barricade","floor":92.0,"key":"SMITH"},{"data":"ReplayTheSpireMod:Stacked","floor":97.0,"key":"SMITH"},{"data":"Ghostly Armor","floor":100.0,"key":"SMITH"},{"data":"infinitespire:Fortify","floor":109.0,"key":"SMITH"},{"floor":112.0,"key":"RECALL"},{"data":"Burning Pact","floor":114.0,"key":"SMITH"},{"data":"Ghostly Armor","floor":117.0,"key":"SMITH"},{"data":"Pot Of Greed","floor":125.0,"key":"SMITH"},{"data":"Bloodletting","floor":127.0,"key":"SMITH"},{"data":"Bloodletting","floor":134.0,"key":"SMITH"},{"data":"Bloodletting","floor":143.0,"key":"SMITH"},{"floor":146.0,"key":"REST"},{"data":"Demonic Infusion","floor":154,"key":"SMITH"}],"circlet_count":1,"master_deck":["Iron Wave+1","ReplayTheSpireMod:Stacked+1","Ghostly Armor+1","Pommel Strike+1","Offering+1","Limit Break+1","infinitespire:Fortify+1","Demon Form+1","ReplayTheSpireMod:Stacked+1","Shrug It Off+1","Apotheosis+1","Burning Pact+1","Metallicize+1","Shrug It Off+1","infinitespire:Collect+1","Carnage+1","Demon Form+1","Heavy Blade+1","Infernal Blade+1","Barricade+1","Shockwave+1","Pot Of Greed+1","Pot Of Greed","Ghostly Armor+1","Pot Of Greed","Bloodletting+1","Bloodletting+1","Bloodletting+1","Impervious+1","Impervious","Demonic Infusion+1","Havoc+1"],"relics":["Burning Blood","aspiration:Nostalgia","PureWater","Burning Blood","Bag of Marbles","Anchor","hubris:Reverence","infinitespire:BottledMercury","Gremlin Food","reliquary:RedPaperclip","reliquary:WritOfMandamus","aspiration:HatOfInfinitePower","reliquary:Knoch","Membership Card","reliquary:JackalopeAntler","reliquary:BallBearing","reliquary:Boomerang","Torii","Mark of Pain","reliquary:PrincelyHelmet","Whetstone","Ice Cream","Juzu Bracelet","Runesmith:Nanobots","aspiration:PoetsPen_weak","hubris:MobiusCoin","Busted Crown","Replay:Kaleidoscope","Happy Flower","reliquary:RoseTintedGlasses","hubris:Spice","hubris:SlimyHat","infinitespire:Satchel","HornCleat","Empty Cage","hubris:ToyBattleship","Guide Book","Red Mask","infinitespire:Midas Blood","Charon\u0027s Ashes","betterThird:NestCultRelic","Tiny Chest","reliquary:Stiletto","Ginger","infinitespire:EvilPickle","aspiration:SeaSaltIceCream","aspiration:Nostalgia","Iron Core","Letter Opener","Pear","Blue Candle","White Beast Statue","SacredBark","hubris:Towel","infinitespire:Bottled Soul","PreservedInsect","Counterbalance","Grinning Jar","reliquary:IridiumChain","Akabeko","Replay:Mystery Machine","Circlet","hubris:BottledHeart","Runesmith:AutoHammer","Pet Ghost","hubris:Metronome","Replay:Baseball","hubris:FunFungus","ReplayTheSpireMod:Ninjato","Self Forming Clay","Snack Pack","reliquary:HotPoker","aspiration:FetidBarrel","Pandora\u0027s Box","Potion Belt","reliquary:SilkGlove"],"acts_visited":["Exordium","TheCity","TheBeyond","Exordium","TheCity","TheBeyond","TheCity","TheBeyond","TheEnding"],"potions_floor_usage":[150,152,152,157,157,157,157,157],"damage_taken":[{"damage":10.0,"enemies":"Small Slimes","floor":1.0,"turns":4.0},{"damage":1.0,"enemies":"Jaw Worm","floor":3.0,"turns":3.0},{"damage":46.0,"enemies":"Lagavulin","floor":6.0,"turns":5.0},{"damage":0.0,"enemies":"2 Louse","floor":7.0,"turns":1.0},{"damage":15.0,"enemies":"Large Slime","floor":8.0,"turns":6.0},{"damage":26.0,"enemies":"3 Sentries","floor":10.0,"turns":12.0},{"damage":4.0,"enemies":"Exordium Wildlife","floor":11.0,"turns":3.0},{"damage":2.0,"enemies":"Lagavulin","floor":13.0,"turns":6.0},{"damage":11.0,"enemies":"Lots of Slimes","floor":14.0,"turns":4.0},{"damage":52.0,"enemies":"Fading Forest","floor":16.0,"turns":11.0},{"damage":6.0,"enemies":"Shell Parasite","floor":18.0,"turns":3.0},{"damage":9.0,"enemies":"Chosen","floor":19.0,"turns":3.0},{"damage":11.0,"enemies":"Snecko","floor":22.0,"turns":3.0},{"damage":30.0,"enemies":"Gremlin Leader","floor":23.0,"turns":7.0},{"damage":10.0,"enemies":"Centurion and Healer","floor":27.0,"turns":5.0},{"damage":20.0,"enemies":"Nightmare","floor":28.0,"turns":8.0},{"damage":6.0,"enemies":"Book of Stabbing","floor":31.0,"turns":3.0},{"damage":16.0,"enemies":"Automaton","floor":33.0,"turns":9.0},{"damage":60.0,"enemies":"3 Shapes","floor":35.0,"turns":4.0},{"damage":13.0,"enemies":"3 Darklings","floor":37.0,"turns":5.0},{"damage":15.0,"enemies":"Writhing Mass","floor":38.0,"turns":5.0},{"damage":6.0,"enemies":"Jaw Worm Horde","floor":39.0,"turns":3.0},{"damage":19.0,"enemies":"R_Hoarder","floor":40.0,"turns":5.0},{"damage":13.0,"enemies":"4 Shapes","floor":42.0,"turns":4.0},{"damage":9.0,"enemies":"Nemesis","floor":46.0,"turns":7.0},{"damage":1.0,"enemies":"Replay:Hell Engine","floor":50.0,"turns":8.0},{"damage":0.0,"enemies":"Jaw Worm","floor":52.0,"turns":3.0},{"damage":0.0,"enemies":"Cultist","floor":54.0,"turns":1.0},{"damage":6.0,"enemies":"Lagavulin","floor":57.0,"turns":2.0},{"damage":6.0,"enemies":"Small Slimes","floor":58.0,"turns":1.0},{"damage":6.0,"enemies":"Gremlin Nob","floor":59.0,"turns":2.0},{"damage":0.0,"enemies":"Replay:BlueRogue","floor":61.0,"turns":3.0},{"damage":0.0,"enemies":"Blue Slaver","floor":63.0,"turns":2.0},{"damage":6.0,"enemies":"Slime Boss","floor":67.0,"turns":5.0},{"damage":6.0,"enemies":"2 Thieves","floor":69.0,"turns":2.0},{"damage":6.0,"enemies":"Masked Bandits","floor":72.0,"turns":2.0},{"damage":6.0,"enemies":"Book of Stabbing","floor":74.0,"turns":3.0},{"damage":6.0,"enemies":"Slavers","floor":76.0,"turns":2.0},{"damage":6.0,"enemies":"Spheric Guardian","floor":82.0,"turns":1.0},{"damage":6.0,"enemies":"Pondfish","floor":84.0,"turns":4.0},{"damage":1.0,"enemies":"3 Shapes","floor":86.0,"turns":2.0},{"damage":13.0,"enemies":"Orb Walker","floor":90.0,"turns":2.0},{"damage":9.0,"enemies":"R_Hoarder","floor":91.0,"turns":5.0},{"damage":17.0,"enemies":"Reptomancer","floor":93.0,"turns":3.0},{"damage":7.0,"enemies":"Writhing Mass","floor":96.0,"turns":3.0},{"damage":0.0,"enemies":"R_Hoarder","floor":99.0,"turns":1.0},{"damage":42.0,"enemies":"Awakened One","floor":101.0,"turns":4.0},{"damage":6.0,"enemies":"Cultist","floor":103.0,"turns":3.0},{"damage":7.0,"enemies":"Jaw Worm","floor":107.0,"turns":2.0},{"damage":0.0,"enemies":"3 Sentries","floor":110.0,"turns":2.0},{"damage":20.0,"enemies":"Lagavulin","floor":113.0,"turns":3.0},{"damage":0.0,"enemies":"Small Slimes","floor":115.0,"turns":2.0},{"damage":36.0,"enemies":"The Guardian","floor":118.0,"turns":5.0},{"damage":1.0,"enemies":"Chosen","floor":120.0,"turns":3.0},{"damage":1.0,"enemies":"Masked Bandits","floor":122.0,"turns":3.0},{"damage":8.0,"enemies":"3 Byrds","floor":123.0,"turns":3.0},{"damage":0.0,"enemies":"Nightmare","floor":126.0,"turns":6.0},{"damage":0.0,"enemies":"Replay:Snechameleon","floor":130.0,"turns":2.0},{"damage":0.0,"enemies":"Sentry and Sphere","floor":131.0,"turns":3.0},{"damage":0.0,"enemies":"Gremlin Leader","floor":132.0,"turns":5.0},{"damage":0.0,"enemies":"Collector","floor":135.0,"turns":5.0},{"damage":0.0,"enemies":"3 Shapes","floor":137.0,"turns":3.0},{"damage":0.0,"enemies":"Mind Bloom Boss Battle","floor":138.0,"turns":5.0},{"damage":0.0,"enemies":"Orb Walker","floor":141.0,"turns":3.0},{"damage":0.0,"enemies":"R_Hoarder","floor":142.0,"turns":6.0},{"damage":0.0,"enemies":"Giant Head","floor":144.0,"turns":4.0},{"damage":0.0,"enemies":"Reptomancer","floor":147.0,"turns":4.0},{"damage":0,"enemies":"Writhing Mass","floor":150,"turns":4},{"damage":0,"enemies":"infinitespire:LordOfFortification","floor":152,"turns":7},{"damage":0,"enemies":"Shield and Spear","floor":156,"turns":3},{"damage":63,"enemies":"The Heart","floor":157,"turns":5}],"seed_played":"-4116791571984398328","potions_obtained":[{"floor":3.0,"key":"SkillPotion"},{"floor":7.0,"key":"Milkshake"},{"floor":11.0,"key":"Block Potion"},{"floor":13.0,"key":"Weak Potion"},{"floor":18.0,"key":"Dexterity Potion"},{"floor":19.0,"key":"Elixir"},{"floor":23.0,"key":"SteroidPotion"},{"floor":28.0,"key":"Weak Potion"},{"floor":29.0,"key":"EntropicBrew"},{"floor":38.0,"key":"DistilledChaos"},{"floor":39.0,"key":"LifebloodPotion"},{"floor":40.0,"key":"Explosive Potion"},{"floor":41.0,"key":"Milkshake"},{"floor":46.0,"key":"Adrenaline Potion"},{"floor":50.0,"key":"Block Potion"},{"floor":52.0,"key":"Block Potion"},{"floor":54.0,"key":"infinitespire:BlackPotion"},{"floor":63.0,"key":"DuplicationPotion"},{"floor":67.0,"key":"Weak Potion"},{"floor":74.0,"key":"Fire Potion"},{"floor":76.0,"key":"BloodPotion"},{"floor":90.0,"key":"Death Potion"},{"floor":91.0,"key":"BlessingOfTheForge"},{"floor":96.0,"key":"Languid Potion"},{"floor":99.0,"key":"AttackPotion"},{"floor":101.0,"key":"Ancient Potion"},{"floor":103.0,"key":"SpeedPotion"},{"floor":107.0,"key":"BlessingOfTheForge"},{"floor":120.0,"key":"Swift Potion"},{"floor":126.0,"key":"Dexterity Potion"},{"floor":130.0,"key":"Fire Potion"},{"floor":132.0,"key":"LifebloodPotion"},{"floor":135.0,"key":"Reflective Coating"},{"floor":141.0,"key":"Swift Potion"},{"floor":142.0,"key":"SteroidPotion"},{"floor":144.0,"key":"LiquidBronze"},{"floor":147.0,"key":"Block Potion"},{"floor":150,"key":"LiquidBronze"},{"floor":151,"key":"EssenceOfSteel"},{"floor":152,"key":"Fire Potion"}],"is_trial":false,"path_per_floor":["M","?","M","?","T","E","M","M","T","E","M","R","E","M","R_BF","B",null,"M","M","?","AVR","M","E","?","$","T","M","NM","?","R","E","R_BF","B",null,"M","$","M","M","M","E","?","M","T","R","?","E","?","?","R_BF","B",null,"M","AVR","M","?","?","E","M","E","T","E","$","M","R","$","R","B",null,"M","?","$","?","?","E","R","E","T","R","?","?","$","M","R_BF","B",null,"M","$","?","T","M","E","R","E","T","AVR","M","R","?","E","R_BF","B",null,"M","T","?","?","M","$","R","E","T","R","E","R","M","T","R_BF","B",null,"M","?","?","M","?","R","NM","R","T","T","E","M","E","?","R","B",null,"M","?","?","$","M","E","R","E","T","R","E","T","$","M","R_BF","B",null,"R","$","E","B"],"character_chosen":"IRONCLAD","items_purchased":["Membership Card","reliquary:JackalopeAntler","reliquary:PrincelyHelmet","Whetstone","hubris:SlimyHat","infinitespire:Satchel","Metallicize","HornCleat","Shrug It Off","hubris:ToyBattleship","Carnage","Guide Book","reliquary:Stiletto","Ginger","aspiration:SeaSaltIceCream","Counterbalance","Fruit Juice","EssenceOfSteel","ReplayTheSpireMod:Ninjato","Self Forming Clay","Impervious","Potion Belt","BlessingOfTheForge","SteroidPotion","Explosive Potion","Havoc+1"],"campfire_rested":3,"item_purchase_floors":[25,25,36,36,62,62,62,65,65,71,71,71,81,81,87,108,108,108,140,140,140,155,155,155,155,155],"current_hp_per_floor":[76,76,80,80,80,46,58,55,55,41,49,49,59,60,60,30,80,80,80,80,80,80,62,62,24,24,26,18,18,42,48,48,44,80,32,32,31,28,34,27,27,26,26,50,50,53,53,53,53,64,80,80,80,80,80,80,80,80,80,80,88,88,88,88,88,88,88,88,88,88,88,88,88,88,88,88,88,88,88,66,66,72,72,78,88,88,88,88,88,87,88,88,93,93,93,98,98,98,98,98,86,98,98,98,98,98,98,108,108,108,108,108,100,100,108,108,108,84,108,108,108,108,108,1,1,1,1,1,1,1,1,1,1,1,1,1,1,1,1,1,1,1,1,1,1,1,1,1,1,1,1,1,1,1,1,1,0,0],"gold":1018,"neow_bonus":"NOSTALGIA","is_daily":false,"chose_seed":false,"campfire_upgraded":17,"win_rate":0.0,"timestamp":1611667629,"path_taken":["M","?","M","?","?","E","M","M","T","E","M","R","E","M","R_BF","BOSS","M","M","?","AVR","M","E","?","?","T","M","NM","?","R","E","R_BF","BOSS","M","$","M","M","M","E","?","M","T","R","?","E","?","?","R_BF","BOSS","M","AVR","M","?","?","E","M","E","T","E","$","M","R","?","R","BOSS","M","?","?","?","?","E","R","E","T","R","?","?","$","M","R_BF","BOSS","M","$","?","?","M","E","R","E","T","AVR","M","R","?","E","R_BF","BOSS","M","?","?","?","M","?","R","E","T","R","E","R","M","?","R_BF","BOSS","M","?","?","M","?","R","NM","R","T","?","E","M","E","?","R","BOSS","M","?","?","$","M","E","R","E","T","R","E","?","?","M","R_BF","BOSS","R","$","E","BOSS"],"items_purchased_type":["Relic","Relic","Relic","Relic","Relic","Relic","Card","Relic","Card","Relic","Card","Relic","Relic","Relic","Relic","Relic","Potion","Potion","Relic","Relic","Card","Relic","Potion","Potion","Potion","Card"],"build_version":"2020-12-22","purchased_purges":10,"victory":false,"max_hp_per_floor":[80,80,80,80,80,80,80,80,80,80,80,80,80,80,80,80,80,80,80,80,80,80,80,80,80,80,80,80,80,80,80,80,80,80,80,80,80,80,80,80,80,80,80,80,80,80,80,80,80,80,80,80,80,80,80,80,80,80,80,80,88,88,88,88,88,88,88,88,88,88,88,88,88,88,88,88,88,88,88,88,88,88,88,88,88,88,88,88,88,88,88,88,98,98,98,98,98,98,98,98,98,98,98,98,98,98,98,108,108,108,108,108,108,108,108,108,108,108,108,108,108,108,108,1,1,1,1,1,1,1,1,1,1,1,1,1,1,1,1,1,1,1,1,1,1,1,1,1,1,1,1,1,1,1,1,1,1,1],"card_choices":[{"not_picked":["Anger","Body Slam","Intimidate"],"picked":"SKIP","floor":1.0},{"not_picked":["Evolve","Sword Boomerang"],"picked":"Iron Wave","floor":3.0},{"not_picked":["Feel No Pain","infinitespire:OneForAll"],"picked":"Clothesline","floor":6.0},{"not_picked":["Sword Boomerang","Abandon"],"picked":"ReplayTheSpireMod:Stacked","floor":7.0},{"not_picked":["Thunderclap","Wild Strike","Defy Death"],"picked":"SKIP","floor":8.0},{"not_picked":["Twin Strike","Fire Breathing","Fiend Fire"],"picked":"SKIP","floor":10.0},{"not_picked":["Twin Strike","Fire Breathing","Fiend Fire"],"picked":"SKIP","floor":10.0},{"not_picked":["hubris:SharpeningStone","Perfected Strike","Rupture"],"picked":"SKIP","floor":11.0},{"not_picked":["Thunderclap","Rupture"],"picked":"Ghostly Armor","floor":13.0},{"not_picked":["Uppercut","hubris:CleavingFinish"],"picked":"Pommel Strike","floor":14.0},{"not_picked":["Run Through","True Grit","Perfected Strike"],"picked":"SKIP","floor":18.0},{"not_picked":["Run Through","True Grit","Perfected Strike"],"picked":"SKIP","floor":18.0},{"not_picked":["Cleave","Clash+1","Feel No Pain+1"],"picked":"SKIP","floor":19.0},{"not_picked":["Wild Strike","ReplayTheSpireMod:Strike From Hell"],"picked":"ReplayTheSpireMod:Stacked","floor":22.0},{"not_picked":["Run Through","ReplayTheSpireMod:Muscle Training+1"],"picked":"Limit Break","floor":23.0},{"not_picked":["Twin Strike","Wild Strike","Body Slam+1"],"picked":"SKIP","floor":27.0},{"not_picked":["ReplayTheSpireMod:Haul","infinitespire:Punishment"],"picked":"infinitespire:Fortify","floor":28.0},{"not_picked":["Shockwave","hubris:SharpeningStone","Body Slam+1"],"picked":"SKIP","floor":28.0},{"not_picked":["Life Link","Dual Wield"],"picked":"Demon Form","floor":31.0},{"not_picked":["Flex","Thunderclap"],"picked":"ReplayTheSpireMod:Stacked+1","floor":35.0},{"not_picked":["Replay:Undeath\u0027s Touch+1","Sword Boomerang+1","Armaments"],"picked":"SKIP","floor":37.0},{"not_picked":["ReplayTheSpireMod:Corrosion Curse","ReplayTheSpireMod:Strike From Hell+1","Wild Strike"],"picked":"SKIP","floor":38.0},{"not_picked":["Perfected Strike+1","Flex","True Grit+1"],"picked":"SKIP","floor":39.0},{"not_picked":["Hemokinesis","Massacre"],"picked":"Iron Wave+1","floor":40.0},{"not_picked":["Limit Break","Sword Boomerang"],"picked":"Shrug It Off+1","floor":42.0},{"not_picked":["ReplayTheSpireMod:Strike From Hell","Twin Strike+1"],"picked":"ReplayReversal","floor":46.0},{"not_picked":["Perfected Strike","Seeing Red"],"picked":"Burning Pact","floor":52.0},{"not_picked":["Evolve"],"picked":"SKIP","floor":54.0},{"not_picked":["ReplayTheSpireMod:LeadingStrike"],"picked":"SKIP","floor":57.0},{"not_picked":["Anger"],"picked":"SKIP","floor":58.0},{"not_picked":["Sentinel"],"picked":"SKIP","floor":59.0},{"not_picked":["True Grit"],"picked":"SKIP","floor":61.0},{"not_picked":["Perfected Strike"],"picked":"SKIP","floor":63.0},{"not_picked":["infinitespire:SealOfDarkness+","infinitespire:NeuralNetwork"],"picked":"infinitespire:Collect","floor":68.0},{"not_picked":["Thunderclap+1"],"picked":"SKIP","floor":69.0},{"not_picked":[],"picked":"Heavy Blade","floor":74.0},{"not_picked":["Heavy Blade"],"picked":"SKIP","floor":76.0},{"not_picked":[],"picked":"Infernal Blade+1","floor":82.0},{"not_picked":[],"picked":"Barricade","floor":84.0},{"not_picked":["Second Wind+1"],"picked":"SKIP","floor":86.0},{"not_picked":["Anger"],"picked":"SKIP","floor":90.0},{"not_picked":[],"picked":"Twin Strike+1","floor":91.0},{"not_picked":["ReplayTheSpireMod:GoodbyeWorld+1"],"picked":"SKIP","floor":93.0},{"not_picked":["Clash"],"picked":"SKIP","floor":96.0},{"not_picked":[],"picked":"Shockwave+1","floor":99.0},{"not_picked":["Sever Soul"],"picked":"SKIP","floor":103.0},{"not_picked":["ReplayTheSpireMod:Strike From Hell"],"picked":"SKIP","floor":107.0},{"not_picked":["Offering"],"picked":"SKIP","floor":110.0},{"not_picked":["Clash"],"picked":"SKIP","floor":113.0},{"not_picked":[],"picked":"Ghostly Armor","floor":115.0},{"not_picked":["ReplayTheSpireMod:Strike From Hell+1"],"picked":"SKIP","floor":120.0},{"not_picked":["Uppercut"],"picked":"SKIP","floor":123.0},{"not_picked":[],"picked":"Bloodletting","floor":126.0},{"not_picked":["Shrug It Off"],"picked":"SKIP","floor":130.0},{"not_picked":[],"picked":"Bloodletting","floor":131.0},{"not_picked":["Pommel Strike"],"picked":"SKIP","floor":132.0},{"not_picked":["True Grit"],"picked":"SKIP","floor":137.0},{"not_picked":["Sword Boomerang+1"],"picked":"SKIP","floor":141.0},{"not_picked":["Reckless Charge"],"picked":"SKIP","floor":142.0},{"not_picked":[],"picked":"Demonic Infusion","floor":144.0},{"not_picked":["Burning Pact+1"],"picked":"SKIP","floor":147.0},{"not_picked":["Burning Pact+1"],"picked":"SKIP","floor":147.0},{"not_picked":["ReplayTheSpireMod:Corrosion Curse+1"],"picked":"SKIP","floor":150},{"not_picked":["Intimidate+1"],"picked":"SKIP","floor":156}],"player_experience":414260,"relics_obtained":[{"floor":2.0,"key":"aspiration:SeaSaltIceCream"},{"floor":5.0,"key":"ReplayTheSpireMod:Ninjato"},{"floor":6.0,"key":"Anchor"},{"floor":9.0,"key":"hubris:Reverence"},{"floor":10.0,"key":"infinitespire:BottledMercury"},{"floor":13.0,"key":"Gremlin Food"},{"floor":23.0,"key":"reliquary:Knoch"},{"floor":26.0,"key":"reliquary:BallBearing"},{"floor":28.0,"key":"reliquary:Boomerang"},{"floor":31.0,"key":"Torii"},{"floor":40.0,"key":"Ice Cream"},{"floor":43.0,"key":"Juzu Bracelet"},{"floor":46.0,"key":"Runesmith:Nanobots"},{"floor":57.0,"key":"Replay:Kaleidoscope"},{"floor":59.0,"key":"Happy Flower"},{"floor":60.0,"key":"reliquary:RoseTintedGlasses"},{"floor":61.0,"key":"hubris:Spice"},{"floor":72.0,"key":"Red Mask"},{"floor":74.0,"key":"infinitespire:Midas Blood"},{"floor":77.0,"key":"Charon\u0027s Ashes"},{"floor":80.0,"key":"Tiny Chest"},{"floor":91.0,"key":"Letter Opener"},{"floor":93.0,"key":"Pear"},{"floor":94.0,"key":"Blue Candle"},{"floor":99.0,"key":"infinitespire:Bottled Soul"},{"floor":104.0,"key":"PreservedInsect"},{"floor":110.0,"key":"Grinning Jar"},{"floor":111.0,"key":"reliquary:IridiumChain"},{"floor":113.0,"key":"Akabeko"},{"floor":116.0,"key":"Replay:Mystery Machine"},{"floor":122.0,"key":"Circlet"},{"floor":128.0,"key":"Runesmith:AutoHammer"},{"floor":129.0,"key":"Pet Ghost"},{"floor":130.0,"key":"hubris:Metronome"},{"floor":132.0,"key":"Replay:Baseball"},{"floor":138.0,"key":"hubris:FunFungus"},{"floor":144.0,"key":"Snack Pack"},{"floor":147.0,"key":"reliquary:HotPoker"},{"floor":148.0,"key":"aspiration:FetidBarrel"},{"floor":156,"key":"reliquary:SilkGlove"}],"event_choices":[{"damage_healed":0.0,"max_hp_gain":0.0,"max_hp_loss":0.0,"gold_gain":0.0,"event_name":"Big Fish","player_choice":"Box","floor":4.0,"gold_loss":0.0,"damage_taken":0.0,"relics_obtained":["Bag of Marbles"],"cards_obtained":["Regret"]},{"cards_removed":["Regret"],"damage_healed":0.0,"max_hp_gain":0.0,"max_hp_loss":0.0,"gold_gain":0.0,"event_name":"Fountain of Cleansing","player_choice":"Removed Curses","floor":20.0,"gold_loss":0.0,"damage_taken":0.0},{"cards_removed":["Strike_R"],"damage_healed":0.0,"max_hp_gain":0.0,"max_hp_loss":0.0,"gold_gain":0.0,"event_name":"Designer","player_choice":"Upgrade and Remove","floor":24.0,"gold_loss":90.0,"damage_taken":0.0,"cards_upgraded":["Defend_R"]},{"damage_healed":0.0,"max_hp_gain":0.0,"max_hp_loss":0.0,"gold_gain":0.0,"event_name":"Lab","player_choice":"Got Potions","floor":29.0,"gold_loss":0.0,"damage_taken":0.0},{"damage_healed":0.0,"max_hp_gain":0.0,"max_hp_loss":0.0,"gold_gain":0.0,"event_name":"The Woman in Blue","player_choice":"Bought 1 Potion","floor":41.0,"gold_loss":0.0,"damage_taken":0.0},{"damage_healed":0.0,"max_hp_gain":0.0,"max_hp_loss":0.0,"gold_gain":0.0,"event_name":"Tomb of Lord Red Mask","player_choice":"Ignored","floor":45.0,"gold_loss":0.0,"damage_taken":0.0},{"damage_healed":0.0,"max_hp_gain":0.0,"max_hp_loss":0.0,"gold_gain":3.0,"event_name":"betterStone:BetterStone","player_choice":"4","floor":48.0,"gold_loss":0.0,"damage_taken":0.0,"cards_obtained":["Apotheosis"]},{"cards_removed":["Apotheosis"],"damage_healed":0.0,"max_hp_gain":0.0,"max_hp_loss":0.0,"gold_gain":0.0,"event_name":"betterNote:BetterNote","player_choice":"Give","floor":55.0,"gold_loss":0.0,"damage_taken":0.0,"cards_obtained":["None"]},{"damage_healed":0.0,"max_hp_gain":0.0,"max_hp_loss":0.0,"gold_gain":0.0,"event_name":"Upgrade Shrine","player_choice":"Upgraded","floor":56.0,"gold_loss":0.0,"damage_taken":0.0,"cards_upgraded":["ReplayReversal"]},{"damage_healed":0.0,"max_hp_gain":0.0,"max_hp_loss":0.0,"gold_gain":0.0,"event_name":"The Library","player_choice":"Read","floor":70.0,"gold_loss":0.0,"damage_taken":0.0,"cards_obtained":["Prepared"]},{"damage_healed":0.0,"max_hp_gain":0.0,"max_hp_loss":0.0,"gold_gain":0.0,"event_name":"Masked Bandits","player_choice":"Fought Bandits","floor":72.0,"gold_loss":0.0,"damage_taken":0.0},{"damage_healed":0.0,"max_hp_gain":0.0,"max_hp_loss":0.0,"gold_gain":0.0,"event_name":"Duplicator","player_choice":"Copied","floor":73.0,"gold_loss":0.0,"damage_taken":0.0,"cards_obtained":["Demon Form"]},{"damage_healed":0.0,"max_hp_gain":0.0,"max_hp_loss":0.0,"gold_gain":0.0,"event_name":"betterThird:BetterNest","player_choice":"Madness","floor":79.0,"gold_loss":0.0,"damage_taken":0.0,"relics_obtained":["betterThird:NestCultRelic"]},{"damage_healed":0.0,"max_hp_gain":0.0,"max_hp_loss":0.0,"gold_gain":175.0,"event_name":"betterThird:BetterSerpent","player_choice":"AGREE","floor":106.0,"gold_loss":0.0,"damage_taken":372.0},{"damage_healed":0.0,"max_hp_gain":0.0,"max_hp_loss":0.0,"gold_gain":0.0,"event_name":"Masked Bandits","player_choice":"Fought Bandits","floor":122.0,"gold_loss":0.0,"damage_taken":0.0},{"damage_healed":0.0,"max_hp_gain":0.0,"max_hp_loss":0.0,"gold_gain":0.0,"event_name":"The Library","player_choice":"Read","floor":133.0,"gold_loss":0.0,"damage_taken":0.0,"cards_obtained":["Bloodletting"]},{"damage_healed":0.0,"max_hp_gain":0.0,"max_hp_loss":0.0,"gold_gain":0.0,"event_name":"MindBloom","player_choice":"Fight","floor":138.0,"gold_loss":0.0,"damage_taken":0.0},{"cards_removed":["Clothesline"],"damage_healed":0.0,"max_hp_gain":0.0,"max_hp_loss":0.0,"gold_gain":0.0,"event_name":"Falling","player_choice":"Removed Attack","floor":139.0,"gold_loss":0.0,"damage_taken":0.0}],"is_beta":false,"boss_relics":[{"not_picked":["Ring of Chaos","Honey Jar"],"picked":"reliquary:RedPaperclip"},{"not_picked":["ReplayTheSpireMod:SealedPack","aspiration:SilentSkillbook"],"picked":"Mark of Pain"},{"not_picked":["hubris:VirtuousBlindfold","hubris:GrandSneckoEye"],"picked":"aspiration:PoetsPen_weak"},{"not_picked":["hubris:HollowSoul","Painkiller Herb"],"picked":"Empty Cage"},{"not_picked":["hubris:Spice","aspiration:WatcherSkillbook","hubris:CrackedHourglass"]},{"not_picked":["hubris:Spice","Velvet Choker","Electric Blood"]},{"not_picked":["hubris:CrackedHourglass","hubris:HollowSoul","Runic Dome"]},{"not_picked":["hubris:VirtuousBlindfold","hubris:Spice","aspiration:SilentSkillbook"]},{"not_picked":["hubris:Spice","aspiration:RitualDagger"],"picked":"Pandora\u0027s Box"}],"items_purged_floors":[21,25,25,36,53,81,87,95,108,140],"is_endless":true,"potions_floor_spawned":[3,7,11,13,18,19,23,28,38,39,40,46,50,52,54,63,67,74,76,82,90,91,96,99,101,103,107,110,113,115,118,120,122,123,126,130,131,132,135,137,138,141,142,144,147,150,152,156],"killed_by":"The Heart","ascension_level":1}}