{"host":"9qk11wtevf51xvhl","time":1611696871,"event":{"mods":["BaseMod","Minty Spire (QoL Compilation)"],"gold_per_floor":[110,285,9,84,96,126,126,126,126],"floor_reached":8,"language":"ENG","playtime":584,"items_purged":[],"score":81,"play_id":"08d305cd-1118-47fd-9452-c3db05e72510","local_time":"20210126223431","is_ascension_mode":true,"campfire_choices":[],"circlet_count":0,"master_deck":["AscendersBane","Strike_R","Strike_R","Strike_R","Strike_R","Strike_R","Defend_R","Defend_R","Defend_R","Defend_R","Bash","Wild Strike","Doubt","Fire Breathing","True Grit","Entrench","Feed","Injury"],"relics":["Burning Blood","Regal Pillow","Art of War","Ginger","Golden Idol"],"acts_visited":["Exordium"],"potions_floor_usage":[],"damage_taken":[{"damage":8,"enemies":"Jaw Worm","floor":1,"turns":4},{"damage":8,"enemies":"Small Slimes","floor":5,"turns":4},{"damage":55,"enemies":"Lagavulin","floor":6,"turns":10},{"damage":10,"enemies":"3 Sentries","floor":8,"turns":2}],"seed_played":"2949105510107296944","potions_obtained":[{"floor":6,"key":"Energy Potion"}],"is_trial":false,"path_per_floor":["M","?","$","?","M","E","?","E"],"character_chosen":"IRONCLAD","items_purchased":["Fire Breathing","Art of War","True Grit"],"campfire_rested":0,"item_purchase_floors":[3,3,3],"current_hp_per_floor":[70,70,70,59,57,8,8,0,0],"gold":126,"neow_bonus":"RANDOM_COMMON_RELIC","is_daily":false,"chose_seed":false,"campfire_upgraded":0,"win_rate":0.0,"timestamp":1611696871,"path_taken":["M","?","$","?","M","E","?","E"],"items_purchased_type":["Card","Relic","Card"],"build_version":"2020-12-22","purchased_purges":0,"victory":false,"max_hp_per_floor":[80,80,80,80,80,80,80,80,80],"card_choices":[{"not_picked":["Iron Wave","Pommel Strike"],"picked":"Wild Strike","floor":1},{"not_picked":["Headbutt","Wild Strike"],"picked":"Entrench","floor":5},{"not_picked":["Whirlwind","Spot Weakness"],"picked":"Feed","floor":6}],"player_experience":509368,"relics_obtained":[{"floor":6,"key":"Ginger"}],"event_choices":[{"damage_healed":0,"gold_gain":175,"player_choice":"AGREE","damage_taken":0,"max_hp_gain":0,"max_hp_loss":0,"event_name":"Liars Game","floor":2,"gold_loss":0,"cards_obtained":["Doubt"]},{"damage_healed":0,"gold_gain":75,"player_choice":"Gather Gold","damage_taken":11,"max_hp_gain":0,"max_hp_loss":0,"event_name":"World of Goop","floor":4,"gold_loss":0},{"damage_healed":0,"gold_gain":0,"player_choice":"Take Wound","damage_taken":0,"relics_obtained":["Golden Idol"],"max_hp_gain":0,"max_hp_loss":0,"event_name":"Golden Idol","floor":7,"gold_loss":0,"cards_obtained":["Injury"]}],"is_beta":false,"boss_relics":[],"items_purged_floors":[],"is_endless":false,"potions_floor_spawned":[6],"killed_by":"3 Sentries","ascension_level":10}}