{"host":"vqgrg90fv56geajp","time":1611669180,"event":{"mods":["BaseMod","Colored Map","Colored Powertips","Minty Spire (QoL Compilation)","Quick Restart","Rare Cards Sparkle","Relic Stats"],"gold_per_floor":[128,160,187,215,377,420,432,460,472,484,484],"floor_reached":10,"language":"ENG","playtime":483,"items_purged":[],"score":140,"play_id":"a8cff9ba-8c94-4fe3-aaa0-a7574272c5b4","local_time":"20210126155300","is_ascension_mode":true,"campfire_choices":[{"floor":7,"key":"REST"}],"circlet_count":0,"master_deck":["AscendersBane","Strike_R","Strike_R","Strike_R","Strike_R","Strike_R","Defend_R","Defend_R","Defend_R","Defend_R","Bash","Cleave","Dropkick","Anger","True Grit","Doubt","Dropkick","Ghostly Armor"],"relics":["Burning Blood","MawBank","Gambling Chip","Bottled Lightning"],"acts_visited":["Exordium"],"potions_floor_usage":[6,8],"damage_taken":[{"damage":9,"enemies":"Jaw Worm","floor":1,"turns":4},{"damage":1,"enemies":"Cultist","floor":2,"turns":3},{"damage":10,"enemies":"Small Slimes","floor":3,"turns":3},{"damage":10,"enemies":"3 Louse","floor":4,"turns":3},{"damage":64,"enemies":"Gremlin Nob","floor":6,"turns":6},{"damage":11,"enemies":"2 Fungi Beasts","floor":8,"turns":3},{"damage":33,"enemies":"3 Sentries","floor":10,"turns":4}],"seed_played":"-8764048139352579478","potions_obtained":[{"floor":2,"key":"Fruit Juice"},{"floor":6,"key":"AttackPotion"}],"is_trial":false,"path_per_floor":["M","M","M","M","?","E","R","M","T","E"],"character_chosen":"IRONCLAD","items_purchased":[],"campfire_rested":1,"item_purchase_floors":[],"current_hp_per_floor":[65,70,66,62,62,9,33,28,28,0,0],"gold":484,"neow_bonus":"RANDOM_COMMON_RELIC","is_daily":false,"chose_seed":false,"campfire_upgraded":0,"win_rate":0.0,"timestamp":1611669180,"path_taken":["M","M","M","M","?","E","R","M","T","E"],"items_purchased_type":[],"build_version":"2020-12-22","purchased_purges":0,"victory":false,"max_hp_per_floor":[75,75,75,75,75,80,80,80,80,80,80],"relic_stats":{"counters":[7,26],"Gambling Chip":[5],"MawBank":120,"obtain_stats":[{"Gambling Chip":6,"Bottled Lightning":9,"MawBank":0,"Burning Blood":0},{"Gambling Chip":5,"Bottled Lightning":6,"MawBank":0,"Burning Blood":0},{"Gambling Chip":19,"Bottled Lightning":22,"MawBank":0,"Burning Blood":0}],"Burning Blood":36},"card_choices":[{"not_picked":["Armaments","Pommel Strike"],"picked":"Cleave","floor":1},{"not_picked":["Clothesline","Shrug It Off"],"picked":"Dropkick","floor":2},{"not_picked":["Power Through","Carnage"],"picked":"Anger","floor":3},{"not_picked":["Exhume","Havoc"],"picked":"True Grit","floor":4},{"not_picked":["Twin Strike","Second Wind"],"picked":"Dropkick","floor":6},{"not_picked":["Pummel","Shrug It Off"],"picked":"Ghostly Armor","floor":8}],"player_experience":2498328,"relics_obtained":[{"floor":6,"key":"Gambling Chip"},{"floor":9,"key":"Bottled Lightning"}],"event_choices":[{"damage_healed":0,"gold_gain":150,"player_choice":"AGREE","damage_taken":0,"max_hp_gain":0,"max_hp_loss":0,"event_name":"Liars Game","floor":5,"gold_loss":0,"cards_obtained":["Doubt"]}],"is_beta":false,"boss_relics":[],"items_purged_floors":[],"is_endless":false,"potions_floor_spawned":[2,6],"killed_by":"3 Sentries","ascension_level":20}}