{"host":"minbhrtlkaoly5f0","time":1611633956,"event":{"mods":["Act Like it!","BaseMod","Colored Map","Lobotomy","LobotomyExtend","Minty Spire (QoL Compilation)","Quick Restart","StSLib"],"gold_per_floor":[116,116,116,132,57,57,92,111,111,76,76,76,90,109,109,109,109],"floor_reached":16,"language":"ZHS","playtime":546,"items_purged":["SpecialBullet"],"score":125,"play_id":"d1ac1b9d-eb81-441f-9dd4-dc1ed02218bd","local_time":"20210126120556","is_ascension_mode":false,"campfire_choices":[],"circlet_count":0,"master_deck":["SpecialBullet","SpecialBullet","SpecialBullet","SpecialBullet","SpecialBullet","SpecialBullet","SecurityCode","InformationCode","TrainingCode","Twilight","UniverseFragment","RedEyes","Lamp+1","CrumblingArmor","Ecstasy"],"relics":["CogitoBucket","LetterFromLob","Letter Opener","Blood Vial","LuminousBracelet"],"acts_visited":["Exordium"],"potions_floor_usage":[16],"damage_taken":[{"damage":6,"enemies":"2 Louse","floor":1,"turns":2},{"damage":11,"enemies":"Jaw Worm","floor":4,"turns":3},{"damage":20,"enemies":"3 Sentries","floor":7,"turns":6},{"damage":0,"enemies":"Small Slimes","floor":8,"turns":2},{"damage":7,"enemies":"Blue Slaver","floor":13,"turns":2},{"damage":30,"enemies":"Lots of Slimes","floor":14,"turns":4},{"damage":79,"enemies":"The Guardian","floor":16,"turns":5}],"seed_played":"-5077134889169405652","potions_obtained":[{"floor":4,"key":"EssenceOfSteel"},{"floor":8,"key":"SteroidPotion"},{"floor":13,"key":"SpeedPotion"}],"is_trial":false,"path_per_floor":["M","?","?","M","$","R","E","M","T","$","?","R","M","M","R","B"],"character_chosen":"Angela","items_purchased":["Lamp"],"campfire_rested":0,"item_purchase_floors":[10],"current_hp_per_floor":[70,70,70,67,67,67,55,63,63,63,63,63,66,63,63,0,0],"gold":109,"neow_bonus":"ONE_RANDOM_RARE_CARD","is_daily":false,"chose_seed":false,"campfire_upgraded":0,"win_rate":0.0,"timestamp":1611633956,"path_taken":["M","?","?","M","$","R","E","M","T","$","?","R","M","M","R","BOSS"],"items_purchased_type":["Card"],"build_version":"2020-12-22","purchased_purges":1,"victory":false,"max_hp_per_floor":[70,70,70,70,70,70,70,70,70,70,70,70,70,85,85,85,85],"card_choices":[{"not_picked":["Tough","BlackSwan_ego"],"picked":"SKIP","floor":1},{"not_picked":["BigBadWolf","BlackSwan"],"picked":"UniverseFragment","floor":4},{"not_picked":["RapturousDream","InTheNameOfLoveAndHate"],"picked":"SKIP","floor":4},{"not_picked":["Soda"],"picked":"RedEyes","floor":7},{"not_picked":["Hypocrisy","BlackSwan_ego"],"picked":"SKIP","floor":8},{"not_picked":["WallGazer","FieryBird"],"picked":"CrumblingArmor","floor":13},{"not_picked":["Amita"],"picked":"Ecstasy","floor":13},{"not_picked":["Discord","Amita"],"picked":"SKIP","floor":14}],"player_experience":64735,"relics_obtained":[{"floor":1,"key":"LetterFromLob"},{"floor":7,"key":"Letter Opener"},{"floor":9,"key":"Blood Vial"}],"event_choices":[{"damage_healed":0,"gold_gain":0,"player_choice":"Ignored","damage_taken":0,"max_hp_gain":0,"max_hp_loss":0,"event_name":"Shining Light","floor":3,"gold_loss":0},{"cards_removed":["SpecialBullet"],"damage_healed":0,"gold_gain":0,"player_choice":"Forget","damage_taken":0,"max_hp_gain":0,"max_hp_loss":0,"event_name":"Living Wall","floor":11,"gold_loss":0}],"is_beta":false,"boss_relics":[],"items_purged_floors":[5],"is_endless":false,"potions_floor_spawned":[4,8,13],"killed_by":"The Guardian","ascension_level":0}}