{"host":"y9jgkjnf95sujozk","time":1611667176,"event":{"mods":["2.2 Compatiblity","AchievementEnabler","Act Like it!","BaseMod","BetterRewards","Block Reminder","Colored Map","Colored Powertips","Decade(王小明)","Downfall","Friendly Minions","Gensokyo","GifTheSpireLib","Hallownest","Hermit","Highlight Path","HololiveMod","Hubris","Infinite Spire","Jorbs\u0027s Wanderer Trilogy","Koishi","Marisa（霧雨　魔理沙）","Minty Spire (QoL Compilation)","Quick Restart","Random Character Button","Rare Cards Sparkle","Reimu（博??梦）","Remilia（蕾米莉?）","Replay The Spire","Shop Mod","StSLib","SuperFastMode","The Animator","The Bug Knight","The Cursed","The Disciple","The Hierophant","The Jungle","The Poker Player","The Runesmith","The Senshi","The Servant 0.9.4"],"gold_per_floor":[116,136,61,61,80,80,107,107,107,122,178,209,209,21,21,118,118,135,151,151,151,163,163,173,173,173,193,210,210,210],"floor_reached":29,"language":"ENG","playtime":1042,"items_purged":[],"score":325,"play_id":"c9876ef0-dc74-4b85-8c5b-c7cee70e6ddd","local_time":"20210126141935","is_ascension_mode":true,"campfire_choices":[{"data":"TheCursedMod:Stigma","floor":6,"key":"SMITH"},{"floor":13,"key":"REST"},{"data":"Replay:Sssssssssshield","floor":15,"key":"SMITH"}],"circlet_count":0,"master_deck":["TheCursedMod:Strike_TheCursed","TheCursedMod:Strike_TheCursed","TheCursedMod:Strike_TheCursed","TheCursedMod:Strike_TheCursed","TheCursedMod:CursedWand","TheCursedMod:CleanUpWorkshop","TheCursedMod:Dregs","TheCursedMod:SpitefulStrike","TheCursedMod:CursedAmulet","TheCursedMod:SpitefulStrike","Hallownest:skillSlugHide","Hallownest:skillSlugHide","Hallownest:skillSlugHide","Hallownest:skillSlugHide","Hallownest:skillSlugHide","TheCursedMod:Stigma+1","TheCursedMod:WearCloak","TheCursedMod:SpitefulPray","TheCursedMod:CursedStaff","TheCursedMod:CircleOfWindfury","TheCursedMod:TroublousMinions","TheCursedMod:CursedBoomerang","TheCursedMod:HellsGateOpen","Replay:Sssssssssshield+1","TheCursedMod:CursedRelics","TheCursedMod:Stigma+1","TheCursedMod:CursedShiv","TheCursedMod:ShockAndAwe","Shame","TheCursedMod:WearCloak","TheCursedMod:CursedBlade","TheCursedMod:CursedBlade"],"relics":["TheCursedMod:BlackMagic101","Hallownest:BankAccountRelic","hubris:SlimyHat","Question Card","infinitespire:PuzzleCube","Fusion Hammer","theJungle:WildMango","Shovel","theJungle:SneckoAutograph","Bag of Preparation"],"acts_visited":["Exordium","Hallownest:Greenpath"],"potions_floor_usage":[7,7,12,12,12,28,28],"damage_taken":[{"damage":0,"enemies":"Hallownest:2_Baldur","floor":1,"turns":4},{"damage":0,"enemies":"2_ Uuma","floor":2,"turns":5},{"damage":0,"enemies":"Hallownest:2_Tiktiks_and_1_Crawlid","floor":5,"turns":4},{"damage":0,"enemies":"Hallownest:eliteVengeflyKing","floor":7,"turns":7},{"damage":4,"enemies":"Hallownest:MossCreep_and_Mosskin","floor":8,"turns":7},{"damage":14,"enemies":"Hallownest:1_Baldur_1_Crawlid_1_Warrior","floor":10,"turns":9},{"damage":0,"enemies":"Hallownest:eliteMossKnight","floor":12,"turns":4},{"damage":42,"enemies":"Hallownest:BossHornet","floor":16,"turns":13},{"damage":0,"enemies":"Shell Parasite","floor":18,"turns":6},{"damage":3,"enemies":"theJungle:GiantWrat","floor":19,"turns":4},{"damage":1,"enemies":"theJungle:SlimyTreeVines","floor":22,"turns":4},{"damage":24,"enemies":"Snake Plant","floor":24,"turns":3},{"damage":47,"enemies":"theJungle:Lyon","floor":27,"turns":5},{"damage":10,"enemies":"theJungle:2_Snecko_Cultists","floor":28,"turns":3},{"damage":36,"enemies":"theJungle:2_Phrogs","floor":29,"turns":2}],"seed_played":"4983120527716231379","potions_obtained":[{"floor":1,"key":"DistilledChaos"},{"floor":5,"key":"LifebloodPotion"},{"floor":10,"key":"BlessingOfTheForge"},{"floor":11,"key":"DuplicationPotion"},{"floor":11,"key":"ColorlessPotion"},{"floor":24,"key":"Languid Potion"},{"floor":27,"key":"Venom Potion"}],"is_trial":false,"path_per_floor":["M","M","?","?","M","R","E","M","T","M","?","E","R","$","R","B",null,"M","M","?","?","M","?","M","?","T","M","M","E"],"character_chosen":"THE_CURSED","items_purchased":["TheCursedMod:SpitefulStrike","TheCursedMod:CursedBoomerang","TheCursedMod:HellsGateOpen","Replay:Sssssssssshield"],"campfire_rested":1,"item_purchase_floors":[0,14,14,14],"current_hp_per_floor":[75,75,75,75,75,75,75,71,71,57,57,57,75,75,75,33,75,75,72,86,72,76,76,52,64,64,17,7,0,0],"gold":210,"neow_bonus":"","is_daily":false,"chose_seed":false,"campfire_upgraded":2,"win_rate":0.0,"timestamp":1611667175,"path_taken":["M","M","?","?","M","R","E","M","T","M","?","E","R","$","R","BOSS","M","M","?","?","M","?","?","?","T","M","M","E"],"items_purchased_type":["Card","Card","Card","Card"],"build_version":"2020-12-22","purchased_purges":0,"victory":false,"max_hp_per_floor":[75,75,75,75,75,75,75,75,75,75,75,75,75,75,75,75,75,75,75,89,89,89,89,89,89,89,89,89,89,89],"card_choices":[{"not_picked":["TheCursedMod:SmokeScreen","TheCursedMod:FleshFromBone"],"picked":"TheCursedMod:CursedAmulet","floor":1},{"not_picked":["TheCursedMod:CircleOfBlood","TheCursedMod:SmokeScreen"],"picked":"TheCursedMod:SpitefulStrike","floor":2},{"not_picked":["TheCursedMod:Stretching","TheCursedMod:ForbiddenAlchemy"],"picked":"TheCursedMod:Stigma","floor":5},{"not_picked":["TheCursedMod:Stretching","TheCursedMod:RavingStaff"],"picked":"TheCursedMod:WearCloak","floor":7},{"not_picked":["TheCursedMod:SaltUponWound","TheCursedMod:FleshFromBone"],"picked":"TheCursedMod:SpitefulPray","floor":8},{"not_picked":["TheCursedMod:BloodBarrier","TheCursedMod:Wield","TheCursedMod:CircleOfAmplification"],"picked":"TheCursedMod:CursedStaff","floor":10},{"not_picked":["TheCursedMod:EmpowerCircles","TheCursedMod:TacticalStrike","TheCursedMod:Mangle"],"picked":"TheCursedMod:CircleOfWindfury","floor":11},{"not_picked":["TheCursedMod:CursedStaff","TheCursedMod:FuryStrike","TheCursedMod:CursedAmulet"],"picked":"TheCursedMod:TroublousMinions","floor":12},{"not_picked":["TheCursedMod:DemonicPact","TheCursedMod:OutForBlood","TheCursedMod:ShockAndAwe"],"picked":"TheCursedMod:CursedRelics","floor":16},{"not_picked":["TheCursedMod:TacticalStrike","TheCursedMod:FleshFromBone","TheCursedMod:Obscuration"],"picked":"TheCursedMod:Stigma+1","floor":18},{"not_picked":["TheCursedMod:Stigma","TheCursedMod:Stretching","TheCursedMod:FuryStrike+1"],"picked":"TheCursedMod:CursedShiv","floor":19},{"not_picked":["TheCursedMod:Wield","TheCursedMod:SmokeScreen","TheCursedMod:CircleOfCorruption"],"picked":"TheCursedMod:ShockAndAwe","floor":22},{"not_picked":["TheCursedMod:FleshFromBone+1","TheCursedMod:TacticalStrike","TheCursedMod:CursedShiv"],"picked":"TheCursedMod:WearCloak","floor":24},{"not_picked":["TheCursedMod:Obscuration+1","TheCursedMod:ReleasedStrength","TheCursedMod:CursedAmulet"],"picked":"TheCursedMod:CursedBlade","floor":27},{"not_picked":["TheCursedMod:Stigma+1","TheCursedMod:DemonSword","TheCursedMod:DoubleShield"],"picked":"TheCursedMod:CursedBlade","floor":28}],"player_experience":167378,"relics_obtained":[{"floor":7,"key":"hubris:SlimyHat"},{"floor":9,"key":"Question Card"},{"floor":12,"key":"infinitespire:PuzzleCube"},{"floor":26,"key":"Bag of Preparation"}],"event_choices":[],"is_beta":false,"boss_relics":[{"not_picked":["Hololive_TopUpMoneyS","Runic Pyramid"],"picked":"Fusion Hammer"}],"items_purged_floors":[],"is_endless":false,"potions_floor_spawned":[1,5,10,24,27],"killed_by":"theJungle:2_Phrogs","ascension_level":1}}