{"host":"bpkhhmvsfrvlto2l","time":1611633034,"event":{"mods":["2.2 Compatiblity","AchievementEnabler","Act Like it!","AlwaysNeverKeys","Aspiration","BaseMod","Better Silent Start","Challenge The Spire","Colored Map","Colored Powertips","Custom Start","Energized Spire","Friendly Minions","GifTheSpireLib","Halation","Hubris","Infinite Spire","Ironclad Rager","Mimic Mod","Minty Spire (QoL Compilation)","Permanent Neow","Quick Restart","Random Character Button","Relic Sorter","Replay The Spire","Spikes Relics","StSLib","Stuff the Spire","Swap Starting Deck Mod","Trackpad"],"gold_per_floor":[112,131,131,142,157,186,186,204,204,204,204,219,219,219,219,318,318,331,347,347,347,357,357,373,390,439,450,450,450,450,469,469,564,564,574,418,433,446,461,461,493,493,493,493,493,290,300,313,313,313],"floor_reached":51,"language":"ENG","playtime":1833,"items_purged":["StuffTheSpire:CuriosityCurse"],"score":1218,"play_id":"0d3244fc-953d-489f-b484-58ac277ff6e2","local_time":"20210125225034","is_ascension_mode":true,"campfire_choices":[{"data":"Barricade","floor":7,"key":"SMITH"},{"data":"Iron Wave","floor":11,"key":"SMITH"},{"floor":15,"key":"REST"},{"data":"Entrench","floor":23,"key":"SMITH"},{"data":"Entrench","floor":29,"key":"SMITH"},{"data":"Entrench","floor":32,"key":"SMITH"},{"data":"Entrench","floor":40,"key":"SMITH"},{"data":"Metallicize","floor":42,"key":"SMITH"},{"data":"Juggernaut","floor":44,"key":"SMITH"},{"floor":49,"key":"REST"}],"circlet_count":0,"master_deck":["Iron Wave","Iron Wave","Iron Wave","Iron Wave","Entrench+1","Entrench+1","Entrench+1","Entrench+1","Barricade+1","Iron Wave+1","Body Slam","Juggernaut+1","Metallicize+1","Body Slam"],"relics":["Burning Blood","swapstartingdeckmod:DeadBlossom","ReplayTheSpireMod:Ninjato","StuffTheSpire:BottledHeartBeat","StuffTheSpire:Mouthbags","Charon\u0027s Ashes","Philosopher\u0027s Stone","halation:PeacePiece","StuffTheSpire:HeavyRock","trackpad:PetRock","Onion Ring","infinitespire:FocusingShard","aspiration:ChemicalBlood"],"acts_visited":["Exordium","TheCity","TheBeyond"],"potions_floor_usage":[6,8,14,21,24,27,35,47,50],"damage_taken":[{"damage":0,"enemies":"Cultist","floor":1,"turns":4},{"damage":6,"enemies":"2 Louse","floor":2,"turns":6},{"damage":12,"enemies":"Jaw Worm","floor":4,"turns":6},{"damage":11,"enemies":"Looter","floor":5,"turns":5},{"damage":38,"enemies":"Gremlin Nob","floor":6,"turns":7},{"damage":5,"enemies":"3 Louse","floor":8,"turns":2},{"damage":10,"enemies":"2 Fungi Beasts","floor":12,"turns":3},{"damage":0,"enemies":"Lots of Slimes","floor":14,"turns":1},{"damage":6,"enemies":"Fading Forest","floor":16,"turns":11},{"damage":3,"enemies":"Chosen","floor":18,"turns":9},{"damage":23,"enemies":"2 Thieves","floor":19,"turns":4},{"damage":0,"enemies":"Masked Bandits","floor":21,"turns":2},{"damage":17,"enemies":"Snake Plant","floor":22,"turns":7},{"damage":2,"enemies":"Snecko","floor":24,"turns":8},{"damage":0,"enemies":"Sentry and Sphere","floor":25,"turns":11},{"damage":0,"enemies":"3 Cultists","floor":27,"turns":8},{"damage":0,"enemies":"Cultist and Chosen","floor":31,"turns":7},{"damage":18,"enemies":"hubris:MusketHawk","floor":33,"turns":5},{"damage":0,"enemies":"3 Darklings","floor":35,"turns":8},{"damage":0,"enemies":"Orb Walker","floor":37,"turns":4},{"damage":0,"enemies":"Sphere and 2 Shapes","floor":38,"turns":5},{"damage":36,"enemies":"Spire Growth","floor":39,"turns":7},{"damage":14,"enemies":"R_Hoarder","floor":41,"turns":10},{"damage":3,"enemies":"3 Darklings","floor":47,"turns":5},{"damage":0,"enemies":"Sphere and 2 Shapes","floor":48,"turns":4},{"damage":0,"enemies":"hubris:GrandSnecko","floor":50,"turns":7}],"seed_played":"4673051459093037004","potions_obtained":[{"floor":4,"key":"Explosive Potion"},{"floor":5,"key":"Toxic Potion"},{"floor":12,"key":"SmokeBomb"},{"floor":19,"key":"SmokeBomb"},{"floor":22,"key":"LiquidMemories"},{"floor":25,"key":"Block Potion"},{"floor":33,"key":"SteroidPotion"},{"floor":41,"key":"Block Potion"},{"floor":47,"key":"AttackPotion"}],"is_trial":false,"path_per_floor":["M","M","$","M","M","E","R","M","T","?","R","M","T","M","R","B",null,"M","M","AVR","?","M","R","M","M","T","M","?","R","?","M","R","B",null,"M","$","M","M","M","R","E","R","T","R","?","$","M","M","R_BF","B",null],"character_chosen":"IRONCLAD","items_purchased":["trackpad:PetRock","aspiration:ChemicalBlood","Body Slam"],"campfire_rested":2,"item_purchase_floors":[36,46,46],"current_hp_per_floor":[75,72,72,63,55,20,20,18,18,18,18,11,11,14,26,27,47,47,27,27,30,16,16,29,32,32,35,35,35,75,78,78,63,70,73,73,76,79,46,46,35,35,35,35,35,35,35,38,50,53],"gold":313,"neow_bonus":"","is_daily":false,"chose_seed":false,"campfire_upgraded":8,"win_rate":0.0,"timestamp":1611633034,"path_taken":["M","M","$","M","?","E","R","M","T","?","R","M","?","M","R","BOSS","M","M","AVR","?","M","R","M","M","T","M","?","R","?","M","R","BOSS","M","?","M","M","M","R","E","R","T","R","?","?","M","M","R_BF","BOSS"],"items_purchased_type":["Relic","Relic","Card"],"build_version":"2020-12-22","purchased_purges":1,"victory":true,"max_hp_per_floor":[80,80,80,80,80,80,80,80,80,80,80,80,80,80,80,80,80,80,80,80,80,80,80,80,80,80,80,80,80,80,80,80,80,80,80,80,80,80,80,80,80,80,80,80,80,80,80,80,80,80],"card_choices":[{"not_picked":["StuffTheSpire:Incineration","Anger"],"picked":"Spot Weakness","floor":5},{"not_picked":["Flex","Clothesline"],"picked":"Body Slam","floor":18},{"not_picked":["Exhume","Fiend Fire"],"picked":"Juggernaut","floor":33},{"not_picked":["Exhume","Havoc+1"],"picked":"Metallicize","floor":39}],"player_experience":117476,"relics_obtained":[{"floor":6,"key":"ReplayTheSpireMod:Ninjato"},{"floor":9,"key":"StuffTheSpire:BottledHeartBeat"},{"floor":13,"key":"Charon\u0027s Ashes"},{"floor":26,"key":"StuffTheSpire:HeavyRock"},{"floor":41,"key":"Onion Ring"},{"floor":43,"key":"infinitespire:FocusingShard"}],"event_choices":[{"damage_healed":0,"gold_gain":0,"player_choice":"Fought Bandits","damage_taken":0,"max_hp_gain":0,"max_hp_loss":0,"event_name":"Masked Bandits","floor":21,"gold_loss":0},{"cards_removed":["Spot Weakness"],"damage_healed":45,"gold_gain":0,"player_choice":"Offered Uncommon","damage_taken":0,"max_hp_gain":0,"max_hp_loss":0,"event_name":"Bonfire Elementals","floor":30,"gold_loss":0},{"damage_healed":0,"gold_gain":0,"player_choice":"Ignored","damage_taken":0,"max_hp_gain":0,"max_hp_loss":0,"event_name":"The Moai Head","floor":45,"gold_loss":0}],"is_beta":false,"boss_relics":[{"not_picked":["energizedSpire:SpiderWeb","hubris:RunicObelisk"],"picked":"Philosopher\u0027s Stone"},{"not_picked":["aspiration:DefectSkillbook","Ooze Armor","halation:Risk"]}],"items_purged_floors":[20],"is_endless":false,"potions_floor_spawned":[4,5,12,14,19,21,22,25,33,41,47],"ascension_level":6}}