{"host":"qdfumeom6htv8yxl","time":1611692140,"event":{"mods":["AchievementEnabler","BaseMod","Bestiary","Block Reminder","Minty Spire (QoL Compilation)","Quick Restart","Relic Stats"],"gold_per_floor":[33,33,33,89,125,125,164,218,218,282,320,320,363,363,363,363,363],"floor_reached":16,"language":"ENG","playtime":729,"items_purged":[],"score":203,"play_id":"fc1bdcb4-589f-4789-a130-cfb08c95ab55","local_time":"20210126141540","is_ascension_mode":true,"campfire_choices":[{"data":"HandOfGreed","floor":6.0,"key":"SMITH"},{"floor":12.0,"key":"REST"},{"data":"Hologram","floor":15.0,"key":"SMITH"}],"circlet_count":0,"master_deck":["AscendersBane","Strike_B","Strike_B","Strike_B","Defend_B","Defend_B","Defend_B","Defend_B","Zap","Dualcast","HandOfGreed+1","Sweeping Beam","Machine Learning+1","Hologram+1","Conserve Battery","Hyperbeam","Undo","BootSequence"],"relics":["Cracked Core","Letter Opener","Frozen Egg 2","Smiling Mask"],"acts_visited":[],"potions_floor_usage":[16,16],"damage_taken":[{"damage":0.0,"enemies":"2 Louse","floor":1.0,"turns":1.0},{"damage":4.0,"enemies":"Small Slimes","floor":4.0,"turns":4.0},{"damage":1.0,"enemies":"Cultist","floor":5.0,"turns":3.0},{"damage":3.0,"enemies":"Exordium Wildlife","floor":7.0,"turns":3.0},{"damage":33.0,"enemies":"Lagavulin","floor":8.0,"turns":8.0},{"damage":19.0,"enemies":"Exordium Thugs","floor":10.0,"turns":4.0},{"damage":1.0,"enemies":"Blue Slaver","floor":11.0,"turns":3.0},{"damage":1.0,"enemies":"Exordium Wildlife","floor":13.0,"turns":4.0},{"damage":13,"enemies":"Hexaghost","floor":16,"turns":9}],"seed_played":"-8973476602110220185","potions_obtained":[{"floor":1.0,"key":"LiquidMemories"},{"floor":10.0,"key":"SteroidPotion"},{"floor":13.0,"key":"SpeedPotion"}],"is_trial":false,"path_per_floor":["M","?","?","M","M","R","M","E","T","M","M","R","M","T","R","B"],"character_chosen":"DEFECT","items_purchased":[],"campfire_rested":1,"item_purchase_floors":[],"current_hp_per_floor":[64,64,64,60,59,59,56,23,23,4,3,24,23,23,23,10,10],"gold":363,"neow_bonus":"RANDOM_COLORLESS_2","is_daily":false,"chose_seed":false,"campfire_upgraded":2,"win_rate":0.0,"timestamp":1611692140,"path_taken":["M","?","?","M","M","R","M","E","T","?","M","R","M","?","R","BOSS"],"items_purchased_type":[],"build_version":"2020-12-22","purchased_purges":0,"victory":false,"max_hp_per_floor":[71,71,71,71,71,71,71,71,71,71,71,71,71,71,71,71,71],"relic_stats":{"counters":[2,13],"Letter Opener":[0],"Smiling Mask":0,"obtain_stats":[{"Letter Opener":0,"Frozen Egg 2":0,"Cracked Core":0,"Smiling Mask":14},{"Letter Opener":0,"Frozen Egg 2":0,"Cracked Core":0,"Smiling Mask":1},{"Letter Opener":0,"Frozen Egg 2":0,"Cracked Core":0,"Smiling Mask":4}]},"card_choices":[{"not_picked":["Transmutation","Secret Technique"],"picked":"HandOfGreed","floor":0.0},{"not_picked":["Barrage","Conserve Battery"],"picked":"Sweeping Beam","floor":1.0},{"not_picked":["Turbo","Stack","Chill"],"picked":"SKIP","floor":4.0},{"not_picked":["Chill","Reinforced Body"],"picked":"Hologram","floor":5.0},{"not_picked":["Cold Snap","Barrage"],"picked":"Conserve Battery","floor":7.0},{"not_picked":["Barrage","Rip and Tear"],"picked":"Hyperbeam","floor":8.0},{"not_picked":["FTL","Beam Cell"],"picked":"Undo","floor":10.0},{"not_picked":["Barrage","Consume","Coolheaded"],"picked":"SKIP","floor":11.0},{"not_picked":["Compile Driver","Rip and Tear"],"picked":"BootSequence","floor":13.0}],"player_experience":1841201,"relics_obtained":[{"floor":8.0,"key":"Letter Opener"},{"floor":9.0,"key":"Frozen Egg 2"},{"floor":14.0,"key":"Smiling Mask"}],"event_choices":[{"damage_healed":0.0,"max_hp_gain":0.0,"max_hp_loss":0.0,"gold_gain":0.0,"cards_transformed":["Strike_B"],"event_name":"Living Wall","player_choice":"Change","floor":2.0,"gold_loss":0.0,"damage_taken":0.0,"cards_obtained":["Machine Learning"]},{"damage_healed":0.0,"max_hp_gain":0.0,"max_hp_loss":0.0,"gold_gain":0.0,"event_name":"Upgrade Shrine","player_choice":"Upgraded","floor":3.0,"gold_loss":0.0,"damage_taken":0.0,"cards_upgraded":["Machine Learning"]}],"is_beta":false,"boss_relics":[],"items_purged_floors":[],"is_endless":false,"potions_floor_spawned":[1,10,13],"killed_by":"Hexaghost","ascension_level":19}}