{"host":"684z1xpuwaoqmmh1","time":1611670640,"event":{"mods":["BaseMod","Downfall","Hermit","Jorbs\u0027s Wanderer Trilogy","Marisa????????","Minty Spire (QoL Compilation)","Robot Space Explorer","Shade Mod","StSLib","The Bug Knight","The Cursed","The Dragon Tamer","The Hayseed","The Hierophant","The Marked","The Mystic","The Runesmith","The Senshi"],"gold_per_floor":[119,138,156,156,55,55,84,84,108,108,126,153,153,180,180,278,328,348,90,90,107,107,132,8,20,20,20,33,33,68,88,88,189,189,200,200,250,303,356,685,685,685],"floor_reached":41,"language":"ENG","playtime":1849,"items_purged":["TheSimpletonMod:Defend_TheSimpleton","downfall:Bewildered"],"score":700,"play_id":"29037907-e3f0-42f4-b7ea-51e05d4a8f85","local_time":"20210126161720","is_ascension_mode":true,"campfire_choices":[{"data":"TheSimpletonMod:Swelter","floor":6.0,"key":"SMITH"},{"data":"TheSimpletonMod:Chilis","floor":8.0,"key":"SMITH"},{"data":"TheSimpletonMod:FanTheFlames","floor":13.0,"key":"SMITH"},{"data":"TheSimpletonMod:Coffee","floor":15,"key":"SMITH"},{"data":"TheSimpletonMod:ResistantStrain","floor":29,"key":"SMITH"},{"data":"TheSimpletonMod:ErosionControl","floor":32,"key":"SMITH"}],"circlet_count":0,"master_deck":["TheSimpletonMod:Strike_TheSimpleton","TheSimpletonMod:Strike_TheSimpleton","TheSimpletonMod:Strike_TheSimpleton","TheSimpletonMod:Defend_TheSimpleton+1","TheSimpletonMod:Defend_TheSimpleton+1","TheSimpletonMod:Defend_TheSimpleton","TheSimpletonMod:Haymaker","TheSimpletonMod:ReapAndSow+1","TheSimpletonMod:Chilis+1","TheSimpletonMod:Potatoes","TheSimpletonMod:Swelter+1","TheSimpletonMod:Sunchoke","TheSimpletonMod:BumperCrop","TheSimpletonMod:Aerate","TheSimpletonMod:FanTheFlames+1","TheSimpletonMod:Coffee+1","TheSimpletonMod:Germinate","TheSimpletonMod:ResistantStrain+1","TheSimpletonMod:Coffee","TheSimpletonMod:Pruning","TheSimpletonMod:RootDown+1","TheSimpletonMod:SeedCoat","TheSimpletonMod:PestManagement","TheSimpletonMod:Sunseed","TheSimpletonMod:ErosionControl+1","TheSimpletonMod:ResistantStrain","TheSimpletonMod:CropRotation+1","TheSimpletonMod:Aerate+1","TheSimpletonMod:FanTheFlames"],"relics":["TheSimpletonMod:SpudOfTheInnocent","TheSimpletonMod:NightSoil","TheSimpletonMod:TheHarvester","Bronze Scales","Tiny Chest","Lantern","Peace Pipe","Bag of Preparation","Tiny House","Letter Opener","sneckomod:BabySnecko","MutagenicStrength","Ancient Tea Set","Meat on the Bone","Bag of Marbles","HollowMod:LifeEnderRelic","Sozu","WingedGreaves","Girya","War Paint","Old Coin"],"acts_visited":["Exordium","TheCity","TheBeyond"],"potions_floor_usage":[23,25,30],"damage_taken":[{"damage":7.0,"enemies":"Small Slimes","floor":1.0,"turns":5.0},{"damage":1.0,"enemies":"Cultist","floor":2.0,"turns":5.0},{"damage":0.0,"enemies":"2 Louse","floor":3.0,"turns":6.0},{"damage":0.0,"enemies":"Lagavulin","floor":7.0,"turns":4.0},{"damage":7.0,"enemies":"Large Slime","floor":11.0,"turns":5.0},{"damage":13.0,"enemies":"Gremlin Nob","floor":12.0,"turns":4.0},{"damage":18.0,"enemies":"3 Sentries","floor":14.0,"turns":7.0},{"damage":2,"enemies":"Slime Boss","floor":16,"turns":7},{"damage":24,"enemies":"Spheric Guardian","floor":18,"turns":6},{"damage":0,"enemies":"Chosen","floor":21,"turns":4},{"damage":18,"enemies":"Gremlin Leader","floor":23,"turns":4},{"damage":17,"enemies":"Snake Plant","floor":25,"turns":4},{"damage":16,"enemies":"Sentry and Sphere","floor":28,"turns":3},{"damage":5,"enemies":"Slavers","floor":30,"turns":3},{"damage":0,"enemies":"Centurion and Healer","floor":31,"turns":3},{"damage":21,"enemies":"Collector","floor":33,"turns":11},{"damage":0,"enemies":"Orb Walker","floor":35,"turns":3},{"damage":1,"enemies":"Mind Bloom Boss Battle","floor":37,"turns":6},{"damage":12,"enemies":"2 Orb Walkers","floor":38,"turns":2},{"damage":31,"enemies":"Nemesis","floor":40,"turns":3},{"damage":63,"enemies":"Giant Head","floor":41,"turns":8}],"seed_played":"746121199618597280","potions_obtained":[{"floor":3.0,"key":"Energy Potion"},{"floor":7.0,"key":"SteroidPotion"},{"floor":11.0,"key":"PowerPotion"},{"floor":14,"key":"hexamod:SoulburnPotion"},{"floor":23,"key":"TheSimpletonMod:KindlingPotion"},{"floor":28,"key":"TheSimpletonMod:KindlingPotion"},{"floor":31,"key":"hexamod:SoulburnPotion"}],"is_trial":false,"path_per_floor":["M","M","M","?","$","R","E","R","T","?","M","E","R","E","R","B",null,"M","$","?","M","?","E","$","M","T","T","M","R","E","M","R","B",null,"M","?","?","?","T","E","E"],"character_chosen":"THE_SIMPLETON","items_purchased":["TheSimpletonMod:BumperCrop","Letter Opener","TheSimpletonMod:SeedCoat"],"campfire_rested":0,"item_purchase_floors":[5,19,24],"current_hp_per_floor":[65,68,72,72,72,72,75,75,75,75,72,62,62,48,48,50,74,50,50,50,54,54,40,40,27,27,27,27,27,38,50,50,45,71,71,71,74,62,62,47,0,0],"gold":685,"neow_bonus":"ONE_RANDOM_RARE_CARD","is_daily":false,"chose_seed":false,"campfire_upgraded":6,"win_rate":0.0,"timestamp":1611670640,"path_taken":["M","M","M","?","?","R","E","R","T","?","M","E","R","E","R","BOSS","M","$","?","M","?","E","$","M","T","?","M","R","E","M","R","BOSS","M","?","?","?","?","E","E"],"items_purchased_type":["Card","Relic","Card"],"build_version":"2020-12-22","purchased_purges":2,"victory":false,"max_hp_per_floor":[75,75,75,75,75,75,75,75,75,75,75,75,75,75,75,75,80,80,80,80,80,80,80,80,80,80,80,80,80,80,80,80,80,80,80,80,80,80,80,80,80,80],"card_choices":[{"not_picked":["TheSimpletonMod:SpiceUp","TheSimpletonMod:Polyculture"],"picked":"TheSimpletonMod:Potatoes","floor":1.0},{"not_picked":["TheSimpletonMod:CullingStrike","TheSimpletonMod:SpiceUp"],"picked":"TheSimpletonMod:Swelter","floor":2.0},{"not_picked":["TheSimpletonMod:Aerate","TheSimpletonMod:PestManagement"],"picked":"TheSimpletonMod:Sunchoke","floor":3.0},{"not_picked":["TheSimpletonMod:Polyculture","TheSimpletonMod:Mulch"],"picked":"TheSimpletonMod:Aerate","floor":7.0},{"not_picked":["TheSimpletonMod:Coffee","TheSimpletonMod:Swelter"],"picked":"TheSimpletonMod:FanTheFlames","floor":11.0},{"not_picked":["TheSimpletonMod:Sunchoke","TheSimpletonMod:KeenEdge"],"picked":"TheSimpletonMod:Coffee","floor":12.0},{"not_picked":["TheSimpletonMod:Potatoes","TheSimpletonMod:ToughenUp"],"picked":"TheSimpletonMod:Germinate","floor":14},{"not_picked":["TheSimpletonMod:Chilis","TheSimpletonMod:ResearchGrant"],"picked":"TheSimpletonMod:ResistantStrain","floor":16},{"not_picked":["TheSimpletonMod:Thresh","TheSimpletonMod:DoubleBarrel"],"picked":"TheSimpletonMod:Coffee","floor":17},{"not_picked":["TheSimpletonMod:CullingStrike","TheSimpletonMod:Innovate"],"picked":"TheSimpletonMod:Pruning","floor":18},{"not_picked":["TheSimpletonMod:Fertilaser+1","TheSimpletonMod:DigIn"],"picked":"TheSimpletonMod:RootDown+1","floor":21},{"not_picked":["TheSimpletonMod:Potatoes+1","TheSimpletonMod:ToughenUp+1","TheSimpletonMod:SaladShooter"],"picked":"SKIP","floor":23},{"not_picked":["TheSimpletonMod:Ferment","TheSimpletonMod:SpiceUp"],"picked":"TheSimpletonMod:PestManagement","floor":25},{"not_picked":["TheSimpletonMod:VineRipen","TheSimpletonMod:Ferment","TheSimpletonMod:Fertilaser+1"],"picked":"SKIP","floor":28},{"not_picked":["TheSimpletonMod:VineRipen","TheSimpletonMod:Ferment","TheSimpletonMod:Fertilaser+1"],"picked":"SKIP","floor":28},{"not_picked":["TheSimpletonMod:ControlledBurn","TheSimpletonMod:KeenEdge+1"],"picked":"TheSimpletonMod:Sunseed","floor":30},{"not_picked":["TheSimpletonMod:Swelter","TheSimpletonMod:SlashAndBurn+1"],"picked":"TheSimpletonMod:ErosionControl","floor":31},{"not_picked":["TheSimpletonMod:VolatileFumes","TheSimpletonMod:DesperatePlunge"],"picked":"TheSimpletonMod:ResistantStrain","floor":33},{"not_picked":["TheSimpletonMod:CullingStrike","TheSimpletonMod:Fertilaser"],"picked":"TheSimpletonMod:CropRotation+1","floor":35},{"not_picked":["TheSimpletonMod:DoubleBarrel","TheSimpletonMod:Rototilling+1"],"picked":"TheSimpletonMod:Aerate+1","floor":37},{"not_picked":["TheSimpletonMod:SaladShooter","TheSimpletonMod:Sunchoke+1"],"picked":"TheSimpletonMod:FanTheFlames","floor":40}],"player_experience":2960665,"relics_obtained":[{"floor":7.0,"key":"Bronze Scales"},{"floor":9.0,"key":"Tiny Chest"},{"floor":12.0,"key":"Peace Pipe"},{"floor":14,"key":"Bag of Preparation"},{"floor":23,"key":"Ancient Tea Set"},{"floor":26,"key":"Meat on the Bone"},{"floor":27,"key":"Bag of Marbles"},{"floor":30,"key":"HollowMod:LifeEnderRelic"},{"floor":37,"key":"WingedGreaves"},{"floor":38,"key":"Girya"},{"floor":39,"key":"War Paint"},{"floor":40,"key":"Old Coin"}],"event_choices":[{"cards_removed":["TheSimpletonMod:Strike_TheSimpleton"],"damage_healed":0.0,"max_hp_gain":0.0,"max_hp_loss":0.0,"gold_gain":0.0,"event_name":"Bonfire Elementals","player_choice":"Offered Basic","floor":4.0,"gold_loss":0.0,"damage_taken":0.0},{"damage_healed":0,"gold_gain":0,"player_choice":"Inject Mutagens","damage_taken":0,"relics_obtained":["MutagenicStrength"],"max_hp_gain":0,"max_hp_loss":0,"event_name":"Drug Dealer","floor":22,"gold_loss":0},{"damage_healed":0,"gold_gain":0,"player_choice":"Memory 1","damage_taken":0,"max_hp_gain":0,"max_hp_loss":0,"event_name":"SensoryStone","floor":36,"gold_loss":0},{"damage_healed":0,"gold_gain":0,"player_choice":"Fight","damage_taken":0,"max_hp_gain":0,"max_hp_loss":0,"event_name":"MindBloom","floor":37,"gold_loss":0},{"damage_healed":0,"gold_gain":0,"player_choice":"Fight","damage_taken":0,"max_hp_gain":0,"max_hp_loss":0,"event_name":"Mysterious Sphere","floor":38,"gold_loss":0}],"is_beta":false,"boss_relics":[{"not_picked":["Coffee Dripper","SacredBark"],"picked":"Tiny House"},{"not_picked":["Cursed Key","Runic Dome"],"picked":"Sozu"}],"items_purged_floors":[5,24],"is_endless":false,"potions_floor_spawned":[3,7,11,14,21,23,28,31,37,38],"killed_by":"Giant Head","ascension_level":7}}