{"host":"KYO","time":1611667442,"event":{"mods":["ATMod(°¢èªMod)","BaseMod","Minty Spire (QoL Compilation)","Permanent Neow","Replay The Spire","Shop Mod","StSLib","SuperFastMode","TestMod","[IsaacMod]ÒÔÈö¼âËþ","¡¾ÒÅÎï¿¨ÅÆ¡¿REMEMod"],"gold_per_floor":[111,130,205,217,217,250,47,106,106,106,149,221,221,277,277,379,379,419,457,856,856,580,580,643,634,634,634,649,649,673,729,729,802,802,816,816,840,856,856,887,897,909,909,936,968,977,1007,1023,1023,1023,1023,1023,1023,1377,1436,1514],"floor_reached":57,"language":"ZHS","playtime":2049,"items_purged":["Strike_R","Defend_R","Strike_R","Strike_R","Fiend Fire","AT_FamilyPortrait","Strike_R","Bash+1"],"score":3158,"play_id":"51dda96e-48c5-4571-b3d4-d2d4c8346004","local_time":"20210126212402","is_ascension_mode":true,"campfire_choices":[{"data":"Searing Blow","floor":10.0,"key":"SMITH"},{"data":"Searing Blow+1","floor":15.0,"key":"SMITH"},{"data":"Searing Blow+2","floor":23,"key":"SMITH"},{"data":"Searing Blow+3","floor":27,"key":"SMITH"},{"data":"Searing Blow+4","floor":29,"key":"SMITH"},{"data":"Searing Blow+5","floor":32,"key":"SMITH"},{"floor":49,"key":"RECALL"},{"data":"testmod-Recap","floor":53,"key":"SMITH"}],"circlet_count":0,"master_deck":["AscendersBane","Defend_R+1","Defend_R+1","Defend_R+1","Searing Blow+6","Evolve+1","testmod-Recap+1","Life Link"],"relics":["Burning Blood","HushsDoor","REME_ComplimentaryCards","testmod-TestBox","SteamSale","testmod-Alchemist","Anchor","MerchantsRug","testmod-Charity","testmod-TheFather","Toy Ornithopter","Boot","AT_ArcaneBoots","testmod-Temperance","Sling","Gambling Chip","Membership Card","EdensBlessing","testmod-ArcanaOfDestiny","Habit","TheBean","Self Forming Clay","REME_CardOfGreed","testmod-BlackFramedGlasses","GuppysCollar","testmod-Fortitude","Replay:Rubber Ducky","TheBible","AT_ImmortalShieldbow","AT_BladeRuinedKing","SalivaCoin","Replay:Bottled Eggs","Mirror"],"acts_visited":["Exordium","TheCity","TheBeyond","TheEnding"],"potions_floor_usage":[16,25,31,33,47,56,56,56,56,56,56,56,56,56],"damage_taken":[{"damage":4.0,"enemies":"Small Slimes","floor":1.0,"turns":3.0},{"damage":9.0,"enemies":"2 Louse","floor":2.0,"turns":3.0},{"damage":1.0,"enemies":"Cultist","floor":4.0,"turns":3.0},{"damage":38.0,"enemies":"Lagavulin","floor":6.0,"turns":5.0},{"damage":8.0,"enemies":"Gremlin Nob","floor":8.0,"turns":3.0},{"damage":2.0,"enemies":"Blue Slaver","floor":11.0,"turns":2.0},{"damage":20.0,"enemies":"Lagavulin","floor":12.0,"turns":5.0},{"damage":45.0,"enemies":"3 Sentries","floor":14.0,"turns":10.0},{"damage":34,"enemies":"Slime Boss","floor":16,"turns":10},{"damage":24,"enemies":"Spheric Guardian","floor":18,"turns":4},{"damage":29,"enemies":"2 Thieves","floor":19,"turns":3},{"damage":44,"enemies":"Gremlin Leader","floor":24,"turns":5},{"damage":25,"enemies":"Book of Stabbing","floor":31,"turns":4},{"damage":12,"enemies":"Automaton","floor":33,"turns":3},{"damage":0,"enemies":"3 Darklings","floor":35,"turns":2},{"damage":0,"enemies":"Mind Bloom Boss Battle","floor":37,"turns":2},{"damage":6,"enemies":"3 Shapes","floor":38,"turns":2},{"damage":18,"enemies":"R_Hoarder","floor":40,"turns":3},{"damage":0,"enemies":"Jaw Worm Horde","floor":41,"turns":1},{"damage":9,"enemies":"Sphere and 2 Shapes","floor":42,"turns":3},{"damage":7,"enemies":"Giant Head","floor":44,"turns":3},{"damage":10,"enemies":"Writhing Mass","floor":46,"turns":3},{"damage":28,"enemies":"Nemesis","floor":47,"turns":3},{"damage":0,"enemies":"Transient","floor":48,"turns":4},{"damage":134,"enemies":"Awakened One","floor":50,"turns":11},{"damage":29,"enemies":"Time Eater","floor":51,"turns":5},{"damage":36,"enemies":"Shield and Spear","floor":55,"turns":5},{"damage":25,"enemies":"The Heart","floor":56,"turns":4}],"seed_played":"-6038948057457680048","potions_obtained":[{"floor":4.0,"key":"Elixir"},{"floor":6.0,"key":"REME_GoldPotion"},{"floor":12.0,"key":"Strength Potion"},{"floor":16,"key":"DistilledChaos"},{"floor":31,"key":"Death Potion"},{"floor":33,"key":"Block Potion"},{"floor":38,"key":"testmod-EscapePotion"},{"floor":41,"key":"Weak Potion"},{"floor":46,"key":"DuplicationPotion"},{"floor":48,"key":"Block Potion"}],"is_trial":false,"path_per_floor":["M","M","?","M","?","E","$","E","T","R","M","E","?","E","R","B",null,"M","M","?","?","$","R","E","$","T","R","$","R","$","E","R","B",null,"M","?","?","M","?","E","M","M","T","E","$","M","E","M","R","B","B",null,"R","$","E","B",null],"character_chosen":"IRONCLAD","items_purchased":["MerchantsRug","testmod-Charity","Sling","Gambling Chip","Membership Card","EdensBlessing","testmod-ArcanaOfDestiny","testmod-SpacePotion","REME_GoldPotion","Habit","TheBean","SteroidPotion","DistilledChaos","Self Forming Clay","REME_CardOfGreed","testmod-SpacePotion","Death Potion","GuppysCollar","TheBible","AT_ImmortalShieldbow","FearPotion","SteroidPotion","testmod-Recap","SalivaCoin","ElixirPotion","Replay:Bottled Eggs"],"campfire_rested":0,"item_purchase_floors":[7,7,22,22,25,25,25,25,25,28,28,28,28,30,30,30,30,34,45,45,45,45,45,54,54,54],"current_hp_per_floor":[70,67,56,61,61,64,64,64,64,64,72,65,50,24,24,12,87,72,55,56,80,81,81,56,62,62,62,63,63,64,55,55,63,115,127,127,139,141,141,135,147,149,149,155,156,157,140,167,167,65,73,160,160,165,153,207],"gold":1514,"neow_bonus":"RANDOM_EVENT","is_daily":false,"chose_seed":false,"campfire_upgraded":7,"win_rate":0.0,"timestamp":1611667442,"path_taken":["M","M","?","M","?","E","?","E","T","R","M","E","?","E","R","BOSS","M","M","?","?","$","R","E","?","T","R","$","R","$","E","R","BOSS","M","?","?","M","?","E","?","M","T","E","$","M","E","M","R","BOSS","BOSS","R","$","E","BOSS"],"items_purchased_type":["Relic","Relic","Relic","Relic","Relic","Relic","Relic","Potion","Potion","Relic","Relic","Potion","Potion","Relic","Relic","Potion","Potion","Relic","Relic","Relic","Potion","Potion","Card","Relic","Potion","Relic"],"build_version":"2020-12-18","purchased_purges":8,"victory":true,"max_hp_per_floor":[75,75,75,75,75,75,75,77,77,77,81,88,88,101,101,112,112,115,121,122,122,123,123,136,137,137,137,138,138,139,144,144,150,132,136,136,140,141,141,146,151,153,153,157,158,160,161,167,167,183,189,189,189,194,207,231],"card_choices":[{"not_picked":[],"picked":"Bomb","floor":0.0},{"not_picked":["Entrench","Twin Strike","Pommel Strike"],"picked":"SKIP","floor":1.0},{"not_picked":["REME_FearOfPain","Iron Wave","Pommel Strike"],"picked":"SKIP","floor":2.0},{"not_picked":["Pommel Strike","Anger","Metallicize"],"picked":"SKIP","floor":4.0},{"not_picked":["Pommel Strike","Warcry","AT_BodySlamDance"],"picked":"SKIP","floor":6.0},{"not_picked":["Cleave","Dark Embrace"],"picked":"Searing Blow","floor":8.0},{"not_picked":["AT_ShrugMaster","Bloodletting","Thunderclap"],"picked":"SKIP","floor":11.0},{"not_picked":["Impervious","Warcry","Iron Wave"],"picked":"SKIP","floor":12.0},{"not_picked":["Inflame","Ghostly Armor","Abandon"],"picked":"SKIP","floor":14.0},{"not_picked":["Demonic Infusion","Immolate"],"picked":"Fiend Fire","floor":16},{"not_picked":["Warcry","Run Through","ReplayTheSpireMod:Muscle Training"],"picked":"SKIP","floor":18},{"not_picked":["Headbutt","Havoc","ReplayTheSpireMod:Strike From Hell"],"picked":"SKIP","floor":19},{"not_picked":["Defy Death","AT_ShrugMaster","AT_DiedThrough"],"picked":"SKIP","floor":24},{"not_picked":["Thunderclap","ReplayTheSpireMod:Corrosion Curse","Clash+1"],"picked":"SKIP","floor":31},{"not_picked":["Uppercut","Perfected Strike","Iron Wave"],"picked":"SKIP","floor":35},{"not_picked":["Fire Breathing","Pummel","Armaments"],"picked":"SKIP","floor":38},{"not_picked":["ReplayTheSpireMod:Limb From Limb","Sever Soul","Perfected Strike+1"],"picked":"SKIP","floor":40},{"not_picked":["Anger","Warcry+1","Life Link","AT_BodySlamDance"],"picked":"SKIP","floor":41},{"not_picked":["Pummel","REME_FearOfPain+1","Armaments+1"],"picked":"Evolve+1","floor":42},{"not_picked":["Shrug It Off","Warcry","Eclipse","Thunderclap+1"],"picked":"SKIP","floor":44},{"not_picked":["AT_ShrugMaster","Havoc+1","Run Through","Pommel Strike+1"],"picked":"SKIP","floor":46},{"not_picked":["Sword Boomerang","Intimidate","Anger","Heavy Blade"],"picked":"SKIP","floor":47},{"not_picked":["Sword Boomerang","Intimidate","Anger","Heavy Blade"],"picked":"SKIP","floor":47},{"not_picked":["Dual Wield","Sword Boomerang+1","Inflame","ReplayTheSpireMod:Limb From Limb"],"picked":"SKIP","floor":48},{"not_picked":["Flex","Armaments"],"picked":"Life Link","floor":55}],"player_experience":689068,"relics_obtained":[{"floor":6.0,"key":"Anchor"},{"floor":8.0,"key":"testmod-TheFather"},{"floor":12.0,"key":"Toy Ornithopter"},{"floor":14.0,"key":"AT_SpeedBoots"},{"floor":24,"key":"testmod-CyclicPeriapt"},{"floor":26,"key":"BloodDonationMachine"},{"floor":31,"key":"testmod-BlackFramedGlasses"},{"floor":37,"key":"testmod-Fortitude"},{"floor":40,"key":"Question Card"},{"floor":43,"key":"TuHaoJin"},{"floor":44,"key":"Replay:Rubber Ducky"},{"floor":47,"key":"AT_BladeRuinedKing"},{"floor":55,"key":"Mirror"}],"event_choices":[{"damage_healed":0.0,"max_hp_gain":0.0,"max_hp_loss":0.0,"gold_gain":75.0,"event_name":"World of Goop","player_choice":"Gather Gold","floor":3.0,"gold_loss":0.0,"damage_taken":11.0},{"damage_healed":0.0,"max_hp_gain":0.0,"max_hp_loss":0.0,"gold_gain":0.0,"event_name":"Upgrade Shrine","player_choice":"Upgraded","floor":5.0,"gold_loss":0.0,"damage_taken":0.0,"cards_upgraded":["Bash"]},{"damage_healed":0,"gold_gain":400,"player_choice":"Sell","damage_taken":0,"max_hp_gain":0,"max_hp_loss":0,"event_name":"¶÷ÂåË¹µÄÅÌ×Ó","floor":20,"relics_lost":["AT_ATBox"],"gold_loss":0},{"damage_healed":24,"gold_gain":0,"player_choice":"Heal","damage_taken":0,"max_hp_gain":0,"max_hp_loss":0,"event_name":"The Library","floor":21,"gold_loss":0},{"damage_healed":0,"gold_gain":0,"player_choice":"Memory 1","damage_taken":0,"max_hp_gain":0,"max_hp_loss":0,"event_name":"SensoryStone","floor":36,"gold_loss":0},{"damage_healed":0,"gold_gain":0,"player_choice":"Fight","damage_taken":0,"max_hp_gain":0,"max_hp_loss":0,"event_name":"MindBloom","floor":37,"gold_loss":0},{"cards_removed":["Strike_R"],"damage_healed":0,"gold_gain":0,"player_choice":"Removed Attack","damage_taken":0,"max_hp_gain":0,"max_hp_loss":0,"event_name":"Falling","floor":39,"gold_loss":0}],"is_beta":true,"boss_relics":[{"not_picked":["testmod-Recursion","testmod-EnergyCheck"],"picked":"testmod-Temperance"},{"not_picked":[]},{"not_picked":["testmod-Fanaticism","Fusion Hammer"],"picked":"REME_DuelDisc"},{"not_picked":[]}],"items_purged_floors":[7,22,25,28,30,34,45,54],"is_endless":false,"potions_floor_spawned":[4,6,12,16,31,33,38,41,46,48,55],"ascension_level":20}}