{"host":"zrerxgu8lagrk16e","time":1611689697,"event":{"mods":["AchievementEnabler","BaseMod","Better Altar","Better Match","Better Note","Better Sensory Stone","Better Skull","Better Third Choice","Colored Map","Colored Powertips","Minty Spire (QoL Compilation)","Permanent Neow","Quick Restart","Relic Stats","StSLib","slay the spire mod where everything is the same but ironclad has a cowboy hat"],"gold_per_floor":[112,122,122,122,142,170,202,225,237,266,294,2,0,13,13,118,118,135,135,151,65,65,65],"floor_reached":22,"language":"ENG","playtime":882,"items_purged":[],"score":228,"play_id":"51643180-8b62-4c3a-80a8-41c58b732c45","local_time":"20210126143457","is_ascension_mode":true,"campfire_choices":[{"floor":15.0,"key":"REST"}],"circlet_count":0,"master_deck":["Strike_P","Strike_P","Strike_P","Strike_P","Defend_P","Defend_P","Defend_P","Defend_P","Eruption","Vigilance","Blasphemy","FlurryOfBlows","BowlingBash","WreathOfFlame","CarveReality","ClearTheMind","FlurryOfBlows","BattleHymn","FlurryOfBlows","DevaForm","Enlightenment","FollowUp","MasterReality","MentalFortress","SandsOfTime","WreathOfFlame","EmptyFist"],"relics":["PureWater","Ornamental Fan","MawBank","StrikeDummy","Art of War","Sozu"],"acts_visited":["Exordium","TheCity"],"potions_floor_usage":[],"damage_taken":[{"damage":8.0,"enemies":"Jaw Worm","floor":1.0,"turns":4.0},{"damage":4.0,"enemies":"Small Slimes","floor":2.0,"turns":5.0},{"damage":0.0,"enemies":"Cultist","floor":5.0,"turns":3.0},{"damage":46.0,"enemies":"Lagavulin","floor":6.0,"turns":8.0},{"damage":0.0,"enemies":"Looter","floor":7.0,"turns":2.0},{"damage":0.0,"enemies":"Large Slime","floor":8.0,"turns":2.0},{"damage":0.0,"enemies":"Gremlin Gang","floor":10.0,"turns":3.0},{"damage":2.0,"enemies":"Lots of Slimes","floor":11.0,"turns":4.0},{"damage":3.0,"enemies":"Blue Slaver","floor":14.0,"turns":3.0},{"damage":26.0,"enemies":"The Guardian","floor":16.0,"turns":9.0},{"damage":0.0,"enemies":"Spheric Guardian","floor":18.0,"turns":2.0},{"damage":28.0,"enemies":"Shell Parasite","floor":20.0,"turns":5.0},{"damage":0,"enemies":"Snake Plant","floor":22,"turns":1}],"seed_played":"-4351686823344479872","potions_obtained":[{"floor":1.0,"key":"GamblersBrew"},{"floor":5.0,"key":"GamblersBrew"},{"floor":7.0,"key":"Block Potion"},{"floor":10.0,"key":"Fruit Juice"},{"floor":14.0,"key":"Dexterity Potion"},{"floor":16.0,"key":"FearPotion"}],"is_trial":false,"path_per_floor":["M","M","?","?","M","E","M","M","T","M","M","$","?","M","R","B",null,"M","?","M","$","M"],"character_chosen":"WATCHER","items_purchased":["DevaForm","Art of War","WreathOfFlame","EmptyFist"],"campfire_rested":1,"item_purchase_floors":[12,12,21,21],"current_hp_per_floor":[64,60,60,60,60,14,14,14,14,14,17,17,23,20,44,18,83,83,83,55,55,55,55],"gold":65,"neow_bonus":"THREE_RARE_CARDS","is_daily":false,"chose_seed":false,"campfire_upgraded":0,"win_rate":0.0,"timestamp":1611689697,"path_taken":["M","M","?","?","M","E","M","?","T","M","M","$","?","M","R","BOSS","M","?","?","$","M"],"items_purchased_type":["Card","Relic","Card","Card"],"build_version":"2020-12-22","purchased_purges":0,"victory":false,"max_hp_per_floor":[72,72,72,72,72,72,72,72,72,72,77,77,83,83,83,83,83,83,83,83,83,83,83],"relic_stats":{"Sozu":3,"counters":[13,51],"Ornamental Fan":[64],"Art of War":[4],"MawBank":72,"obtain_stats":[{"Sozu":17,"Ornamental Fan":4,"Art of War":12,"PureWater":0,"MawBank":6,"StrikeDummy":9},{"Sozu":10,"Ornamental Fan":2,"Art of War":8,"PureWater":0,"MawBank":4,"StrikeDummy":6},{"Sozu":43,"Ornamental Fan":9,"Art of War":31,"PureWater":0,"MawBank":20,"StrikeDummy":24}]},"card_choices":[{"not_picked":["SpiritShield","Wish"],"picked":"Blasphemy","floor":0.0},{"not_picked":["Vengeance","BowlingBash"],"picked":"FlurryOfBlows","floor":1.0},{"not_picked":["CutThroughFate","Study"],"picked":"BowlingBash","floor":2.0},{"not_picked":["CutThroughFate","Evaluate"],"picked":"WreathOfFlame","floor":5.0},{"not_picked":["EmptyBody","CrushJoints"],"picked":"CarveReality","floor":6.0},{"not_picked":["Crescendo","EmptyBody"],"picked":"ClearTheMind","floor":7.0},{"not_picked":["Scrawl","Pray"],"picked":"FlurryOfBlows","floor":8.0},{"not_picked":["Vengeance","ClearTheMind"],"picked":"BattleHymn","floor":10.0},{"not_picked":["EmptyBody","DeceiveReality"],"picked":"FlurryOfBlows","floor":11.0},{"not_picked":["BowlingBash","WheelKick"],"picked":"FollowUp","floor":14.0},{"not_picked":["ConjureBlade","Vault"],"picked":"MasterReality","floor":16.0},{"not_picked":["Halt+1","EmptyBody"],"picked":"MentalFortress","floor":18.0},{"not_picked":["Adaptation+1","InnerPeace"],"picked":"SandsOfTime","floor":20.0}],"player_experience":164979,"relics_obtained":[{"floor":6.0,"key":"MawBank"},{"floor":9.0,"key":"StrikeDummy"}],"event_choices":[{"cards_removed":["Pain"],"damage_healed":0.0,"max_hp_gain":0.0,"max_hp_loss":0.0,"gold_gain":0.0,"event_name":"Living Wall","player_choice":"Forget","floor":3.0,"gold_loss":0.0,"damage_taken":0.0},{"damage_healed":0.0,"max_hp_gain":0.0,"max_hp_loss":0.0,"gold_gain":0.0,"event_name":"WeMeetAgain","player_choice":"Gave Potion","floor":4.0,"gold_loss":0.0,"damage_taken":0.0,"relics_obtained":["Ornamental Fan"]},{"damage_healed":0.0,"max_hp_gain":0.0,"max_hp_loss":0.0,"gold_gain":0.0,"event_name":"betterThird:BetterSerpent","player_choice":"RENOUNCE","floor":13.0,"gold_loss":2.0,"damage_taken":2.0,"cards_obtained":["Enlightenment"]},{"damage_healed":0.0,"max_hp_gain":0.0,"max_hp_loss":0.0,"gold_gain":0.0,"event_name":"Lab","player_choice":"Got Potions","floor":19.0,"gold_loss":0.0,"damage_taken":0.0}],"is_beta":false,"boss_relics":[{"not_picked":["Busted Crown","Empty Cage"],"picked":"Sozu"}],"items_purged_floors":[],"is_endless":false,"potions_floor_spawned":[1,5,7,10,14,16],"killed_by":"Snake Plant","ascension_level":4}}