{"host":"pe7ycb8t2t906so2","time":1611623842,"event":{"mods":["BaseMod","Colored Map","Highlight Path","Minty Spire (QoL Compilation)"],"gold_per_floor":[116,191,201,201,201,201,215,249,249,249,264,264,280,18,18,94,94,131,168,68,135,180,180,230,297,321,321,41,41,80,130,130,209,209,224,290,140,190,264,264,280,280,280,280,307,344,46,57,57,57],"floor_reached":51,"language":"FRA","playtime":4369,"items_purged":["Regret","Strike_B","Strike_B","Strike_B","Strike_B"],"score":1122,"play_id":"ff15b67d-2d58-4acd-950b-54b59e289f89","local_time":"20210125201722","is_ascension_mode":true,"campfire_choices":[{"data":"Dualcast","floor":6,"key":"SMITH"},{"data":"Self Repair","floor":10,"key":"SMITH"},{"data":"Defragment","floor":12,"key":"SMITH"},{"data":"HandOfGreed","floor":15,"key":"SMITH"},{"floor":23,"key":"REST"},{"data":"Storm","floor":27,"key":"SMITH"},{"data":"Loop","floor":29,"key":"SMITH"},{"floor":32,"key":"REST"},{"data":"White Noise","floor":40,"key":"SMITH"},{"data":"Loop","floor":42,"key":"SMITH"},{"data":"Coolheaded","floor":44,"key":"SMITH"},{"floor":49,"key":"REST"}],"circlet_count":0,"master_deck":["AscendersBane","Defend_B","Defend_B","Defend_B","Defend_B","Zap+1","Dualcast+1","Self Repair+1","Glacier","Conserve Battery","Glacier","Defragment+1","Go for the Eyes","HandOfGreed+1","Echo Form","Blizzard+1","Sweeping Beam","Hologram","Coolheaded+1","Storm+1","FTL","Loop+1","White Noise+1","Seek","Go for the Eyes","Loop+1","Coolheaded"],"relics":["Cracked Core","Matryoshka","CultistMask","White Beast Statue","Bag of Preparation","Bottled Tornado","Inserter","Letter Opener","Nunchaku","SacredBark","Unceasing Top","Mango","Darkstone Periapt","Potion Belt"],"acts_visited":["Exordium","TheCity","TheBeyond"],"potions_floor_usage":[8,16,16,18,19,21,30,33,35,36,38,38,39,41,45,46,48,48,50,50],"damage_taken":[{"damage":7,"enemies":"Jaw Worm","floor":1,"turns":3},{"damage":3,"enemies":"2 Louse","floor":3,"turns":2},{"damage":4,"enemies":"Small Slimes","floor":7,"turns":4},{"damage":23,"enemies":"Lagavulin","floor":8,"turns":9},{"damage":5,"enemies":"Red Slaver","floor":11,"turns":5},{"damage":9,"enemies":"Lots of Slimes","floor":13,"turns":6},{"damage":33,"enemies":"Hexaghost","floor":16,"turns":16},{"damage":14,"enemies":"2 Thieves","floor":18,"turns":5},{"damage":0,"enemies":"Spheric Guardian","floor":19,"turns":5},{"damage":22,"enemies":"Shelled Parasite and Fungi","floor":21,"turns":8},{"damage":36,"enemies":"Snecko","floor":22,"turns":6},{"damage":12,"enemies":"Sentry and Sphere","floor":25,"turns":11},{"damage":27,"enemies":"3 Cultists","floor":30,"turns":4},{"damage":44,"enemies":"Automaton","floor":33,"turns":8},{"damage":11,"enemies":"3 Darklings","floor":35,"turns":6},{"damage":20,"enemies":"3 Shapes","floor":36,"turns":9},{"damage":6,"enemies":"Mind Bloom Boss Battle","floor":38,"turns":6},{"damage":45,"enemies":"2 Orb Walkers","floor":39,"turns":4},{"damage":0,"enemies":"Maw","floor":41,"turns":9},{"damage":35,"enemies":"Giant Head","floor":45,"turns":9},{"damage":25,"enemies":"Sphere and 2 Shapes","floor":46,"turns":3},{"damage":5,"enemies":"Spire Growth","floor":48,"turns":9},{"damage":49,"enemies":"Donu and Deca","floor":50,"turns":13}],"seed_played":"5175454020458032383","potions_obtained":[{"floor":3,"key":"Swift Potion"},{"floor":11,"key":"SneckoOil"},{"floor":13,"key":"AttackPotion"},{"floor":16,"key":"SneckoOil"},{"floor":18,"key":"SkillPotion"},{"floor":19,"key":"DistilledChaos"},{"floor":21,"key":"DuplicationPotion"},{"floor":22,"key":"FocusPotion"},{"floor":30,"key":"LiquidBronze"},{"floor":33,"key":"AttackPotion"},{"floor":35,"key":"BlessingOfTheForge"},{"floor":36,"key":"ColorlessPotion"},{"floor":38,"key":"SneckoOil"},{"floor":39,"key":"PowerPotion"},{"floor":41,"key":"SpeedPotion"},{"floor":45,"key":"EssenceOfDarkness"},{"floor":46,"key":"AttackPotion"},{"floor":48,"key":"Weak Potion"}],"is_trial":false,"path_per_floor":["M","?","M","?","?","R","M","E","T","R","M","R","M","$","R","B",null,"M","M","$","M","M","R","?","M","T","R","$","R","M","?","R","B",null,"M","M","$","?","?","R","M","R","T","R","E","M","$","M","R","B",null],"character_chosen":"DEFECT","items_purchased":["HandOfGreed","FTL","Loop","Dexterity Potion","Fire Potion","Coolheaded"],"campfire_rested":3,"item_purchase_floors":[14,28,28,47,47,47],"current_hp_per_floor":[57,46,43,43,43,43,46,30,30,30,35,35,36,36,36,13,57,53,63,63,51,25,46,46,44,44,44,44,44,27,27,48,14,57,66,66,66,71,50,50,60,60,60,60,35,10,10,25,50,11],"gold":57,"neow_bonus":"UPGRADE_CARD","is_daily":false,"chose_seed":false,"campfire_upgraded":9,"win_rate":0.0,"timestamp":1611623842,"path_taken":["M","?","M","?","?","R","M","E","T","R","M","R","M","$","R","BOSS","M","M","$","M","M","R","?","M","T","R","$","R","?","?","R","BOSS","M","M","$","?","?","R","M","R","T","R","E","M","$","M","R","BOSS"],"items_purchased_type":["Card","Card","Card","Potion","Potion","Card"],"build_version":"2020-12-22","purchased_purges":5,"victory":true,"max_hp_per_floor":[71,71,71,71,71,71,71,71,71,71,71,71,71,71,71,71,71,71,71,71,71,71,71,71,71,71,71,71,71,71,71,71,71,71,71,71,71,71,85,85,85,85,85,85,85,85,85,85,85,85],"card_choices":[{"not_picked":["Ball Lightning","Redo"],"picked":"Self Repair","floor":1},{"not_picked":["Hello World","Stack"],"picked":"Glacier","floor":3},{"not_picked":["Gash","Genetic Algorithm"],"picked":"Conserve Battery","floor":7},{"not_picked":["Force Field","Storm"],"picked":"Glacier","floor":8},{"not_picked":["Turbo","Gash"],"picked":"Defragment","floor":11},{"not_picked":["Skim","Gash"],"picked":"Go for the Eyes","floor":13},{"not_picked":["Seek","Thunder Strike"],"picked":"Echo Form","floor":16},{"not_picked":["Tempest","Steam"],"picked":"Blizzard+1","floor":18},{"not_picked":["Barrage","Beam Cell"],"picked":"Sweeping Beam","floor":19},{"not_picked":["Sunder","Blizzard"],"picked":"Hologram","floor":21},{"not_picked":["Doom and Gloom+1","Steam"],"picked":"Coolheaded","floor":22},{"not_picked":["Sweeping Beam","Streamline"],"picked":"Storm","floor":25},{"not_picked":["Beam Cell","Self Repair"],"picked":"White Noise","floor":30},{"not_picked":["Machine Learning","Meteor Strike"],"picked":"Seek","floor":33},{"not_picked":["Turbo+1","Conserve Battery","Rip and Tear"],"picked":"SKIP","floor":35},{"not_picked":["Genetic Algorithm","Hologram","Sunder"],"picked":"SKIP","floor":36},{"not_picked":["Barrage","Cold Snap"],"picked":"Go for the Eyes","floor":39},{"not_picked":["Barrage","Storm"],"picked":"Loop","floor":41},{"not_picked":["Fission","Ball Lightning","Streamline+1"],"picked":"SKIP","floor":45},{"not_picked":["Darkness","Barrage","Turbo"],"picked":"SKIP","floor":46},{"not_picked":["Heatsinks","Redo","Lockon"],"picked":"SKIP","floor":48}],"player_experience":944289,"relics_obtained":[{"floor":8,"key":"White Beast Statue"},{"floor":9,"key":"Bag of Preparation"},{"floor":9,"key":"Bottled Tornado"},{"floor":26,"key":"Letter Opener"},{"floor":26,"key":"Nunchaku"},{"floor":38,"key":"Unceasing Top"},{"floor":39,"key":"Mango"},{"floor":43,"key":"Darkstone Periapt"},{"floor":45,"key":"Potion Belt"}],"event_choices":[{"damage_healed":0,"gold_gain":75,"player_choice":"Gather Gold","damage_taken":11,"max_hp_gain":0,"max_hp_loss":0,"event_name":"World of Goop","floor":2,"gold_loss":0},{"damage_healed":0,"gold_gain":0,"player_choice":"Box","damage_taken":0,"relics_obtained":["Matryoshka"],"max_hp_gain":0,"max_hp_loss":0,"event_name":"Big Fish","floor":4,"gold_loss":0,"cards_obtained":["Regret"]},{"damage_healed":0,"gold_gain":0,"player_choice":"Trade","damage_taken":0,"relics_obtained":["CultistMask"],"max_hp_gain":0,"max_hp_loss":0,"event_name":"FaceTrader","floor":5,"gold_loss":0},{"damage_healed":0,"gold_gain":100,"player_choice":"Bet on Murderer","damage_taken":0,"max_hp_gain":0,"max_hp_loss":0,"event_name":"The Joust","floor":24,"gold_loss":50},{"damage_healed":0,"gold_gain":50,"player_choice":"Stole From Cult","damage_taken":0,"max_hp_gain":0,"max_hp_loss":0,"event_name":"Nest","floor":31,"gold_loss":0},{"damage_healed":0,"gold_gain":0,"player_choice":"Fight","damage_taken":0,"max_hp_gain":0,"max_hp_loss":0,"event_name":"MindBloom","floor":38,"gold_loss":0},{"damage_healed":0,"gold_gain":0,"player_choice":"Fight","damage_taken":0,"max_hp_gain":0,"max_hp_loss":0,"event_name":"Mysterious Sphere","floor":39,"gold_loss":0}],"is_beta":false,"boss_relics":[{"not_picked":["Runic Pyramid","Calling Bell"],"picked":"Inserter"},{"not_picked":["Sozu","Black Star"],"picked":"SacredBark"}],"items_purged_floors":[14,20,28,37,47],"is_endless":false,"potions_floor_spawned":[3,11,13,16,18,19,21,22,25,30,33,35,36,38,39,41,45,46,48],"ascension_level":15}}