{"host":"vhvubw4jk4f204qs","time":1611680598,"event":{"mods":["AchievementEnabler","BaseMod","DeckTracker","GifTheSpireLib","Minty Spire (QoL Compilation)","Permanent Neow","Quick Restart","StSLib","SuperFastMode","The IronCluck","slay the spire mod where everything is the same but ironclad has a cowboy hat"],"gold_per_floor":[115,1,19,39,50,75,75,108,134,134,134],"floor_reached":10,"language":"ENG","playtime":419,"items_purged":[],"score":156,"play_id":"12689d36-bb63-4fbb-8d8a-cd61e687b636","local_time":"20210126120318","is_ascension_mode":true,"campfire_choices":[{"floor":7,"key":"REST"}],"circlet_count":0,"master_deck":["AscendersBane","Strike_R","Strike_R","Strike_R","Strike_R","Strike_R","Defend_R","Defend_R","Defend_R","Defend_R","Bash","Sword Boomerang","Inflame","Thunderclap","Cleave","Shrug It Off","Cleave","Berserk","Rupture"],"relics":["Runic Cube","Unceasing Top","Toy Ornithopter","Blood Vial"],"acts_visited":["Exordium"],"potions_floor_usage":[6,8],"damage_taken":[{"damage":2,"enemies":"2 Louse","floor":1,"turns":2},{"damage":6,"enemies":"Jaw Worm","floor":3,"turns":4},{"damage":7,"enemies":"Small Slimes","floor":4,"turns":3},{"damage":14,"enemies":"Looter","floor":5,"turns":3},{"damage":32,"enemies":"Gremlin Nob","floor":6,"turns":4},{"damage":39,"enemies":"3 Sentries","floor":8,"turns":6},{"damage":0,"enemies":"Gremlin Nob","floor":10,"turns":2}],"seed_played":"7736964574652076550","potions_obtained":[{"floor":4,"key":"Regen Potion"},{"floor":5,"key":"ColorlessPotion"}],"is_trial":false,"path_per_floor":["M","$","M","M","M","E","R","E","T","E"],"character_chosen":"IRONCLAD","items_purchased":["Inflame","Thunderclap"],"campfire_rested":1,"item_purchase_floors":[2,2],"current_hp_per_floor":[66,66,60,53,39,7,29,5,5,7,7],"gold":134,"neow_bonus":"BOSS_RELIC","is_daily":false,"chose_seed":false,"campfire_upgraded":0,"win_rate":0.0,"timestamp":1611680598,"path_taken":["M","$","M","M","M","E","R","E","T","E"],"items_purchased_type":["Card","Card"],"build_version":"2020-12-22","purchased_purges":0,"victory":false,"max_hp_per_floor":[75,75,75,75,75,75,75,75,75,75,75],"card_choices":[{"not_picked":["True Grit","Body Slam"],"picked":"Sword Boomerang","floor":1},{"not_picked":["Pummel","Carnage"],"picked":"Cleave","floor":3},{"not_picked":["Bloodletting","Armaments"],"picked":"Shrug It Off","floor":4},{"not_picked":["True Grit","Wild Strike"],"picked":"Cleave","floor":5},{"not_picked":["Wild Strike","Havoc"],"picked":"Berserk","floor":6},{"not_picked":["Power Through","Body Slam"],"picked":"Rupture","floor":8}],"player_experience":971879,"relics_obtained":[{"floor":6,"key":"Unceasing Top"},{"floor":8,"key":"Toy Ornithopter"},{"floor":9,"key":"Blood Vial"}],"event_choices":[],"is_beta":false,"boss_relics":[],"items_purged_floors":[],"is_endless":false,"potions_floor_spawned":[4,5],"killed_by":"Gremlin Nob","ascension_level":20}}