{"host":"y89x8uui45kcjy42","time":1611654071,"event":{"mods":["2.2 Compatiblity","BaseMod","CapriCore","Colored Map","Colored Powertips","Custom Start","Friendly Minions","Keyboard Shortcuts","Minty Spire (QoL Compilation)","Relic Stats","Slay the Relics Exporter","StSLib","SuperFastMode","Uncapped"],"gold_per_floor":[119,44,3,3,17,49,49,82,82,7,18,50,76,89,89,165,165,182,198,218,218,268,268,268,268,268,296,296,296,296,329,329,408,408,423,313,329,342,354,354,380,380,380,427,427,441,441,476,476,476,476,476,476,189,214,214,214],"floor_reached":56,"language":"KOR","playtime":1307,"items_purged":["Strike_G"],"score":2743,"play_id":"5e3eb858-123b-47f4-945f-3cd6190b0a3d","local_time":"20210126184111","is_ascension_mode":true,"campfire_choices":[{"data":"Terror","floor":7.0,"key":"SMITH"},{"data":"Neutralize","floor":15.0,"key":"SMITH"},{"data":"Adrenaline","floor":23.0,"key":"SMITH"},{"data":"Finisher","floor":24.0,"key":"SMITH"},{"data":"Blade Dance","floor":25.0,"key":"SMITH"},{"data":"Backflip","floor":28.0,"key":"SMITH"},{"floor":29.0,"key":"DIG"},{"data":"Adrenaline","floor":32.0,"key":"SMITH"},{"floor":40.0,"key":"RECALL"},{"data":"Survivor","floor":47.0,"key":"SMITH"},{"floor":49.0,"key":"DIG"},{"floor":53.0,"key":"DIG"}],"circlet_count":0,"master_deck":["Survivor+1","Neutralize+1","Blade Dance+1","Cloak And Dagger+1","Accuracy+1","Infinite Blades+1","Infinite Blades+1","MasterReality+1","Terror+1","Backflip+1","Finisher+1","Adrenaline+1","Blade Dance+1","Adrenaline+1","After Image+1","Cloak And Dagger+1","Entrench+1"],"relics":["Ring of the Serpent","Coffee Dripper","Vajra","Odd Mushroom","Oddly Smooth Stone","Red Mask","Paper Crane","Paper Frog","Tingsha","TungstenRod","Torii","Kunai","Anchor","WristBlade","StrikeDummy","Ginger","Shovel","Strawberry","PreservedInsect","Black Star","MutagenicStrength","Mercury Hourglass","Smiling Mask","Lantern","Ornamental Fan","Omamori","Tiny Chest","Tough Bandages","ClockworkSouvenir","HoveringKite","WingedGreaves","Pear","Du-Vu Doll","Calipers","Letter Opener","Turnip","Ancient Tea Set","Bird Faced Urn","Bag of Preparation","Medical Kit","Potion Belt","SlaversCollar","Boot"],"acts_visited":["Exordium","TheCity","TheBeyond","TheEnding"],"potions_floor_usage":[],"damage_taken":[{"damage":0.0,"enemies":"2 Louse","floor":1.0,"turns":1.0},{"damage":0.0,"enemies":"Jaw Worm","floor":5.0,"turns":2.0},{"damage":0.0,"enemies":"Lagavulin","floor":6.0,"turns":3.0},{"damage":0.0,"enemies":"Gremlin Nob","floor":8.0,"turns":2.0},{"damage":0.0,"enemies":"Small Slimes","floor":11.0,"turns":2.0},{"damage":0.0,"enemies":"Lagavulin","floor":12.0,"turns":3.0},{"damage":0.0,"enemies":"3 Louse","floor":14.0,"turns":1.0},{"damage":11.0,"enemies":"The Guardian","floor":16.0,"turns":3.0},{"damage":0.0,"enemies":"2 Thieves","floor":18.0,"turns":2.0},{"damage":0.0,"enemies":"Chosen","floor":19.0,"turns":2.0},{"damage":0.0,"enemies":"Centurion and Healer","floor":20.0,"turns":2.0},{"damage":0.0,"enemies":"Book of Stabbing","floor":27.0,"turns":2.0},{"damage":0.0,"enemies":"Slavers","floor":31.0,"turns":2.0},{"damage":0.0,"enemies":"Automaton","floor":33.0,"turns":4.0},{"damage":0.0,"enemies":"3 Darklings","floor":35.0,"turns":2.0},{"damage":2.0,"enemies":"3 Shapes","floor":37.0,"turns":1.0},{"damage":0.0,"enemies":"Jaw Worm Horde","floor":38.0,"turns":2.0},{"damage":0.0,"enemies":"Sphere and 2 Shapes","floor":39.0,"turns":2.0},{"damage":0.0,"enemies":"Reptomancer","floor":41.0,"turns":1.0},{"damage":0.0,"enemies":"2 Orb Walkers","floor":44.0,"turns":2.0},{"damage":0.0,"enemies":"Spire Growth","floor":46.0,"turns":2.0},{"damage":0.0,"enemies":"Giant Head","floor":48.0,"turns":2.0},{"damage":0.0,"enemies":"Time Eater","floor":50.0,"turns":4.0},{"damage":0.0,"enemies":"Donu and Deca","floor":51.0,"turns":3.0},{"damage":0.0,"enemies":"Shield and Spear","floor":55.0,"turns":2.0},{"damage":0,"enemies":"The Heart","floor":56,"turns":1}],"seed_played":"5272090936696857298","potions_obtained":[{"floor":5.0,"key":"BlessingOfTheForge"},{"floor":8.0,"key":"EntropicBrew"},{"floor":16.0,"key":"Weak Potion"},{"floor":20.0,"key":"FairyPotion"},{"floor":44.0,"key":"Fruit Juice"},{"floor":46.0,"key":"Energy Potion"}],"is_trial":false,"path_per_floor":["M","?","$","?","M","E","R","E","T","$","M","E","T","M","R","B",null,"M","M","M","?","?","R","R","R","T","E","R","R","?","E","R","B",null,"M","?","M","M","M","R","E","T","T","?","?","M","R","E","R","B","B",null,"R","$","E","B"],"character_chosen":"THE_SILENT","items_purchased":["Infinite Blades","Medical Kit","Swift Potion","PowerPotion"],"campfire_rested":0,"item_purchase_floors":[3,54,54,54],"current_hp_per_floor":[59,59,59,53,53,53,53,53,53,53,53,60,60,60,60,49,67,67,67,67,67,67,67,67,67,67,67,67,67,50,50,50,50,67,67,67,65,65,65,65,75,75,75,75,75,80,80,80,80,88,88,88,88,88,88,88,88],"gold":214,"neow_bonus":"TRANSFORM_CARD","is_daily":false,"chose_seed":false,"campfire_upgraded":8,"win_rate":0.0,"timestamp":1611654071,"path_taken":["M","?","$","?","M","E","R","E","T","?","M","E","?","M","R","BOSS","M","M","M","?","?","R","R","R","T","E","R","R","?","E","R","BOSS","M","?","?","M","?","R","E","?","T","?","?","M","R","E","R","BOSS","BOSS","R","$","E","BOSS"],"items_purchased_type":["Card","Relic","Potion","Potion"],"build_version":"2020-12-22","purchased_purges":1,"victory":false,"max_hp_per_floor":[66,66,66,66,66,66,66,66,66,66,66,73,73,73,73,73,73,73,73,73,73,73,73,73,73,73,73,73,73,73,73,73,73,73,73,73,73,73,73,73,83,83,83,83,83,88,88,88,88,88,88,88,88,88,88,88,88],"relic_stats":{"Torii":3,"counters":[26,54],"HoveringKite":[1],"Tingsha":[9],"PreservedInsect":352,"Bag of Preparation":[6],"Ginger":[2],"Letter Opener":[60],"Smiling Mask":0,"Medical Kit":[2],"Boot":[0],"Mercury Hourglass":[129],"Tough Bandages":[3],"Shovel":3,"Ornamental Fan":[200],"Bird Faced Urn":[8],"Tiny Chest":1,"Turnip":[0],"Black Star":5,"Kunai":[69],"obtain_stats":[{"Lantern":27,"Calipers":42,"Torii":0,"Vajra":0,"HoveringKite":34,"Bag of Preparation":49,"TeardropLocket":0,"Ginger":6,"Smiling Mask":27,"Ancient Tea Set":48,"Boot":55,"ClockworkSouvenir":33,"Tough Bandages":31,"Shovel":8,"WristBlade":0,"Strawberry":12,"Tiny Chest":31,"WingedGreaves":23,"Red Mask":0,"Kunai":0,"Ring of the Snake":0,"Paper Frog":0,"Potion Belt":54,"Pear":41,"Oddly Smooth Stone":0,"Tingsha":0,"PreservedInsect":13,"Omamori":30,"Letter Opener":43,"Odd Mushroom":0,"Paper Crane":0,"Medical Kit":54,"Mercury Hourglass":26,"Du-Vu Doll":41,"SlaversCollar":54,"Anchor":0,"Ornamental Fan":29,"MutagenicStrength":21,"Bird Faced Urn":48,"Turnip":44,"Coffee Dripper":0,"Black Star":17,"StrikeDummy":0,"Ring of the Serpent":0,"TungstenRod":0},{"Lantern":12,"Calipers":19,"Torii":0,"Vajra":0,"HoveringKite":14,"Bag of Preparation":22,"TeardropLocket":0,"Ginger":3,"Smiling Mask":12,"Ancient Tea Set":22,"Boot":25,"ClockworkSouvenir":14,"Tough Bandages":13,"Shovel":4,"WristBlade":0,"Strawberry":6,"Tiny Chest":13,"WingedGreaves":11,"Red Mask":0,"Kunai":0,"Ring of the Snake":0,"Paper Frog":0,"Potion Belt":24,"Pear":19,"Oddly Smooth Stone":0,"Tingsha":0,"PreservedInsect":6,"Omamori":12,"Letter Opener":19,"Odd Mushroom":0,"Paper Crane":0,"Medical Kit":24,"Mercury Hourglass":11,"Du-Vu Doll":19,"SlaversCollar":24,"Anchor":0,"Ornamental Fan":12,"MutagenicStrength":11,"Bird Faced Urn":22,"Turnip":20,"Coffee Dripper":0,"Black Star":8,"StrikeDummy":0,"Ring of the Serpent":0,"TungstenRod":0},{"Lantern":25,"Calipers":39,"Torii":0,"Vajra":0,"HoveringKite":31,"Bag of Preparation":45,"TeardropLocket":0,"Ginger":6,"Smiling Mask":25,"Ancient Tea Set":45,"Boot":54,"ClockworkSouvenir":29,"Tough Bandages":27,"Shovel":8,"WristBlade":0,"Strawberry":13,"Tiny Chest":27,"WingedGreaves":23,"Red Mask":0,"Kunai":0,"Ring of the Snake":0,"Paper Frog":0,"Potion Belt":52,"Pear":39,"Oddly Smooth Stone":0,"Tingsha":0,"PreservedInsect":13,"Omamori":25,"Letter Opener":39,"Odd Mushroom":0,"Paper Crane":0,"Medical Kit":52,"Mercury Hourglass":23,"Du-Vu Doll":39,"SlaversCollar":52,"Anchor":0,"Ornamental Fan":25,"MutagenicStrength":23,"Bird Faced Urn":45,"Turnip":41,"Coffee Dripper":0,"Black Star":17,"StrikeDummy":0,"Ring of the Serpent":0,"TungstenRod":0}],"TungstenRod":11},"card_choices":[{"not_picked":["Sucker Punch","Distraction","Dagger Throw"],"picked":"SKIP","floor":1.0},{"not_picked":["Outmaneuver","Sucker Punch","Flying Knee"],"picked":"SKIP","floor":5.0},{"not_picked":["Skewer","Bouncing Flask"],"picked":"Terror","floor":6.0},{"not_picked":["Dodge and Roll","Slice"],"picked":"Backflip","floor":8.0},{"not_picked":["Underhanded Strike","Sucker Punch"],"picked":"Finisher","floor":11.0},{"not_picked":["Poisoned Stab","Masterful Stab","Bouncing Flask"],"picked":"SKIP","floor":12.0},{"not_picked":["Heel Hook","Acrobatics","Backstab"],"picked":"SKIP","floor":14.0},{"not_picked":["Wraith Form v2","A Thousand Cuts"],"picked":"Adrenaline","floor":16.0},{"not_picked":["Dagger Throw+1","Deadly Poison","Acrobatics"],"picked":"SKIP","floor":18.0},{"not_picked":["Bouncing Flask+1","Finisher"],"picked":"Blade Dance","floor":19.0},{"not_picked":["Backstab","Quick Slash","Expertise"],"picked":"SKIP","floor":20.0},{"not_picked":["Riddle With Holes+1","Predator","Bane"],"picked":"SKIP","floor":27.0},{"not_picked":["Finisher+1","Slice"],"picked":"Adrenaline","floor":31.0},{"not_picked":["Wraith Form v2","Doppelganger"],"picked":"After Image","floor":33.0},{"not_picked":["Caltrops","Riddle With Holes"],"picked":"Cloak And Dagger+1","floor":35.0},{"not_picked":["Deadly Poison","Quick Slash","Outmaneuver"],"picked":"SKIP","floor":37.0},{"not_picked":["Finisher","Catalyst","Endless Agony"],"picked":"SKIP","floor":38.0},{"not_picked":["Slice","Quick Slash","Acrobatics"],"picked":"SKIP","floor":39.0},{"not_picked":["Flechettes","Acrobatics","Sucker Punch"],"picked":"SKIP","floor":41.0},{"not_picked":["Flechettes","Acrobatics","Sucker Punch"],"picked":"SKIP","floor":41.0},{"not_picked":["Underhanded Strike","Riddle With Holes+1","Blade Dance+1"],"picked":"SKIP","floor":46.0},{"not_picked":["Flechettes","Crippling Poison+1","All Out Attack"],"picked":"SKIP","floor":48.0},{"not_picked":["Bouncing Flask","Acrobatics+1","Dodge and Roll+1"],"picked":"SKIP","floor":55.0}],"player_experience":656265,"relics_obtained":[{"floor":6.0,"key":"Ginger"},{"floor":8.0,"key":"Shovel"},{"floor":12.0,"key":"Strawberry"},{"floor":13.0,"key":"PreservedInsect"},{"floor":26.0,"key":"Mercury Hourglass"},{"floor":27.0,"key":"Smiling Mask"},{"floor":27.0,"key":"Lantern"},{"floor":29.0,"key":"Ornamental Fan"},{"floor":31.0,"key":"Tiny Chest"},{"floor":31.0,"key":"Tough Bandages"},{"floor":41.0,"key":"Pear"},{"floor":41.0,"key":"Du-Vu Doll"},{"floor":42.0,"key":"Calipers"},{"floor":43.0,"key":"Letter Opener"},{"floor":44.0,"key":"Turnip"},{"floor":48.0,"key":"Ancient Tea Set"},{"floor":48.0,"key":"Bird Faced Urn"},{"floor":49.0,"key":"Bag of Preparation"},{"floor":55.0,"key":"Boot"}],"event_choices":[{"cards_removed":["Strike_G"],"damage_healed":0.0,"max_hp_gain":0.0,"max_hp_loss":0.0,"gold_gain":0.0,"event_name":"The Cleric","player_choice":"Card Removal","floor":2.0,"gold_loss":75.0,"damage_taken":0.0},{"cards_removed":["Strike_G"],"damage_healed":0.0,"max_hp_gain":0.0,"max_hp_loss":0.0,"gold_gain":0.0,"event_name":"Golden Wing","player_choice":"Card Removal","floor":4.0,"gold_loss":0.0,"damage_taken":7.0},{"damage_healed":0.0,"max_hp_gain":0.0,"max_hp_loss":0.0,"gold_gain":0.0,"event_name":"Drug Dealer","player_choice":"Inject Mutagens","floor":21.0,"gold_loss":0.0,"damage_taken":0.0,"relics_obtained":["MutagenicStrength"]},{"damage_healed":0.0,"max_hp_gain":0.0,"max_hp_loss":0.0,"gold_gain":50.0,"event_name":"Nest","player_choice":"Stole From Cult","floor":22.0,"gold_loss":0.0,"damage_taken":0.0},{"damage_healed":0.0,"max_hp_gain":0.0,"max_hp_loss":0.0,"gold_gain":0.0,"event_name":"Cursed Tome","player_choice":"Obtained Book","floor":30.0,"gold_loss":0.0,"damage_taken":21.0},{"cards_removed":["Flechettes"],"damage_healed":0.0,"max_hp_gain":0.0,"max_hp_loss":0.0,"gold_gain":0.0,"event_name":"Designer","player_choice":"Upgrade and Remove","floor":36.0,"gold_loss":110.0,"damage_taken":0.0,"cards_upgraded":["Infinite Blades"]},{"damage_healed":0.0,"max_hp_gain":0.0,"max_hp_loss":0.0,"gold_gain":0.0,"event_name":"Mysterious Sphere","player_choice":"Fight","floor":44.0,"gold_loss":0.0,"damage_taken":0.0},{"damage_healed":0.0,"max_hp_gain":0.0,"max_hp_loss":0.0,"gold_gain":0.0,"event_name":"Upgrade Shrine","player_choice":"Upgraded","floor":45.0,"gold_loss":0.0,"damage_taken":0.0,"cards_upgraded":["After Image"]}],"is_beta":false,"boss_relics":[{"not_picked":["Tiny House","Empty Cage"],"picked":"Black Star"},{"not_picked":["Runic Dome","Sozu"],"picked":"HoveringKite"}],"items_purged_floors":[10],"is_endless":false,"potions_floor_spawned":[5,8,16,18,20,39,44,46],"killed_by":"The Heart","ascension_level":20}}