{"host":"h6t8hbb65u5mbq7r","time":1611700071,"event":{"mods":["AchievementEnabler","BaseMod","Colored Map","Minty Spire (QoL Compilation)","StSLib","SuperFastMode"],"gold_per_floor":[109,109,127,127,52,52,52,84,109,124,124,24,24,35,35,139,139,158,73,73,89,89,89,89,37,60,80,44,79,79,99,99,199,199,217,217,70,86,99,99,99],"floor_reached":40,"language":"JPN","playtime":1101,"items_purged":["Regret","Strike_P"],"score":619,"play_id":"6f1a86bc-c044-42a4-8aa7-8f6e7e60ae2f","local_time":"20210127072751","is_ascension_mode":true,"campfire_choices":[{"data":"Eruption","floor":6.0,"key":"SMITH"},{"data":"1","floor":15.0,"key":"LIFT"},{"data":"2","floor":23.0,"key":"LIFT"},{"floor":30.0,"key":"REST"},{"data":"3","floor":32.0,"key":"LIFT"}],"circlet_count":0,"master_deck":["Strike_P","Strike_P+1","Strike_P","Defend_P","Defend_P","Defend_P+1","Eruption+1","Vigilance","BattleHymn+1","Sanctity+1","FlyingSleeves+1","Crescendo","Study+1","Eruption","LessonLearned","ConjureBlade","CurseOfTheBell","Swivel+1","Evaluate","Tantrum+1","CutThroughFate+1","Flash of Steel","WindmillStrike+1","Parasite"],"relics":["PureWater","InkBottle","Girya","Juzu Bracelet","Calling Bell","Anchor","TeardropLocket","Ice Cream","Sundial","Orichalcum","Du-Vu Doll","VioletLotus","OrangePellets"],"acts_visited":["Exordium","TheCity","TheBeyond"],"potions_floor_usage":[],"damage_taken":[{"damage":0.0,"enemies":"2 Louse","floor":1.0,"turns":3.0},{"damage":10.0,"enemies":"Small Slimes","floor":3.0,"turns":2.0},{"damage":0.0,"enemies":"Lagavulin","floor":8.0,"turns":3.0},{"damage":2.0,"enemies":"Jaw Worm","floor":10.0,"turns":4.0},{"damage":4.0,"enemies":"Gremlin Gang","floor":14.0,"turns":5.0},{"damage":19.0,"enemies":"Hexaghost","floor":16.0,"turns":7.0},{"damage":2.0,"enemies":"Chosen","floor":18.0,"turns":4.0},{"damage":18.0,"enemies":"Spheric Guardian","floor":21.0,"turns":4.0},{"damage":6.0,"enemies":"Snake Plant","floor":27.0,"turns":3.0},{"damage":18.0,"enemies":"Slavers","floor":29.0,"turns":5.0},{"damage":1.0,"enemies":"3 Cultists","floor":31.0,"turns":3.0},{"damage":21.0,"enemies":"Automaton","floor":33.0,"turns":5.0},{"damage":10.0,"enemies":"3 Shapes","floor":35.0,"turns":3.0},{"damage":14.0,"enemies":"3 Darklings","floor":38.0,"turns":4.0},{"damage":5.0,"enemies":"Writhing Mass","floor":39.0,"turns":4.0},{"damage":99,"enemies":"Giant Head","floor":40,"turns":5}],"seed_played":"4491170593702677445","potions_obtained":[{"floor":0.0,"key":"GamblersBrew"},{"floor":0.0,"key":"Strength Potion"},{"floor":0.0,"key":"BlessingOfTheForge"},{"floor":1.0,"key":"AttackPotion"},{"floor":10.0,"key":"Swift Potion"},{"floor":18.0,"key":"Dexterity Potion"},{"floor":27.0,"key":"FearPotion"},{"floor":29.0,"key":"BlessingOfTheForge"},{"floor":38.0,"key":"SneckoOil"}],"is_trial":false,"path_per_floor":["M","?","M","?","$","R","$","E","T","M","?","$","?","M","R","B",null,"M","?","?","M","?","R","?","$","T","M","$","E","R","M","R","B",null,"M","?","$","M","M","E"],"character_chosen":"WATCHER","items_purchased":["AttackPotion","Tantrum","OrangePellets"],"campfire_rested":1,"item_purchase_floors":[25,28,37],"current_hp_per_floor":[65,65,55,55,55,55,55,55,55,53,53,53,46,42,42,23,60,58,58,45,27,27,27,27,27,27,21,21,3,26,25,25,4,59,49,49,49,35,30,0,0],"gold":99,"neow_bonus":"THREE_SMALL_POTIONS","is_daily":false,"chose_seed":false,"campfire_upgraded":1,"win_rate":0.0,"timestamp":1611700071,"path_taken":["M","?","M","?","?","R","$","E","T","M","?","$","?","M","R","BOSS","M","?","?","M","?","R","?","$","T","M","$","E","R","M","R","BOSS","M","?","?","M","M","E"],"items_purchased_type":["Potion","Card","Relic"],"build_version":"2020-12-22","purchased_purges":2,"victory":false,"max_hp_per_floor":[72,72,72,72,72,72,72,72,72,72,72,72,72,72,72,72,72,72,72,77,77,77,77,77,77,77,77,77,77,77,77,77,77,77,77,77,77,77,77,77,77],"card_choices":[{"not_picked":["Halt","Protect"],"picked":"BattleHymn","floor":1.0},{"not_picked":["FlurryOfBlows","Weave"],"picked":"Sanctity","floor":3.0},{"not_picked":["Prostrate","Pray"],"picked":"FlyingSleeves","floor":8.0},{"not_picked":["Pray","Adaptation"],"picked":"Crescendo","floor":10.0},{"not_picked":["CarveReality","Prostrate"],"picked":"LessonLearned","floor":14.0},{"not_picked":["Alpha","MasterReality"],"picked":"ConjureBlade","floor":16.0},{"not_picked":["Halt","MasterReality"],"picked":"Swivel+1","floor":18.0},{"not_picked":["Indignation+1","Fasting2","CrushJoints"],"picked":"SKIP","floor":21.0},{"not_picked":["FollowUp+1","Protect"],"picked":"Evaluate","floor":27.0},{"not_picked":["PathToVictory","Meditate"],"picked":"CutThroughFate+1","floor":29.0},{"not_picked":["Swivel","Indignation+1","Prostrate+1"],"picked":"SKIP","floor":31.0},{"not_picked":["FlyingSleeves","Halt+1","FlurryOfBlows"],"picked":"SKIP","floor":35.0},{"not_picked":["Madness","Impatience"],"picked":"Flash of Steel","floor":36.0},{"not_picked":["Prostrate","JustLucky"],"picked":"WindmillStrike+1","floor":38.0},{"not_picked":["Pray+1","Crescendo+1","Nirvana+1"],"picked":"SKIP","floor":39.0}],"player_experience":931908,"relics_obtained":[{"floor":8.0,"key":"Girya"},{"floor":9.0,"key":"Juzu Bracelet"},{"floor":17.0,"key":"Anchor"},{"floor":17.0,"key":"TeardropLocket"},{"floor":17.0,"key":"Ice Cream"},{"floor":26.0,"key":"Orichalcum"},{"floor":29.0,"key":"Du-Vu Doll"}],"event_choices":[{"damage_healed":0.0,"max_hp_gain":0.0,"max_hp_loss":0.0,"gold_gain":0.0,"event_name":"Living Wall","player_choice":"Grow","floor":2.0,"gold_loss":0.0,"damage_taken":0.0,"cards_upgraded":["BattleHymn"]},{"damage_healed":0.0,"max_hp_gain":0.0,"max_hp_loss":0.0,"gold_gain":0.0,"event_name":"Big Fish","player_choice":"Box","floor":4.0,"gold_loss":0.0,"damage_taken":0.0,"relics_obtained":["InkBottle"],"cards_obtained":["Regret"]},{"damage_healed":0.0,"max_hp_gain":0.0,"max_hp_loss":0.0,"gold_gain":0.0,"event_name":"Match and Keep!","player_choice":"2 cards matched","floor":11.0,"gold_loss":0.0,"damage_taken":0.0,"cards_obtained":["Study","Eruption"]},{"cards_removed":["Defend_P"],"damage_healed":0.0,"max_hp_gain":0.0,"max_hp_loss":0.0,"gold_gain":0.0,"event_name":"Golden Wing","player_choice":"Card Removal","floor":13.0,"gold_loss":0.0,"damage_taken":7.0},{"damage_healed":0.0,"max_hp_gain":0.0,"max_hp_loss":0.0,"gold_gain":0.0,"event_name":"Addict","player_choice":"Obtained Relic","floor":19.0,"gold_loss":85.0,"damage_taken":0.0,"relics_obtained":["Sundial"]},{"damage_healed":0.0,"max_hp_gain":5.0,"max_hp_loss":0.0,"gold_gain":0.0,"event_name":"Forgotten Altar","player_choice":"Shed Blood","floor":20.0,"gold_loss":0.0,"damage_taken":18.0},{"damage_healed":0.0,"max_hp_gain":0.0,"max_hp_loss":0.0,"gold_gain":0.0,"event_name":"Upgrade Shrine","player_choice":"Upgraded","floor":22.0,"gold_loss":0.0,"damage_taken":0.0,"cards_upgraded":["Study"]},{"damage_healed":0.0,"max_hp_gain":0.0,"max_hp_loss":0.0,"gold_gain":0.0,"event_name":"Cursed Tome","player_choice":"Ignored","floor":24.0,"gold_loss":0.0,"damage_taken":0.0},{"damage_healed":0.0,"max_hp_gain":0.0,"max_hp_loss":0.0,"gold_gain":0.0,"event_name":"SensoryStone","player_choice":"Memory 1","floor":36.0,"gold_loss":0.0,"damage_taken":0.0}],"is_beta":false,"boss_relics":[{"not_picked":["Empty Cage","Velvet Choker"],"picked":"Calling Bell"},{"not_picked":["Black Star","Snecko Eye"],"picked":"VioletLotus"}],"items_purged_floors":[5,12],"is_endless":false,"potions_floor_spawned":[1,10,18,27,29,38],"killed_by":"Giant Head","ascension_level":9}}