{"host":"yqw1zpryoutrnocq","time":1611670191,"event":{"mods":["2.2 Compatiblity","AchievementEnabler","BaseMod","Colored Map","Custom Start","DeckTracker","Minty Spire (QoL Compilation)","Replay The Spire","StSLib","SuperFastMode"],"gold_per_floor":[112,126,143,143,158,192,210,235,235,250,261,291,16,16,16,120,120,134,151,151,182,192,192,192,192,192,192,212,312,312,342,342,342,342],"floor_reached":33,"language":"KOR","playtime":1039,"items_purged":["Strike_G"],"score":374,"play_id":"e7857594-a2fd-478c-85d3-a583d6cf194a","local_time":"20210126080951","is_ascension_mode":true,"campfire_choices":[{"data":"Draining Mist","floor":15,"key":"SMITH"},{"data":"Cloak And Dagger","floor":23,"key":"SMITH"},{"data":"Well Laid Plans","floor":25,"key":"SMITH"},{"data":"Burst","floor":27,"key":"SMITH"},{"floor":32,"key":"REST"}],"circlet_count":0,"master_deck":["Strike_G","Strike_G","Defend_G","Defend_G","Defend_G","Defend_G","Defend_G","Survivor+1","Neutralize+1","Underhanded Strike","Acrobatics","Cloak And Dagger+1","Dagger Spray","Terror+1","Draining Mist+1","Blade Dance","Poison Darts+1","PiercingWail","Well Laid Plans+1","Prepared","Burst+1","Hidden Blade+1","Cloak And Dagger","Dodge and Roll","Draining Mist+1","Voices","PiercingWail","Backflip+1","Deflect+1"],"relics":["Ring of the Snake","NeowsBlessing","Onion Ring","Strawberry","Bag of Preparation","Happy Flower","Guide Book","Question Card","Cursed Key","Red Mask","Gremlin Horn","Prayer Wheel","Toxic Egg 2","NlothsMask","Ginger"],"acts_visited":["Exordium","TheCity"],"potions_floor_usage":[6,6,12,19,22,29,31,33],"damage_taken":[{"damage":0,"enemies":"Cultist","floor":1,"turns":1},{"damage":0,"enemies":"Small Slimes","floor":2,"turns":1},{"damage":0,"enemies":"Jaw Worm","floor":3,"turns":1},{"damage":0,"enemies":"Looter","floor":5,"turns":4},{"damage":4,"enemies":"Gremlin Nob","floor":6,"turns":3},{"damage":8,"enemies":"Red Slaver","floor":7,"turns":2},{"damage":26,"enemies":"Lagavulin","floor":8,"turns":7},{"damage":0,"enemies":"Blue Slaver","floor":10,"turns":2},{"damage":0,"enemies":"Looter","floor":11,"turns":1},{"damage":0,"enemies":"Gremlin Nob","floor":12,"turns":2},{"damage":1,"enemies":"Hexaghost","floor":16,"turns":8},{"damage":10,"enemies":"Shell Parasite","floor":18,"turns":2},{"damage":1,"enemies":"3 Byrds","floor":19,"turns":4},{"damage":24,"enemies":"Masked Bandits","floor":21,"turns":4},{"damage":7,"enemies":"3 Cultists","floor":22,"turns":7},{"damage":0,"enemies":"Snake Plant","floor":28,"turns":2},{"damage":0,"enemies":"Colosseum Slavers","floor":29,"turns":3},{"damage":12,"enemies":"Colosseum Nobs","floor":29,"turns":4},{"damage":19,"enemies":"Gremlin Leader","floor":31,"turns":3},{"damage":27,"enemies":"Automaton","floor":33,"turns":6}],"seed_played":"6429436971051081022","potions_obtained":[{"floor":2,"key":"BlessingOfTheForge"},{"floor":3,"key":"FearPotion"},{"floor":7,"key":"Fire Potion"},{"floor":11,"key":"FearPotion"},{"floor":16,"key":"PowerPotion"},{"floor":21,"key":"Energy Potion"},{"floor":29,"key":"Weak Potion"},{"floor":31,"key":"Adrenaline Potion"}],"is_trial":false,"path_per_floor":["M","M","M","?","M","E","M","E","T","M","M","E","$","?","R","B",null,"M","M","?","?","M","R","?","R","T","R","M","?","?","E","R","B"],"character_chosen":"THE_SILENT","items_purchased":["Guide Book","Prepared"],"campfire_rested":1,"item_purchase_floors":[13,13],"current_hp_per_floor":[70,70,70,56,56,52,44,25,25,25,25,25,25,25,25,24,77,67,66,66,42,35,35,35,35,35,35,35,23,23,4,27,0,0],"gold":342,"neow_bonus":"THREE_ENEMY_KILL","is_daily":false,"chose_seed":false,"campfire_upgraded":4,"win_rate":0.0,"timestamp":1611670191,"path_taken":["M","M","M","?","M","E","M","E","T","M","M","E","$","?","R","BOSS","M","M","?","?","M","R","?","R","T","R","?","?","?","E","R","BOSS"],"items_purchased_type":["Relic","Card"],"build_version":"2020-12-22","purchased_purges":1,"victory":false,"max_hp_per_floor":[70,70,70,70,70,70,70,77,77,77,77,77,77,77,77,77,77,77,77,77,77,77,77,77,77,77,77,77,77,77,77,77,77,77],"card_choices":[{"not_picked":["Setup","Calculated Gamble"],"picked":"Underhanded Strike","floor":1},{"not_picked":["Sucker Punch","Outmaneuver"],"picked":"Acrobatics","floor":2},{"not_picked":["Quick Slash","Predator"],"picked":"Cloak And Dagger","floor":3},{"not_picked":["Deadly Poison","Sneak Up"],"picked":"Dagger Spray","floor":5},{"not_picked":["Finisher","Caltrops"],"picked":"Terror","floor":6},{"not_picked":["ReplayTheSpireMod:Shiv Toss","Sneak Up"],"picked":"Draining Mist","floor":7},{"not_picked":["Dagger Spray","Bane"],"picked":"Blade Dance","floor":8},{"not_picked":["Hidden Blade","Backflip"],"picked":"Poison Darts","floor":10},{"not_picked":["Hidden Blade","Slice"],"picked":"PiercingWail","floor":11},{"not_picked":["Leg Sweep","Dagger Throw"],"picked":"Well Laid Plans","floor":12},{"not_picked":["Envenom","Phantasmal Killer","A Thousand Cuts"],"picked":"Burst","floor":16},{"not_picked":["Backstab","Dagger Throw","Blade Dance"],"picked":"Hidden Blade+1","floor":18},{"not_picked":["Reflex+1","Blade Dance","ReplayTheSpireMod:Shiv Toss"],"picked":"Cloak And Dagger","floor":19},{"not_picked":["Bane+1","ReplayTheSpireMod:The Works+1","Infinite Blades"],"picked":"Dodge and Roll","floor":21},{"not_picked":["Storm of Steel","Backflip","Flying Knee+1"],"picked":"Draining Mist+1","floor":22},{"not_picked":["Sucker Punch","Prepared","Dagger Spray+1"],"picked":"PiercingWail","floor":28},{"not_picked":["Deadly Poison+1","Crippling Poison+1","ReplayTheSpireMod:Shiv Toss+1"],"picked":"Backflip+1","floor":29},{"not_picked":["Acrobatics+1","Accuracy+1","Sucker Punch"],"picked":"Deflect+1","floor":31}],"player_experience":227660,"relics_obtained":[{"floor":6,"key":"Onion Ring"},{"floor":8,"key":"Strawberry"},{"floor":9,"key":"Bag of Preparation"},{"floor":12,"key":"Happy Flower"},{"floor":14,"key":"Question Card"},{"floor":21,"key":"Red Mask"},{"floor":26,"key":"Gremlin Horn"},{"floor":29,"key":"Prayer Wheel"},{"floor":29,"key":"Toxic Egg 2"},{"floor":31,"key":"Ginger"}],"event_choices":[{"damage_healed":0,"gold_gain":0,"player_choice":"Entered Light","damage_taken":14,"max_hp_gain":0,"max_hp_loss":0,"event_name":"Shining Light","floor":4,"gold_loss":0,"cards_upgraded":["Survivor","Neutralize"]},{"damage_healed":0,"gold_gain":0,"player_choice":"Relic","damage_taken":0,"max_hp_gain":0,"max_hp_loss":0,"event_name":"Wheel of Change","floor":14,"gold_loss":0},{"cards_removed":["Strike_G"],"damage_healed":0,"gold_gain":0,"player_choice":"Elegance","damage_taken":0,"max_hp_gain":0,"max_hp_loss":0,"event_name":"Back to Basics","floor":20,"gold_loss":0},{"damage_healed":0,"gold_gain":0,"player_choice":"Fought Bandits","damage_taken":0,"max_hp_gain":0,"max_hp_loss":0,"event_name":"Masked Bandits","floor":21,"gold_loss":0},{"cards_removed":["Strike_G"],"damage_healed":0,"gold_gain":0,"player_choice":"Purged","damage_taken":0,"max_hp_gain":0,"max_hp_loss":0,"event_name":"Purifier","floor":24,"gold_loss":0},{"damage_healed":0,"gold_gain":0,"player_choice":"Fight","damage_taken":0,"max_hp_gain":0,"max_hp_loss":0,"event_name":"Colosseum","floor":29,"gold_loss":0},{"damage_healed":0,"gold_gain":0,"player_choice":"Fought Nobs","damage_taken":0,"max_hp_gain":0,"max_hp_loss":0,"event_name":"Colosseum","floor":29,"gold_loss":0},{"damage_healed":0,"gold_gain":0,"player_choice":"Trade","damage_taken":0,"relics_obtained":["NlothsMask"],"max_hp_gain":0,"max_hp_loss":0,"event_name":"FaceTrader","floor":30,"gold_loss":0}],"is_beta":false,"boss_relics":[{"not_picked":["Tiny House","Black Star"],"picked":"Cursed Key"}],"items_purged_floors":[13],"is_endless":false,"potions_floor_spawned":[2,3,7,11,16,21,29,31],"killed_by":"Automaton","ascension_level":4}}