{"host":"san3zorndfes7b27","time":1611626414,"event":{"mods":["BaseMod","Colored Map","Downfall","Minty Spire (QoL Compilation)","Relic Stats","StSLib"],"gold_per_floor":[13,13,27,27,27,27,60,80,80,80,80],"floor_reached":10,"language":"ENG","playtime":399,"items_purged":[],"score":99,"play_id":"336e0b42-204d-47ab-a9be-34b8c6d23b65","local_time":"20210125210014","is_ascension_mode":true,"campfire_choices":[{"data":"Envenom","floor":6,"key":"SMITH"}],"circlet_count":0,"master_deck":["AscendersBane","Strike_G","Strike_G","Strike_G","Strike_G","Strike_G","Defend_G","Defend_G","Defend_G","Defend_G","Defend_G","Survivor","Neutralize","Envenom+1","Bane","Dagger Spray","Sucker Punch","PiercingWail"],"relics":["Ring of the Snake","Golden Idol","Kunai","Shovel"],"acts_visited":["Exordium"],"potions_floor_usage":[],"damage_taken":[{"damage":11,"enemies":"Cultist","floor":1,"turns":5},{"damage":1,"enemies":"Small Slimes","floor":3,"turns":4},{"damage":12,"enemies":"Gremlin Nob","floor":7,"turns":4},{"damage":4,"enemies":"Jaw Worm","floor":8,"turns":3},{"damage":38,"enemies":"3 Sentries","floor":10,"turns":6}],"seed_played":"-1335150529302710316","potions_obtained":[{"floor":3,"key":"GamblersBrew"},{"floor":8,"key":"sneckomod:MuddlingPotion"}],"is_trial":false,"path_per_floor":["M","$","M","?","T","R","E","M","T","E"],"character_chosen":"THE_SILENT","items_purchased":[],"campfire_rested":0,"item_purchase_floors":[],"current_hp_per_floor":[52,52,51,51,51,51,39,35,35,0,0],"gold":80,"neow_bonus":"THREE_RARE_CARDS","is_daily":false,"chose_seed":false,"campfire_upgraded":1,"win_rate":0.0,"timestamp":1611626414,"path_taken":["M","?","M","?","?","R","E","M","T","E"],"items_purchased_type":[],"build_version":"2020-12-22","purchased_purges":0,"victory":false,"max_hp_per_floor":[70,70,70,65,65,65,65,65,65,65,65],"relic_stats":{"Shovel":0,"counters":[5,22],"Golden Idol":11,"Kunai":[5],"obtain_stats":[{"Shovel":7,"Golden Idol":4,"Kunai":5,"Ring of the Snake":0},{"Shovel":3,"Golden Idol":2,"Kunai":2,"Ring of the Snake":0},{"Shovel":13,"Golden Idol":9,"Kunai":9,"Ring of the Snake":0}],"Ring of the Snake":[10]},"card_choices":[{"not_picked":["Doppelganger","Burst"],"picked":"Envenom","floor":0},{"not_picked":["PiercingWail","Riddle With Holes"],"picked":"Bane","floor":1},{"not_picked":["Prepared","Slice"],"picked":"Dagger Spray","floor":3},{"not_picked":["Backstab","Masterful Stab"],"picked":"Sucker Punch","floor":7},{"not_picked":["Footwork","Crippling Poison"],"picked":"PiercingWail","floor":8}],"player_experience":1617276,"relics_obtained":[{"floor":5,"key":"Kunai"},{"floor":7,"key":"Shovel"}],"event_choices":[{"damage_healed":0,"gold_gain":0,"player_choice":"Lose Max HP","damage_taken":0,"relics_obtained":["Golden Idol"],"max_hp_gain":0,"max_hp_loss":5,"event_name":"Golden Idol","floor":4,"gold_loss":0}],"is_beta":false,"boss_relics":[],"items_purged_floors":[],"is_endless":false,"potions_floor_spawned":[3,8],"killed_by":"3 Sentries","ascension_level":10}}