{"host":"z9grmtg2w0nmz8n1","time":1611674849,"event":{"mods":["Aspiration","BaseMod","Better Altar","Better Match","Better Note","Better Sensory Stone","Better Skull","Better Third Choice","BetterRewards","CCEM2","Clawfect","Colored Map","Conspire","GifTheSpireLib","Halation","Highlight Path","Hubris","Hunter ??","Jedi Mod","Minty Spire (QoL Compilation)","Permanent Neow","Reliquary","Replay The Spire","Shop Mod","Spicy Shops","StSLib","Stuff the Spire","The Administrix","The Blackbeard","The Runesmith","The Servant 0.9.4"],"gold_per_floor":[116,130,130,147,163,198,198,49,49,83,102,102,102,131,131,233,233,244,262,262,262,341,371,296,296,296],"floor_reached":25,"language":"ENG","playtime":1668,"items_purged":["Strike_G"],"score":251,"play_id":"8feb7614-372f-4d2a-a77d-e32b37f64878","local_time":"20210126132729","is_ascension_mode":true,"campfire_choices":[{"floor":7,"key":"RECALL"},{"floor":13,"key":"REST"},{"floor":15,"key":"REST"}],"circlet_count":0,"master_deck":["Strike_G","Strike_G","Strike_G","Strike_G","Defend_G","Defend_G","Defend_G","Defend_G","Defend_G","Survivor","Neutralize+1","hubris:Sniper","Accuracy","Blade Dance","Dagger Throw","Hidden Blade","ReplayTheSpireMod:Scrap Shanks+1","Accuracy+1","Bullet Time","Cloak And Dagger"],"relics":["Ring of the Snake","jedi:archwizardhat","Centennial Puzzle","CCEMRelics:Sandal","Black Star","CCEMRelics:CanOfSoda","CCEMRelics:DerglesHeadphones","Replay:WaspNest","reliquary:Buckler","hubris:SlimyHat"],"acts_visited":["Exordium","TheCity"],"potions_floor_usage":[6,10,14,14,16],"damage_taken":[{"damage":0,"enemies":"Cultist","floor":1,"turns":4},{"damage":2,"enemies":"Jaw Worm","floor":2,"turns":9},{"damage":0,"enemies":"conspire:RoseBush","floor":4,"turns":4},{"damage":23,"enemies":"Gremlin Gang","floor":5,"turns":7},{"damage":22,"enemies":"3 Sentries","floor":6,"turns":10},{"damage":19,"enemies":"Gremlin Nob","floor":10,"turns":4},{"damage":3,"enemies":"Blue Slaver","floor":11,"turns":3},{"damage":1,"enemies":"3 Sentries","floor":14,"turns":5},{"damage":15,"enemies":"Hexaghost","floor":16,"turns":6},{"damage":16,"enemies":"Chosen","floor":18,"turns":5},{"damage":17,"enemies":"2 Thieves","floor":19,"turns":4},{"damage":43,"enemies":"Slavers","floor":23,"turns":6},{"damage":10,"enemies":"Centurion and Healer","floor":25,"turns":2}],"seed_played":"-419253488759659241","potions_obtained":[{"floor":1,"key":"Regen Potion"},{"floor":4,"key":"SpeedPotion"},{"floor":6,"key":"jedi:tentaclejuice"},{"floor":11,"key":"Weak Potion"},{"floor":12,"key":"jedi:wingpotion"},{"floor":12,"key":"LiquidMemories"},{"floor":14,"key":"SkillPotion"},{"floor":18,"key":"Fruit Juice"}],"is_trial":false,"path_per_floor":["M","M","?","M","M","E","R","$","T","E","M","?","R","E","R","B",null,"M","M","?","?","T","E","?","M"],"character_chosen":"THE_SILENT","items_purchased":["ReplayTheSpireMod:Scrap Shanks"],"campfire_rested":2,"item_purchase_floors":[8],"current_hp_per_floor":[70,68,68,68,45,38,38,38,38,19,16,16,37,36,57,42,70,54,37,51,51,51,8,8,0,0],"gold":296,"neow_bonus":"UPGRADE_CARD","is_daily":false,"chose_seed":false,"campfire_upgraded":0,"win_rate":0.0,"timestamp":1611674849,"path_taken":["M","?","?","M","M","E","R","$","T","E","M","?","R","E","R","BOSS","M","?","?","?","?","E","?","M"],"items_purchased_type":["Card"],"build_version":"2020-12-22","purchased_purges":1,"victory":false,"max_hp_per_floor":[70,70,70,70,70,70,70,70,70,70,70,70,70,70,70,70,70,70,70,84,84,84,84,84,84,84],"card_choices":[{"not_picked":["Choke","Dagger Throw"],"picked":"hubris:Sniper","floor":1},{"not_picked":["Fluid Movement","Concentrate"],"picked":"Accuracy","floor":2},{"not_picked":["Slice","Heel Hook","jedi:poisonivy"],"picked":"SKIP","floor":4},{"not_picked":["Dagger Spray","Slice"],"picked":"Dagger Throw","floor":5},{"not_picked":["StuffTheSpire:ClusterCrunch","Crippling Poison"],"picked":"Hidden Blade","floor":6},{"not_picked":["Malaise","Fluid Movement","Dodge and Roll"],"picked":"SKIP","floor":10},{"not_picked":["Sucker Punch","jedi:pocketpoison","Acrobatics"],"picked":"SKIP","floor":11},{"not_picked":["PiercingWail","hubris:Counter"],"picked":"Accuracy","floor":14},{"not_picked":["Malaise","Grand Finale"],"picked":"Bullet Time","floor":16},{"not_picked":["StuffTheSpire:Python","hubris:SlightOfHand","PiercingWail"],"picked":"SKIP","floor":18},{"not_picked":["Quick Slash","Deflect","StuffTheSpire:BumpUp+1"],"picked":"SKIP","floor":19},{"not_picked":["Blade Dance+1","StuffTheSpire:ClusterCrunch"],"picked":"Cloak And Dagger","floor":23}],"player_experience":849114,"relics_obtained":[{"floor":6,"key":"jedi:archwizardhat"},{"floor":10,"key":"Centennial Puzzle"},{"floor":14,"key":"CCEMRelics:Sandal"},{"floor":20,"key":"CCEMRelics:CanOfSoda"},{"floor":22,"key":"Replay:WaspNest"},{"floor":23,"key":"reliquary:Buckler"},{"floor":23,"key":"hubris:SlimyHat"}],"event_choices":[{"damage_healed":0,"gold_gain":0,"player_choice":"Got Potions","damage_taken":0,"max_hp_gain":0,"max_hp_loss":0,"event_name":"Lab","floor":12,"gold_loss":0},{"damage_healed":0,"gold_gain":0,"player_choice":"Relic","damage_taken":0,"max_hp_gain":0,"max_hp_loss":0,"event_name":"Wheel of Change","floor":20,"gold_loss":0},{"damage_healed":0,"gold_gain":0,"player_choice":"Gave Potion","damage_taken":0,"relics_obtained":["CCEMRelics:DerglesHeadphones"],"max_hp_gain":0,"max_hp_loss":0,"event_name":"WeMeetAgain","floor":21,"gold_loss":0},{"damage_healed":0,"gold_gain":0,"player_choice":"1","damage_taken":0,"max_hp_gain":0,"max_hp_loss":0,"event_name":"betterMatch:BetterMatch","floor":24,"gold_loss":0,"cards_obtained":["betterMatch:CommonCard","betterMatch:ColorlessUncommonCard"]}],"is_beta":false,"boss_relics":[{"not_picked":["halation:Prosthetics","halation:LoveArrow"],"picked":"Black Star"}],"items_purged_floors":[8],"is_endless":false,"potions_floor_spawned":[1,4,6,11,14,18],"killed_by":"Centurion and Healer","ascension_level":1}}