{"host":"cxn6tbf67hppzwy1","time":1611640463,"event":{"mods":["BaseMod","Minty Spire (QoL Compilation)","Replay The Spire","Shop Mod","StSLib","Waifu the Spire","¡¾ÒÅÎï¿¨ÅÆ¡¿REMEMod"],"gold_per_floor":[112,112,112,74,74,107,107,129,129,129,183,219,219,258,258,369,369,403,603,628,648,648],"floor_reached":21,"language":"ZHS","playtime":707,"items_purged":[],"score":242,"play_id":"d7671414-01d2-4bef-8b87-13cfd59b186d","local_time":"20210126135423","is_ascension_mode":true,"campfire_choices":[{"data":"Dagger Spray","floor":7.0,"key":"SMITH"},{"data":"Catalyst","floor":15.0,"key":"SMITH"}],"circlet_count":0,"master_deck":["Strike_G","Strike_G","Strike_G","Strike_G","Defend_G","Defend_G","Defend_G","Defend_G+1","Neutralize+1","REME_BattleFury","Acrobatics","Catalyst+1","Dagger Spray+1","Reflex","m_Survivalism","Corpse Explosion+1","Burst","Tactician","Tactician"],"relics":["Ring of the Snake","REME_ComplimentaryCards","NeowsBlessing","Replay:Bandana","Chameleon Ring","Pen Nib","Tiny Chest","REME_LowDesire","Lantern","War Paint"],"acts_visited":["Exordium","TheCity"],"potions_floor_usage":[20],"damage_taken":[{"damage":0.0,"enemies":"Jaw Worm","floor":1.0,"turns":1.0},{"damage":0.0,"enemies":"3 Sentries","floor":6.0,"turns":1.0},{"damage":0.0,"enemies":"2 Louse","floor":8.0,"turns":1.0},{"damage":17.0,"enemies":"Lagavulin","floor":11.0,"turns":6.0},{"damage":12.0,"enemies":"Small Slimes","floor":12.0,"turns":2.0},{"damage":19.0,"enemies":"Gremlin Nob","floor":14.0,"turns":4.0},{"damage":14.0,"enemies":"Hexaghost","floor":16.0,"turns":9.0},{"damage":4,"enemies":"Chosen","floor":18,"turns":6},{"damage":34,"enemies":"Spheric Guardian","floor":20,"turns":6},{"damage":49,"enemies":"Shelled Parasite and Fungi","floor":21,"turns":6}],"seed_played":"-1826880286376794232","potions_obtained":[{"floor":1.0,"key":"Weak Potion"},{"floor":6.0,"key":"SteroidPotion"},{"floor":12.0,"key":"ColorlessPotion"},{"floor":16.0,"key":"Fruit Juice"},{"floor":20,"key":"SpeedPotion"}],"is_trial":false,"path_per_floor":["M","?","?","$","?","E","R","M","T","?","E","M","?","E","R","B",null,"M","?","M","M"],"character_chosen":"THE_SILENT","items_purchased":["Catalyst"],"campfire_rested":0,"item_purchase_floors":[4],"current_hp_per_floor":[70,70,70,70,70,70,70,70,70,70,53,41,34,15,15,1,70,66,66,39,0,0],"gold":648,"neow_bonus":"THREE_ENEMY_KILL","is_daily":false,"chose_seed":false,"campfire_upgraded":2,"win_rate":0.0,"timestamp":1611640463,"path_taken":["M","?","?","?","?","E","R","M","T","?","E","?","?","E","R","BOSS","M","?","?","M"],"items_purchased_type":["Card"],"build_version":"2020-12-22","purchased_purges":0,"victory":false,"max_hp_per_floor":[70,70,70,70,70,70,70,70,70,70,70,70,70,70,70,70,70,70,70,77,77,77],"card_choices":[{"not_picked":["Backstab","Leg Sweep"],"picked":"Acrobatics","floor":1.0},{"not_picked":["Deadly Poison","Bane"],"picked":"Dagger Spray","floor":6.0},{"not_picked":["Outmaneuver","Hidden Blade"],"picked":"Reflex","floor":8.0},{"not_picked":["Dash","Backstab"],"picked":"Corpse Explosion","floor":11.0},{"not_picked":["PiercingWail","Dagger Throw","ReplayTheSpireMod:Exploit Weakness"],"picked":"SKIP","floor":12.0},{"not_picked":["PiercingWail","Dagger Throw","ReplayTheSpireMod:Exploit Weakness"],"picked":"SKIP","floor":12.0},{"not_picked":["Underhanded Strike","Poisoned Stab","ReplayTheSpireMod:The Works"],"picked":"SKIP","floor":14.0},{"not_picked":["Replay:Bag of Tricks","Glass Knife"],"picked":"Burst","floor":16.0},{"not_picked":["PiercingWail","Skewer+1","Flash of Steel"],"picked":"Tactician","floor":18},{"not_picked":["All Out Attack","Dodge and Roll","Flash of Steel"],"picked":"Tactician","floor":20}],"player_experience":40347,"relics_obtained":[{"floor":6.0,"key":"Replay:Bandana"},{"floor":9.0,"key":"Chameleon Ring"},{"floor":11.0,"key":"Pen Nib"},{"floor":14.0,"key":"Tiny Chest"},{"floor":17,"key":"Lantern"},{"floor":17,"key":"War Paint"}],"event_choices":[{"cards_removed":["Defend_G"],"damage_healed":0.0,"max_hp_gain":0.0,"max_hp_loss":0.0,"gold_gain":0.0,"event_name":"Living Wall","player_choice":"Forget","floor":2.0,"gold_loss":0.0,"damage_taken":0.0},{"cards_removed":["Strike_G"],"damage_healed":0.0,"max_hp_gain":0.0,"max_hp_loss":0.0,"gold_gain":0.0,"event_name":"Golden Wing","player_choice":"Card Removal","floor":13.0,"gold_loss":0.0,"damage_taken":7.0},{"damage_healed":0,"gold_gain":250,"player_choice":"Bet on Owner","damage_taken":0,"max_hp_gain":0,"max_hp_loss":0,"event_name":"The Joust","floor":19,"gold_loss":50}],"is_beta":false,"boss_relics":[{"not_picked":["Calling Bell","Replay:Drink Me"],"picked":"REME_LowDesire"}],"items_purged_floors":[],"is_endless":false,"potions_floor_spawned":[1,6,12,16,20],"killed_by":"Shelled Parasite and Fungi","ascension_level":2}}