{"host":"np9ouipdmi0bkas5","time":1611637402,"event":{"mods":["AchievementEnabler","Aspiration","BaseMod","Colored Map","Downfall","Highlight Path","Hubris","Infinite Spire","Minty Spire (QoL Compilation)","Replay The Spire","StSLib"],"gold_per_floor":[115,133,133,145,145,145,177,191,191,191,208,228,244,272,272,367,367,379,379,395,414,431,460,473,507,507,223,323,323,340,369,369,474,474,485,502,514,529,540,540,540],"floor_reached":40,"language":"ENG","playtime":2655,"items_purged":["Disarm","True Grit+1"],"score":514,"play_id":"f3beda35-e3f5-42d4-9cd1-f1c700719441","local_time":"20210125210322","is_ascension_mode":true,"campfire_choices":[{"data":"Bash","floor":6,"key":"SMITH"},{"data":"Whirlwind","floor":10,"key":"SMITH"},{"data":"Flame Barrier","floor":15,"key":"SMITH"},{"floor":29,"key":"REST"},{"data":"ReplayTheSpireMod:Book of Names","floor":32,"key":"SMITH"}],"circlet_count":0,"master_deck":["Strike_R","Strike_R","Strike_R","Strike_R","Strike_R","Defend_R","Defend_R","Defend_R","Bash+1","Perfected Strike","Warcry","Flame Barrier+1","Shrug It Off","hubris:StunningStrike","Whirlwind+1","Sword Boomerang","Cleave","Brutality","Twin Strike+1","ReplayTheSpireMod:Book of Names+1","ReplayTheSpireMod:Strike From Hell+1","Headbutt+1","Metallicize","hubris:EnhanceAbility","Metamorphosis+1","Replay:Dark Deal+1","Sword Boomerang+1","Thunderclap","Juggernaut","CommonCold","Survivor+1","Limit Break+1","Blind+1","infinitespire:Fortify+1","Flex+1","Armaments+1","Spot Weakness+1","Pommel Strike+1"],"relics":["Burning Blood","infinitespire:Lucky Rock","HornCleat","Oddly Smooth Stone","infinitespire:Burning Sword","Bag of Marbles","Replay:Wax Seal","Toxic Egg 2","Replay:Bottled Snecko","ReplayTheSpireMod:ShopPack","ReplayTheSpireMod:Lightbulb","ReplayTheSpireMod:SealedPack"],"acts_visited":["Exordium","TheCity","TheBeyond"],"potions_floor_usage":[8,14,16,25,30,31,37,37,39,40,40],"damage_taken":[{"damage":5,"enemies":"2 Louse","floor":1,"turns":2},{"damage":14,"enemies":"infinitespire:Voidling","floor":2,"turns":4},{"damage":0,"enemies":"Cultist","floor":4,"turns":2},{"damage":10,"enemies":"Replay:BlueRogue","floor":7,"turns":6},{"damage":18,"enemies":"Gremlin Gang","floor":8,"turns":8},{"damage":1,"enemies":"3 Louse","floor":11,"turns":3},{"damage":1,"enemies":"Red Slaver","floor":12,"turns":4},{"damage":0,"enemies":"2 Fungi Beasts","floor":13,"turns":2},{"damage":17,"enemies":"Gremlin Nob","floor":14,"turns":5},{"damage":41,"enemies":"Slime Boss","floor":16,"turns":11},{"damage":12,"enemies":"2 Thieves","floor":18,"turns":2},{"damage":1,"enemies":"Chosen","floor":20,"turns":3},{"damage":2,"enemies":"Snecko","floor":21,"turns":3},{"damage":25,"enemies":"Sentry and Sphere","floor":22,"turns":4},{"damage":19,"enemies":"Replay:Snechameleon","floor":23,"turns":3},{"damage":0,"enemies":"3 Cultists","floor":24,"turns":1},{"damage":4,"enemies":"Gremlin Leader","floor":25,"turns":5},{"damage":3,"enemies":"Snecko","floor":30,"turns":2},{"damage":10,"enemies":"Book of Stabbing","floor":31,"turns":4},{"damage":33,"enemies":"hubris:MusketHawk","floor":33,"turns":7},{"damage":16,"enemies":"Orb Walker","floor":35,"turns":4},{"damage":0,"enemies":"3 Shapes","floor":36,"turns":2},{"damage":13,"enemies":"Transient","floor":37,"turns":5},{"damage":22,"enemies":"Jaw Worm Horde","floor":38,"turns":3},{"damage":19,"enemies":"Spire Growth","floor":39,"turns":3},{"damage":86,"enemies":"Reptomancer","floor":40,"turns":3}],"seed_played":"-3820954994985481268","potions_obtained":[{"floor":2,"key":"BloodPotion"},{"floor":4,"key":"SkillPotion"},{"floor":8,"key":"Dexterity Potion"},{"floor":14,"key":"Toxic Potion"},{"floor":21,"key":"CultistPotion"},{"floor":22,"key":"Swift Potion"},{"floor":24,"key":"DistilledChaos"},{"floor":25,"key":"Adrenaline Potion"},{"floor":35,"key":"Dexterity Potion"},{"floor":36,"key":"SkillPotion"},{"floor":37,"key":"AttackPotion"},{"floor":38,"key":"LifebloodPotion"}],"is_trial":false,"path_per_floor":["M","M","?","M","?","R","E","M","T","R","M","M","M","E","R","B",null,"M","AVR","M","M","M","E","M","E","T","$","?","R","M","E","R","B",null,"M","M","M","M","M","E"],"character_chosen":"IRONCLAD","items_purchased":["Metallicize","ReplayTheSpireMod:ShopPack"],"campfire_rested":1,"item_purchase_floors":[27,27],"current_hp_per_floor":[80,79,84,85,85,85,81,69,69,69,74,79,85,74,74,39,85,79,79,84,85,66,53,59,61,61,61,61,85,85,81,81,54,85,75,81,74,58,45,0,0],"gold":540,"neow_bonus":"THREE_CARDS","is_daily":false,"chose_seed":false,"campfire_upgraded":4,"win_rate":0.0,"timestamp":1611637402,"path_taken":["M","M","?","M","?","R","E","M","T","R","?","M","M","E","R","BOSS","M","AVR","M","M","M","E","M","E","T","$","?","R","M","E","R","BOSS","M","?","M","M","M","E"],"items_purchased_type":["Card","Relic"],"build_version":"2020-12-22","purchased_purges":2,"victory":false,"max_hp_per_floor":[80,80,85,85,85,85,85,85,85,85,85,85,85,85,85,85,85,85,85,85,85,85,85,85,85,85,85,85,85,85,85,85,85,85,85,85,85,85,85,85,85],"card_choices":[{"not_picked":["Headbutt","Wild Strike"],"picked":"Perfected Strike","floor":0},{"not_picked":["hubris:ReadiedAction","Run Through"],"picked":"Warcry","floor":1},{"not_picked":["Dark Embrace","Seeing Red"],"picked":"Flame Barrier","floor":2},{"not_picked":["Second Wind","Replay:Undeath\u0027s Touch"],"picked":"Shrug It Off","floor":4},{"not_picked":["hubris:StunningStrike","Havoc","Sentinel"],"picked":"SKIP","floor":7},{"not_picked":["Twin Strike","True Grit"],"picked":"Whirlwind","floor":8},{"not_picked":["Anger","Twin Strike"],"picked":"Sword Boomerang","floor":11},{"not_picked":["Replay:Undeath\u0027s Touch","Headbutt"],"picked":"Cleave","floor":12},{"not_picked":["ReplayTheSpireMod:Strike From Hell","Clash","hubris:ReadiedAction"],"picked":"SKIP","floor":13},{"not_picked":["Anger","Defy Death"],"picked":"Disarm","floor":14},{"not_picked":["Hemogenesis","Double Tap"],"picked":"Brutality","floor":16},{"not_picked":["ReplayTheSpireMod:Limb From Limb","Pommel Strike+1"],"picked":"Twin Strike+1","floor":18},{"not_picked":["Headbutt","Perfected Strike","Iron Wave"],"picked":"SKIP","floor":20},{"not_picked":["Dropkick+1","Abandon"],"picked":"True Grit+1","floor":21},{"not_picked":["Clothesline+1","Wild Strike+1","ReplayTheSpireMod:Limb From Limb+1"],"picked":"SKIP","floor":22},{"not_picked":["Run Through","Body Slam+1"],"picked":"ReplayTheSpireMod:Strike From Hell+1","floor":23},{"not_picked":["True Grit","hubris:ReadiedAction","Havoc+1"],"picked":"SKIP","floor":24},{"not_picked":["Perfected Strike+1","Power Through+1"],"picked":"Headbutt+1","floor":25},{"not_picked":["Magnetism","Metamorphosis"],"picked":"hubris:EnhanceAbility","floor":27},{"not_picked":["Forethought","Bandage Up"],"picked":"Metamorphosis","floor":27},{"not_picked":["Forethought","Trip"],"picked":"Replay:Dark Deal","floor":27},{"not_picked":["Feel No Pain","Rampage"],"picked":"Sword Boomerang+1","floor":30},{"not_picked":["Ghostly Armor+1","Sever Soul"],"picked":"Thunderclap","floor":31},{"not_picked":["Replay:Many Hands+1","Reaper"],"picked":"Juggernaut","floor":33},{"not_picked":["Eruption","bronze:Replicate"],"picked":"Survivor","floor":34},{"not_picked":["Exhume","Bludgeon"],"picked":"Limit Break","floor":34},{"not_picked":["Purity","Bandage Up"],"picked":"Blind","floor":34},{"not_picked":["ReplayTheSpireMod:Black Plague","infinitespire:Starlight"],"picked":"infinitespire:Fortify","floor":34},{"not_picked":["Clothesline+1","Cleave+1"],"picked":"Flex+1","floor":35},{"not_picked":["Wild Strike+1","Perfected Strike+1"],"picked":"Armaments+1","floor":36},{"not_picked":["Corruption","hubris:ReadiedAction+1","Havoc+1"],"picked":"SKIP","floor":37},{"not_picked":["Hemokinesis","Searing Blow"],"picked":"Spot Weakness+1","floor":38},{"not_picked":["Sever Soul","Ghostly Armor+1"],"picked":"Pommel Strike+1","floor":39}],"player_experience":70970,"relics_obtained":[{"floor":7,"key":"infinitespire:Lucky Rock"},{"floor":9,"key":"HornCleat"},{"floor":14,"key":"Oddly Smooth Stone"},{"floor":23,"key":"Replay:Wax Seal"},{"floor":25,"key":"Toxic Egg 2"},{"floor":26,"key":"Replay:Bottled Snecko"},{"floor":31,"key":"ReplayTheSpireMod:Lightbulb"}],"event_choices":[{"damage_healed":0,"gold_gain":0,"player_choice":"Donut","damage_taken":0,"max_hp_gain":5,"max_hp_loss":0,"event_name":"Big Fish","floor":3,"gold_loss":0},{"damage_healed":0,"gold_gain":0,"cards_transformed":["Defend_R"],"player_choice":"Transformed","damage_taken":0,"max_hp_gain":0,"max_hp_loss":0,"event_name":"Transmorgrifier","floor":5,"gold_loss":0,"cards_obtained":["hubris:StunningStrike"]},{"damage_healed":0,"gold_gain":100,"player_choice":"Pray","damage_taken":0,"max_hp_gain":0,"max_hp_loss":0,"event_name":"Golden Shrine","floor":28,"gold_loss":0}],"is_beta":false,"boss_relics":[{"not_picked":["Replay:Wanted Poster","Cursed Key"],"picked":"infinitespire:Burning Sword"},{"not_picked":["ChewingGum","hubris:BlackHole"],"picked":"ReplayTheSpireMod:SealedPack"}],"items_purged_floors":[19,27],"is_endless":false,"potions_floor_spawned":[2,4,8,14,21,22,23,24,25,35,36,37,38],"killed_by":"Reptomancer","ascension_level":1}}