{"host":"d2y4rmbezebiv8aj","time":1611647907,"event":{"mods":["AchievementEnabler","BaseMod","Bestiary","BetterRewards","Colored Map","Colored Powertips","Custom Start","Highlight Path","Minty Spire (QoL Compilation)","Quick Restart","Rare Cards Sparkle","Relic Sorter","Relic Stats","Shop Mod","Slay-I","StSLib","SuperFastMode"],"gold_per_floor":[114,114,133,152,163,192,192,36,36,61,61,61,73,93,93,191,191,202,222,235,334,32,67,67,67,67,67,102,17,17,50,62,169,181,211,272,284,20,33,33,59,59,59,88,101,101,151,151,151,151,151],"floor_reached":50,"language":"DEU","playtime":1914,"items_purged":[],"score":1122,"play_id":"9677e9af-80cf-4b4f-8cb6-a6386798b312","local_time":"20210126085827","is_ascension_mode":true,"campfire_choices":[{"floor":7.0,"key":"REST"},{"data":"1","floor":11.0,"key":"LIFT"},{"floor":15.0,"key":"REST"},{"data":"2","floor":24.0,"key":"LIFT"},{"data":"3","floor":27.0,"key":"LIFT"},{"data":"Footwork","floor":30.0,"key":"SMITH"},{"floor":32.0,"key":"REST"},{"floor":40,"key":"REST"},{"floor":46,"key":"REST"},{"floor":49,"key":"REST"}],"circlet_count":0,"master_deck":["Strike_G","Strike_G","Strike_G","Strike_G","Strike_G+1","Defend_G","Defend_G","Defend_G","Defend_G","Defend_G","Survivor","Neutralize","Accuracy","Backstab","Blade Dance","Backflip","Blade Dance","Accuracy","Dagger Spray+1","Footwork+1","Envenom","Slice","Caltrops","Cloak And Dagger","PiercingWail+1","Accuracy","Noxious Fumes+1","A Thousand Cuts","Footwork","Mayhem","Noxious Fumes+1","Terror+1","Pain","Regret","Envenom"],"relics":["Ring of the Snake","Girya","Lantern","Blue Candle","Mummified Hand","WristBlade","Membership Card","Gremlin Horn","Juzu Bracelet","Whetstone","Happy Flower","Singing Bowl","MawBank","Cursed Key","Tough Bandages","Mango","Sundial","Shovel","Lizard Tail","Ninja Scroll","TungstenRod"],"acts_visited":["Exordium","TheCity","TheCity","TheBeyond"],"potions_floor_usage":[33,41,44,50],"damage_taken":[{"damage":0.0,"enemies":"2 Louse","floor":1.0,"turns":3.0},{"damage":1.0,"enemies":"Cultist","floor":3.0,"turns":4.0},{"damage":0.0,"enemies":"Small Slimes","floor":4.0,"turns":4.0},{"damage":12.0,"enemies":"Blue Slaver","floor":5.0,"turns":3.0},{"damage":18.0,"enemies":"3 Sentries","floor":6.0,"turns":8.0},{"damage":26.0,"enemies":"Lagavulin","floor":10.0,"turns":4.0},{"damage":0.0,"enemies":"Exordium Wildlife","floor":13.0,"turns":3.0},{"damage":0.0,"enemies":"Looter","floor":14.0,"turns":1.0},{"damage":2.0,"enemies":"The Guardian","floor":16.0,"turns":13.0},{"damage":0.0,"enemies":"2 Thieves","floor":18.0,"turns":3.0},{"damage":2.0,"enemies":"Shell Parasite","floor":19.0,"turns":3.0},{"damage":0.0,"enemies":"Cultist and Chosen","floor":20.0,"turns":4.0},{"damage":14.0,"enemies":"Book of Stabbing","floor":23.0,"turns":4.0},{"damage":0.0,"enemies":"Gremlin Leader","floor":28.0,"turns":4.0},{"damage":13.0,"enemies":"Book of Stabbing","floor":31.0,"turns":5.0},{"damage":38,"enemies":"Champ","floor":33,"turns":8},{"damage":1,"enemies":"3 Shapes","floor":35,"turns":4},{"damage":37,"enemies":"2 Orb Walkers","floor":36,"turns":4},{"damage":4,"enemies":"Orb Walker","floor":39,"turns":2},{"damage":30,"enemies":"Giant Head","floor":41,"turns":7},{"damage":49,"enemies":"Reptomancer","floor":44,"turns":5},{"damage":20,"enemies":"4 Shapes","floor":45,"turns":4},{"damage":10,"enemies":"Mind Bloom Boss Battle","floor":47,"turns":4},{"damage":70,"enemies":"Time Eater","floor":50,"turns":7}],"seed_played":"4961802925801166346","potions_obtained":[{"floor":3.0,"key":"AttackPotion"},{"floor":6.0,"key":"PowerPotion"},{"floor":10.0,"key":"LiquidBronze"},{"floor":13.0,"key":"Fire Potion"},{"floor":14.0,"key":"Poison Potion"},{"floor":16.0,"key":"Energy Potion"},{"floor":20.0,"key":"Regen Potion"},{"floor":36,"key":"Poison Potion"}],"is_trial":false,"path_per_floor":["M","?","M","M","M","E","R","$","T","E","R","$","M","M","R","B",null,"M","M","M","?","$","E","R","?","T","R","E","?","R","E","R","B",null,"M","?","?","$","M","R","E","T","T","E","M","R","?","?","R","B"],"character_chosen":"THE_SILENT","items_purchased":["Accuracy","Backstab","Lantern","Membership Card","Gremlin Horn","Cloak And Dagger","Footwork","Mayhem","Mango"],"campfire_rested":6,"item_purchase_floors":[0,0,8,22,22,22,38,38,38],"current_hp_per_floor":[55,55,54,54,42,24,45,45,45,19,19,19,19,19,40,38,62,62,60,60,60,60,46,46,69,69,69,69,69,69,56,70,44,64,65,30,30,44,40,66,36,36,36,34,16,43,33,35,63,0,0],"gold":151,"neow_bonus":"","is_daily":false,"chose_seed":false,"campfire_upgraded":1,"win_rate":0.0,"timestamp":1611647907,"path_taken":["M","?","M","M","?","E","R","$","T","E","R","?","M","M","R","BOSS","M","M","M","?","$","E","R","?","T","R","E","?","R","E","R","BOSS","M","?","?","$","M","R","E","?","T","E","M","R","?","?","R","BOSS"],"items_purchased_type":["Card","Card","Relic","Relic","Relic","Card","Card","Card","Relic"],"build_version":"2020-12-22","purchased_purges":0,"victory":false,"max_hp_per_floor":[70,70,70,70,70,70,70,70,70,70,70,70,70,70,70,70,70,70,70,70,70,70,70,70,70,70,70,70,70,70,70,70,70,70,72,74,74,88,88,88,88,88,88,90,92,92,92,94,94,94,94],"relic_stats":{"Gremlin Horn":[13,13],"Happy Flower":[16],"Singing Bowl":10,"counters":[137,699],"Blue Candle":[5],"Juzu Bracelet":2,"Whetstone":["Strike_G","Dagger Spray"],"MawBank":84,"Cursed Key":2,"Tough Bandages":[12],"Lizard Tail":44,"Shovel":0,"Mummified Hand":[114],"Sundial":[0],"obtain_stats":[{"Gremlin Horn":7,"Vajra":9,"HoveringKite":34,"Whetstone":43,"Boot":26,"Sling":41,"Blood Vial":36,"Lizard Tail":20,"HornCleat":43,"DollysMirror":25,"Sundial":41,"Strawberry":25,"MealTicket":20,"Philosopher\u0027s Stone":17,"Kunai":0,"Toxic Egg 2":34,"Girya":6,"Happy Flower":20,"Blue Candle":26,"Oddly Smooth Stone":0,"Eternal Feather":17,"Pen Nib":14,"Bronze Scales":7,"Molten Egg 2":27,"Meat on the Bone":0,"Regal Pillow":25,"Lantern":8,"Singing Bowl":14,"Torii":17,"Enchiridion":22,"Mango":17,"Bag of Preparation":45,"Juzu Bracelet":14,"Cursed Key":17,"Smiling Mask":9,"Ancient Tea Set":10,"Tough Bandages":36,"Shovel":42,"WristBlade":34,"Mummified Hand":0,"Ninja Scroll":44,"Pantograph":9,"Toolbox":20,"Tiny Chest":17,"Red Mask":47,"InkBottle":29,"Ring of the Snake":0,"Potion Belt":17,"Golden Idol":5,"Thread and Needle":34,"PreservedInsect":0,"The Courier":6,"Omamori":13,"Frozen Egg 2":17,"MawBank":43,"Medical Kit":22,"Mercury Hourglass":22,"Calling Bell":17,"Anchor":14,"Ornamental Fan":6,"Bag of Marbles":26,"Membership Card":24,"Toy Ornithopter":30,"TungstenRod":47},{"Gremlin Horn":24,"Vajra":4,"HoveringKite":13,"Whetstone":52,"Boot":67,"Sling":76,"Blood Vial":14,"Lizard Tail":112,"HornCleat":77,"DollysMirror":67,"Sundial":133,"Strawberry":67,"MealTicket":28,"Philosopher\u0027s Stone":89,"Kunai":0,"Toxic Egg 2":49,"Girya":118,"Happy Flower":42,"Blue Candle":10,"Oddly Smooth Stone":20,"Eternal Feather":65,"Pen Nib":39,"Bronze Scales":4,"Molten Egg 2":93,"Meat on the Bone":81,"Regal Pillow":44,"Lantern":118,"Singing Bowl":64,"Torii":65,"Enchiridion":9,"Mango":7,"Bag of Preparation":77,"Juzu Bracelet":88,"Cursed Key":26,"Smiling Mask":37,"Ancient Tea Set":107,"Tough Bandages":131,"Shovel":133,"WristBlade":73,"Mummified Hand":56,"Ninja Scroll":134,"Pantograph":24,"Toolbox":9,"Tiny Chest":65,"Red Mask":19,"InkBottle":11,"Ring of the Snake":0,"Potion Belt":7,"Golden Idol":23,"Thread and Needle":49,"PreservedInsect":0,"The Courier":106,"Omamori":24,"Frozen Egg 2":7,"MawBank":17,"Medical Kit":92,"Mercury Hourglass":92,"Calling Bell":7,"Anchor":6,"Ornamental Fan":61,"Bag of Marbles":44,"Membership Card":43,"Toy Ornithopter":11,"TungstenRod":136},{"Gremlin Horn":115,"Vajra":21,"HoveringKite":66,"Whetstone":248,"Boot":328,"Sling":406,"Blood Vial":70,"Lizard Tail":585,"HornCleat":414,"DollysMirror":328,"Sundial":679,"Strawberry":328,"MealTicket":138,"Philosopher\u0027s Stone":486,"Kunai":0,"Toxic Egg 2":231,"Girya":610,"Happy Flower":191,"Blue Candle":54,"Oddly Smooth Stone":100,"Eternal Feather":314,"Pen Nib":176,"Bronze Scales":21,"Molten Egg 2":499,"Meat on the Bone":442,"Regal Pillow":204,"Lantern":610,"Singing Bowl":304,"Torii":314,"Enchiridion":49,"Mango":40,"Bag of Preparation":414,"Juzu Bracelet":472,"Cursed Key":129,"Smiling Mask":168,"Ancient Tea Set":559,"Tough Bandages":670,"Shovel":679,"WristBlade":381,"Mummified Hand":264,"Ninja Scroll":684,"Pantograph":115,"Toolbox":49,"Tiny Chest":314,"Red Mask":89,"InkBottle":56,"Ring of the Snake":0,"Potion Belt":40,"Golden Idol":109,"Thread and Needle":231,"PreservedInsect":0,"The Courier":554,"Omamori":115,"Frozen Egg 2":40,"MawBank":83,"Medical Kit":498,"Mercury Hourglass":498,"Calling Bell":40,"Anchor":27,"Ornamental Fan":287,"Bag of Marbles":204,"Membership Card":198,"Toy Ornithopter":56,"TungstenRod":692}],"TungstenRod":11,"Ring of the Snake":[274]},"card_choices":[{"not_picked":["Finisher","Distraction"],"picked":"Blade Dance","floor":1.0},{"not_picked":["Blade Dance","Concentrate"],"picked":"Backflip","floor":3.0},{"not_picked":["Acrobatics","Flying Knee"],"picked":"Blade Dance","floor":4.0},{"not_picked":["Riddle With Holes","Underhanded Strike"],"picked":"Dodge and Roll","floor":5.0},{"not_picked":["Bullet Time","Crippling Poison"],"picked":"Accuracy","floor":6.0},{"not_picked":["Dodge and Roll","Bane"],"picked":"Dagger Spray","floor":10.0},{"not_picked":["Sucker Punch","PiercingWail"],"picked":"Footwork","floor":13.0},{"not_picked":["Endless Agony","Dodge and Roll","Acrobatics"],"picked":"SKIP","floor":14.0},{"not_picked":["Venomology","Malaise"],"picked":"Envenom","floor":16.0},{"not_picked":["Outmaneuver","Dagger Throw"],"picked":"Slice","floor":18.0},{"not_picked":["Dodge and Roll","Expertise"],"picked":"Caltrops","floor":19.0},{"not_picked":["Eviscerate","Dagger Spray","Underhanded Strike"],"picked":"SKIP","floor":20.0},{"not_picked":["Bane","Grand Finale"],"picked":"PiercingWail+1","floor":23.0},{"not_picked":["Masterful Stab","Venomology"],"picked":"Accuracy","floor":28.0},{"not_picked":["Finisher+1","Well Laid Plans"],"picked":"Noxious Fumes+1","floor":31.0},{"not_picked":["Night Terror","Bullet Time"],"picked":"A Thousand Cuts","floor":33},{"not_picked":["Acrobatics","Flying Knee+1","Poisoned Stab"],"picked":"Singing Bowl","floor":35},{"not_picked":["PiercingWail+1","Reflex","Sucker Punch"],"picked":"Singing Bowl","floor":36},{"not_picked":["Riddle With Holes+1","PiercingWail+1"],"picked":"Noxious Fumes+1","floor":39},{"not_picked":["All Out Attack+1","Dagger Throw+1"],"picked":"Terror+1","floor":41},{"not_picked":["Bouncing Flask+1","Skewer+1","Choke"],"picked":"Singing Bowl","floor":44},{"not_picked":["Skewer","PiercingWail","Setup"],"picked":"Singing Bowl","floor":45},{"not_picked":["Infinite Blades","Sucker Punch"],"picked":"Envenom","floor":47},{"not_picked":["Purity","Violence","Flash of Steel"],"picked":"Singing Bowl","floor":48}],"player_experience":380247,"relics_obtained":[{"floor":6.0,"key":"Girya"},{"floor":9.0,"key":"Blue Candle"},{"floor":10.0,"key":"Mummified Hand"},{"floor":23.0,"key":"Juzu Bracelet"},{"floor":26.0,"key":"Whetstone"},{"floor":28.0,"key":"Happy Flower"},{"floor":31.0,"key":"MawBank"},{"floor":36,"key":"Tough Bandages"},{"floor":41,"key":"Sundial"},{"floor":42,"key":"Shovel"},{"floor":43,"key":"Lizard Tail"},{"floor":44,"key":"Ninja Scroll"},{"floor":47,"key":"TungstenRod"}],"event_choices":[{"damage_healed":0.0,"max_hp_gain":0.0,"max_hp_loss":0.0,"gold_gain":0.0,"event_name":"The Woman in Blue","player_choice":"Bought 0 Potions","floor":2.0,"gold_loss":0.0,"damage_taken":0.0},{"damage_healed":0.0,"max_hp_gain":0.0,"max_hp_loss":0.0,"gold_gain":99.0,"event_name":"Nest","player_choice":"Stole From Cult","floor":21.0,"gold_loss":0.0,"damage_taken":0.0},{"damage_healed":23.0,"max_hp_gain":0.0,"max_hp_loss":0.0,"gold_gain":0.0,"event_name":"The Library","player_choice":"Heal","floor":25.0,"gold_loss":0.0,"damage_taken":0.0},{"damage_healed":0.0,"max_hp_gain":0.0,"max_hp_loss":0.0,"gold_gain":0.0,"event_name":"Addict","player_choice":"Obtained Relic","floor":29.0,"gold_loss":85.0,"damage_taken":0.0,"relics_obtained":["Singing Bowl"]},{"damage_healed":0,"gold_gain":0,"player_choice":"Fight","damage_taken":0,"max_hp_gain":0,"max_hp_loss":0,"event_name":"Mysterious Sphere","floor":36,"gold_loss":0},{"cards_removed":["Dodge and Roll"],"damage_healed":0,"gold_gain":0,"player_choice":"Removed Skill","damage_taken":0,"max_hp_gain":0,"max_hp_loss":0,"event_name":"Falling","floor":37,"gold_loss":0},{"damage_healed":0,"gold_gain":0,"player_choice":"Fight","damage_taken":0,"max_hp_gain":0,"max_hp_loss":0,"event_name":"MindBloom","floor":47,"gold_loss":0},{"damage_healed":0,"gold_gain":0,"player_choice":"Memory 1","damage_taken":0,"max_hp_gain":0,"max_hp_loss":0,"event_name":"SensoryStone","floor":48,"gold_loss":0}],"is_beta":false,"boss_relics":[{"not_picked":["Tiny House","Coffee Dripper"],"picked":"WristBlade"},{"not_picked":["SacredBark","Velvet Choker"],"picked":"Cursed Key"}],"items_purged_floors":[],"is_endless":false,"potions_floor_spawned":[3,6,10,13,14,16,20,23,31,36],"killed_by":"Time Eater","ascension_level":9}}