{"host":"fubl5olmpa6illow","time":1611686881,"event":{"mods":["BaseMod","Colored Map","Colored Powertips","Highlight Path","Minty Spire (QoL Compilation)","Quick Restart","Random Character Button","Relic Sorter","Relic Stats"],"gold_per_floor":[115,65,79,95,18,51,51,84,130,205,218,218,233,67,67,67,67],"floor_reached":16,"language":"ENG","playtime":1458,"items_purged":[],"score":127,"play_id":"57a6d968-4f07-4e0f-af07-22a04070e8aa","local_time":"20210126194801","is_ascension_mode":true,"campfire_choices":[{"floor":7,"key":"REST"},{"floor":12,"key":"REST"},{"floor":15,"key":"REST"}],"circlet_count":0,"master_deck":["Strike_B","Strike_B","Strike_B","Defend_B","Defend_B","Defend_B","Zap","Dualcast","Machine Learning","Steam Power","Compile Driver","Sweeping Beam","White Noise","Go for the Eyes","Double Energy","Sunder","Apotheosis"],"relics":["Cracked Core","Bottled Flame","Bronze Scales","Smiling Mask"],"acts_visited":["Exordium"],"potions_floor_usage":[6,8,16],"damage_taken":[{"damage":0,"enemies":"2 Louse","floor":1,"turns":1},{"damage":8,"enemies":"Small Slimes","floor":3,"turns":4},{"damage":2,"enemies":"Jaw Worm","floor":4,"turns":3},{"damage":30,"enemies":"3 Sentries","floor":6,"turns":7},{"damage":33,"enemies":"Gremlin Nob","floor":8,"turns":4},{"damage":9,"enemies":"Lots of Slimes","floor":11,"turns":2},{"damage":4,"enemies":"Blue Slaver","floor":13,"turns":3},{"damage":48,"enemies":"Hexaghost","floor":16,"turns":7}],"seed_played":"-5922943145498121038","potions_obtained":[{"floor":1,"key":"Block Potion"},{"floor":6,"key":"Strength Potion"},{"floor":11,"key":"AttackPotion"}],"is_trial":false,"path_per_floor":["M","?","M","M","$","E","R","E","T","?","M","R","M","$","R","B"],"character_chosen":"DEFECT","items_purchased":["White Noise","Apotheosis"],"campfire_rested":3,"item_purchase_floors":[5,14],"current_hp_per_floor":[75,75,67,65,65,35,57,24,24,13,4,26,22,22,44,0,0],"gold":67,"neow_bonus":"TRANSFORM_CARD","is_daily":false,"chose_seed":false,"campfire_upgraded":0,"win_rate":0.0,"timestamp":1611686881,"path_taken":["M","?","M","M","$","E","R","E","T","?","M","R","M","$","R","BOSS"],"items_purchased_type":["Card","Card"],"build_version":"2020-12-22","purchased_purges":0,"victory":false,"max_hp_per_floor":[75,75,75,75,75,75,75,75,75,75,75,75,75,75,75,75,75],"relic_stats":{"counters":[8,31],"Bronze Scales":[47],"Smiling Mask":0,"obtain_stats":[{"Bottled Flame":6,"Bronze Scales":8,"Cracked Core":0,"Smiling Mask":9},{"Bottled Flame":4,"Bronze Scales":5,"Cracked Core":0,"Smiling Mask":5},{"Bottled Flame":15,"Bronze Scales":19,"Cracked Core":0,"Smiling Mask":19}]},"card_choices":[{"not_picked":["Hello World","Conserve Battery"],"picked":"Steam Power","floor":1},{"not_picked":["Leap","Blizzard"],"picked":"Compile Driver","floor":3},{"not_picked":["Cold Snap","Leap"],"picked":"Sweeping Beam","floor":4},{"not_picked":["Compile Driver","Seek"],"picked":"Go for the Eyes","floor":6},{"not_picked":["Streamline","Beam Cell"],"picked":"Double Energy","floor":8},{"not_picked":["Recycle","Rebound","Hello World"],"picked":"SKIP","floor":11},{"not_picked":["Sweeping Beam","Rip and Tear"],"picked":"Sunder","floor":13}],"player_experience":342474,"relics_obtained":[{"floor":6,"key":"Bottled Flame"},{"floor":8,"key":"Bronze Scales"},{"floor":9,"key":"Smiling Mask"}],"event_choices":[{"cards_removed":["Defend_B"],"damage_healed":0,"gold_gain":0,"player_choice":"Card Removal","damage_taken":0,"max_hp_gain":0,"max_hp_loss":0,"event_name":"The Cleric","floor":2,"gold_loss":50},{"damage_healed":0,"gold_gain":75,"player_choice":"Gather Gold","damage_taken":11,"max_hp_gain":0,"max_hp_loss":0,"event_name":"World of Goop","floor":10,"gold_loss":0}],"is_beta":false,"boss_relics":[],"items_purged_floors":[],"is_endless":false,"potions_floor_spawned":[1,6,11],"killed_by":"Hexaghost","ascension_level":3}}