{"host":"7qqg3hyzrz6apiso","time":1611685950,"event":{"mods":["AchievementEnabler","BaseMod","Better Debug","Colored Map","Keyboard Shortcuts","Minty Spire (QoL Compilation)","Permanent Neow","Quick Restart","StSLib","SuperFastMode"],"gold_per_floor":[363,363,162,162,162,200,200,48,73,96,109,109,150,166,166,289,289,314,339,88,103,119,157,94,94,94,128,148,148,164,8,8,137,137,153,28,361,361,376,405,455,455,455,506,506,16,16,26,26,26,26],"floor_reached":50,"language":"KOR","playtime":2730,"items_purged":["Strike_G","Malaise","Corpse Explosion","Injury"],"score":567,"play_id":"7690ca49-37a2-401a-ab95-08b1e924b8c3","local_time":"20210127033230","is_ascension_mode":true,"campfire_choices":[{"data":"Backflip","floor":7,"key":"SMITH"},{"data":"Bouncing Flask","floor":15,"key":"SMITH"},{"floor":25,"key":"REST"},{"data":"Noxious Fumes","floor":29,"key":"SMITH"},{"floor":32,"key":"REST"},{"floor":45,"key":"REST"},{"floor":47,"key":"REST"},{"data":"Bouncing Flask","floor":49,"key":"SMITH"}],"circlet_count":0,"master_deck":["Survivor","Neutralize+1","Quick Slash","Prepared","Backflip+1","Bouncing Flask+1","Finisher","Sucker Punch","Underhanded Strike","Bouncing Flask+1","Dodge and Roll","Heel Hook+1","Noxious Fumes+1","Deadly Poison+1","Crippling Poison+1","Poisoned Stab+1","Unload+1","Deadly Poison+1","Underhanded Strike+1","Bane+1","Caltrops+1"],"relics":["Ring of the Snake","Snake Skull","Paper Crane","Lantern","PreservedInsect","Bronze Scales","Pandora\u0027s Box","ClockworkSouvenir","Pear","Juzu Bracelet","HornCleat","Blue Candle","TwistedFunnel","Astrolabe","War Paint","TungstenRod","Bottled Tornado","Prayer Wheel","Happy Flower","Dream Catcher"],"acts_visited":["Exordium","TheCity","TheBeyond"],"potions_floor_usage":[16,21,21,30,33,33,40,40,44,50],"damage_taken":[{"damage":0,"enemies":"Small Slimes","floor":1,"turns":3},{"damage":13,"enemies":"Gremlin Nob","floor":6,"turns":5},{"damage":0,"enemies":"Cultist","floor":10,"turns":3},{"damage":0,"enemies":"2 Louse","floor":11,"turns":2},{"damage":17,"enemies":"3 Sentries","floor":13,"turns":9},{"damage":2,"enemies":"Blue Slaver","floor":14,"turns":2},{"damage":2,"enemies":"The Guardian","floor":16,"turns":8},{"damage":6,"enemies":"Shell Parasite","floor":18,"turns":3},{"damage":4,"enemies":"2 Thieves","floor":19,"turns":3},{"damage":9,"enemies":"3 Cultists","floor":21,"turns":3},{"damage":6,"enemies":"Cultist and Chosen","floor":22,"turns":4},{"damage":33,"enemies":"Slavers","floor":23,"turns":3},{"damage":4,"enemies":"Book of Stabbing","floor":27,"turns":4},{"damage":11,"enemies":"Centurion and Healer","floor":28,"turns":5},{"damage":0,"enemies":"Snake Plant","floor":30,"turns":3},{"damage":21,"enemies":"Champ","floor":33,"turns":8},{"damage":0,"enemies":"3 Shapes","floor":35,"turns":3},{"damage":0,"enemies":"3 Darklings","floor":39,"turns":3},{"damage":30,"enemies":"Reptomancer","floor":40,"turns":4},{"damage":3,"enemies":"Mind Bloom Boss Battle","floor":41,"turns":4},{"damage":34,"enemies":"2 Orb Walkers","floor":44,"turns":4},{"damage":1,"enemies":"Sphere and 2 Shapes","floor":48,"turns":3},{"damage":55,"enemies":"Donu and Deca","floor":50,"turns":6}],"seed_played":"-4876375139254519973","potions_obtained":[{"floor":6,"key":"AttackPotion"},{"floor":13,"key":"SpeedPotion"},{"floor":16,"key":"CunningPotion"},{"floor":27,"key":"GamblersBrew"},{"floor":28,"key":"ColorlessPotion"},{"floor":30,"key":"ColorlessPotion"},{"floor":33,"key":"Strength Potion"},{"floor":35,"key":"PowerPotion"},{"floor":41,"key":"FearPotion"}],"is_trial":false,"path_per_floor":["M","?","$","T","?","E","R","$","T","M","M","?","E","M","R","B",null,"M","M","$","M","M","E","?","R","T","E","M","R","M","$","R","B",null,"M","$","?","?","M","E","?","?","T","?","R","$","R","M","R","B"],"character_chosen":"THE_SILENT","items_purchased":["Snake Skull","Prepared","Bouncing Flask","ClockworkSouvenir","TwistedFunnel","Happy Flower","Dream Catcher","FearPotion"],"campfire_rested":4,"item_purchase_floors":[3,3,8,20,31,46,46,46],"current_hp_per_floor":[63,63,63,63,63,50,50,50,50,50,50,50,33,31,31,29,63,57,53,53,44,38,15,15,36,36,32,21,21,21,21,42,21,73,73,73,73,73,73,43,40,40,40,6,27,27,48,47,47,0,0],"gold":26,"neow_bonus":"TWO_FIFTY_GOLD","is_daily":false,"chose_seed":false,"campfire_upgraded":4,"win_rate":0.0,"timestamp":1611685950,"path_taken":["M","?","$","?","?","E","R","?","T","M","M","?","E","M","R","BOSS","M","M","$","?","M","E","?","R","T","E","M","R","M","$","R","BOSS","M","$","?","?","M","E","?","?","T","?","R","$","R","M","R","BOSS"],"items_purchased_type":["Relic","Card","Card","Relic","Relic","Relic","Relic","Potion"],"build_version":"2020-12-22","purchased_purges":4,"victory":false,"max_hp_per_floor":[63,63,63,63,63,63,63,63,63,63,63,63,63,63,63,63,63,63,63,63,63,63,73,73,73,73,73,73,73,73,73,73,73,73,73,73,73,73,73,73,73,73,73,73,73,73,73,73,73,73,73],"card_choices":[{"not_picked":["PiercingWail","Dagger Throw"],"picked":"Quick Slash","floor":1},{"not_picked":["Blade Dance","Cloak And Dagger"],"picked":"Backflip","floor":6},{"not_picked":["Acrobatics","Masterful Stab","Choke"],"picked":"SKIP","floor":10},{"not_picked":["Prepared","Die Die Die","Underhanded Strike"],"picked":"SKIP","floor":11},{"not_picked":["Concentrate","Outmaneuver","Blade Dance"],"picked":"SKIP","floor":13},{"not_picked":["Infinite Blades","Quick Slash","Flying Knee"],"picked":"SKIP","floor":14},{"not_picked":["Grand Finale","Tools of the Trade"],"picked":"Corpse Explosion","floor":16},{"not_picked":["Backstab","Acrobatics+1"],"picked":"Heel Hook+1","floor":18},{"not_picked":["Backflip","Reflex","Terror"],"picked":"SKIP","floor":19},{"not_picked":["Dagger Spray","PiercingWail"],"picked":"Noxious Fumes","floor":21},{"not_picked":["Leg Sweep+1","Burst","Dagger Throw"],"picked":"SKIP","floor":22},{"not_picked":["Dagger Spray","Dagger Throw","Slice"],"picked":"SKIP","floor":23},{"not_picked":["Cloak And Dagger+1","Dodge and Roll"],"picked":"Deadly Poison","floor":27},{"not_picked":["Endless Agony+1","Bullet Time"],"picked":"Crippling Poison","floor":28},{"not_picked":["Underhanded Strike","Slice"],"picked":"Poisoned Stab+1","floor":30},{"not_picked":["Blade Dance","Outmaneuver+1"],"picked":"Bane+1","floor":35},{"not_picked":["Flying Knee","Outmaneuver+1"],"picked":"Caltrops+1","floor":39},{"not_picked":["Cloak And Dagger","Acrobatics","Prepared"],"picked":"SKIP","floor":40},{"not_picked":["Prepared","Deflect","Flying Knee"],"picked":"SKIP","floor":48},{"not_picked":["All Out Attack","Deflect+1","Glass Knife"],"picked":"SKIP","floor":48}],"player_experience":155084,"relics_obtained":[{"floor":4,"key":"Paper Crane"},{"floor":6,"key":"Lantern"},{"floor":9,"key":"PreservedInsect"},{"floor":13,"key":"Bronze Scales"},{"floor":23,"key":"Pear"},{"floor":26,"key":"HornCleat"},{"floor":27,"key":"Blue Candle"},{"floor":40,"key":"War Paint"},{"floor":41,"key":"TungstenRod"},{"floor":43,"key":"Bottled Tornado"},{"floor":44,"key":"Prayer Wheel"}],"event_choices":[{"damage_healed":0,"gold_gain":0,"player_choice":"Upgraded","damage_taken":0,"max_hp_gain":0,"max_hp_loss":0,"event_name":"Upgrade Shrine","floor":2,"gold_loss":0,"cards_upgraded":["Neutralize"]},{"damage_healed":0,"gold_gain":0,"player_choice":"Take Wound","damage_taken":0,"relics_obtained":["Golden Idol"],"max_hp_gain":0,"max_hp_loss":0,"event_name":"Golden Idol","floor":5,"gold_loss":0,"cards_obtained":["Injury"]},{"damage_healed":0,"gold_gain":0,"cards_transformed":["Strike_G"],"player_choice":"Transformed","damage_taken":0,"max_hp_gain":0,"max_hp_loss":0,"event_name":"Transmorgrifier","floor":12,"gold_loss":0,"cards_obtained":["Finisher"]},{"damage_healed":0,"gold_gain":0,"player_choice":"Paid Gold","damage_taken":0,"relics_obtained":["Juzu Bracelet"],"max_hp_gain":0,"max_hp_loss":0,"event_name":"WeMeetAgain","floor":24,"gold_loss":63},{"damage_healed":0,"gold_gain":333,"player_choice":"Gave Idol","damage_taken":0,"max_hp_gain":0,"max_hp_loss":0,"event_name":"The Moai Head","floor":37,"relics_lost":["Golden Idol"],"gold_loss":0},{"damage_healed":0,"gold_gain":0,"player_choice":"Ignored","damage_taken":0,"max_hp_gain":0,"max_hp_loss":0,"event_name":"SecretPortal","floor":38,"gold_loss":0},{"damage_healed":0,"gold_gain":0,"player_choice":"Fight","damage_taken":0,"max_hp_gain":0,"max_hp_loss":0,"event_name":"MindBloom","floor":41,"gold_loss":0},{"damage_healed":0,"gold_gain":0,"player_choice":"Ignored","damage_taken":0,"max_hp_gain":0,"max_hp_loss":0,"event_name":"Tomb of Lord Red Mask","floor":42,"gold_loss":0},{"damage_healed":0,"gold_gain":0,"player_choice":"Fight","damage_taken":0,"max_hp_gain":0,"max_hp_loss":0,"event_name":"Mysterious Sphere","floor":44,"gold_loss":0}],"is_beta":false,"boss_relics":[{"not_picked":["Fusion Hammer","Runic Dome"],"picked":"Pandora\u0027s Box"},{"not_picked":["Runic Pyramid","Coffee Dripper"],"picked":"Astrolabe"}],"items_purged_floors":[8,20,36,46],"is_endless":false,"potions_floor_spawned":[6,13,16,27,28,30,33,35,41],"killed_by":"Donu and Deca","ascension_level":1}}