{"host":"Lincoln","time":1611682363,"event":{"mods":["AchievementEnabler","BaseMod","Minty Spire (QoL Compilation)","Reliquary","Robot Space Explorer","StSLib"],"gold_per_floor":[119,136,151,164,164,164,164,207,207,247,31,31,31,64,64,198,198,212,236,245,270,351,351,133,133,142,42,74,74,83,98,98,235,235,262,105,438,447,466,494,510,206,239,239,89,109,45,70,70,70],"floor_reached":51,"language":"ENG","playtime":2284,"items_purged":["Writhe","Shame","Writhe","Doubt"],"score":707,"play_id":"ea2056b2-508c-4bf7-a929-74236149be4d","local_time":"20210126123243","is_ascension_mode":false,"campfire_choices":[{"data":"RobotSpaceExplorer:ChargingLaser","floor":6.0,"key":"SMITH"},{"floor":13.0,"key":"REST"},{"data":"RobotSpaceExplorer:LaserBurst","floor":15.0,"key":"SMITH"},{"data":"RobotSpaceExplorer:ShockMissile","floor":23.0,"key":"SMITH"},{"data":"RobotSpaceExplorer:PlasmaMissile","floor":29.0,"key":"SMITH"},{"floor":32.0,"key":"REST"},{"data":"RobotSpaceExplorer:PlasmaMissile","floor":44.0,"key":"SMITH"},{"data":"RobotSpaceExplorer:PlasmaMissile","floor":49.0,"key":"SMITH"}],"circlet_count":0,"master_deck":["RobotSpaceExplorer:Strike+1","RobotSpaceExplorer:Strike+1","RobotSpaceExplorer:Strike+1","RobotSpaceExplorer:Defend+1","RobotSpaceExplorer:Defend+1","RobotSpaceExplorer:Defend+1","RobotSpaceExplorer:Defend+1","RobotSpaceExplorer:Scan","RobotSpaceExplorer:MiniLasers","RobotSpaceExplorer:ShockMissile+1","RobotSpaceExplorer:FrostMissile","RobotSpaceExplorer:MiniDrones","RobotSpaceExplorer:ChargingLaser+1","RobotSpaceExplorer:PlasmaMissile+1","Echo Form+1","RobotSpaceExplorer:Blitz","RobotSpaceExplorer:LaserBurst+1","RobotSpaceExplorer:StarLightning","RobotSpaceExplorer:TrailblazerForm+1","RobotSpaceExplorer:GlueShot+1","RobotSpaceExplorer:PlasmaMissile+1","RobotSpaceExplorer:Counterblock+1","Necronomicurse","RobotSpaceExplorer:Autoloader+1","RobotSpaceExplorer:Pulsar+1","RobotSpaceExplorer:TrailblazerForm+1","RobotSpaceExplorer:StarLightning","RobotSpaceExplorer:PlasmaMissile+1","RobotSpaceExplorer:PlasmaMissile+1","RobotSpaceExplorer:MiniBoosters+1","RobotSpaceExplorer:Probe+1"],"relics":["RobotSpaceExplorer:RoboCore","Frozen Egg 2","Pantograph","Matryoshka","CeramicFish","PreservedInsect","Cursed Key","White Beast Statue","Sundial","Bottled Flame","Bronze Scales","MealTicket","Darkstone Periapt","Necronomicon","Runic Pyramid","RobotSpaceExplorer:ClockworkSextant","DollysMirror","RobotSpaceExplorer:FoglandsKnife"],"acts_visited":["Exordium","TheCity","TheBeyond"],"potions_floor_usage":[50,50,50,50,50],"damage_taken":[{"damage":0.0,"enemies":"Cultist","floor":1.0,"turns":3.0},{"damage":0.0,"enemies":"Small Slimes","floor":2.0,"turns":4.0},{"damage":0.0,"enemies":"2 Louse","floor":3.0,"turns":3.0},{"damage":1.0,"enemies":"Lots of Slimes","floor":4.0,"turns":3.0},{"damage":18.0,"enemies":"Lagavulin","floor":8.0,"turns":6.0},{"damage":18.0,"enemies":"3 Sentries","floor":10.0,"turns":7.0},{"damage":0.0,"enemies":"Looter","floor":14.0,"turns":4.0},{"damage":20.0,"enemies":"The Guardian","floor":16.0,"turns":8.0},{"damage":1.0,"enemies":"Chosen","floor":18.0,"turns":4.0},{"damage":3.0,"enemies":"Spheric Guardian","floor":19.0,"turns":5.0},{"damage":31.0,"enemies":"3 Cultists","floor":21.0,"turns":6.0},{"damage":14.0,"enemies":"Sentry and Sphere","floor":28.0,"turns":5.0},{"damage":3.0,"enemies":"Snake Plant","floor":31.0,"turns":3.0},{"damage":10.0,"enemies":"Champ","floor":33.0,"turns":8.0},{"damage":7.0,"enemies":"3 Shapes","floor":35.0,"turns":2.0},{"damage":10.0,"enemies":"Orb Walker","floor":39.0,"turns":2.0},{"damage":0.0,"enemies":"Sphere and 2 Shapes","floor":40.0,"turns":3.0},{"damage":0.0,"enemies":"Maw","floor":41.0,"turns":8.0},{"damage":16.0,"enemies":"Writhing Mass","floor":46.0,"turns":8.0},{"damage":0.0,"enemies":"Spire Growth","floor":48.0,"turns":5.0},{"damage":37,"enemies":"Donu and Deca","floor":50,"turns":6}],"seed_played":"-2552701345353353695","potions_obtained":[{"floor":1.0,"key":"EssenceOfSteel"},{"floor":4.0,"key":"ColorlessPotion"},{"floor":8.0,"key":"RobotSpaceExplorer:RecyclePotion"},{"floor":16.0,"key":"AttackPotion"},{"floor":21.0,"key":"RobotSpaceExplorer:LiquidFusion"},{"floor":28.0,"key":"Explosive Potion"},{"floor":31.0,"key":"RobotSpaceExplorer:PlasmaFlask"},{"floor":33.0,"key":"Energy Potion"},{"floor":35.0,"key":"RobotSpaceExplorer:PlasmaFlask"},{"floor":39.0,"key":"FearPotion"},{"floor":48.0,"key":"EntropicBrew"}],"is_trial":false,"path_per_floor":["M","M","M","M","?","R","?","E","T","E","$","?","R","M","R","B",null,"M","M","?","M","T","R","$","?","T","$","M","R","?","M","R","B",null,"M","$","?","?","M","M","M","$","T","R","$","M","$","M","R","B",null],"character_chosen":"RobotSpaceExplorer","items_purchased":["PreservedInsect","RobotSpaceExplorer:LaserBurst","Bronze Scales","RobotSpaceExplorer:ClockworkSextant","DollysMirror","RobotSpaceExplorer:PlasmaMissile","RobotSpaceExplorer:MiniBoosters+1"],"campfire_rested":2,"item_purchase_floors":[11,11,24,36,42,42,47],"current_hp_per_floor":[75,75,75,74,56,56,47,29,29,11,11,11,33,33,33,38,75,74,71,71,40,40,40,40,40,40,55,41,41,31,28,52,67,81,74,81,81,81,71,71,71,81,87,87,87,71,86,86,86,50],"gold":70,"neow_bonus":"ONE_RANDOM_RARE_CARD","is_daily":false,"chose_seed":false,"campfire_upgraded":6,"win_rate":0.0,"timestamp":1611682363,"path_taken":["M","M","?","M","?","R","?","E","T","E","$","?","R","M","R","BOSS","M","?","?","M","?","R","$","?","T","$","M","R","?","M","R","BOSS","M","$","?","?","?","M","M","$","T","R","?","M","$","M","R","BOSS"],"items_purchased_type":["Relic","Card","Relic","Relic","Relic","Card","Card"],"build_version":"2020-12-18","purchased_purges":4,"victory":true,"max_hp_per_floor":[75,75,75,75,75,75,75,75,75,75,75,75,75,75,75,75,75,75,75,75,75,75,75,75,75,75,75,75,75,81,81,81,81,81,81,81,81,81,81,81,81,81,87,87,87,87,87,87,87,87],"card_choices":[{"not_picked":["RobotSpaceExplorer:Probe","RobotSpaceExplorer:Pulsar"],"picked":"RobotSpaceExplorer:FrostMissile","floor":1.0},{"not_picked":["RobotSpaceExplorer:ShockKick","RobotSpaceExplorer:ScrapMissile"],"picked":"RobotSpaceExplorer:MiniDrones","floor":2.0},{"not_picked":["RobotSpaceExplorer:IronShell","RobotSpaceExplorer:ShovelStrike"],"picked":"RobotSpaceExplorer:ChargingLaser","floor":3.0},{"not_picked":["RobotSpaceExplorer:FrostMissile","RobotSpaceExplorer:ScrapShield"],"picked":"RobotSpaceExplorer:PlasmaMissile","floor":4.0},{"not_picked":["RobotSpaceExplorer:ScrapMissile","RobotSpaceExplorer:FrostMissile"],"picked":"RobotSpaceExplorer:Blitz","floor":8.0},{"not_picked":["RobotSpaceExplorer:MiniDrones","RobotSpaceExplorer:Probe","RobotSpaceExplorer:GlueSpray"],"picked":"SKIP","floor":10.0},{"not_picked":["RobotSpaceExplorer:ShockKick","RobotSpaceExplorer:GlueShot"],"picked":"RobotSpaceExplorer:StarLightning","floor":14.0},{"not_picked":["RobotSpaceExplorer:Accelerator+1","RobotSpaceExplorer:ChargingLaser"],"picked":"RobotSpaceExplorer:TrailblazerForm+1","floor":16.0},{"not_picked":["RobotSpaceExplorer:StarDust+1","RobotSpaceExplorer:RigExplosive+1","RobotSpaceExplorer:SurgingStrike+1"],"picked":"SKIP","floor":18.0},{"not_picked":["RobotSpaceExplorer:FrostMissile","RobotSpaceExplorer:StunGrenade"],"picked":"RobotSpaceExplorer:GlueShot+1","floor":19.0},{"not_picked":["RobotSpaceExplorer:ImprovisedAttack","RobotSpaceExplorer:DoubleBlock"],"picked":"RobotSpaceExplorer:PlasmaMissile","floor":21.0},{"not_picked":["RobotSpaceExplorer:Jetpack","RobotSpaceExplorer:Fix"],"picked":"RobotSpaceExplorer:Counterblock+1","floor":28.0},{"not_picked":["RobotSpaceExplorer:Ammunition","RobotSpaceExplorer:Calculate","RobotSpaceExplorer:ScrapShield"],"picked":"SKIP","floor":31.0},{"not_picked":["RobotSpaceExplorer:BlastShield","RobotSpaceExplorer:Explosion"],"picked":"RobotSpaceExplorer:Autoloader+1","floor":33.0},{"not_picked":["RobotSpaceExplorer:DoubleFind+1","RobotSpaceExplorer:ImprovisedAttack"],"picked":"RobotSpaceExplorer:Pulsar+1","floor":35.0},{"not_picked":["RobotSpaceExplorer:GlueShot","RobotSpaceExplorer:DoubleFind+1","RobotSpaceExplorer:FrostMissile+1"],"picked":"SKIP","floor":39.0},{"not_picked":["RobotSpaceExplorer:StarLightning","RobotSpaceExplorer:SwiftStep","RobotSpaceExplorer:ImprovisedAttack"],"picked":"SKIP","floor":40.0},{"not_picked":["RobotSpaceExplorer:SwiftStep","RobotSpaceExplorer:ImprovisedAttack"],"picked":"RobotSpaceExplorer:StarLightning","floor":40.0},{"not_picked":["RobotSpaceExplorer:Pulsar+1","RobotSpaceExplorer:GlueSpray+1","RobotSpaceExplorer:SwiftStep"],"picked":"SKIP","floor":41.0},{"not_picked":["RobotSpaceExplorer:RigExplosive","RobotSpaceExplorer:SlimeMissile+1","RobotSpaceExplorer:Probe+1"],"picked":"SKIP","floor":46.0},{"not_picked":["RobotSpaceExplorer:ImprovisedAttack+1","RobotSpaceExplorer:Smokescreen"],"picked":"RobotSpaceExplorer:Probe+1","floor":48.0}],"player_experience":2195605,"relics_obtained":[{"floor":8.0,"key":"Pantograph"},{"floor":9.0,"key":"Matryoshka"},{"floor":10.0,"key":"CeramicFish"},{"floor":22.0,"key":"Sundial"},{"floor":22.0,"key":"Bottled Flame"},{"floor":26.0,"key":"MealTicket"},{"floor":26.0,"key":"Darkstone Periapt"},{"floor":30.0,"key":"Necronomicon"},{"floor":43.0,"key":"RobotSpaceExplorer:FoglandsKnife"}],"event_choices":[{"damage_healed":0.0,"max_hp_gain":0.0,"max_hp_loss":0.0,"gold_gain":0.0,"event_name":"Golden Idol","player_choice":"Take Damage","floor":5.0,"gold_loss":0.0,"damage_taken":18.0,"relics_obtained":["Golden Idol"]},{"cards_removed":["RobotSpaceExplorer:Strike"],"damage_healed":0.0,"max_hp_gain":0.0,"max_hp_loss":0.0,"gold_gain":0.0,"event_name":"Bonfire Elementals","player_choice":"Offered Basic","floor":12.0,"gold_loss":0.0,"damage_taken":0.0},{"damage_healed":0.0,"max_hp_gain":0.0,"max_hp_loss":0.0,"gold_gain":0.0,"event_name":"The Mausoleum","player_choice":"Opened","floor":20.0,"gold_loss":0.0,"damage_taken":0.0,"relics_obtained":["White Beast Statue"],"cards_obtained":["Writhe"]},{"damage_healed":0.0,"max_hp_gain":0.0,"max_hp_loss":7.0,"gold_gain":0.0,"event_name":"betterThird:BetterWriting","player_choice":"Simplicity","floor":25.0,"gold_loss":0.0,"damage_taken":0.0},{"damage_healed":0.0,"max_hp_gain":0.0,"max_hp_loss":0.0,"gold_gain":0.0,"event_name":"Cursed Tome","player_choice":"Obtained Book","floor":30.0,"gold_loss":0.0,"damage_taken":16.0},{"damage_healed":0.0,"max_hp_gain":0.0,"max_hp_loss":0.0,"gold_gain":333.0,"event_name":"The Moai Head","player_choice":"Gave Idol","floor":37.0,"relics_lost":["Golden Idol"],"gold_loss":0.0,"damage_taken":0.0},{"damage_healed":0.0,"max_hp_gain":0.0,"max_hp_loss":0.0,"gold_gain":0.0,"event_name":"Duplicator","player_choice":"Copied","floor":38.0,"gold_loss":0.0,"damage_taken":0.0,"cards_obtained":["RobotSpaceExplorer:TrailblazerForm"]}],"is_beta":true,"boss_relics":[{"not_picked":["Black Star","Runic Dome"],"picked":"Cursed Key"},{"not_picked":["Tiny House","RobotSpaceExplorer:SearchSpecs"],"picked":"Runic Pyramid"}],"items_purged_floors":[24,27,42,45],"is_endless":false,"potions_floor_spawned":[1,4,8,16,21,28,31,33,35,39,40,41,46,48],"ascension_level":0}}