{"host":"8a3jzv7qxg3y7b6t","time":1611646786,"event":{"mods":["BaseMod","Better Third Choice","Downfall","Hermit","Minty Spire (QoL Compilation)","Relic Stats","StSLib","The Bug Knight","The Cursed"],"gold_per_floor":[117,117,117,117,117,146,146,174,174,174,124,137,156,174,174,174,174],"floor_reached":16,"language":"ENG","playtime":948,"items_purged":[],"score":113,"play_id":"bdb6b326-67c2-4129-bbdf-e21020022d70","local_time":"20210125233946","is_ascension_mode":true,"campfire_choices":[{"floor":7.0,"key":"RECALL"},{"floor":10.0,"key":"REST"},{"floor":15,"key":"REST"}],"circlet_count":0,"master_deck":["HollowMod:NailStrikeStart","HollowMod:NailStrikeStart","HollowMod:NailStrikeStart","HollowMod:NailStrikeStart","HollowMod:QuickDashStart","HollowMod:QuickDashStart","HollowMod:QuickDashStart","HollowMod:QuickDashStart","HollowMod:FocusHealStart","HollowMod:PogoStrike","HollowMod:BaldurShell","HollowMod:ChannelNail","HollowMod:SoulStrike","HollowMod:DoubleDash","HollowMod:DoubleDash"],"relics":["SlaversCollar","Unceasing Top","InkBottle","HollowMod:LifeEnderRelic"],"acts_visited":["Exordium"],"potions_floor_usage":[],"damage_taken":[{"damage":1.0,"enemies":"Jaw Worm","floor":1.0,"turns":4.0},{"damage":31.0,"enemies":"3 Sentries","floor":6.0,"turns":10.0},{"damage":41.0,"enemies":"Lagavulin","floor":8.0,"turns":8.0},{"damage":5.0,"enemies":"Small Slimes","floor":12.0,"turns":3.0},{"damage":2.0,"enemies":"Cultist","floor":13.0,"turns":5.0},{"damage":12,"enemies":"3 Louse","floor":14,"turns":5},{"damage":29,"enemies":"Hexaghost","floor":16,"turns":11}],"seed_played":"-3364297729969692378","potions_obtained":[{"floor":1.0,"key":"LiquidMemories"},{"floor":6.0,"key":"Ancient Potion"},{"floor":8.0,"key":"DistilledChaos"}],"is_trial":false,"path_per_floor":["M","$","?","?","$","E","R","E","T","R","?","M","M","M","R","B"],"character_chosen":"THE_BUGKNIGHT","items_purchased":[],"campfire_rested":2,"item_purchase_floors":[],"current_hp_per_floor":[74,74,74,74,74,43,43,2,2,24,24,19,17,5,27,0,0],"gold":174,"neow_bonus":"BOSS_RELIC","is_daily":false,"chose_seed":false,"campfire_upgraded":0,"win_rate":0.0,"timestamp":1611646786,"path_taken":["M","$","?","?","$","E","R","E","T","R","?","M","M","M","R","BOSS"],"items_purchased_type":[],"build_version":"2020-12-22","purchased_purges":0,"victory":false,"max_hp_per_floor":[75,75,75,75,75,75,75,75,75,75,75,75,75,75,75,75,75],"relic_stats":{"counters":[7,46],"obtain_stats":[{"SlaversCollar":0,"HollowMod:LifeEnderRelic":8,"HollowMod:VesselMask":0,"Unceasing Top":4,"InkBottle":6},{"SlaversCollar":0,"HollowMod:LifeEnderRelic":3,"HollowMod:VesselMask":0,"Unceasing Top":1,"InkBottle":2},{"SlaversCollar":0,"HollowMod:LifeEnderRelic":22,"HollowMod:VesselMask":0,"Unceasing Top":4,"InkBottle":14}],"Unceasing Top":[0],"InkBottle":[12]},"card_choices":[{"not_picked":["HollowMod:GoodIntentions","HollowMod:CornifersMapStart"],"picked":"HollowMod:BaldurShell","floor":1.0},{"not_picked":["HollowMod:InfectedAttack","HollowMod:SharpenedNail"],"picked":"HollowMod:ChannelNail","floor":6.0},{"not_picked":["HollowMod:CloakDash","HollowMod:DungDefenderAura"],"picked":"HollowMod:SoulStrike","floor":8.0},{"not_picked":["HollowMod:LifebloodCocoon","HollowMod:HowlingWraiths"],"picked":"HollowMod:DoubleDash","floor":12.0},{"not_picked":["HollowMod:RecoilStrike","HollowMod:LordofShades","HollowMod:InfectionAssault"],"picked":"SKIP","floor":13.0},{"not_picked":["HollowMod:SoulSplash","HollowMod:TaintedHusks"],"picked":"HollowMod:DoubleDash","floor":14}],"player_experience":631124,"relics_obtained":[{"floor":6.0,"key":"InkBottle"},{"floor":8.0,"key":"HollowMod:LifeEnderRelic"}],"event_choices":[{"damage_healed":0.0,"max_hp_gain":0.0,"max_hp_loss":0.0,"gold_gain":0.0,"event_name":"Golden Wing","player_choice":"Ignored","floor":3.0,"gold_loss":0.0,"damage_taken":0.0},{"damage_healed":0.0,"max_hp_gain":0.0,"max_hp_loss":0.0,"gold_gain":0.0,"event_name":"Big Fish","player_choice":"Box","floor":4.0,"gold_loss":0.0,"damage_taken":0.0,"relics_obtained":["Unceasing Top"],"cards_obtained":["Regret"]},{"cards_removed":["Regret"],"damage_healed":0.0,"max_hp_gain":0.0,"max_hp_loss":0.0,"gold_gain":0.0,"event_name":"The Cleric","player_choice":"Card Removal","floor":11.0,"gold_loss":50.0,"damage_taken":0.0}],"is_beta":false,"boss_relics":[],"items_purged_floors":[],"is_endless":false,"potions_floor_spawned":[1,6,8],"killed_by":"Hexaghost","ascension_level":1}}