{"host":"kpyf5rnb72uwap8k","time":1611701319,"event":{"mods":["AchievementEnabler","BaseMod","Colored Map","Colored Powertips","DeckTracker","Minty Spire (QoL Compilation)","Permanent Neow","Quick Restart","StSLib","SuperFastMode"],"gold_per_floor":[118,118,136,147,49,78,93,105,131,131,206,217,229,240,240,340,390,390,390],"floor_reached":18,"language":"KOR","playtime":492,"items_purged":["Perfected Strike"],"score":183,"play_id":"5fdb1b8e-a46b-46a7-abe1-35337f1bb2dd","local_time":"20210127074839","is_ascension_mode":true,"campfire_choices":[{"floor":15.0,"key":"REST"}],"circlet_count":0,"master_deck":["Strike_R","Strike_R","Strike_R","Strike_R","Defend_R","Defend_R+1","Defend_R","Defend_R","Bash","Headbutt","Carnage","Armaments","Entrench","Power Through","Headbutt","Burning Pact","Barricade"],"relics":["Burning Blood","NeowsBlessing","Omamori","MealTicket","Tiny House"],"acts_visited":["Exordium","TheCity"],"potions_floor_usage":[18],"damage_taken":[{"damage":0.0,"enemies":"Jaw Worm","floor":1.0,"turns":1.0},{"damage":0.0,"enemies":"Cultist","floor":3.0,"turns":1.0},{"damage":0.0,"enemies":"2 Louse","floor":4.0,"turns":1.0},{"damage":28.0,"enemies":"Gremlin Nob","floor":6.0,"turns":4.0},{"damage":6.0,"enemies":"Looter","floor":7.0,"turns":2.0},{"damage":23.0,"enemies":"Exordium Thugs","floor":8.0,"turns":5.0},{"damage":10.0,"enemies":"3 Louse","floor":12.0,"turns":4.0},{"damage":0.0,"enemies":"Large Slime","floor":13.0,"turns":4.0},{"damage":6.0,"enemies":"Looter","floor":14.0,"turns":3.0},{"damage":44.0,"enemies":"Hexaghost","floor":16.0,"turns":8.0},{"damage":12,"enemies":"Spheric Guardian","floor":18,"turns":5}],"seed_played":"-1820787666178074924","potions_obtained":[{"floor":4.0,"key":"DuplicationPotion"},{"floor":8.0,"key":"AttackPotion"},{"floor":12.0,"key":"Strength Potion"},{"floor":16.0,"key":"Regen Potion"},{"floor":17.0,"key":"EssenceOfSteel"}],"is_trial":false,"path_per_floor":["M","?","M","M","$","E","M","M","T","?","?","M","M","M","R","B",null,"M"],"character_chosen":"IRONCLAD","items_purchased":["Armaments"],"campfire_rested":1,"item_purchase_floors":[5],"current_hp_per_floor":[80,80,80,80,80,58,58,41,41,41,33,29,35,35,59,21,85,73,73],"gold":390,"neow_bonus":"THREE_ENEMY_KILL","is_daily":false,"chose_seed":false,"campfire_upgraded":0,"win_rate":0.0,"timestamp":1611701319,"path_taken":["M","?","M","?","?","E","M","M","T","?","?","M","M","M","R","BOSS","M"],"items_purchased_type":["Card"],"build_version":"2020-12-22","purchased_purges":1,"victory":false,"max_hp_per_floor":[80,80,80,80,80,80,80,80,80,80,80,80,80,80,80,80,85,85,85],"card_choices":[{"not_picked":["Armaments","Sentinel"],"picked":"Headbutt","floor":1.0},{"not_picked":["Intimidate","Spot Weakness"],"picked":"Perfected Strike","floor":3.0},{"not_picked":["Sword Boomerang","Metallicize"],"picked":"Carnage","floor":4.0},{"not_picked":["Shrug It Off","Sentinel"],"picked":"Entrench","floor":6.0},{"not_picked":["Sever Soul","True Grit"],"picked":"Power Through","floor":7.0},{"not_picked":["Juggernaut","Clothesline"],"picked":"Headbutt","floor":8.0},{"not_picked":["Shrug It Off","Iron Wave","Twin Strike"],"picked":"SKIP","floor":12.0},{"not_picked":["Flame Barrier","Havoc","Shrug It Off"],"picked":"SKIP","floor":13.0},{"not_picked":["Seeing Red","Battle Trance"],"picked":"Burning Pact","floor":14.0},{"not_picked":["Juggernaut","Limit Break"],"picked":"Barricade","floor":16.0}],"player_experience":181745,"relics_obtained":[{"floor":6.0,"key":"Omamori"},{"floor":9.0,"key":"MealTicket"}],"event_choices":[{"cards_removed":["Strike_R"],"damage_healed":0.0,"max_hp_gain":0.0,"max_hp_loss":0.0,"gold_gain":0.0,"event_name":"Purifier","player_choice":"Purged","floor":2.0,"gold_loss":0.0,"damage_taken":0.0},{"damage_healed":0.0,"max_hp_gain":0.0,"max_hp_loss":0.0,"gold_gain":0.0,"event_name":"Dead Adventurer","player_choice":"Searched \u00270\u0027 times","floor":10.0,"gold_loss":0.0,"damage_taken":0.0},{"damage_healed":0.0,"max_hp_gain":0.0,"max_hp_loss":0.0,"gold_gain":75.0,"event_name":"FaceTrader","player_choice":"Touch","floor":11.0,"gold_loss":0.0,"damage_taken":8.0}],"is_beta":false,"boss_relics":[{"not_picked":["Mark of Pain","Fusion Hammer"],"picked":"Tiny House"}],"items_purged_floors":[5],"is_endless":false,"potions_floor_spawned":[4,8,12,13,16],"killed_by":"Spheric Guardian","ascension_level":2}}