{"host":"bpkhhmvsfrvlto2l","time":1611678965,"event":{"mods":["2.2 Compatiblity","AchievementEnabler","Act Like it!","AlwaysNeverKeys","Aspiration","BaseMod","Better Silent Start","Challenge The Spire","Colored Map","Colored Powertips","Custom Start","Energized Spire","Friendly Minions","GifTheSpireLib","Halation","Hubris","Infinite Spire","Ironclad Rager","Mimic Mod","Minty Spire (QoL Compilation)","Permanent Neow","Quick Restart","Random Character Button","Relic Sorter","Replay The Spire","Spikes Relics","StSLib","Stuff the Spire","Swap Starting Deck Mod","Trackpad"],"gold_per_floor":[113,131,143,143,143,143,161,161,161,179,179,194,194,194,194,294,294,311,329,254,273,273,273,291,291,360,106,106,106],"floor_reached":28,"language":"ENG","playtime":1062,"items_purged":["Sickly"],"score":435,"play_id":"266273ac-6b80-4384-8234-8e63fc8fd34e","local_time":"20210126113605","is_ascension_mode":true,"campfire_choices":[{"data":"Barricade","floor":6,"key":"SMITH"},{"data":"Entrench","floor":11,"key":"SMITH"},{"data":"Entrench","floor":13,"key":"SMITH"},{"data":"Entrench","floor":15,"key":"SMITH"},{"data":"Entrench","floor":23,"key":"SMITH"},{"data":"Iron Wave","floor":25,"key":"SMITH"}],"circlet_count":0,"master_deck":["Iron Wave","Iron Wave+1","Iron Wave","Iron Wave","Iron Wave","Entrench+1","Entrench+1","Entrench+1","Entrench+1","Barricade+1","Body Slam","Body Slam","Intolerance","CommonCold"],"relics":["Burning Blood","Kunai","Replay:Ancient Bell","aspiration:ChemicalBlood","StuffTheSpire:CocoNut","Replay:Multitool","Bottled Lightning","StuffTheSpire:Tea"],"acts_visited":["Exordium","TheCity"],"potions_floor_usage":[18,18,28,28,28],"damage_taken":[{"damage":0,"enemies":"2 Louse","floor":1,"turns":3},{"damage":0,"enemies":"Small Slimes","floor":2,"turns":8},{"damage":1,"enemies":"Cultist","floor":3,"turns":4},{"damage":17,"enemies":"3 Louse","floor":7,"turns":6},{"damage":7,"enemies":"Looter","floor":10,"turns":4},{"damage":15,"enemies":"Large Slime","floor":12,"turns":7},{"damage":0,"enemies":"Hexaghost","floor":16,"turns":7},{"damage":12,"enemies":"3 Byrds","floor":18,"turns":5},{"damage":24,"enemies":"Spheric Guardian","floor":19,"turns":5},{"damage":0,"enemies":"Snecko","floor":21,"turns":5},{"damage":9,"enemies":"Sentry and Sphere","floor":24,"turns":9},{"damage":88,"enemies":"Book of Stabbing","floor":28,"turns":8}],"seed_played":"2341082775793889946","potions_obtained":[{"floor":3,"key":"Adrenaline Potion"},{"floor":10,"key":"FairyPotion"},{"floor":12,"key":"Adrenaline Potion"},{"floor":28,"key":"EssenceOfSteel"}],"is_trial":false,"path_per_floor":["M","M","M","?","$","R","M","?","T","M","R","M","R","?","R_BF","B",null,"M","M","$","M","?","R","M","R","T","$","E"],"character_chosen":"IRONCLAD","items_purchased":["StuffTheSpire:Tea"],"campfire_rested":0,"item_purchase_floors":[27],"current_hp_per_floor":[60,60,60,60,60,60,49,49,49,48,48,39,39,39,39,45,63,57,39,39,45,45,45,42,42,42,42,0,0],"gold":106,"neow_bonus":"","is_daily":false,"chose_seed":false,"campfire_upgraded":6,"win_rate":0.0,"timestamp":1611678965,"path_taken":["M","M","M","?","$","R","M","?","T","M","R","M","R","?","R_BF","BOSS","M","M","$","M","?","R","M","R","T","$","E"],"items_purchased_type":["Relic"],"build_version":"2020-12-22","purchased_purges":1,"victory":false,"max_hp_per_floor":[60,60,60,60,60,60,60,60,60,60,60,60,60,60,60,60,67,67,67,67,67,67,67,67,67,67,67,67,67],"card_choices":[{"not_picked":["Power Through","Seeing Red"],"picked":"Body Slam","floor":2},{"not_picked":["Second Wind","Warcry"],"picked":"Body Slam","floor":10},{"not_picked":["hubris:Despair","Looming Evil"],"picked":"Sickly","floor":17},{"not_picked":["Parasite","Pain"],"picked":"Intolerance","floor":17},{"not_picked":["hubris:Compulsion","ReplayTheSpireMod:Restless Dread"],"picked":"CommonCold","floor":17}],"player_experience":124365,"relics_obtained":[{"floor":9,"key":"Kunai"},{"floor":26,"key":"Bottled Lightning"}],"event_choices":[{"damage_healed":0,"gold_gain":0,"player_choice":"Ignored","damage_taken":0,"max_hp_gain":0,"max_hp_loss":0,"event_name":"Golden Wing","floor":8,"gold_loss":0},{"damage_healed":0,"gold_gain":0,"player_choice":"0 cards matched","damage_taken":0,"max_hp_gain":0,"max_hp_loss":0,"event_name":"Match and Keep!","floor":14,"gold_loss":0,"cards_obtained":[]}],"is_beta":false,"boss_relics":[{"not_picked":["Runic Pyramid","hubris:TerracottaHorce"],"picked":"Replay:Ancient Bell"},{"not_picked":["Vajra","trackpad:PetRock"],"picked":"aspiration:ChemicalBlood"},{"not_picked":["infinitespire:Bottled Soul","Snack Pack"],"picked":"StuffTheSpire:CocoNut"},{"not_picked":["Magic Flower","trackpad:BerserkersDraught"],"picked":"Replay:Multitool"}],"items_purged_floors":[20],"is_endless":false,"potions_floor_spawned":[3,10,12,16,19,24],"killed_by":"Book of Stabbing","ascension_level":7}}