{"host":"gzsdmyo07u314vug","time":1611700150,"event":{"mods":["2.2 Compatiblity","Astrologer","BaseMod","Colored Powertips","GifTheSpireLib","Gremlin Mod","Hermit","Jorbs\u0027s Wanderer Trilogy","Minty Spire (QoL Compilation)","Quick Restart","Rare Cards Sparkle","Relic Stats","Replay The Spire","Robot Space Explorer","Shop Mod","StSLib","The Bug Knight","The Construct","The Cursed","The Elementalist","The Hierophant","The IronCluck","The Marked","The Necromancer","The Runesmith","The Servant 0.9.4","Unceasing Turn Reminder","everything is the same but u backflip on backflip","slay the spire mod where everything is the same but ironclad has a cowboy hat"],"gold_per_floor":[111,121,121,46,57,72,72,104,104,104,122,172,172,189,189,263,263,280,205,205,205],"floor_reached":20,"language":"ENG","playtime":1525,"items_purged":["Strike_B"],"score":296,"play_id":"9c937bdc-c230-403d-a193-9830747b483a","local_time":"20210126192910","is_ascension_mode":true,"campfire_choices":[{"data":"Zap","floor":7.0,"key":"SMITH"},{"data":"Fusion","floor":10.0,"key":"SMITH"},{"data":"Defragment","floor":13.0,"key":"SMITH"},{"data":"Dualcast","floor":15.0,"key":"SMITH"}],"circlet_count":0,"master_deck":["AscendersBane","Strike_B","Defend_B","Defend_B","Defend_B+1","Zap+1","Dualcast+1","Leap","Hologram","Fusion+1","Defragment+1","Panic Button","Multi-Cast","Coolheaded"],"relics":["Cracked Core","Prayer Wheel","Mirror","Replay:Towering Pillar of Hats","construct:ClawGrip"],"acts_visited":["Exordium","TheCity"],"potions_floor_usage":[16,20],"damage_taken":[{"damage":0.0,"enemies":"2 Louse","floor":1.0,"turns":3.0},{"damage":1.0,"enemies":"Cultist","floor":2.0,"turns":3.0},{"damage":0.0,"enemies":"Small Slimes","floor":5.0,"turns":4.0},{"damage":0.0,"enemies":"Blue Slaver","floor":6.0,"turns":4.0},{"damage":14.0,"enemies":"Lagavulin","floor":8.0,"turns":9.0},{"damage":4.0,"enemies":"Exordium Thugs","floor":11.0,"turns":4.0},{"damage":9.0,"enemies":"3 Louse","floor":14.0,"turns":3.0},{"damage":34,"enemies":"Fading Forest","floor":16,"turns":11},{"damage":34,"enemies":"Spheric Guardian","floor":18,"turns":7},{"damage":15,"enemies":"Sentry and Sphere","floor":20,"turns":5}],"seed_played":"776806089137998728","potions_obtained":[{"floor":2.0,"key":"SkillPotion"},{"floor":5.0,"key":"AttackPotion"},{"floor":11.0,"key":"Elixir"},{"floor":16,"key":"SteroidPotion"},{"floor":18,"key":"Adrenaline Potion"}],"is_trial":false,"path_per_floor":["M","M","?","$","M","M","R","E","T","R","M","?","R","M","R","B",null,"M","?","M"],"character_chosen":"DEFECT","items_purchased":[],"campfire_rested":0,"item_purchase_floors":[],"current_hp_per_floor":[64,63,63,63,63,63,63,49,49,49,45,45,45,36,36,2,49,15,15,0,0],"gold":205,"neow_bonus":"REMOVE_TWO","is_daily":false,"chose_seed":false,"campfire_upgraded":4,"win_rate":0.0,"timestamp":1611700150,"path_taken":["M","M","?","$","M","M","R","E","T","R","M","?","R","M","R","BOSS","M","?","M"],"items_purchased_type":[],"build_version":"2020-12-22","purchased_purges":1,"victory":false,"max_hp_per_floor":[64,64,64,64,64,64,64,64,64,64,64,64,64,64,64,64,64,64,64,64,64],"relic_stats":{"counters":[10,53],"Prayer Wheel":3,"obtain_stats":[{"construct:ClawGrip":17,"Replay:Towering Pillar of Hats":9,"Prayer Wheel":8,"Cracked Core":0,"Mirror":8},{"construct:ClawGrip":8,"Replay:Towering Pillar of Hats":5,"Prayer Wheel":5,"Cracked Core":0,"Mirror":5},{"construct:ClawGrip":41,"Replay:Towering Pillar of Hats":23,"Prayer Wheel":21,"Cracked Core":0,"Mirror":23}]},"card_choices":[{"not_picked":["Steam","Go for the Eyes"],"picked":"Leap","floor":1.0},{"not_picked":["Beam Cell","Genetic Algorithm","Reinforced Body"],"picked":"SKIP","floor":2.0},{"not_picked":["Redo","Rebound"],"picked":"Hologram","floor":5.0},{"not_picked":["Coolheaded","Recycle","Barrage"],"picked":"SKIP","floor":6.0},{"not_picked":["Conserve Battery","ReplayTheSpireMod:Fabricate Wheel"],"picked":"Fusion","floor":8.0},{"not_picked":["Heatsinks","Hello World"],"picked":"Defragment","floor":11.0},{"not_picked":["Beam Cell","Sweeping Beam","Stack"],"picked":"SKIP","floor":11.0},{"not_picked":["Compile Driver","Go for the Eyes"],"picked":"Panic Button","floor":14.0},{"not_picked":["Cold Snap","Compile Driver","Leap"],"picked":"SKIP","floor":14.0},{"not_picked":["Reboot","Seek"],"picked":"Multi-Cast","floor":16},{"not_picked":["Conserve Battery","Cold Snap"],"picked":"Coolheaded","floor":18},{"not_picked":["ReplayTheSpireMod:Reroute Power","Turbo+1","Sunder"],"picked":"SKIP","floor":18}],"player_experience":793000,"relics_obtained":[{"floor":8.0,"key":"Mirror"},{"floor":9.0,"key":"Replay:Towering Pillar of Hats"}],"event_choices":[{"cards_removed":["Strike_B"],"damage_healed":0,"gold_gain":0,"player_choice":"Gave Gold","damage_taken":0,"max_hp_gain":0,"max_hp_loss":0,"event_name":"Beggar","floor":19,"gold_loss":75}],"is_beta":false,"boss_relics":[{"not_picked":["Philosopher\u0027s Stone","Abe\u0027s Treasure"],"picked":"construct:ClawGrip"}],"items_purged_floors":[4],"is_endless":false,"potions_floor_spawned":[2,5,11,16,18],"killed_by":"Sentry and Sphere","ascension_level":14}}