{"host":"kh6fvhxn285ncg0o","time":1611627497,"event":{"mods":["Act Like it!","BaseMod","Colored Map","Friendly Minions","Keyboard Shortcuts","Minty Spire (QoL Compilation)","Quick Restart","Relic Stats","StSLib","SuperFastMode","UnlockEverythingMod"],"gold_per_floor":[111,124,124,124,199,199,217,34,34,60,71,71,71,106,106,106,106],"floor_reached":16,"language":"KOR","playtime":349,"items_purged":[],"score":216,"play_id":"91f28447-6078-4670-8bae-21c499b15ffb","local_time":"20210126111817","is_ascension_mode":true,"campfire_choices":[{"floor":6.0,"key":"REST"},{"data":"Apotheosis","floor":12.0,"key":"SMITH"},{"floor":15.0,"key":"REST"}],"circlet_count":0,"master_deck":["AscendersBane","Strike_R","Strike_R","Strike_R","Strike_R","Defend_R","Defend_R","Defend_R","Defend_R","Bash","Feed+1","Uppercut+1","Apotheosis+1","Seeing Red"],"relics":["Burning Blood","Red Skull","Oddly Smooth Stone","Art of War"],"acts_visited":["Exordium"],"potions_floor_usage":[],"damage_taken":[{"damage":16.0,"enemies":"Jaw Worm","floor":1.0,"turns":6.0},{"damage":17.0,"enemies":"Small Slimes","floor":2.0,"turns":6.0},{"damage":1.0,"enemies":"Cultist","floor":7.0,"turns":4.0},{"damage":26.0,"enemies":"Lagavulin","floor":10.0,"turns":9.0},{"damage":15.0,"enemies":"Large Slime","floor":11.0,"turns":5.0},{"damage":23.0,"enemies":"3 Sentries","floor":14.0,"turns":8.0},{"damage":36,"enemies":"Slime Boss","floor":16,"turns":9}],"seed_played":"5289899015143739077","potions_obtained":[{"floor":7.0,"key":"Strength Potion"},{"floor":11.0,"key":"LiquidBronze"},{"floor":14.0,"key":"Weak Potion"}],"is_trial":false,"path_per_floor":["M","M","?","?","?","R","M","$","T","E","M","R","?","E","R","B"],"character_chosen":"IRONCLAD","items_purchased":["Apotheosis"],"campfire_rested":2,"item_purchase_floors":[8],"current_hp_per_floor":[58,50,50,43,32,53,62,62,62,46,41,41,41,28,54,18,18],"gold":106,"neow_bonus":"THREE_RARE_CARDS","is_daily":false,"chose_seed":false,"campfire_upgraded":1,"win_rate":0.0,"timestamp":1611627497,"path_taken":["M","M","?","?","?","R","?","?","T","E","M","R","?","E","R","BOSS"],"items_purchased_type":["Card"],"build_version":"2020-12-22","purchased_purges":0,"victory":false,"max_hp_per_floor":[68,71,71,71,71,71,75,75,75,79,83,83,83,87,87,87,87],"relic_stats":{"counters":[7,47],"Art of War":[1],"obtain_stats":[{"Oddly Smooth Stone":10,"Art of War":14,"Burning Blood":0,"Red Skull":9},{"Oddly Smooth Stone":4,"Art of War":6,"Burning Blood":0,"Red Skull":3},{"Oddly Smooth Stone":25,"Art of War":38,"Burning Blood":0,"Red Skull":16}],"Burning Blood":36},"card_choices":[{"not_picked":["Barricade","Offering"],"picked":"Feed","floor":0.0},{"not_picked":["Pummel","Clash"],"picked":"Uppercut","floor":7.0},{"not_picked":["Pommel Strike","Cleave"],"picked":"Seeing Red","floor":10.0},{"not_picked":["Uppercut","Headbutt","Corruption"],"picked":"SKIP","floor":14.0}],"player_experience":1274291,"relics_obtained":[{"floor":9.0,"key":"Red Skull"},{"floor":10.0,"key":"Oddly Smooth Stone"},{"floor":14.0,"key":"Art of War"}],"event_choices":[{"damage_healed":0.0,"max_hp_gain":0.0,"max_hp_loss":0.0,"gold_gain":0.0,"event_name":"Living Wall","player_choice":"Grow","floor":3.0,"gold_loss":0.0,"damage_taken":0.0,"cards_upgraded":["Feed"]},{"cards_removed":["Strike_R"],"damage_healed":0.0,"max_hp_gain":0.0,"max_hp_loss":0.0,"gold_gain":0.0,"event_name":"Golden Wing","player_choice":"Card Removal","floor":4.0,"gold_loss":0.0,"damage_taken":7.0},{"damage_healed":0.0,"max_hp_gain":0.0,"max_hp_loss":0.0,"gold_gain":75.0,"event_name":"World of Goop","player_choice":"Gather Gold","floor":5.0,"gold_loss":0.0,"damage_taken":11.0},{"damage_healed":0.0,"max_hp_gain":0.0,"max_hp_loss":0.0,"gold_gain":0.0,"event_name":"Accursed Blacksmith","player_choice":"Forge","floor":13.0,"gold_loss":0.0,"damage_taken":0.0,"cards_upgraded":["Uppercut"]}],"is_beta":false,"boss_relics":[],"items_purged_floors":[],"is_endless":false,"potions_floor_spawned":[7,11,14],"killed_by":"Slime Boss","ascension_level":20}}