{"host":"seujf6kmfn3ctpoe","time":1611667860,"event":{"mods":["BaseMod","Colored Map","Downfall","Minty Spire (QoL Compilation)","Permanent Neow","Relic Sorter","Relic Stats","StSLib"],"gold_per_floor":[199,219,219,219,10,41,41,41,55,72,72,88,116,134,149,149,149,149],"floor_reached":16,"language":"ENG","playtime":683,"items_purged":["downfall:Malfunctioning"],"score":112,"play_id":"10d8faae-c19c-44d6-941c-0977946ec5f7","local_time":"20210126143100","is_ascension_mode":false,"campfire_choices":[{"floor":1,"key":"RECALL"},{"data":"bronze:OilSpill","floor":11,"key":"SMITH"}],"circlet_count":0,"master_deck":["bronze:Strike","bronze:Strike","bronze:Strike","bronze:Strike","bronze:Defend","bronze:Defend","bronze:Defend","bronze:Defend+1","bronze:Replicate+1","bronze:Goto+1","bronze:OilSpill+1","bronze:OilSpill","bronze:Constructor","bronze:ClassDefault","bronze:ChosenStrike","bronze:OilSpill","bronze:Shield","bronze:FineTuning"],"relics":["bronze:BronzeCore","downfall:ShatteredFragment","Centennial Puzzle","Omamori","Bag of Marbles"],"acts_visited":["Exordium"],"potions_floor_usage":[16,16],"damage_taken":[{"damage":2,"enemies":"Small Slimes","floor":2,"turns":5},{"damage":2,"enemies":"downfall:FleeingMerchant","floor":5,"turns":4},{"damage":16,"enemies":"Gremlin Nob","floor":6,"turns":3},{"damage":0,"enemies":"2 Louse","floor":9,"turns":2},{"damage":0,"enemies":"Cultist","floor":10,"turns":2},{"damage":6,"enemies":"Exordium Wildlife","floor":12,"turns":2},{"damage":13,"enemies":"Lagavulin","floor":13,"turns":4},{"damage":0,"enemies":"2 Fungi Beasts","floor":14,"turns":2},{"damage":0,"enemies":"Gremlin Gang","floor":15,"turns":2},{"damage":19,"enemies":"DF_ARCHETYPE_STREAMLINE","floor":16,"turns":3}],"seed_played":"-3699470524373632375","potions_obtained":[{"floor":2,"key":"Energy Potion"},{"floor":10,"key":"Energy Potion"},{"floor":13,"key":"Fire Potion"},{"floor":15,"key":"Dexterity Potion"}],"is_trial":false,"path_per_floor":["R","M","?","?","$","E","T","?","M","M","R","M","E","M","M","B"],"character_chosen":"THE_AUTOMATON","items_purchased":["bronze:Constructor","bronze:ClassDefault"],"campfire_rested":0,"item_purchase_floors":[5,5],"current_hp_per_floor":[70,68,47,47,45,29,29,29,29,29,29,23,10,10,10,0,0,0],"gold":149,"neow_bonus":"HUNDRED_GOLD","is_daily":false,"chose_seed":false,"campfire_upgraded":1,"win_rate":0.0,"timestamp":1611667860,"path_taken":["R","M","?","?","$","E","T","?","M","?","R","M","E","M","M","BOSS"],"items_purchased_type":["Card","Card"],"build_version":"2020-12-22","purchased_purges":1,"victory":false,"max_hp_per_floor":[70,70,70,70,70,70,70,70,70,70,70,70,70,70,70,70,70,70],"relic_stats":{"Centennial Puzzle":[6],"counters":[10,29],"obtain_stats":[{"Centennial Puzzle":6,"bronze:BronzeCore":0,"downfall:ShatteredFragment":3,"Omamori":7,"Bag of Marbles":13},{"Centennial Puzzle":3,"bronze:BronzeCore":0,"downfall:ShatteredFragment":1,"Omamori":3,"Bag of Marbles":7},{"Centennial Puzzle":12,"bronze:BronzeCore":0,"downfall:ShatteredFragment":5,"Omamori":12,"Bag of Marbles":22}]},"card_choices":[{"not_picked":["bronze:Safeguard","bronze:FollowUp"],"picked":"bronze:OilSpill","floor":2},{"not_picked":["bronze:Constructor","bronze:BugBarrage"],"picked":"bronze:OilSpill","floor":5},{"not_picked":["bronze:InfiniteLoop","bronze:BuggyMess"],"picked":"bronze:ChosenStrike","floor":6},{"not_picked":["bronze:CutThrough","bronze:Invalidate","bronze:ClassDefault"],"picked":"SKIP","floor":9},{"not_picked":["bronze:WildBeam","bronze:DarkDash"],"picked":"bronze:OilSpill","floor":10},{"not_picked":["bronze:Constructor","bronze:DelayedGuard"],"picked":"bronze:Shield","floor":12},{"not_picked":["bronze:Refactor","bronze:WhirlingStrike"],"picked":"bronze:FineTuning","floor":13},{"not_picked":["bronze:Overheat","bronze:BurnOut","bronze:CloningBeam"],"picked":"SKIP","floor":14},{"not_picked":["bronze:Deprecate","bronze:Optimize","bronze:Safeguard"],"picked":"SKIP","floor":15}],"player_experience":423293,"relics_obtained":[{"floor":6,"key":"Centennial Puzzle"},{"floor":7,"key":"Omamori"},{"floor":13,"key":"Bag of Marbles"}],"event_choices":[],"is_beta":false,"boss_relics":[],"items_purged_floors":[5],"is_endless":false,"potions_floor_spawned":[2,10,13,15],"killed_by":"DF_ARCHETYPE_STREAMLINE","ascension_level":0}}