{"host":"farxtl2u8hmkbdo2","time":1611704142,"event":{"mods":["A Magickal Journey","BaseMod","Better Altar","Better Note","Better Sensory Stone","Better Skull","Better Third Choice","Challenge The Spire","Colored Map","Colored Powertips","Current Relic Mod","Energized Spire","Fox Events","Gremlin Mod","Hermit","Hubris","Mimic Mod","Minty Spire (QoL Compilation)","Quick Restart","READ ME - Guardian Mod","READ ME - Snecko Mod","Rare Cards Sparkle","StSLib","The Bladedancer","The Bug Knight","The Cursed","The Disciple","The Elementalist","The Hierophant","The Marked","The Necromancer","The Runesmith","Transform Curses"],"gold_per_floor":[114,114,114,133,133,133,199,199,199,210,210,229,239,254,254,349,349,362,362,413,452,362,362,362],"floor_reached":23,"language":"SPA","playtime":1221,"items_purged":[],"score":216,"play_id":"2e24e92d-e844-4fed-aef3-e3763793dec5","local_time":"20210126203542","is_ascension_mode":false,"campfire_choices":[{"data":"hermit:Covet","floor":6,"key":"SMITH"},{"data":"hermit:Roughhouse","floor":8,"key":"SMITH"},{"data":"hermit:Combo","floor":15,"key":"SMITH"}],"circlet_count":0,"master_deck":["hermit:Strike_Hermit","hermit:Strike_Hermit+1","hermit:Defend_Hermit","hermit:Defend_Hermit","hermit:Defend_Hermit","hermit:Snapshot","hermit:Covet+1","hermit:Snipe","hermit:Ricochet","hermit:Roughhouse+1","hermit:Misfire","hermit:EyeOfTheStorm","hermit:Combo+1","hermit:EyeOfTheStorm","hermit:TakeAim","hermit:RoundhouseKick","hermit:Roulette+1","hermit:ItchyTrigger+1","hermit:Headshot","hermit:PistolWhip+1","hermit:CursedWeapon+1","hermit:Grudge"],"relics":["hermit:Momento","elementalistmod:YellowCirclet","White Beast Statue","StoneCalendar","energizedSpire:StickyHand","Nunchaku","Strawberry","CeramicFish","Dream Catcher"],"acts_visited":["Exordium","TheCity"],"potions_floor_usage":[7,16,16,16,23],"damage_taken":[{"damage":0,"enemies":"Small Slimes","floor":1,"turns":3},{"damage":0,"enemies":"2 Louse","floor":4,"turns":3},{"damage":17,"enemies":"3 Sentries","floor":7,"turns":8},{"damage":1,"enemies":"Jaw Worm","floor":10,"turns":2},{"damage":5,"enemies":"Looter","floor":12,"turns":2},{"damage":0,"enemies":"Red Slaver","floor":13,"turns":2},{"damage":0,"enemies":"2 Fungi Beasts","floor":14,"turns":2},{"damage":57,"enemies":"The Guardian","floor":16,"turns":8},{"damage":23,"enemies":"Shell Parasite","floor":18,"turns":5},{"damage":5,"enemies":"Chosen","floor":21,"turns":4},{"damage":9,"enemies":"Book of Stabbing","floor":23,"turns":2}],"seed_played":"-479862653227524015","potions_obtained":[{"floor":4,"key":"ColorlessPotion"},{"floor":10,"key":"FearPotion"},{"floor":12,"key":"Fruit Juice"},{"floor":13,"key":"Energy Potion"},{"floor":16,"key":"Ancient Potion"},{"floor":18,"key":"CultistPotion"},{"floor":21,"key":"GamblersBrew"}],"is_trial":false,"path_per_floor":["M","?","?","M","?","R","E","R","T","M","?","M","M","M","R","B",null,"M","?","T","M","?","E"],"character_chosen":"HERMIT","items_purchased":[],"campfire_rested":0,"item_purchase_floors":[],"current_hp_per_floor":[82,87,87,87,80,80,63,63,63,62,62,57,57,57,57,5,92,69,9,9,4,4,0,0],"gold":362,"neow_bonus":"TEN_PERCENT_HP_BONUS","is_daily":false,"chose_seed":false,"campfire_upgraded":3,"win_rate":0.0,"timestamp":1611704142,"path_taken":["M","?","?","M","?","R","E","R","T","?","?","M","?","M","R","BOSS","M","?","?","M","?","E"],"items_purchased_type":[],"build_version":"2020-12-22","purchased_purges":0,"victory":false,"max_hp_per_floor":[82,87,87,87,87,87,87,87,87,87,87,87,87,87,87,92,92,92,99,99,99,99,99,99],"card_choices":[{"not_picked":["hermit:Determination","hermit:LowProfile"],"picked":"hermit:Snipe","floor":1},{"not_picked":["hermit:Combo","hermit:TrackingShot"],"picked":"hermit:Ricochet","floor":4},{"not_picked":["hermit:TakeCover","hermit:Grudge"],"picked":"hermit:Roughhouse","floor":7},{"not_picked":["hermit:Headshot","hermit:SprayPray"],"picked":"hermit:Misfire","floor":10},{"not_picked":["hermit:Maintenance","hermit:Feint"],"picked":"hermit:Combo","floor":12},{"not_picked":["hermit:Roulette","hermit:WideOpen"],"picked":"hermit:EyeOfTheStorm","floor":13},{"not_picked":["hermit:SprayPray","hermit:Virtue"],"picked":"hermit:TakeAim","floor":14},{"not_picked":["hermit:FinalCanter","hermit:FromBeyond"],"picked":"hermit:RoundhouseKick","floor":16},{"not_picked":["hermit:Roulette+1","hermit:Headshot"],"picked":"hermit:ItchyTrigger+1","floor":18},{"not_picked":["hermit:PistolWhip+1","hermit:Grudge"],"picked":"hermit:CursedWeapon+1","floor":21}],"player_experience":1884232,"relics_obtained":[{"floor":7,"key":"White Beast Statue"},{"floor":9,"key":"StoneCalendar"},{"floor":20,"key":"Dream Catcher"}],"event_choices":[{"damage_healed":0,"gold_gain":0,"player_choice":"Donut","damage_taken":0,"max_hp_gain":5,"max_hp_loss":0,"event_name":"Big Fish","floor":2,"gold_loss":0},{"cards_removed":["hermit:Defend_Hermit"],"damage_healed":0,"gold_gain":0,"player_choice":"Card Removal","damage_taken":7,"max_hp_gain":0,"max_hp_loss":0,"event_name":"Golden Wing","floor":5,"gold_loss":0},{"damage_healed":0,"gold_gain":0,"cards_transformed":["hermit:Strike_Hermit"],"player_choice":"Transformed","damage_taken":0,"max_hp_gain":0,"max_hp_loss":0,"event_name":"Transmorgrifier","floor":11,"gold_loss":0,"cards_obtained":["hermit:EyeOfTheStorm"]},{"damage_healed":0,"gold_gain":0,"player_choice":"RE RE RE ","damage_taken":73,"relics_obtained":["Nunchaku","Strawberry","CeramicFish"],"max_hp_gain":0,"max_hp_loss":0,"event_name":"betterSkull:BetterSkull","floor":19,"gold_loss":0,"cards_upgraded":[]},{"cards_removed":["hermit:Strike_Hermit"],"damage_healed":0,"gold_gain":0,"player_choice":"Upgrade and Remove","damage_taken":0,"max_hp_gain":0,"max_hp_loss":0,"event_name":"Designer","floor":22,"gold_loss":90,"cards_upgraded":["hermit:Strike_Hermit"]}],"is_beta":false,"boss_relics":[{"not_picked":["energizedSpire:OgreHead","energizedSpire:DeadBattery"],"picked":"energizedSpire:StickyHand"}],"items_purged_floors":[],"is_endless":false,"potions_floor_spawned":[4,10,12,13,14,16,18,21],"killed_by":"Book of Stabbing","ascension_level":0}}