{"host":"x205naxbihvu3p76","time":1611664633,"event":{"mods":["AchievementEnabler","BaseMod","Minty Spire (QoL Compilation)","StSLib","SuperFastMode"],"gold_per_floor":[112,124,124,141,141,171,171,3,28,59,69,80,33,33,33,105,105,117,135,150,150,150],"floor_reached":21,"language":"KOR","playtime":505,"items_purged":[],"score":382,"play_id":"164efa24-8f68-4478-bfed-bf7ade1277f8","local_time":"20210126213713","is_ascension_mode":true,"campfire_choices":[{"data":"Defragment","floor":7,"key":"SMITH"},{"data":"Consume","floor":15,"key":"SMITH"}],"circlet_count":0,"master_deck":["AscendersBane","Strike_B","Strike_B","Strike_B","Defend_B","Defend_B","Defend_B","Defend_B","Zap","Dualcast","Defragment+1","Cold Snap","Go for the Eyes","Chill","Cold Snap","Consume+1","Redo","Creative AI"],"relics":["Cracked Core","NeowsBlessing","The Courier","Juzu Bracelet","Runic Capacitor","Potion Belt","Vajra","Cursed Key"],"acts_visited":["Exordium","TheCity"],"potions_floor_usage":[16,18,20,21],"damage_taken":[{"damage":0,"enemies":"Small Slimes","floor":1,"turns":1},{"damage":0,"enemies":"Cultist","floor":2,"turns":1},{"damage":0,"enemies":"2 Louse","floor":4,"turns":1},{"damage":24,"enemies":"3 Sentries","floor":6,"turns":12},{"damage":9,"enemies":"Lagavulin","floor":10,"turns":6},{"damage":2,"enemies":"Looter","floor":11,"turns":3},{"damage":5,"enemies":"Large Slime","floor":12,"turns":6},{"damage":10,"enemies":"The Guardian","floor":16,"turns":10},{"damage":5,"enemies":"Shell Parasite","floor":18,"turns":7},{"damage":18,"enemies":"Spheric Guardian","floor":19,"turns":8},{"damage":9,"enemies":"Centurion and Healer","floor":20,"turns":8},{"damage":29,"enemies":"Snake Plant","floor":21,"turns":3}],"seed_played":"-1539886531474888639","potions_obtained":[{"floor":1,"key":"BlessingOfTheForge"},{"floor":3,"key":"Block Potion"},{"floor":12,"key":"DistilledChaos"},{"floor":18,"key":"PowerPotion"}],"is_trial":false,"path_per_floor":["M","M","?","M","T","E","R","$","T","E","M","M","?","?","R","B",null,"M","M","M","M"],"character_chosen":"DEFECT","items_purchased":["Runic Capacitor","Chill"],"campfire_rested":0,"item_purchase_floors":[8,8],"current_hp_per_floor":[64,64,64,64,64,40,40,40,40,31,29,24,24,24,24,14,57,52,34,25,0,0],"gold":150,"neow_bonus":"THREE_ENEMY_KILL","is_daily":false,"chose_seed":false,"campfire_upgraded":2,"win_rate":0.0,"timestamp":1611664633,"path_taken":["M","M","?","?","?","E","R","$","T","E","M","M","?","?","R","BOSS","M","M","M","M"],"items_purchased_type":["Relic","Card"],"build_version":"2020-12-22","purchased_purges":0,"victory":false,"max_hp_per_floor":[71,71,71,71,71,71,71,71,71,71,71,71,71,71,71,71,71,71,71,71,71,71],"card_choices":[{"not_picked":["Heatsinks","Sweeping Beam"],"picked":"Defragment","floor":1},{"not_picked":["Streamline","Lockon","Recycle"],"picked":"SKIP","floor":2},{"not_picked":["Stack","Scrape"],"picked":"Cold Snap","floor":4},{"not_picked":["Streamline","Meteor Strike"],"picked":"Go for the Eyes","floor":6},{"not_picked":["Leap","Compile Driver"],"picked":"Cold Snap","floor":10},{"not_picked":["Auto Shields","Conserve Battery"],"picked":"Consume","floor":11},{"not_picked":["Turbo","Aggregate","Reprogram"],"picked":"SKIP","floor":12},{"not_picked":["Buffer","Multi-Cast"],"picked":"Creative AI","floor":16},{"not_picked":["Leap","Melter","Barrage"],"picked":"SKIP","floor":18},{"not_picked":["Beam Cell","Streamline","Steam Power"],"picked":"SKIP","floor":19},{"not_picked":["Barrage","Hologram","Redo"],"picked":"SKIP","floor":20}],"player_experience":1000361,"relics_obtained":[{"floor":5,"key":"The Courier"},{"floor":6,"key":"Juzu Bracelet"},{"floor":9,"key":"Potion Belt"},{"floor":10,"key":"Vajra"}],"event_choices":[{"damage_healed":0,"gold_gain":0,"player_choice":"Got Potions","damage_taken":0,"max_hp_gain":0,"max_hp_loss":0,"event_name":"Lab","floor":3,"gold_loss":0},{"damage_healed":0,"gold_gain":0,"player_choice":"Left Gold","damage_taken":0,"max_hp_gain":0,"max_hp_loss":0,"event_name":"World of Goop","floor":13,"gold_loss":47},{"damage_healed":0,"gold_gain":0,"cards_transformed":["Strike_B"],"player_choice":"Change","damage_taken":0,"max_hp_gain":0,"max_hp_loss":0,"event_name":"Living Wall","floor":14,"gold_loss":0,"cards_obtained":["Redo"]}],"is_beta":false,"boss_relics":[{"not_picked":["Ectoplasm","Empty Cage"],"picked":"Cursed Key"}],"items_purged_floors":[],"is_endless":false,"potions_floor_spawned":[1,4,12,18],"killed_by":"Snake Plant","ascension_level":20}}