{"host":"5wf60zc4jjt9ov65","time":1611686319,"event":{"mods":["AchievementEnabler","BaseMod","Beaked The Cultist","Bestiary","Better Altar","Better Match","Better Note","Better Sensory Stone","Better Skull","Better Third Choice","BetterRewards","Colored Map","Colored Powertips","Downfall","Googly Eyes","Halation","Highlight Path","Hubris","Infinite Spire","Minty Spire (QoL Compilation)","Permanent Neow","Quick Restart","Replay The Spire","StSLib","The Bug Knight","The Construct"],"gold_per_floor":[114,114,126,201,220,250,250,285,285,302,302,499,515,515,515,646,646,771,771,795,334,353,396,396,396,446,446,446,446,446,473,473,575,575,602,630,630,630,630,685,704,758,781,441,494,494,526,572,572,606],"floor_reached":51,"language":"ENG","playtime":2635,"items_purged":["beaked:Strike_Y","Strike_R","Slimebound:CorrosiveSpit"],"score":663,"play_id":"aaeb551c-2535-4256-bd4e-e75515ba7e36","local_time":"20210126133839","is_ascension_mode":false,"campfire_choices":[{"data":"Offering","floor":7.0,"key":"SMITH"},{"floor":15.0,"key":"REST"},{"data":"hubris:Fate","floor":29.0,"key":"SMITH"},{"data":"Enlightenment","floor":32.0,"key":"SMITH"},{"data":"infinitespire:Menacing","floor":49,"key":"SMITH"}],"circlet_count":0,"master_deck":["Strike_R","Strike_R","Strike_R","Defend_R","Defend_R","Defend_R","Defend_R","Bash","Offering+1","Power Through","Whirlwind","Spot Weakness","Sword Boomerang","Shrug It Off","Heavy Blade","Demon Form","Inflame","Enlightenment+1","Heavy Blade+1","hubris:Fate+1","infinitespire:Menacing+1","Replay:Many Hands","hubris:Envy","ReplayTheSpireMod:Chaos Vortex","Dramatic Entrance","hubris:NaturalOne","Heavy Blade+1","Madness","Madness","Pummel+1"],"relics":["Burning Blood","hubris:Icosahedron","hubris:SlimyHat","Red Skull","hubris:DeckOfHolding","Bloody Idol","Velvet Choker","Lizard Tail","Replay:Bandana","hubris:ScarierMask","Replay:WaspNest","ReplayTheSpireMod:SealedPack","hubris:Towel","halation:PinkSoulGem","Bronze Scales","Mango","Replay:Rubber Ducky","Onion Ring","hubris:ToyBattleship","halation:PapillonHeart"],"acts_visited":["Exordium","TheCity","TheBeyond"],"potions_floor_usage":[45,45,45],"damage_taken":[{"damage":7.0,"enemies":"Cultist","floor":1.0,"turns":3.0},{"damage":16.0,"enemies":"Small Slimes","floor":3.0,"turns":5.0},{"damage":7.0,"enemies":"2 Louse","floor":5.0,"turns":2.0},{"damage":6.0,"enemies":"HollowMod:MossKnight","floor":6.0,"turns":7.0},{"damage":19.0,"enemies":"Gremlin Nob","floor":8.0,"turns":4.0},{"damage":6.0,"enemies":"Exordium Wildlife","floor":10.0,"turns":5.0},{"damage":0.0,"enemies":"3 Louse","floor":13.0,"turns":1.0},{"damage":14.0,"enemies":"Slime Boss","floor":16.0,"turns":8.0},{"damage":37.0,"enemies":"Spheric Guardian","floor":18.0,"turns":6.0},{"damage":5.0,"enemies":"3 Byrds","floor":20.0,"turns":4.0},{"damage":28.0,"enemies":"Sentry and Sphere","floor":22.0,"turns":5.0},{"damage":31.0,"enemies":"Gremlin Leader","floor":23.0,"turns":7.0},{"damage":0.0,"enemies":"Centurion and Healer","floor":31.0,"turns":3.0},{"damage":6.0,"enemies":"Champ","floor":33.0,"turns":1.0},{"damage":4.0,"enemies":"Orb Walker","floor":35.0,"turns":3.0},{"damage":0.0,"enemies":"3 Shapes","floor":36.0,"turns":3.0},{"damage":0.0,"enemies":"HollowMod:StalkingDevout","floor":40.0,"turns":7.0},{"damage":15.0,"enemies":"Maw","floor":41.0,"turns":6.0},{"damage":0.0,"enemies":"Giant Head","floor":42.0,"turns":5.0},{"damage":4,"enemies":"Nemesis","floor":45,"turns":3},{"damage":0,"enemies":"Jaw Worm Horde","floor":47,"turns":2},{"damage":0,"enemies":"3 Darklings","floor":48,"turns":4},{"damage":32,"enemies":"Replay:Hell Engine","floor":50,"turns":7}],"seed_played":"-4281899480280887656","potions_obtained":[{"floor":1.0,"key":"Flashbang"},{"floor":3.0,"key":"BloodPotion"},{"floor":6.0,"key":"FearPotion"},{"floor":8.0,"key":"Swift Potion"},{"floor":10.0,"key":"Dexterity Potion"},{"floor":18.0,"key":"Reflective Coating"},{"floor":20.0,"key":"LiquidMemories"},{"floor":23.0,"key":"Death Potion"},{"floor":31.0,"key":"FearPotion"},{"floor":36.0,"key":"Cursed Concoction"},{"floor":42.0,"key":"AttackPotion"}],"is_trial":false,"path_per_floor":["M","?","M","?","M","E","R","E","T","M","?","?","M","?","R","B",null,"M","?","M","$","M","E","?","?","T","?","AVR","R","?","M","R","B",null,"M","M","?","?","?","E","M","E","T","$","E","?","M","M","R","B",null],"character_chosen":"IRONCLAD","items_purchased":["Lizard Tail","Enlightenment","Onion Ring"],"campfire_rested":1,"item_purchase_floors":[21,21,44],"current_hp_per_floor":[79,79,69,58,57,57,57,44,44,44,37,5,27,27,49,41,74,43,43,44,44,22,49,32,31,36,36,36,36,36,57,57,62,74,74,74,74,74,65,74,74,88,88,88,88,84,84,84,84,58],"gold":606,"neow_bonus":"THREE_RARE_CARDS","is_daily":false,"chose_seed":false,"campfire_upgraded":4,"win_rate":0.0,"timestamp":1611686319,"path_taken":["M","?","M","?","M","E","R","E","T","M","?","?","M","?","R","BOSS","M","?","M","$","M","E","?","?","T","?","AVR","R","?","?","R","BOSS","M","?","?","?","?","E","M","E","T","?","E","?","M","M","R","BOSS"],"items_purchased_type":["Relic","Card","Relic"],"build_version":"2020-12-22","purchased_purges":3,"victory":true,"max_hp_per_floor":[80,80,80,80,80,80,80,80,80,80,80,80,80,74,74,74,74,74,74,74,74,74,74,74,74,74,74,74,74,74,74,74,74,74,74,74,74,74,74,74,74,88,88,88,88,84,84,84,84,84],"card_choices":[{"not_picked":["Impervious","Berserk"],"picked":"Offering","floor":0.0},{"not_picked":["Clothesline","Anger"],"picked":"Power Through","floor":1.0},{"not_picked":["Headbutt","Clothesline"],"picked":"Whirlwind","floor":3.0},{"not_picked":["Replay:Undeath\u0027s Touch","Metallicize"],"picked":"Spot Weakness","floor":5.0},{"not_picked":["Armaments","Rampage"],"picked":"Sword Boomerang","floor":6.0},{"not_picked":["Battle Trance","Sword Boomerang","Uppercut"],"picked":"SKIP","floor":8.0},{"not_picked":["Anger","Cleave"],"picked":"Shrug It Off","floor":10.0},{"not_picked":["Perfected Strike","Run Through"],"picked":"Heavy Blade","floor":13.0},{"not_picked":["Bludgeon","Limit Break"],"picked":"Demon Form","floor":16.0},{"not_picked":["Uppercut+1","Replay:Undeath\u0027s Touch+1","Carnage"],"picked":"SKIP","floor":18.0},{"not_picked":["Sever Soul+1","Thunderclap"],"picked":"Inflame","floor":20.0},{"not_picked":["Flex","Shockwave","hubris:CleavingFinish+1"],"picked":"SKIP","floor":22.0},{"not_picked":["Perfected Strike","Thunderclap"],"picked":"Heavy Blade+1","floor":23.0},{"not_picked":["infinitespire:Starlight","infinitespire:Menacing"],"picked":"hubris:Fate","floor":24.0},{"not_picked":["Headbutt","Abandon","Clothesline"],"picked":"SKIP","floor":31.0},{"not_picked":["Double Tap","Demonic Infusion"],"picked":"Replay:Many Hands","floor":33.0},{"not_picked":["infinitespire:SevenWalls","Replay:Fractal Strike"],"picked":"ReplayTheSpireMod:Chaos Vortex","floor":34.0},{"not_picked":["Bandage Up","hubris:Insight"],"picked":"Dramatic Entrance","floor":34.0},{"not_picked":["Flame Barrier+1","Perfected Strike+1","Flex"],"picked":"SKIP","floor":35.0},{"not_picked":["Twin Strike+1","Thunderclap+1"],"picked":"Heavy Blade+1","floor":36.0},{"not_picked":["Run Through+1","hubris:CleavingFinish+1"],"picked":"Pummel+1","floor":40.0},{"not_picked":["hubris:ReadiedAction","Impervious","Cleave"],"picked":"SKIP","floor":41.0},{"not_picked":["Armaments+1","Thunderclap+1","Dark Embrace+1"],"picked":"SKIP","floor":42.0},{"not_picked":["Flex+1","Armaments","Heavy Blade+1"],"picked":"SKIP","floor":45},{"not_picked":["Armaments+1","True Grit+1","Impervious"],"picked":"SKIP","floor":47},{"not_picked":["Whirlwind","Clash","Armaments+1"],"picked":"SKIP","floor":48}],"player_experience":130596,"relics_obtained":[{"floor":6.0,"key":"hubris:SlimyHat"},{"floor":8.0,"key":"Red Skull"},{"floor":9.0,"key":"hubris:DeckOfHolding"},{"floor":23.0,"key":"Replay:Bandana"},{"floor":40.0,"key":"Bronze Scales"},{"floor":42.0,"key":"Mango"},{"floor":43.0,"key":"Replay:Rubber Ducky"},{"floor":45,"key":"hubris:ToyBattleship"}],"event_choices":[{"damage_healed":0.0,"max_hp_gain":0.0,"max_hp_loss":0.0,"gold_gain":75.0,"event_name":"betterThird:BetterGoop","player_choice":"Gold","floor":4.0,"gold_loss":0.0,"damage_taken":11.0},{"cards_removed":["Strike_R"],"damage_healed":0.0,"max_hp_gain":0.0,"max_hp_loss":0.0,"gold_gain":0.0,"event_name":"Golden Wing","player_choice":"Card Removal","floor":11.0,"gold_loss":0.0,"damage_taken":7.0},{"damage_healed":0.0,"max_hp_gain":0.0,"max_hp_loss":6.0,"gold_gain":0.0,"event_name":"Golden Idol","player_choice":"Lose Max HP","floor":14.0,"gold_loss":0.0,"damage_taken":0.0,"relics_obtained":["Golden Idol"]},{"cards_removed":["Demon Form"],"damage_healed":0.0,"max_hp_gain":0.0,"max_hp_loss":0.0,"gold_gain":0.0,"event_name":"betterNote:BetterNote","player_choice":"Give","floor":19.0,"gold_loss":0.0,"damage_taken":0.0,"cards_obtained":["ConjureBlade"]},{"damage_healed":0.0,"max_hp_gain":32.0,"max_hp_loss":31.0,"gold_gain":0.0,"event_name":"betterAltar:BetterAltar","player_choice":" GoldIdol ","floor":25.0,"potions_obtained":[],"relics_lost":["Golden Idol"],"gold_loss":0.0,"damage_taken":1.0,"relics_obtained":["Bloody Idol"]},{"damage_healed":0.0,"max_hp_gain":0.0,"max_hp_loss":0.0,"gold_gain":0.0,"event_name":"Winding Halls","player_choice":"Embrace Madness","floor":39.0,"gold_loss":0.0,"damage_taken":9.0,"cards_obtained":["Madness","Madness"]}],"is_beta":false,"boss_relics":[{"not_picked":["Honey Jar","Electric Blood"],"picked":"Velvet Choker"},{"not_picked":["halation:HeavySnake","halation:Yufonium"],"picked":"ReplayTheSpireMod:SealedPack"}],"items_purged_floors":[21,28,44],"is_endless":false,"potions_floor_spawned":[1,3,6,8,10,18,20,23,31,36,42],"ascension_level":0}}