{"host":"xmrw7jl1ir2912vf","time":1611689146,"event":{"mods":["BaseMod","Minty Spire (QoL Compilation)","Relic Stats"],"gold_per_floor":[116,133,233,246,256,283,283,608,608,622,622,204,267,294,294,389,389,404,404,419,175,187,187,217,217,217,92,125,136,167,181,181,281,281,298,368,173,173,0,50,94,144,144,144,184,235,310,58,58,83,83,83,2,28,28],"floor_reached":56,"language":"ENG","playtime":4599,"items_purged":["Defend_P","Strike_P+1","Strike_P+1","Strike_P+1"],"score":2317,"play_id":"8910883d-9485-43ad-8e04-cacd2f4d2862","local_time":"20210126142546","is_ascension_mode":true,"campfire_choices":[{"data":"TalkToTheHand","floor":7.0,"key":"SMITH"},{"floor":11.0,"key":"REST"},{"data":"Vault","floor":15.0,"key":"SMITH"},{"data":"Vault","floor":23.0,"key":"SMITH"},{"data":"TalkToTheHand","floor":32,"key":"SMITH"},{"floor":44,"key":"RECALL"},{"data":"CrushJoints","floor":49,"key":"SMITH"},{"data":"Meditate","floor":52,"key":"SMITH"}],"circlet_count":0,"master_deck":["AscendersBane","Strike_P+1","Defend_P+1","Defend_P+1","Defend_P+1","Eruption+1","Vigilance","FlurryOfBlows","FlurryOfBlows","TalkToTheHand+1","Tantrum","Consecrate","EmptyFist","Vault+1","Wallop","SashWhip","Adaptation","Halt","Vault+1","FollowUp+1","Meditate+1","Vault+1","WaveOfTheHand+1","Halt","TalkToTheHand+1","EmptyMind","Wish","SashWhip+1","CrushJoints+1","Violence","Secret Technique","ClearTheMind+1","MentalFortress"],"relics":["HolyWater","Unceasing Top","Old Coin","Kunai","TeardropLocket","Blue Candle","Cursed Key","DollysMirror","InkBottle","Pocketwatch","Boot","FossilizedHelix","Red Mask","Singing Bowl","Torii","Calipers","TungstenRod","Ornamental Fan","Toy Ornithopter"],"acts_visited":["Exordium","TheCity","TheBeyond","TheEnding"],"potions_floor_usage":[30,31,33,55],"damage_taken":[{"damage":7.0,"enemies":"2 Louse","floor":1.0,"turns":3.0},{"damage":7.0,"enemies":"Cultist","floor":2.0,"turns":3.0},{"damage":0.0,"enemies":"Small Slimes","floor":4.0,"turns":2.0},{"damage":4.0,"enemies":"3 Louse","floor":5.0,"turns":3.0},{"damage":12.0,"enemies":"3 Sentries","floor":6.0,"turns":4.0},{"damage":10.0,"enemies":"Lagavulin","floor":8.0,"turns":7.0},{"damage":12.0,"enemies":"Exordium Wildlife","floor":10.0,"turns":4.0},{"damage":10.0,"enemies":"3 Sentries","floor":13.0,"turns":4.0},{"damage":0.0,"enemies":"Gremlin Nob","floor":14.0,"turns":3.0},{"damage":0.0,"enemies":"Hexaghost","floor":16.0,"turns":7.0},{"damage":0.0,"enemies":"Spheric Guardian","floor":18.0,"turns":4.0},{"damage":11.0,"enemies":"Chosen","floor":20.0,"turns":3.0},{"damage":10.0,"enemies":"Centurion and Healer","floor":22.0,"turns":5.0},{"damage":9.0,"enemies":"Gremlin Leader","floor":24.0,"turns":4.0},{"damage":0,"enemies":"Slavers","floor":28,"turns":4},{"damage":0,"enemies":"Chosen and Byrds","floor":29,"turns":3},{"damage":0,"enemies":"Book of Stabbing","floor":30,"turns":4},{"damage":0,"enemies":"Cultist and Chosen","floor":31,"turns":3},{"damage":0,"enemies":"Automaton","floor":33,"turns":8},{"damage":0,"enemies":"Orb Walker","floor":35,"turns":2},{"damage":0,"enemies":"2 Orb Walkers","floor":36,"turns":5},{"damage":0,"enemies":"Giant Head","floor":40,"turns":5},{"damage":0,"enemies":"3 Darklings","floor":41,"turns":5},{"damage":0,"enemies":"Nemesis","floor":42,"turns":6},{"damage":0,"enemies":"Sphere and 2 Shapes","floor":45,"turns":4},{"damage":0,"enemies":"Giant Head","floor":46,"turns":6},{"damage":0,"enemies":"Mind Bloom Boss Battle","floor":47,"turns":6},{"damage":0,"enemies":"Awakened One","floor":50,"turns":12},{"damage":0,"enemies":"Shield and Spear","floor":54,"turns":7},{"damage":0,"enemies":"The Heart","floor":55,"turns":13}],"seed_played":"-679672557510871838","potions_obtained":[{"floor":2.0,"key":"DuplicationPotion"},{"floor":6.0,"key":"Energy Potion"},{"floor":8.0,"key":"EssenceOfSteel"},{"floor":10.0,"key":"Fire Potion"},{"floor":16.0,"key":"GamblersBrew"},{"floor":24.0,"key":"GamblersBrew"},{"floor":30,"key":"FearPotion"},{"floor":31,"key":"FairyPotion"},{"floor":33,"key":"Swift Potion"},{"floor":42,"key":"EntropicBrew"}],"is_trial":false,"path_per_floor":["M","M","?","M","M","E","R","E","T","M","R","$","?","E","R","B",null,"M","?","M","$","M","R","E","?","T","$","E","M","E","M","R","B",null,"M","?","$","?","?","E","M","E","T","R","M","E","?","$","R","B",null,"R","$","E","B",null],"character_chosen":"WATCHER","items_purchased":["Wallop","Kunai","SashWhip","DollysMirror","CrushJoints","Ornamental Fan","MentalFortress"],"campfire_rested":1,"item_purchase_floors":[12,12,12,21,37,48,53],"current_hp_per_floor":[58,51,51,51,47,35,35,25,25,13,34,34,24,24,24,24,60,60,60,49,49,39,39,30,30,30,30,30,30,30,30,30,30,62,62,62,62,57,57,57,59,61,61,61,63,65,67,67,67,67,78,78,78,80,84],"gold":28,"neow_bonus":"UPGRADE_CARD","is_daily":false,"chose_seed":false,"campfire_upgraded":6,"win_rate":0.0,"timestamp":1611689146,"path_taken":["M","M","?","?","M","E","R","E","T","M","R","$","?","E","R","BOSS","M","?","M","$","M","R","E","?","T","?","E","?","E","M","R","BOSS","M","?","$","?","?","E","M","E","T","R","M","E","?","?","R","BOSS","R","$","E","BOSS"],"items_purchased_type":["Card","Relic","Card","Relic","Card","Relic","Card"],"build_version":"2020-12-22","purchased_purges":4,"victory":true,"max_hp_per_floor":[72,72,72,72,72,72,72,72,72,72,72,72,72,72,72,72,72,72,72,72,72,72,72,72,72,72,72,72,72,72,72,72,72,72,72,72,72,72,72,72,74,76,76,76,78,80,82,82,82,82,82,82,82,84,84],"relic_stats":{"Singing Bowl":12,"Torii":15,"counters":[30,149],"Blue Candle":[0],"Cursed Key":0,"Boot":[222],"Ornamental Fan":[152],"Kunai":[125],"obtain_stats":[{"Calipers":46,"Singing Bowl":40,"Torii":42,"Blue Candle":14,"TeardropLocket":13,"Cursed Key":17,"Boot":30,"Old Coin":8,"DollysMirror":21,"Ornamental Fan":48,"HolyWater":34,"Red Mask":39,"Kunai":12,"PureWater":0,"Unceasing Top":6,"InkBottle":24,"FossilizedHelix":36,"TungstenRod":47,"Toy Ornithopter":54,"Pocketwatch":28},{"Calipers":26,"Singing Bowl":22,"Torii":24,"Blue Candle":9,"TeardropLocket":8,"Cursed Key":10,"Boot":17,"Old Coin":6,"DollysMirror":12,"Ornamental Fan":27,"HolyWater":19,"Red Mask":21,"Kunai":7,"PureWater":0,"Unceasing Top":5,"InkBottle":14,"FossilizedHelix":21,"TungstenRod":27,"Toy Ornithopter":29,"Pocketwatch":15},{"Calipers":111,"Singing Bowl":90,"Torii":101,"Blue Candle":33,"TeardropLocket":30,"Cursed Key":40,"Boot":67,"Old Coin":22,"DollysMirror":47,"Ornamental Fan":117,"HolyWater":78,"Red Mask":85,"Kunai":26,"PureWater":0,"Unceasing Top":15,"InkBottle":56,"FossilizedHelix":85,"TungstenRod":117,"Toy Ornithopter":136,"Pocketwatch":60}],"Unceasing Top":[1],"InkBottle":[59],"TungstenRod":14,"Toy Ornithopter":4,"Pocketwatch":[26]},"card_choices":[{"not_picked":["EmptyBody","FlyingSleeves"],"picked":"FlurryOfBlows","floor":1.0},{"not_picked":["PathToVictory","Evaluate"],"picked":"FlurryOfBlows","floor":2.0},{"not_picked":["SignatureMove","FlurryOfBlows"],"picked":"TalkToTheHand","floor":4.0},{"not_picked":["Fasting2","Collect"],"picked":"Tantrum","floor":5.0},{"not_picked":["Perseverance","Prostrate"],"picked":"Consecrate","floor":6.0},{"not_picked":["BowlingBash","Consecrate"],"picked":"EmptyFist","floor":8.0},{"not_picked":["Protect","Evaluate"],"picked":"Vault","floor":10.0},{"not_picked":["EmptyFist","Prostrate"],"picked":"Adaptation","floor":13.0},{"not_picked":["EmptyBody","FlyingSleeves"],"picked":"Halt","floor":14.0},{"not_picked":["Judgement","ConjureBlade"],"picked":"Vault","floor":16.0},{"not_picked":["Crescendo","EmptyMind"],"picked":"FollowUp+1","floor":18.0},{"not_picked":["SashWhip","Prostrate"],"picked":"Meditate","floor":20.0},{"not_picked":["Indignation","FlurryOfBlows"],"picked":"WaveOfTheHand+1","floor":22.0},{"not_picked":["BattleHymn","ReachHeaven"],"picked":"Halt","floor":24.0},{"not_picked":["Indignation","BowlingBash"],"picked":"TalkToTheHand","floor":28},{"not_picked":["ClearTheMind","EmptyFist","Crescendo"],"picked":"SKIP","floor":29},{"not_picked":["Wallop","Consecrate"],"picked":"EmptyMind","floor":30},{"not_picked":["FlyingSleeves","DevaForm","ThirdEye"],"picked":"SKIP","floor":31},{"not_picked":["Alpha","Omniscience"],"picked":"Wish","floor":33},{"not_picked":["BowlingBash+1","Fasting2","ThirdEye"],"picked":"SKIP","floor":35},{"not_picked":["Conclude+1","FlyingSleeves"],"picked":"SashWhip+1","floor":36},{"not_picked":["HandOfGreed","Transmutation"],"picked":"Violence","floor":38},{"not_picked":["Apotheosis","Secret Weapon"],"picked":"Secret Technique","floor":38},{"not_picked":["FlurryOfBlows","CarveReality"],"picked":"ClearTheMind+1","floor":40},{"not_picked":["BowlingBash","Vengeance+1","SashWhip"],"picked":"Singing Bowl","floor":41},{"not_picked":["Wish","SignatureMove","ThirdEye"],"picked":"Singing Bowl","floor":42},{"not_picked":["InnerPeace","ClearTheMind+1","BattleHymn"],"picked":"Singing Bowl","floor":45},{"not_picked":["PathToVictory","Omniscience","WreathOfFlame+1"],"picked":"Singing Bowl","floor":46},{"not_picked":["FlyingSleeves+1","Protect","InnerPeace"],"picked":"Singing Bowl","floor":47},{"not_picked":["CrushJoints","ClearTheMind+1","FlyingSleeves"],"picked":"Singing Bowl","floor":54}],"player_experience":510523,"relics_obtained":[{"floor":6.0,"key":"Unceasing Top"},{"floor":8.0,"key":"Old Coin"},{"floor":13.0,"key":"TeardropLocket"},{"floor":14.0,"key":"Blue Candle"},{"floor":24.0,"key":"InkBottle"},{"floor":28,"key":"Pocketwatch"},{"floor":30,"key":"Boot"},{"floor":36,"key":"FossilizedHelix"},{"floor":40,"key":"Singing Bowl"},{"floor":42,"key":"Torii"},{"floor":46,"key":"Calipers"},{"floor":47,"key":"TungstenRod"},{"floor":54,"key":"Toy Ornithopter"}],"event_choices":[{"damage_healed":0.0,"max_hp_gain":0.0,"max_hp_loss":0.0,"gold_gain":100.0,"event_name":"Golden Shrine","player_choice":"Pray","floor":3.0,"gold_loss":0.0,"damage_taken":0.0},{"damage_healed":0.0,"max_hp_gain":0.0,"max_hp_loss":0.0,"gold_gain":0.0,"event_name":"Dead Adventurer","player_choice":"Searched \u00271\u0027 times","floor":13.0,"gold_loss":0.0,"damage_taken":0.0},{"damage_healed":0.0,"max_hp_gain":0.0,"max_hp_loss":0.0,"gold_gain":0.0,"event_name":"Back to Basics","player_choice":"Simplicity","floor":19.0,"gold_loss":0.0,"damage_taken":0.0,"cards_upgraded":["Strike_P","Strike_P","Strike_P","Strike_P","Defend_P","Defend_P","Defend_P"]},{"damage_healed":0.0,"max_hp_gain":0.0,"max_hp_loss":0.0,"gold_gain":0.0,"event_name":"Vampires","player_choice":"Ignored","floor":25.0,"gold_loss":0.0,"damage_taken":0.0},{"damage_healed":0,"gold_gain":0,"player_choice":"Fight","damage_taken":0,"max_hp_gain":0,"max_hp_loss":0,"event_name":"Mysterious Sphere","floor":36,"gold_loss":0},{"damage_healed":0,"gold_gain":0,"player_choice":"Memory 2","damage_taken":5,"max_hp_gain":0,"max_hp_loss":0,"event_name":"SensoryStone","floor":38,"gold_loss":0},{"damage_healed":0,"gold_gain":0,"player_choice":"Paid","damage_taken":0,"relics_obtained":["Red Mask"],"max_hp_gain":0,"max_hp_loss":0,"event_name":"Tomb of Lord Red Mask","floor":39,"gold_loss":173},{"damage_healed":0,"gold_gain":0,"player_choice":"Fight","damage_taken":0,"max_hp_gain":0,"max_hp_loss":0,"event_name":"MindBloom","floor":47,"gold_loss":0}],"is_beta":false,"boss_relics":[{"not_picked":["Busted Crown","Pandora\u0027s Box"],"picked":"Cursed Key"},{"not_picked":["Snecko Eye","Velvet Choker"],"picked":"HolyWater"}],"items_purged_floors":[12,21,27,37],"is_endless":false,"potions_floor_spawned":[2,6,8,10,16,24,28,30,31,33,35,42,45,46],"ascension_level":10}}