{"host":"opgesw7sb5n0ordz","time":1611702733,"event":{"mods":["BaseMod","Better Note","Colored Powertips","Downfall","Minty Spire (QoL Compilation)","Relic Stats","StSLib","Unceasing Turn Reminder"],"gold_per_floor":[99,111,127,127,146,46,73,84,117,117,132,132,147,166,183,183,183,183],"floor_reached":16,"language":"ENG","playtime":596,"items_purged":[],"score":122,"play_id":"01ffb16f-c921-4a60-bb9b-76a5f8a69965","local_time":"20210126181213","is_ascension_mode":true,"campfire_choices":[{"floor":1,"key":"RECALL"},{"data":"Guardian:DecasProtection","floor":6,"key":"SMITH"},{"data":"Guardian:PrimingBeam","floor":12,"key":"SMITH"}],"circlet_count":0,"master_deck":["Guardian:Strike_Guardian","Guardian:Strike_Guardian","Guardian:Strike_Guardian","Guardian:Defend_Guardian","Guardian:Defend_Guardian","Guardian:Defend_Guardian","Guardian:Defend_Guardian","Guardian:CurlUp","Guardian:TwinSlam","Guardian:PrimingBeam+1","Guardian:DecasProtection+1","Guardian:Reroute","Guardian:PrismaticBeam","Guardian:StasisStrike","Guardian:Recover","Guardian:TemporalStrike"],"relics":["Guardian:ModeShifter","downfall:HeartBlessingRed","Tiny Chest","Happy Flower"],"acts_visited":["Exordium"],"potions_floor_usage":[9,16],"damage_taken":[{"damage":7,"enemies":"Small Slimes","floor":2,"turns":3},{"damage":6,"enemies":"Cultist","floor":3,"turns":4},{"damage":3,"enemies":"Jaw Worm","floor":5,"turns":4},{"damage":20,"enemies":"Exordium Wildlife","floor":8,"turns":6},{"damage":8,"enemies":"3 Sentries","floor":9,"turns":7},{"damage":12,"enemies":"Lots of Slimes","floor":11,"turns":5},{"damage":7,"enemies":"Blue Slaver","floor":13,"turns":4},{"damage":0,"enemies":"3 Louse","floor":14,"turns":2},{"damage":6,"enemies":"Exordium Wildlife","floor":15,"turns":3},{"damage":13,"enemies":"IC_STATUS_ARCHETYPE","floor":16,"turns":4}],"seed_played":"-861311010619979333","potions_obtained":[{"floor":3,"key":"AttackPotion"},{"floor":5,"key":"Block Potion"},{"floor":9,"key":"GamblersBrew"},{"floor":15,"key":"DuplicationPotion"}],"is_trial":false,"path_per_floor":["R","M","M","?","M","R","T","M","E","?","M","R","M","M","M","B"],"character_chosen":"GUARDIAN","items_purchased":[],"campfire_rested":0,"item_purchase_floors":[],"current_hp_per_floor":[80,73,67,67,64,64,64,44,36,36,24,24,17,17,11,0,0,0],"gold":183,"neow_bonus":"THREE_CARDS","is_daily":false,"chose_seed":false,"campfire_upgraded":2,"win_rate":0.0,"timestamp":1611702733,"path_taken":["R","M","M","?","?","R","T","M","E","?","M","R","M","M","M","BOSS"],"items_purchased_type":[],"build_version":"2020-12-22","purchased_purges":0,"victory":false,"max_hp_per_floor":[80,80,80,80,80,80,80,80,80,80,80,80,80,80,80,80,80,80],"relic_stats":{"Happy Flower":[6],"counters":[10,42],"Tiny Chest":0,"obtain_stats":[{"downfall:HeartBlessingRed":6,"Happy Flower":9,"Guardian:ModeShifter":0,"Tiny Chest":7},{"downfall:HeartBlessingRed":3,"Happy Flower":5,"Guardian:ModeShifter":0,"Tiny Chest":3},{"downfall:HeartBlessingRed":11,"Happy Flower":24,"Guardian:ModeShifter":0,"Tiny Chest":11}]},"card_choices":[{"not_picked":["Guardian:Gem_Cyan","Guardian:TemporalStrike"],"picked":"Guardian:PrimingBeam","floor":0},{"not_picked":["Guardian:Gem_Green","Guardian:MultiBeam"],"picked":"Guardian:DecasProtection","floor":2},{"not_picked":["Guardian:PrimingBeam","Guardian:DecasProtection"],"picked":"Guardian:Gem_Green","floor":3},{"not_picked":["Guardian:WalkerClaw","Guardian:ShieldSpikes"],"picked":"Guardian:Gem_Cyan","floor":5},{"not_picked":["Guardian:Gem_Lightblue","Guardian:VentSteam"],"picked":"Guardian:Reroute","floor":8},{"not_picked":["Guardian:Gem_Crimson","Guardian:Reroute"],"picked":"Guardian:PrismaticBeam","floor":9},{"not_picked":["Guardian:Reroute","Guardian:TimeCapacitor"],"picked":"Guardian:Gem_Green","floor":11},{"not_picked":["Guardian:Clone","Guardian:PrismaticBeam"],"picked":"Guardian:StasisStrike","floor":13},{"not_picked":["Guardian:ChargeCore","Guardian:PrimingBeam"],"picked":"Guardian:Recover","floor":14},{"not_picked":["Guardian:Repulse","Guardian:GuardianWhirl"],"picked":"Guardian:TemporalStrike","floor":15}],"player_experience":748108,"relics_obtained":[{"floor":7,"key":"Tiny Chest"},{"floor":9,"key":"Happy Flower"}],"event_choices":[{"damage_healed":0,"gold_gain":0,"player_choice":"Leave","damage_taken":0,"max_hp_gain":0,"max_hp_loss":0,"event_name":"FaceTrader","floor":10,"gold_loss":0}],"is_beta":false,"boss_relics":[],"items_purged_floors":[],"is_endless":false,"potions_floor_spawned":[3,5,9,15],"killed_by":"IC_STATUS_ARCHETYPE","ascension_level":3}}