{"host":"o5or1zybx7au40zl","time":1611660608,"event":{"mods":["Act Like it!","Aspiration","BaseMod","Better Third Choice","Conspire","Dota2Spire","GungeonMod","Halation","Hubris","Infinite Spire","Minty Spire (QoL Compilation)","Replay The Spire","Robot Space Explorer","StSLib","The Jungle","Yuri Mod"],"gold_per_floor":[114,114,45,45,64,64,90,90,90,40,52,78,78,78,78,181,181,192,205,205,219,219,219,249,263,290,290,290,310,324,381,381,486,486,499,499,570,596,192,225,225,225,249,260,284,328,338,355,355,355,355,355,183,226,226,226],"floor_reached":55,"language":"ENG","playtime":1503,"items_purged":["hubris:Envy"],"score":794,"play_id":"56526e25-0ffe-4ae2-aebd-ba0e08d7299f","local_time":"20210126123008","is_ascension_mode":false,"campfire_choices":[{"floor":6.0,"key":"RECALL"},{"data":"ReplayTheSpireMod:Faulty Equipment","floor":15.0,"key":"SMITH"},{"floor":23.0,"key":"REST"},{"floor":28,"key":"REST"},{"floor":32,"key":"DIG"},{"floor":42,"key":"DIG"},{"floor":49,"key":"DIG"},{"floor":52,"key":"DIG"}],"circlet_count":2,"master_deck":["DemoMod:Strike_Huntress","DemoMod:Strike_Huntress","DemoMod:Defend_Huntress","DemoMod:Defend_Huntress","DemoMod:Defend_Huntress","DemoMod:Defend_Huntress","DemoMod:Roll","DemoMod:ManualReload","DemoMod:RustySidearm","DemoMod:CrossBow","DemoMod:MegaHand","DemoMod:Polaris+1","DemoMod:TeaPot","DemoMod:CombinedRifle","DemoMod:FightSabre","DemoMod:MegaHand+1","DemoMod:GunstockTap","Writhe","DemoMod:HungryBullets+1","DemoMod:Evolver","Hallucinations","DemoMod:FinishedGun","DemoMod:BSG","DemoMod:BlankBullets","DemoMod:PotionOfGunFriendShip+1","DemoMod:DoubleVision","DemoMod:BlankBullets","hubris:Wrath","DemoMod:TeaPot+1","DemoMod:FortunesFavor+1","Shame","DemoMod:Unity+1","DemoMod:ZorGun+1","Parasite","DemoMod:BulletBore","Secret Technique+1","DemoMod:ChanceBullets","DemoMod:ChanceBullets","DemoMod:StrategicReserve+1","DemoMod:HungryBullets+1"],"relics":["DemoMod:Dog","NeowsBlessing","halation:StarCompass","Dota2Spire:Satanic","halation:RedSoulGem","Circlet","DemoMod:PinkGuonStone","Replay:Grab Bag","Cursed Key","Dota2Spire:Bloodstone","Ring of Chaos","hubris:Icosahedron","Shovel","Dota2Spire:DrumOfEndurance","Dota2Spire:Desolator","DemoMod:BlueGuonStone","Blue Doll","DemoMod:Antibody","DemoMod:Metronome","Replay:PocketPolymizer","Du-Vu Doll","hubris:MobiusCoin","Oddly Smooth Stone","Torii"],"acts_visited":["Exordium","Exordium","TheBeyond","TheEnding"],"potions_floor_usage":[31,33,38,44,44,46,46,46,50,55],"damage_taken":[{"damage":0.0,"enemies":"2 Louse","floor":1.0,"turns":1.0},{"damage":0.0,"enemies":"conspire:RoseBush","floor":5.0,"turns":1.0},{"damage":0.0,"enemies":"Lagavulin","floor":7.0,"turns":1.0},{"damage":6.0,"enemies":"Jaw Worm","floor":11.0,"turns":2.0},{"damage":5.0,"enemies":"3 Louse","floor":12.0,"turns":3.0},{"damage":73.0,"enemies":"Hexaghost","floor":16.0,"turns":11.0},{"damage":12.0,"enemies":"theJungle:Flameango_and_Byrd","floor":18.0,"turns":3.0},{"damage":2.0,"enemies":"Shell Parasite","floor":19.0,"turns":4.0},{"damage":49.0,"enemies":"theJungle:2_Flameangoes","floor":21.0,"turns":7.0},{"damage":18.0,"enemies":"theJungle:Cassacara","floor":24.0,"turns":5.0},{"damage":3,"enemies":"theJungle:Lyon","floor":25,"turns":3},{"damage":0,"enemies":"theJungle:JungleHuntersEncounter","floor":29,"turns":2},{"damage":0,"enemies":"theJungle:SlimyTreeVines","floor":30,"turns":1},{"damage":2,"enemies":"Snake Plant","floor":31,"turns":3},{"damage":0,"enemies":"theJungle:QueenSpyder","floor":33,"turns":4},{"damage":0,"enemies":"Orb Walker","floor":35,"turns":2},{"damage":27,"enemies":"3 Darklings","floor":38,"turns":6},{"damage":6,"enemies":"R_Hoarder","floor":40,"turns":5},{"damage":3,"enemies":"Transient","floor":44,"turns":5},{"damage":4,"enemies":"Jaw Worm Horde","floor":45,"turns":2},{"damage":17,"enemies":"Maw","floor":46,"turns":8},{"damage":3,"enemies":"Maw","floor":47,"turns":5},{"damage":19,"enemies":"Writhing Mass","floor":48,"turns":5},{"damage":34,"enemies":"Time Eater","floor":50,"turns":6},{"damage":27,"enemies":"Shield and Spear","floor":54,"turns":6},{"damage":50,"enemies":"The Heart","floor":55,"turns":6}],"seed_played":"2654035155161106798","potions_obtained":[{"floor":7.0,"key":"Regen Potion"},{"floor":12.0,"key":"Toxic Potion"},{"floor":19.0,"key":"BlessingOfTheForge"},{"floor":24,"key":"ColorlessPotion"},{"floor":31,"key":"Fire Potion"},{"floor":33,"key":"PowerPotion"},{"floor":37,"key":"EssenceOfSteel"},{"floor":40,"key":"DistilledChaos"},{"floor":44,"key":"Toxic Potion"},{"floor":45,"key":"ColorlessPotion"},{"floor":48,"key":"PowerPotion"},{"floor":54,"key":"SkillPotion"}],"is_trial":false,"path_per_floor":["M","?","$","?","M","R","E","?","T","?","M","M","?","T","R","B",null,"M","M","?","M","?","R","E","M","T","$","R","M","M","M","R","B",null,"M","?","?","M","$","E","?","R","T","M","M","?","M","M","R","B",null,"R","$","E","B"],"character_chosen":"HUNTRESS","items_purchased":["DemoMod:MegaHand","DemoMod:LeadSkinPotion","DemoMod:BlueGuonStone","DemoMod:DoubleVision","Oddly Smooth Stone","Secret Technique+1","DemoMod:ChanceBullets"],"campfire_rested":2,"item_purchase_floors":[3,27,39,39,53,53,53],"current_hp_per_floor":[70,70,70,70,70,70,70,70,70,70,64,59,59,66,66,1,77,65,63,63,14,14,37,19,16,16,13,36,36,36,34,34,46,77,77,77,77,50,50,44,44,44,44,41,37,20,17,58,58,60,77,77,77,50,0,0],"gold":226,"neow_bonus":"THREE_ENEMY_KILL","is_daily":false,"chose_seed":false,"campfire_upgraded":1,"win_rate":0.0,"timestamp":1611660608,"path_taken":["M","?","$","?","M","R","E","?","T","?","?","M","?","?","R","BOSS","M","?","?","M","?","R","E","M","T","?","R","M","M","M","R","BOSS","M","?","?","M","$","E","?","R","T","?","?","?","M","M","R","BOSS","R","$","E","BOSS"],"items_purchased_type":["Card","Undefined","Relic","Card","Relic","Card","Card"],"build_version":"2020-12-22","purchased_purges":1,"victory":false,"max_hp_per_floor":[70,70,70,70,70,70,70,70,70,70,70,70,70,77,77,77,77,77,77,77,77,77,77,77,77,77,77,77,77,77,77,77,77,77,77,77,77,77,77,77,77,77,77,77,77,77,77,77,77,77,77,77,77,77,77,77],"card_choices":[{"not_picked":["DemoMod:SAA","DemoMod:SniperShot","DemoMod:AC15"],"picked":"SKIP","floor":1.0},{"not_picked":["DemoMod:BoxingGlove","DemoMod:GunstockTap"],"picked":"DemoMod:Polaris","floor":5.0},{"not_picked":["DemoMod:TripleGun","DemoMod:ConditionalReflex"],"picked":"DemoMod:TeaPot","floor":7.0},{"not_picked":["DemoMod:GunstockTap","DemoMod:StickyCrossBow","DemoMod:AC15"],"picked":"SKIP","floor":7.0},{"not_picked":["DemoMod:StickyCrossBow","DemoMod:BoxingGlove","DemoMod:Unmoved"],"picked":"SKIP","floor":11.0},{"not_picked":["DemoMod:FastSwitch","DemoMod:CursedBullets"],"picked":"DemoMod:CombinedRifle","floor":12.0},{"not_picked":["DemoMod:FinishedGun","DemoMod:Gungine"],"picked":"DemoMod:FightSabre","floor":16.0},{"not_picked":["DemoMod:TripleGun","DemoMod:DoubleSwitch"],"picked":"DemoMod:MegaHand+1","floor":18.0},{"not_picked":["DemoMod:FastSwitch","DemoMod:Unmoved","DemoMod:FeignSurrender"],"picked":"SKIP","floor":19.0},{"not_picked":["DemoMod:StrategicReserve","DemoMod:AC15"],"picked":"DemoMod:GunstockTap","floor":21.0},{"not_picked":["DemoMod:StickyCrossBow","DemoMod:ShadowBullets"],"picked":"DemoMod:HungryBullets+1","floor":24},{"not_picked":["DemoMod:BoxingGlove","DemoMod:FastSwitch"],"picked":"DemoMod:Evolver","floor":25},{"not_picked":["DemoMod:Casey+1","DemoMod:HardPowerCard","DemoMod:JK47"],"picked":"SKIP","floor":29},{"not_picked":["DemoMod:Casey+1","DemoMod:HardPowerCard","DemoMod:JK47"],"picked":"SKIP","floor":29},{"not_picked":["DemoMod:RadGun+1","DemoMod:FastSwitch"],"picked":"DemoMod:FinishedGun","floor":30},{"not_picked":["DemoMod:PracticeMakesPerfect+1","DemoMod:SAA"],"picked":"DemoMod:BSG","floor":31},{"not_picked":["DemoMod:Eureka","DemoMod:Behold!"],"picked":"DemoMod:BlankBullets","floor":33},{"not_picked":["DemoMod:Ejector+1","DemoMod:Evolver","DemoMod:Replace+1"],"picked":"SKIP","floor":35},{"not_picked":["DemoMod:Rummage","DemoMod:ProbeStrike"],"picked":"DemoMod:PotionOfGunFriendShip+1","floor":38},{"not_picked":["DemoMod:GunstockTap+1","DemoMod:Replace","DemoMod:Camera"],"picked":"SKIP","floor":40},{"not_picked":["DemoMod:RadGun","DemoMod:ChanceBullets+1"],"picked":"DemoMod:TeaPot+1","floor":44},{"not_picked":["DemoMod:HardPowerCard","DemoMod:Unity+1"],"picked":"DemoMod:FortunesFavor+1","floor":45},{"not_picked":["DemoMod:JK47","DemoMod:StrategicReserve"],"picked":"DemoMod:Unity+1","floor":46},{"not_picked":["DemoMod:Camera","DemoMod:Unmoved"],"picked":"DemoMod:ZorGun+1","floor":47},{"not_picked":["DemoMod:BoxingGlove","DemoMod:JK47+1"],"picked":"DemoMod:BulletBore","floor":48},{"not_picked":["DemoMod:HardPowerCard+1","DemoMod:FullFirepower"],"picked":"DemoMod:StrategicReserve+1","floor":54},{"not_picked":["DemoMod:SniperShot+1","DemoMod:Evolver"],"picked":"DemoMod:HungryBullets+1","floor":54}],"player_experience":985357,"relics_obtained":[{"floor":7.0,"key":"Dota2Spire:Satanic"},{"floor":9.0,"key":"Circlet"},{"floor":14.0,"key":"DemoMod:PinkGuonStone"},{"floor":24,"key":"Dota2Spire:DrumOfEndurance"},{"floor":32,"key":"Dota2Spire:Desolator"},{"floor":40,"key":"Blue Doll"},{"floor":42,"key":"DemoMod:Antibody"},{"floor":43,"key":"DemoMod:Metronome"},{"floor":46,"key":"Replay:PocketPolymizer"},{"floor":49,"key":"Du-Vu Doll"},{"floor":52,"key":"hubris:MobiusCoin"},{"floor":54,"key":"Torii"}],"event_choices":[{"cards_removed":["DemoMod:Strike_Huntress"],"damage_healed":0.0,"max_hp_gain":0.0,"max_hp_loss":0.0,"gold_gain":0.0,"event_name":"The Cleric","player_choice":"Card Removal","floor":10.0,"gold_loss":50.0,"damage_taken":0.0},{"damage_healed":0.0,"max_hp_gain":0.0,"max_hp_loss":0.0,"gold_gain":0.0,"event_name":"Living Wall","player_choice":"Grow","floor":13.0,"gold_loss":0.0,"damage_taken":0.0,"cards_upgraded":["DemoMod:Polaris"]},{"damage_healed":0,"gold_gain":0,"player_choice":"Ignored","damage_taken":0,"max_hp_gain":0,"max_hp_loss":0,"event_name":"Tomb of Lord Red Mask","floor":36,"gold_loss":0},{"damage_healed":0,"gold_gain":0,"player_choice":"Copied","damage_taken":0,"max_hp_gain":0,"max_hp_loss":0,"event_name":"Duplicator","floor":41,"gold_loss":0,"cards_obtained":["DemoMod:BlankBullets"]}],"is_beta":false,"boss_relics":[{"not_picked":["halation:ForbiddenBikini","Pandora\u0027s Box"],"picked":"Replay:Grab Bag"},{"not_picked":["Replay:Bronze Core","conspire:SeveredTorchhead"],"picked":"Cursed Key"},{"not_picked":["Replay:Fungal Core","Coffee Dripper"],"picked":"Dota2Spire:Bloodstone"},{"not_picked":["ReplayTheSpireMod:SealedPack","aspiration:IroncladSkillbook"],"picked":"Ring of Chaos"},{"not_picked":["Circlet","halation:Yufonium"],"picked":"Circlet"}],"items_purged_floors":[39],"is_endless":false,"potions_floor_spawned":[7,12,19,24,25,31,33,40,44,45,48,54],"killed_by":"The Heart","ascension_level":0}}