{"host":"y56d1fjpgcjsodvy","time":1611647135,"event":{"mods":["2.2 Compatiblity","Arknights The Spire","Aspiration","Astrologer","BaseMod","Colored Powertips","GifTheSpireLib","Halation","Hermit","Highlight Path","Hubris","Infinite Spire","Keyboard Shortcuts","Marisa£¨Ùöéë¡¡Øª×âÞÞ£©","Minty Spire (QoL Compilation)","Random Character Button","Rare Cards Sparkle","Relic Stats","Replay The Spire","SOS£¨ÞÙ÷é?ñýí­£©","StSLib","Stuff the Spire","SuperFastMode","The Blackbeard","The Blue Laboratory","The Dragon Tamer","The Poker Player","The Runesmith","TheBandit","Wandering Minibosses","everything is the same but u backflip on backflip"],"gold_per_floor":[109,109,109,123,123,123,141,155,155,155,155,172,172,189,189,189,189],"floor_reached":16,"language":"KOR","playtime":454,"items_purged":[],"score":97,"play_id":"e4e01c80-7392-45fb-8793-17ab0c155cc8","local_time":"20210126164535","is_ascension_mode":true,"campfire_choices":[{"data":"hermit:GoldenBullet","floor":6,"key":"SMITH"},{"data":"hermit:Deadeye","floor":11,"key":"SMITH"},{"data":"hermit:Deadeye","floor":13,"key":"SMITH"},{"floor":15,"key":"RECALL"}],"circlet_count":0,"master_deck":["hermit:Strike_Hermit","hermit:Strike_Hermit","hermit:Strike_Hermit","hermit:Defend_Hermit","hermit:Defend_Hermit","hermit:Defend_Hermit","hermit:Defend_Hermit","hermit:Snapshot","hermit:Covet","Delirium","hermit:GoldenBullet+1","hermit:Deadeye+1","hermit:Deadeye+1","hermit:CalledShot"],"relics":["hermit:Momento","hubris:AstralHammer","Ring of Peace","Ring of Hypnosis","Nunchaku","halation:Toothbrush"],"acts_visited":["Exordium"],"potions_floor_usage":[8,16],"damage_taken":[{"damage":1,"enemies":"Cultist","floor":1,"turns":4},{"damage":4,"enemies":"2 Louse","floor":4,"turns":3},{"damage":0,"enemies":"Small Slimes","floor":7,"turns":4},{"damage":0,"enemies":"3 Louse","floor":8,"turns":5},{"damage":0,"enemies":"Blue Slaver","floor":12,"turns":3},{"damage":2,"enemies":"Exordium Thugs","floor":14,"turns":4},{"damage":9,"enemies":"Hexaghost","floor":16,"turns":7}],"seed_played":"-6189511305237892721","potions_obtained":[{"floor":7,"key":"BlessingOfTheForge"},{"floor":12,"key":"blueLaboratory:PhilterOfMotion"},{"floor":14,"key":"blueLaboratory:Moonshine"}],"is_trial":false,"path_per_floor":["M","?","?","M","?","R","M","M","T","?","R","M","R","M","R","B"],"character_chosen":"HERMIT","items_purchased":[],"campfire_rested":0,"item_purchase_floors":[],"current_hp_per_floor":[67,67,67,63,45,45,45,45,45,41,41,41,41,39,39,30,30],"gold":189,"neow_bonus":"ONE_RARE_RELIC","is_daily":false,"chose_seed":false,"campfire_upgraded":3,"win_rate":0.0,"timestamp":1611647135,"path_taken":["M","?","?","M","?","R","M","M","T","?","R","M","R","M","R","BOSS"],"items_purchased_type":[],"build_version":"2020-12-22","purchased_purges":0,"victory":false,"max_hp_per_floor":[68,68,68,68,68,68,68,68,68,71,71,71,71,71,71,71,71],"relic_stats":{"Nunchaku":[4],"counters":[7,30],"obtain_stats":[{"Nunchaku":5,"Ring of Hypnosis":2,"hubris:AstralHammer":0,"Ring of Peace":2,"halation:Toothbrush":9,"halation:StarCompass":3,"hermit:Momento":0},{"Nunchaku":2,"Ring of Hypnosis":1,"hubris:AstralHammer":0,"Ring of Peace":1,"halation:Toothbrush":4,"halation:StarCompass":1,"hermit:Momento":0},{"Nunchaku":7,"Ring of Hypnosis":4,"hubris:AstralHammer":0,"Ring of Peace":4,"halation:Toothbrush":16,"halation:StarCompass":4,"hermit:Momento":0}]},"card_choices":[{"not_picked":["hermit:Coalescence","hermit:Horror","hermit:Desperado"],"picked":"SKIP","floor":1},{"not_picked":["hermit:NoHoldsBarred","hermit:WideOpen"],"picked":"hermit:GoldenBullet","floor":4},{"not_picked":["hermit:Enervate","hermit:Roulette"],"picked":"hermit:Deadeye","floor":7},{"not_picked":["hermit:TakeCover","hermit:Scavenge"],"picked":"hermit:Deadeye","floor":8},{"not_picked":["hermit:Roulette","hermit:CalledShot","hermit:Malice"],"picked":"SKIP","floor":12},{"not_picked":["hermit:Roulette","hermit:Malice"],"picked":"hermit:CalledShot","floor":12},{"not_picked":["hermit:TakeCover","hermit:Misfire","hermit:LoneWolf"],"picked":"SKIP","floor":14}],"player_experience":1266132,"relics_obtained":[{"floor":2,"key":"Ring of Peace"},{"floor":2,"key":"Ring of Hypnosis"},{"floor":9,"key":"halation:Toothbrush"}],"event_choices":[{"damage_healed":0,"gold_gain":0,"player_choice":"Success","damage_taken":18,"relics_obtained":["Nunchaku"],"max_hp_gain":0,"max_hp_loss":0,"event_name":"Scrap Ooze","floor":5,"gold_loss":0},{"cards_removed":["hermit:Strike_Hermit"],"damage_healed":0,"gold_gain":0,"player_choice":"Card Removal","damage_taken":7,"max_hp_gain":0,"max_hp_loss":0,"event_name":"Golden Wing","floor":10,"gold_loss":0}],"is_beta":false,"boss_relics":[],"items_purged_floors":[],"is_endless":false,"potions_floor_spawned":[7,12,14],"killed_by":"Hexaghost","ascension_level":1}}