{"host":"rmiv1m9nodhp63vh","time":1611656059,"event":{"mods":["Ascension Reborn","BaseMod","Challenge The Spire","Downfall","Marisa£®ÏF”Í°°ƒß¿Ì…≥£©","Minty Spire (QoL Compilation)","Replay The Spire","StSLib","The Construct","The Senshi"],"gold_per_floor":[99,119,139,197,217,229,281,233,233,233,233,38,52,69,83,185,185,185,200,29,29,47,61,61,61,61,61],"floor_reached":25,"language":"ZHS","playtime":2713,"items_purged":["ReplayTheSpireMod:Splinters"],"score":195,"play_id":"fc90e8c7-c7de-44cd-9c8a-023a560d8c75","local_time":"20210126181419","is_ascension_mode":true,"campfire_choices":[{"data":"Slimebound:CorrosiveSpit","floor":1,"key":"SMITH"},{"data":"Slimebound:Split","floor":9,"key":"SMITH"},{"data":"Slimebound:MassFeed","floor":11,"key":"PURGE"},{"data":"Slimebound:Teamwork","floor":18,"key":"PURGE"}],"circlet_count":0,"master_deck":["Slimebound:Strike_Slimebound","Slimebound:Strike_Slimebound","Slimebound:Strike_Slimebound","Slimebound:Tackle","Slimebound:Defend_Slimebound","Slimebound:Defend_Slimebound","Slimebound:Defend_Slimebound","Slimebound:Defend_Slimebound","Slimebound:Split+1","Slimebound:CorrosiveSpit+1","Slimebound:SplitMire","Slimebound:SlimeBarrage","Slimebound:GoopSpray","Slimebound:LivingWall","Slimebound:Grow","Slimebound:Replication","Slimebound:RainOfGoop","Slimebound:Teamwork+1","Slimebound:PressTheAttack","Slimebound:RejuvenatingLick","Slimebound:Prepare","Slimebound:SelfFormingGoo+1","Slimebound:LeadByExample+1","Slimebound:GrowthPunch+1","Slimebound:ViciousTackle+1","Slimebound:GoopTackle"],"relics":["Slimebound:AbsorbEndCombat","Slimebound:ScrapOozeRelic","Replay:Bronze Core","Guide Book","Potion Belt"],"acts_visited":["Exordium","TheCity"],"potions_floor_usage":[16,16,23,23,25],"damage_taken":[{"damage":9,"enemies":"2 Louse","floor":2,"turns":2},{"damage":4,"enemies":"Jaw Worm","floor":3,"turns":3},{"damage":2,"enemies":"Cultist","floor":5,"turns":4},{"damage":11,"enemies":"Exordium Wildlife","floor":6,"turns":3},{"damage":0,"enemies":"downfall:FleeingMerchant","floor":8,"turns":4},{"damage":15,"enemies":"downfall:FleeingMerchant","floor":12,"turns":4},{"damage":15,"enemies":"Exordium Thugs","floor":13,"turns":3},{"damage":3,"enemies":"3 Louse","floor":14,"turns":3},{"damage":4,"enemies":"Large Slime","floor":15,"turns":4},{"damage":47,"enemies":"DF_ARCHETYPE_STREAMLINE","floor":16,"turns":9},{"damage":19,"enemies":"Spheric Guardian","floor":19,"turns":5},{"damage":26,"enemies":"downfall:FleeingMerchant","floor":20,"turns":5},{"damage":17,"enemies":"Cultist and Chosen","floor":22,"turns":7},{"damage":9,"enemies":"Snecko","floor":23,"turns":5},{"damage":21,"enemies":"Sentry and Sphere","floor":25,"turns":5}],"seed_played":"457402899035000269","potions_obtained":[{"floor":4,"key":"Doom Potion"},{"floor":4,"key":"Cursed Concoction"},{"floor":13,"key":"Adrenaline Potion"},{"floor":15,"key":"SkillPotion"},{"floor":16,"key":"SkillPotion"},{"floor":22,"key":"Fire Potion"},{"floor":23,"key":"Guardian:BlockOnCardUsePotion"}],"is_trial":false,"path_per_floor":["R","M","M","?","M","M","T","$","R","?","R","$","M","M","M","B",null,"R","M","$","?","M","M","T","M"],"character_chosen":"SLIMEBOUND","items_purchased":["Slimebound:Replication","Slimebound:Teamwork","Guide Book"],"campfire_rested":0,"item_purchase_floors":[8,12,20],"current_hp_per_floor":[71,64,64,64,66,59,59,67,67,67,67,58,49,46,46,7,71,71,58,36,23,14,13,13,0,0,0],"gold":61,"neow_bonus":"TEN_PERCENT_HP_BONUS","is_daily":false,"chose_seed":false,"campfire_upgraded":2,"win_rate":0.0,"timestamp":1611656059,"path_taken":["R","M","M","?","?","M","T","$","R","?","R","?","M","M","M","BOSS","R","M","$","?","M","M","T","M"],"items_purchased_type":["Card","Card","Relic"],"build_version":"2020-12-22","purchased_purges":1,"victory":false,"max_hp_per_floor":[71,71,71,71,71,71,71,71,71,71,71,71,71,71,71,71,71,71,71,71,76,76,76,76,76,76,76],"card_choices":[{"not_picked":["Slimebound:SplitLeeching","Slimebound:LeechEnergy"],"picked":"Slimebound:SplitMire","floor":2},{"not_picked":["Slimebound:SamplingLick","Slimebound:SpikyOuterGoop"],"picked":"Slimebound:SlimeBarrage","floor":3},{"not_picked":["Slimebound:LivingWall","Slimebound:SlimeBrawl"],"picked":"Slimebound:GoopSpray","floor":4},{"not_picked":["Slimebound:TongueLash","Slimebound:BestDefense"],"picked":"Slimebound:LivingWall","floor":5},{"not_picked":["Slimebound:ComboTackle","Slimebound:LivingWall"],"picked":"Slimebound:Grow","floor":6},{"not_picked":["Slimebound:TongueLash","Slimebound:Prepare"],"picked":"Slimebound:MassFeed","floor":8},{"not_picked":["Slimebound:GrowthPunch","Slimebound:ComboTackle"],"picked":"Slimebound:RainOfGoop","floor":12},{"not_picked":["Slimebound:ItLooksTasty","Slimebound:SamplingLick"],"picked":"Slimebound:PressTheAttack","floor":13},{"not_picked":["Slimebound:SplitLeeching","Slimebound:SlimeBrawl"],"picked":"Slimebound:RejuvenatingLick","floor":14},{"not_picked":["Slimebound:BestDefense","Slimebound:SamplingLick"],"picked":"Slimebound:Prepare","floor":15},{"not_picked":["Slimebound:Teamwork","Slimebound:Overexert"],"picked":"Slimebound:SelfFormingGoo","floor":16},{"not_picked":["Slimebound:SplitMire","Slimebound:GoopTackle"],"picked":"Slimebound:LeadByExample+1","floor":19},{"not_picked":["Slimebound:SlimeTap+1","Slimebound:LivingWall"],"picked":"Slimebound:GrowthPunch+1","floor":20},{"not_picked":["Slimebound:Repurpose","Slimebound:GoopTackle"],"picked":"Slimebound:ViciousTackle+1","floor":22},{"not_picked":["Slimebound:PressTheAttack","Slimebound:GoopSpray"],"picked":"Slimebound:GoopTackle","floor":23}],"player_experience":358738,"relics_obtained":[{"floor":4,"key":"Bag of Marbles"},{"floor":24,"key":"Potion Belt"}],"event_choices":[],"is_beta":false,"boss_relics":[{"not_picked":["Velvet Choker","Snecko Eye"],"picked":"Replay:Bronze Core"}],"items_purged_floors":[12],"is_endless":false,"potions_floor_spawned":[5,13,14,15,16,22,23],"killed_by":"Sentry and Sphere","ascension_level":0}}