{"host":"rl55h36hts1vjtzv","time":1611628392,"event":{"mods":["BaseMod","Colored Powertips","Minty Spire (QoL Compilation)","Relic Stats"],"gold_per_floor":[113,113,113,131,146,221,246,257,257,257,288,288,2,20,20,123,123,142,102,114,114,39,58,58,70,96,96,110,110,127,162,162,260,260,277,292,292,42,92,92,0,0,54,69,39,39,64,74,74,74],"floor_reached":51,"language":"ZHS","playtime":2750,"items_purged":["Strike_R","Defend_R"],"score":841,"play_id":"2e9182c3-e2c6-45fc-b975-440ab8e319bf","local_time":"20210126103312","is_ascension_mode":true,"campfire_choices":[{"floor":10.0,"key":"REST"},{"data":"Heavy Blade","floor":12.0,"key":"SMITH"},{"floor":15.0,"key":"REST"},{"floor":24.0,"key":"REST"},{"floor":27.0,"key":"REST"},{"floor":29.0,"key":"REST"},{"floor":32.0,"key":"REST"},{"data":"Inflame","floor":40.0,"key":"SMITH"},{"data":"Pummel","floor":42.0,"key":"SMITH"},{"data":"Sword Boomerang","floor":46.0,"key":"SMITH"},{"data":"Flex","floor":49.0,"key":"SMITH"}],"circlet_count":0,"master_deck":["Strike_R+1","Strike_R+1","Defend_R+1","Defend_R","Bash+1","Limit Break+1","Sword Boomerang+1","Heavy Blade+1","Headbutt","Cleave","Inflame+1","Limit Break+1","Pummel+1","Feed","Flex+1","Shrug It Off+1","Shrug It Off+1","Seeing Red+1"],"relics":["Burning Blood","Blood Vial","Nunchaku","Pantograph","DollysMirror","Runic Pyramid","Toy Ornithopter","Letter Opener","Empty Cage","ClockworkSouvenir","Unceasing Top","Red Mask","Juzu Bracelet","Shovel"],"acts_visited":["Exordium","TheCity","TheBeyond"],"potions_floor_usage":[50,50],"damage_taken":[{"damage":1.0,"enemies":"2 Louse","floor":1.0,"turns":3.0},{"damage":0.0,"enemies":"Cultist","floor":4.0,"turns":3.0},{"damage":7.0,"enemies":"Small Slimes","floor":5.0,"turns":3.0},{"damage":20.0,"enemies":"Gremlin Nob","floor":7.0,"turns":4.0},{"damage":13.0,"enemies":"2 Fungi Beasts","floor":8.0,"turns":3.0},{"damage":31.0,"enemies":"3 Sentries","floor":11.0,"turns":9.0},{"damage":22.0,"enemies":"Gremlin Gang","floor":14.0,"turns":4.0},{"damage":24.0,"enemies":"The Guardian","floor":16.0,"turns":7.0},{"damage":58.0,"enemies":"2 Thieves","floor":18.0,"turns":5.0},{"damage":12.0,"enemies":"Chosen","floor":20.0,"turns":3.0},{"damage":22.0,"enemies":"Snecko","floor":23.0,"turns":4.0},{"damage":19.0,"enemies":"Chosen and Byrds","floor":25.0,"turns":5.0},{"damage":38.0,"enemies":"Sentry and Sphere","floor":28.0,"turns":5.0},{"damage":32.0,"enemies":"Centurion and Healer","floor":30.0,"turns":5.0},{"damage":67.0,"enemies":"Book of Stabbing","floor":31.0,"turns":5.0},{"damage":24.0,"enemies":"Automaton","floor":33.0,"turns":6.0},{"damage":22.0,"enemies":"Orb Walker","floor":35.0,"turns":3.0},{"damage":51.0,"enemies":"3 Shapes","floor":36.0,"turns":4.0},{"damage":19.0,"enemies":"Mind Bloom Boss Battle","floor":39.0,"turns":4.0},{"damage":5.0,"enemies":"Jaw Worm Horde","floor":44.0,"turns":3.0},{"damage":48.0,"enemies":"Nemesis","floor":47.0,"turns":5.0},{"damage":0.0,"enemies":"Transient","floor":48.0,"turns":5.0},{"damage":51,"enemies":"Awakened One","floor":50,"turns":6}],"seed_played":"8275249290769537917","potions_obtained":[{"floor":5.0,"key":"FairyPotion"},{"floor":7.0,"key":"Swift Potion"},{"floor":8.0,"key":"Dexterity Potion"},{"floor":16.0,"key":"SpeedPotion"},{"floor":44.0,"key":"LiquidBronze"},{"floor":45.0,"key":"Fire Potion"},{"floor":45.0,"key":"PowerPotion"},{"floor":48.0,"key":"Strength Potion"}],"is_trial":false,"path_per_floor":["M","?","?","M","M","?","E","M","T","R","E","R","$","M","R","B",null,"M","?","M","?","$","M","R","M","T","R","M","R","M","E","R","B",null,"M","M","?","$","?","R","?","R","T","M","?","R","E","M","R","B",null],"character_chosen":"IRONCLAD","items_purchased":["Inflame","DollysMirror","BlessingOfTheForge","ClockworkSouvenir"],"campfire_rested":6,"item_purchase_floors":[13,13,13,38],"current_hp_per_floor":[80,64,64,70,69,58,44,39,39,63,40,40,40,26,50,59,80,31,31,27,27,27,16,41,33,33,59,32,59,38,13,41,55,95,79,36,83,83,70,70,70,70,70,76,76,76,41,54,54,41],"gold":74,"neow_bonus":"TRANSFORM_CARD","is_daily":false,"chose_seed":false,"campfire_upgraded":5,"win_rate":0.0,"timestamp":1611628392,"path_taken":["M","?","?","M","?","?","E","M","T","R","E","R","$","M","R","BOSS","M","?","?","?","$","M","R","M","T","R","M","R","M","E","R","BOSS","M","M","?","$","?","R","?","R","T","M","?","R","E","M","R","BOSS"],"items_purchased_type":["Card","Relic","Potion","Relic"],"build_version":"2020-12-22","purchased_purges":2,"victory":true,"max_hp_per_floor":[80,80,80,80,80,80,80,80,80,80,80,80,80,80,80,80,80,83,83,83,83,83,86,86,89,89,89,92,92,95,95,95,95,95,95,95,83,83,83,83,83,83,83,86,86,86,86,86,86,86],"relic_stats":{"Blood Vial":32,"Nunchaku":[12],"Shovel":0,"counters":[23,104],"Pantograph":75,"Juzu Bracelet":0,"Letter Opener":[31],"obtain_stats":[{"Juzu Bracelet":43,"Letter Opener":31,"Empty Cage":34,"Burning Blood":0,"ClockworkSouvenir":38,"Blood Vial":7,"Nunchaku":9,"Shovel":47,"DollysMirror":13,"Pantograph":11,"Red Mask":41,"Toy Ornithopter":26,"Unceasing Top":39,"Runic Pyramid":17},{"Juzu Bracelet":19,"Letter Opener":15,"Empty Cage":16,"Burning Blood":0,"ClockworkSouvenir":18,"Blood Vial":4,"Nunchaku":5,"Shovel":21,"DollysMirror":6,"Pantograph":6,"Red Mask":19,"Toy Ornithopter":12,"Unceasing Top":19,"Runic Pyramid":8},{"Juzu Bracelet":85,"Letter Opener":68,"Empty Cage":74,"Burning Blood":0,"ClockworkSouvenir":81,"Blood Vial":13,"Nunchaku":16,"Shovel":93,"DollysMirror":25,"Pantograph":25,"Red Mask":85,"Toy Ornithopter":53,"Unceasing Top":85,"Runic Pyramid":36}],"Burning Blood":133,"Toy Ornithopter":25,"Unceasing Top":[0]},"card_choices":[{"not_picked":["Havoc","Perfected Strike","Sentinel"],"picked":"SKIP","floor":1.0},{"not_picked":["Battle Trance","Disarm"],"picked":"Sword Boomerang","floor":4.0},{"not_picked":["True Grit","Rampage"],"picked":"Heavy Blade","floor":5.0},{"not_picked":["Fire Breathing","Dropkick"],"picked":"Headbutt","floor":7.0},{"not_picked":["Anger","Perfected Strike","Second Wind"],"picked":"SKIP","floor":8.0},{"not_picked":["Sever Soul","Carnage"],"picked":"Cleave","floor":11.0},{"not_picked":["Pommel Strike","Disarm"],"picked":"Pummel","floor":14.0},{"not_picked":["Impervious","Limit Break"],"picked":"Feed","floor":16.0},{"not_picked":["Twin Strike","Wild Strike","Pommel Strike"],"picked":"SKIP","floor":18.0},{"not_picked":["Carnage","Clothesline","Iron Wave"],"picked":"SKIP","floor":20.0},{"not_picked":["Iron Wave","Juggernaut","Warcry+1"],"picked":"SKIP","floor":23.0},{"not_picked":["Iron Wave","Heavy Blade","Ghostly Armor"],"picked":"SKIP","floor":25.0},{"not_picked":["Cleave","Ghostly Armor","Iron Wave"],"picked":"SKIP","floor":28.0},{"not_picked":["Dropkick+1","Burning Pact","Wild Strike"],"picked":"SKIP","floor":30.0},{"not_picked":["Iron Wave","Anger"],"picked":"Flex","floor":31.0},{"not_picked":["Perfected Strike+1","Twin Strike+1","Burning Pact+1"],"picked":"SKIP","floor":35.0},{"not_picked":["Iron Wave","Battle Trance+1"],"picked":"Shrug It Off+1","floor":36.0},{"not_picked":["Flex+1","Rage+1"],"picked":"Shrug It Off+1","floor":44.0},{"not_picked":["Rupture+1","Flame Barrier","Wild Strike"],"picked":"SKIP","floor":47.0},{"not_picked":["Blood for Blood","Entrench"],"picked":"Seeing Red+1","floor":48.0}],"player_experience":98467,"relics_obtained":[{"floor":7.0,"key":"Blood Vial"},{"floor":9.0,"key":"Nunchaku"},{"floor":11.0,"key":"Pantograph"},{"floor":26.0,"key":"Toy Ornithopter"},{"floor":31.0,"key":"Letter Opener"},{"floor":39.0,"key":"Unceasing Top"},{"floor":43.0,"key":"Juzu Bracelet"},{"floor":47.0,"key":"Shovel"}],"event_choices":[{"damage_healed":0.0,"max_hp_gain":0.0,"max_hp_loss":0.0,"gold_gain":0.0,"event_name":"Shining Light","player_choice":"Entered Light","floor":2.0,"gold_loss":0.0,"damage_taken":16.0,"cards_upgraded":["Defend_R","Limit Break"]},{"damage_healed":0.0,"max_hp_gain":0.0,"max_hp_loss":0.0,"gold_gain":0.0,"event_name":"Accursed Blacksmith","player_choice":"Forge","floor":3.0,"gold_loss":0.0,"damage_taken":0.0,"cards_upgraded":["Bash"]},{"damage_healed":0.0,"max_hp_gain":0.0,"max_hp_loss":0.0,"gold_gain":75.0,"event_name":"World of Goop","player_choice":"Gather Gold","floor":6.0,"gold_loss":0.0,"damage_taken":11.0},{"damage_healed":0.0,"max_hp_gain":0.0,"max_hp_loss":0.0,"gold_gain":0.0,"event_name":"Designer","player_choice":"Upgraded Two","floor":19.0,"gold_loss":40.0,"damage_taken":0.0,"cards_upgraded":["Strike_R","Strike_R"]},{"damage_healed":0.0,"max_hp_gain":0.0,"max_hp_loss":0.0,"gold_gain":0.0,"event_name":"Ghosts","player_choice":"Ignored","floor":21.0,"gold_loss":0.0,"damage_taken":0.0},{"damage_healed":83.0,"max_hp_gain":0.0,"max_hp_loss":12.0,"gold_gain":0.0,"event_name":"The Moai Head","player_choice":"Heal","floor":37.0,"gold_loss":0.0,"damage_taken":0.0},{"damage_healed":0.0,"max_hp_gain":0.0,"max_hp_loss":0.0,"gold_gain":0.0,"event_name":"MindBloom","player_choice":"Fight","floor":39.0,"gold_loss":0.0,"damage_taken":0.0},{"damage_healed":0.0,"max_hp_gain":0.0,"max_hp_loss":0.0,"gold_gain":0.0,"event_name":"Tomb of Lord Red Mask","player_choice":"Paid","floor":41.0,"gold_loss":92.0,"damage_taken":0.0,"relics_obtained":["Red Mask"]},{"damage_healed":0.0,"max_hp_gain":0.0,"max_hp_loss":0.0,"gold_gain":0.0,"event_name":"The Woman in Blue","player_choice":"Bought 2 Potions","floor":45.0,"gold_loss":0.0,"damage_taken":0.0}],"is_beta":false,"boss_relics":[{"not_picked":["Philosopher\u0027s Stone","Velvet Choker"],"picked":"Runic Pyramid"},{"not_picked":["SacredBark","Fusion Hammer"],"picked":"Empty Cage"}],"items_purged_floors":[22,38],"is_endless":false,"potions_floor_spawned":[5,7,8,16,20,23,28,31,44,48],"ascension_level":4}}