{"host":"aj7el8l5kufbk20z","time":1611655991,"event":{"mods":["AchievementEnabler","BaseMod","Colored Map","Colored Powertips","Curses Come First","Highlight Path","Minty Spire (QoL Compilation)","Permanent Neow","Poor People Problems","Quick Restart","Rare Cards Sparkle","Relic Stats","StSLib","SuperFastMode","Waifu the Spire"],"gold_per_floor":[212,232,157,232,232,260,260,291,291,441,460,494,509,139,139,216,266,276,288,119,139,466,466,498,511,534,562,575,589,604,629,629,708,708,723,741,554,570,589,589,589,589,614,614,628,402,402,402,402,402],"floor_reached":51,"language":"ZHS","playtime":3381,"items_purged":["Doubt","Strike_R","Strike_R","Strike_R","Bash"],"score":1504,"play_id":"c1966f53-dc66-47c8-8e1d-b09e9752115c","local_time":"20210126181311","is_ascension_mode":true,"campfire_choices":[{"data":"Flame Barrier","floor":7.0,"key":"SMITH"},{"data":"Metallicize","floor":15.0,"key":"SMITH"},{"data":"Metallicize","floor":23.0,"key":"SMITH"},{"data":"Berserk","floor":32.0,"key":"SMITH"},{"data":"Juggernaut","floor":40.0,"key":"SMITH"},{"data":"Metallicize","floor":42.0,"key":"SMITH"},{"data":"Metallicize","floor":44.0,"key":"SMITH"},{"data":"Entrench","floor":49.0,"key":"SMITH"}],"circlet_count":0,"master_deck":["AscendersBane","Strike_R+1","Defend_R","Defend_R","Defend_R","Defend_R","Flex","Flame Barrier+1","Spot Weakness","Entrench+1","Metallicize+1","Body Slam","Juggernaut+1","Metallicize+1","Heavy Blade","Ghostly Armor+1","Berserk+1","Intimidate+1","Apotheosis+1","Shrug It Off+1","Metallicize+1","Disarm+1","Battle Trance+1","Shrug It Off+1","Metallicize+1","Limit Break+1","True Grit+1"],"relics":["Burning Blood","Unceasing Top","Strawberry","Potion Belt","Blue Candle","Membership Card","Toxic Egg 2","Tiny House","Calipers","Centennial Puzzle","TungstenRod","Gambling Chip","Black Star","Omamori","Dream Catcher","Gremlin Horn"],"acts_visited":["Exordium","TheCity","TheBeyond"],"potions_floor_usage":[50,50,50],"damage_taken":[{"damage":6.0,"enemies":"Jaw Worm","floor":1.0,"turns":7.0},{"damage":5.0,"enemies":"Small Slimes","floor":2.0,"turns":4.0},{"damage":117.0,"enemies":"Gremlin Nob","floor":6.0,"turns":7.0},{"damage":55.0,"enemies":"3 Sentries","floor":8.0,"turns":16.0},{"damage":0.0,"enemies":"2 Louse","floor":11.0,"turns":2.0},{"damage":79.0,"enemies":"Gremlin Nob","floor":12.0,"turns":6.0},{"damage":10.0,"enemies":"2 Fungi Beasts","floor":13.0,"turns":4.0},{"damage":75.0,"enemies":"Hexaghost","floor":16.0,"turns":13.0},{"damage":37.0,"enemies":"3 Byrds","floor":18.0,"turns":5.0},{"damage":32.0,"enemies":"Shell Parasite","floor":19.0,"turns":8.0},{"damage":61.0,"enemies":"Sentry and Sphere","floor":21.0,"turns":8.0},{"damage":142.0,"enemies":"Gremlin Leader","floor":24.0,"turns":6.0},{"damage":57.0,"enemies":"Cultist and Chosen","floor":25.0,"turns":7.0},{"damage":43.0,"enemies":"Book of Stabbing","floor":27.0,"turns":5.0},{"damage":25.0,"enemies":"3 Cultists","floor":28.0,"turns":7.0},{"damage":13.0,"enemies":"Snecko","floor":29.0,"turns":6.0},{"damage":27.0,"enemies":"Chosen and Byrds","floor":30.0,"turns":8.0},{"damage":63.0,"enemies":"Gremlin Leader","floor":31.0,"turns":6.0},{"damage":0.0,"enemies":"Champ","floor":33.0,"turns":11.0},{"damage":7.0,"enemies":"Orb Walker","floor":35.0,"turns":6.0},{"damage":26.0,"enemies":"3 Darklings","floor":36.0,"turns":9.0},{"damage":34.0,"enemies":"Sphere and 2 Shapes","floor":38.0,"turns":7.0},{"damage":30.0,"enemies":"Writhing Mass","floor":39.0,"turns":6.0},{"damage":51.0,"enemies":"Jaw Worm Horde","floor":45.0,"turns":8.0},{"damage":27,"enemies":"Awakened One","floor":50,"turns":10}],"seed_played":"5106303603145936810","potions_obtained":[{"floor":2.0,"key":"SmokeBomb"},{"floor":6.0,"key":"BloodPotion"},{"floor":12.0,"key":"SpeedPotion"},{"floor":13.0,"key":"DistilledChaos"},{"floor":18.0,"key":"SteroidPotion"},{"floor":24.0,"key":"Ancient Potion"},{"floor":27.0,"key":"GamblersBrew"},{"floor":33.0,"key":"SpeedPotion"},{"floor":41.0,"key":"ColorlessPotion"},{"floor":41.0,"key":"SkillPotion"}],"is_trial":false,"path_per_floor":["M","M","?","?","?","E","R","E","T","?","M","E","M","$","R","B",null,"M","M","$","M","$","R","E","M","T","E","M","M","M","E","R","B",null,"M","M","$","M","M","R","?","R","T","R","M","$","?","?","R","B",null],"character_chosen":"IRONCLAD","items_purchased":["Membership Card","Toxic Egg 2","Body Slam","Ghostly Armor+1","Berserk","Apotheosis+1","Shrug It Off+1","Omamori","True Grit+1","Gremlin Horn"],"campfire_rested":0,"item_purchase_floors":[14,14,14,20,20,22,22,37,37,46],"current_hp_per_floor":[68,69,69,58,53,82,82,68,68,68,74,72,68,68,68,82,87,87,72,72,87,87,87,73,71,71,71,68,63,86,87,87,87,87,86,66,66,87,63,63,63,63,63,63,87,87,87,87,87,66],"gold":402,"neow_bonus":"HUNDRED_GOLD","is_daily":false,"chose_seed":false,"campfire_upgraded":8,"win_rate":0.0,"timestamp":1611655991,"path_taken":["M","M","?","?","?","E","R","E","T","?","?","E","M","$","R","BOSS","M","M","$","M","$","R","E","M","T","E","M","M","M","E","R","BOSS","M","M","$","M","M","R","?","R","T","R","?","$","?","?","R","BOSS"],"items_purchased_type":["Relic","Relic","Card","Card","Card","Card","Card","Relic","Card","Relic"],"build_version":"2020-12-22","purchased_purges":5,"victory":true,"max_hp_per_floor":[75,75,75,75,75,82,82,82,82,82,82,82,82,82,82,82,87,87,87,87,87,87,87,87,87,87,87,87,87,87,87,87,87,87,87,87,87,87,87,87,87,87,87,87,87,87,87,87,87,87],"relic_stats":{"Centennial Puzzle":[33],"Dream Catcher":0,"Gremlin Horn":[2,3],"counters":[25,182],"Blue Candle":[1],"Gambling Chip":[21],"Black Star":0,"obtain_stats":[{"Potion Belt":8,"Tiny House":17,"Calipers":24,"Gremlin Horn":46,"Blue Candle":12,"Omamori":37,"Burning Blood":0,"Centennial Puzzle":26,"Dream Catcher":43,"Strawberry":6,"Gambling Chip":31,"Black Star":34,"Membership Card":14,"Toxic Egg 2":14,"Unceasing Top":5,"TungstenRod":27},{"Potion Belt":4,"Tiny House":8,"Calipers":12,"Gremlin Horn":24,"Blue Candle":6,"Omamori":21,"Burning Blood":0,"Centennial Puzzle":13,"Dream Catcher":23,"Strawberry":3,"Gambling Chip":18,"Black Star":19,"Membership Card":7,"Toxic Egg 2":7,"Unceasing Top":2,"TungstenRod":14},{"Potion Belt":34,"Tiny House":59,"Calipers":86,"Gremlin Horn":172,"Blue Candle":42,"Omamori":151,"Burning Blood":0,"Centennial Puzzle":93,"Dream Catcher":164,"Strawberry":18,"Gambling Chip":125,"Black Star":136,"Membership Card":46,"Toxic Egg 2":46,"Unceasing Top":11,"TungstenRod":98}],"Burning Blood":105,"Unceasing Top":[7],"TungstenRod":35},"card_choices":[{"not_picked":["Iron Wave","Clothesline"],"picked":"Flex","floor":1.0},{"not_picked":["Armaments","Pommel Strike"],"picked":"Flame Barrier","floor":2.0},{"not_picked":["Searing Blow","Reaper","Flex"],"picked":"SKIP","floor":6.0},{"not_picked":["Combust","Hemokinesis"],"picked":"Spot Weakness","floor":8.0},{"not_picked":["Dark Embrace","Cleave"],"picked":"Entrench","floor":11.0},{"not_picked":["Spot Weakness","Fire Breathing"],"picked":"Metallicize","floor":12.0},{"not_picked":["Uppercut","Dropkick"],"picked":"Sword Boomerang","floor":13.0},{"not_picked":["Offering+1","Feed"],"picked":"Juggernaut","floor":16.0},{"not_picked":["Warcry+1","Hemokinesis"],"picked":"Metallicize","floor":17.0},{"not_picked":["Pommel Strike","Clothesline","Wild Strike"],"picked":"SKIP","floor":18.0},{"not_picked":["Anger","Wild Strike"],"picked":"Heavy Blade","floor":19.0},{"not_picked":["Thunderclap+1","Body Slam"],"picked":"Intimidate+1","floor":21.0},{"not_picked":["Pommel Strike","Heavy Blade","Exhume+1"],"picked":"SKIP","floor":24.0},{"not_picked":["Sword Boomerang","Carnage"],"picked":"Metallicize","floor":25.0},{"not_picked":["Infernal Blade+1","Exhume+1"],"picked":"Disarm+1","floor":27.0},{"not_picked":["Warcry+1","Perfected Strike"],"picked":"Battle Trance+1","floor":28.0},{"not_picked":["Sword Boomerang","Pummel"],"picked":"Shrug It Off+1","floor":29.0},{"not_picked":["Sever Soul","Inflame"],"picked":"Metallicize","floor":30.0},{"not_picked":["Wild Strike","Sever Soul","Body Slam"],"picked":"SKIP","floor":31.0},{"not_picked":["Bludgeon","Immolate"],"picked":"Limit Break+1","floor":33.0},{"not_picked":["Perfected Strike+1","Heavy Blade+1","Spot Weakness+1"],"picked":"SKIP","floor":35.0},{"not_picked":["Whirlwind","Armaments+1","Carnage"],"picked":"SKIP","floor":36.0},{"not_picked":["True Grit+1","Heavy Blade","Twin Strike+1"],"picked":"SKIP","floor":38.0},{"not_picked":["Heavy Blade","Pommel Strike","Sword Boomerang+1"],"picked":"SKIP","floor":39.0},{"not_picked":["Sword Boomerang","Power Through+1","Havoc+1"],"picked":"SKIP","floor":45.0}],"player_experience":399747,"relics_obtained":[{"floor":6.0,"key":"Strawberry"},{"floor":8.0,"key":"Potion Belt"},{"floor":12.0,"key":"Blue Candle"},{"floor":24.0,"key":"Calipers"},{"floor":26.0,"key":"Centennial Puzzle"},{"floor":27.0,"key":"TungstenRod"},{"floor":31.0,"key":"Gambling Chip"},{"floor":43.0,"key":"Dream Catcher"}],"event_choices":[{"cards_removed":["Strike_R"],"damage_healed":0.0,"max_hp_gain":0.0,"max_hp_loss":0.0,"gold_gain":0.0,"event_name":"The Cleric","player_choice":"Card Removal","floor":3.0,"gold_loss":75.0,"damage_taken":0.0},{"damage_healed":0.0,"max_hp_gain":0.0,"max_hp_loss":0.0,"gold_gain":75.0,"event_name":"World of Goop","player_choice":"Gather Gold","floor":4.0,"gold_loss":0.0,"damage_taken":11.0},{"damage_healed":0.0,"max_hp_gain":0.0,"max_hp_loss":0.0,"gold_gain":0.0,"event_name":"Scrap Ooze","player_choice":"Success","floor":5.0,"gold_loss":0.0,"damage_taken":5.0,"relics_obtained":["Unceasing Top"]},{"damage_healed":0.0,"max_hp_gain":0.0,"max_hp_loss":0.0,"gold_gain":150.0,"event_name":"Liars Game","player_choice":"AGREE","floor":10.0,"gold_loss":0.0,"damage_taken":0.0,"cards_obtained":["Doubt"]},{"damage_healed":0.0,"max_hp_gain":0.0,"max_hp_loss":0.0,"gold_gain":0.0,"event_name":"Lab","player_choice":"Got Potions","floor":41.0,"gold_loss":0.0,"damage_taken":0.0},{"cards_removed":["Sword Boomerang"],"damage_healed":0.0,"max_hp_gain":0.0,"max_hp_loss":0.0,"gold_gain":0.0,"event_name":"Falling","player_choice":"Removed Attack","floor":47.0,"gold_loss":0.0,"damage_taken":0.0},{"damage_healed":0.0,"max_hp_gain":0.0,"max_hp_loss":0.0,"gold_gain":0.0,"event_name":"Tomb of Lord Red Mask","player_choice":"Ignored","floor":48.0,"gold_loss":0.0,"damage_taken":0.0}],"is_beta":false,"boss_relics":[{"not_picked":["Snecko Eye","Ectoplasm"],"picked":"Tiny House"},{"not_picked":["Coffee Dripper","Runic Dome"],"picked":"Black Star"}],"items_purged_floors":[14,20,22,37,46],"is_endless":false,"potions_floor_spawned":[2,6,12,13,18,24,25,27,30,33,36,45],"ascension_level":18}}