{"host":"6q94iy5iz6612v89","time":1611703060,"event":{"mods":["2.2 Compatiblity","AchievementEnabler","BaseMod","Colored Map","DeckTracker","Keyboard Shortcuts","Marisa£¨Ùöéë¡¡Øª×âÞÞ£©","Minty Spire (QoL Compilation)","Permanent Neow","StSLib","SuperFastMode"],"gold_per_floor":[115,190,210,228,243,243,258,289,289,307,334,364,397,412,412,513,513,532,545,545,94,94,94,123,222,222,122,142,168,188,204,204,204,204],"floor_reached":33,"language":"KOR","playtime":830,"items_purged":["Strike_MRS","Strike_MRS"],"score":527,"play_id":"ebbbec26-afeb-4299-9a99-ae77a4d2c97c","local_time":"20210127081740","is_ascension_mode":true,"campfire_choices":[{"data":"MasterSpark","floor":6,"key":"SMITH"},{"floor":15,"key":"REST"},{"data":"Ghostly","floor":23,"key":"SMITH"},{"data":"PowerUp","floor":32,"key":"SMITH"}],"circlet_count":0,"master_deck":["AscendersBane","Strike_MRS","Strike_MRS","Defend_MRS","Defend_MRS","Defend_MRS","Defend_MRS","MasterSpark+1","UpSweep","UltimateShortwave+1","PowerUp+1","OortCloud","ShootTheMoon","GalacticHalo","UnstableBomb","AsteroidBelt","MagicChant+1","NonDirectionalLaser+1","AlicesGift+1","Master of Strategy+1","Ghostly","Ghostly","Ghostly","Ghostly+1","Ghostly","PowerUp"],"relics":["MiniHakkero","Mummified Hand","Molten Egg 2","Vajra","MagicBroom","Omamori","Sozu","Centennial Puzzle","War Paint","Happy Flower"],"acts_visited":["Exordium","TheCity"],"potions_floor_usage":[11,14,16],"damage_taken":[{"damage":0,"enemies":"Small Slimes","floor":1,"turns":3},{"damage":3,"enemies":"2 Louse","floor":3,"turns":3},{"damage":0,"enemies":"Cultist","floor":4,"turns":3},{"damage":3,"enemies":"Blue Slaver","floor":5,"turns":4},{"damage":7,"enemies":"3 Louse","floor":7,"turns":3},{"damage":2,"enemies":"Lagavulin","floor":8,"turns":6},{"damage":0,"enemies":"Large Slime","floor":10,"turns":4},{"damage":18,"enemies":"Gremlin Nob","floor":11,"turns":3},{"damage":15,"enemies":"3 Sentries","floor":13,"turns":7},{"damage":8,"enemies":"Gremlin Gang","floor":14,"turns":4},{"damage":2,"enemies":"The Guardian","floor":16,"turns":12},{"damage":15,"enemies":"Shell Parasite","floor":18,"turns":6},{"damage":6,"enemies":"Spheric Guardian","floor":19,"turns":3},{"damage":2,"enemies":"Book of Stabbing","floor":24,"turns":6},{"damage":0,"enemies":"Snake Plant","floor":28,"turns":4},{"damage":0,"enemies":"Centurion and Healer","floor":30,"turns":6},{"damage":0,"enemies":"Shelled Parasite and Fungi","floor":31,"turns":5},{"damage":42,"enemies":"Automaton","floor":33,"turns":6}],"seed_played":"1011098946749910264","potions_obtained":[{"floor":3,"key":"Swift Potion"},{"floor":4,"key":"FearPotion"},{"floor":11,"key":"Block Potion"},{"floor":13,"key":"FearPotion"}],"is_trial":false,"path_per_floor":["M","?","M","M","M","R","M","E","T","M","E","?","E","M","R","B",null,"M","M","?","$","?","R","E","?","T","$","M","T","M","M","R","B"],"character_chosen":"MARISA","items_purchased":["AlicesGift+1","Centennial Puzzle","Master of Strategy"],"campfire_rested":1,"item_purchase_floors":[21,21,21],"current_hp_per_floor":[68,57,54,54,51,51,44,42,42,42,24,24,9,1,23,21,62,47,41,41,41,37,37,35,35,35,35,35,35,35,35,35,0,0],"gold":204,"neow_bonus":"ONE_RANDOM_RARE_CARD","is_daily":false,"chose_seed":false,"campfire_upgraded":3,"win_rate":0.0,"timestamp":1611703060,"path_taken":["M","?","M","M","M","R","M","E","T","M","E","?","E","M","R","BOSS","M","M","?","$","?","R","E","?","T","$","M","?","M","M","R","BOSS"],"items_purchased_type":["Card","Relic","Card"],"build_version":"2020-12-22","purchased_purges":2,"victory":false,"max_hp_per_floor":[75,75,75,75,75,75,75,75,75,75,75,75,75,75,75,75,75,75,75,75,75,37,37,37,37,37,37,37,37,37,37,37,37,37],"card_choices":[{"not_picked":["DoubleSpark","UnstableBomb"],"picked":"PowerUp","floor":1},{"not_picked":["OneTimeOff","AsteroidBelt"],"picked":"OortCloud","floor":3},{"not_picked":["Robbery","BlazeAway"],"picked":"ShootTheMoon","floor":4},{"not_picked":["PowerUp","LuminesStrike"],"picked":"GalacticHalo","floor":5},{"not_picked":["BlazingStar","MeteoricShower","DoubleSpark"],"picked":"SKIP","floor":7},{"not_picked":["BlazingStar","MeteoricShower","DoubleSpark"],"picked":"SKIP","floor":7},{"not_picked":["DarkSpark","OrrerysSun"],"picked":"UnstableBomb","floor":8},{"not_picked":["StarlightTyphoon","Acceleration","SporeBomb"],"picked":"SKIP","floor":10},{"not_picked":["LuminesStrike+1","Occultation"],"picked":"AsteroidBelt","floor":11},{"not_picked":["ShootTheMoon+1","PowerUp","ShootingEcho+1"],"picked":"SKIP","floor":13},{"not_picked":["ShootTheMoon+1","PowerUp","ShootingEcho+1"],"picked":"SKIP","floor":13},{"not_picked":["BlazingStar+1","WitchOfGreed","Acceleration"],"picked":"SKIP","floor":14},{"not_picked":["Acceleration","MysteriousBeam+1"],"picked":"MagicChant+1","floor":18},{"not_picked":["EventHorizon","WitchLeyline+1","NonDirectionalLaser+1"],"picked":"SKIP","floor":19},{"not_picked":["EventHorizon","WitchLeyline+1"],"picked":"NonDirectionalLaser+1","floor":19},{"not_picked":["BigCrunch","ManaConvection","WitchOfGreed+1"],"picked":"SKIP","floor":24},{"not_picked":["PulseMagic","ManaConvection","ShootTheMoon+1"],"picked":"SKIP","floor":28},{"not_picked":["MagicChant","EventHorizon","PropBag"],"picked":"SKIP","floor":30},{"not_picked":["Occultation","ShootTheMoon+1"],"picked":"PowerUp","floor":31}],"player_experience":1502147,"relics_obtained":[{"floor":8,"key":"Mummified Hand"},{"floor":9,"key":"Molten Egg 2"},{"floor":11,"key":"Vajra"},{"floor":13,"key":"Omamori"},{"floor":24,"key":"War Paint"},{"floor":29,"key":"Happy Flower"}],"event_choices":[{"damage_healed":0,"gold_gain":75,"player_choice":"Gather Gold","damage_taken":11,"max_hp_gain":0,"max_hp_loss":0,"event_name":"World of Goop","floor":2,"gold_loss":0},{"damage_healed":0,"gold_gain":30,"player_choice":"Searched \u00272\u0027 times","damage_taken":0,"relics_obtained":["MagicBroom"],"max_hp_gain":0,"max_hp_loss":0,"event_name":"Dead Adventurer","floor":12,"gold_loss":0},{"damage_healed":0,"gold_gain":0,"player_choice":"Ignored","damage_taken":0,"max_hp_gain":0,"max_hp_loss":0,"event_name":"The Mausoleum","floor":20,"gold_loss":0},{"damage_healed":0,"gold_gain":0,"player_choice":"Became a Ghost","damage_taken":0,"max_hp_gain":0,"max_hp_loss":38,"event_name":"Ghosts","floor":22,"gold_loss":0,"cards_obtained":["Ghostly","Ghostly","Ghostly","Ghostly","Ghostly"]},{"damage_healed":0,"gold_gain":99,"player_choice":"Stole From Cult","damage_taken":0,"max_hp_gain":0,"max_hp_loss":0,"event_name":"Nest","floor":25,"gold_loss":0}],"is_beta":false,"boss_relics":[{"not_picked":["Snecko Eye","Pandora\u0027s Box"],"picked":"Sozu"}],"items_purged_floors":[21,27],"is_endless":false,"potions_floor_spawned":[3,4,5,11,13,19,24,31],"killed_by":"Automaton","ascension_level":12}}