{"host":"h2977v3ax51ohsow","time":1611661951,"event":{"mods":["Act Like it!","BaseMod","CapriCore","Colored Powertips","Koishi","Marisa（F雨　魔理沙）","Minty Spire (QoL Compilation)","Remilia（蕾米莉亚）","StSLib","The Immortal","WarShipGirlsR/战舰少女R mod","Yakumo Yukari mod"],"gold_per_floor":[118,136,150,164,239,267,267,298,321,369,14,14,32,51,51,163,163,191,220,10,68,126,170,170,234,288,359,359,359,73,106,106,257,257,273,287,349,8,37,108,167,167,219,281,293,317,376,388,400,472,484,496,6,31,47],"floor_reached":56,"language":"ZHS","playtime":7211,"items_purged":["WitchOfGreed"],"score":1488,"play_id":"250d1924-66aa-47a6-81ee-c7b6d4727e0e","local_time":"20210126195231","is_ascension_mode":true,"campfire_choices":[{"floor":7,"key":"REST"},{"floor":15,"key":"REST"},{"data":"FinalSpark","floor":24,"key":"SMITH"},{"data":"EarthLightRay","floor":29,"key":"SMITH"},{"data":"CasketOfStar","floor":32,"key":"SMITH"},{"data":"MaximisePower","floor":42,"key":"SMITH"},{"data":"ManaRampage","floor":45,"key":"SMITH"},{"floor":49,"key":"RECALL"},{"data":"MysteriousBeam","floor":52,"key":"SMITH"}],"circlet_count":0,"master_deck":["Strike_MRS+1","Strike_MRS","Strike_MRS+1","Defend_MRS","Defend_MRS","Defend_MRS","Defend_MRS","MasterSpark","UpSweep","CasketOfStar+1","PulseMagic","MilkyWay","Singularity","PowerUp","MysteriousBeam+1","AsteroidBelt","OortCloud","IllusionStar","TreasureHunter","IllusionStar+1","Robbery+1","FinalSpark+1","PowerUp","EarthLightRay+1","MysteriousBeam","MeteoricShower","UltimateShortwave","IllusionStar","MagicChant","ManaRampage+1","SuperPerseids+1","PowerUp+1","Parasite","MysteriousBeam+1","SuperPerseids+1","GasGiant+1","MaximisePower+1","MilkyWay+1","GravityBeat+1","MysteriousBeam+1","IllusionStar","EventHorizon+1"],"relics":["MiniHakkero","Ornamental Fan","Whetstone","Ancient Tea Set","SimpleLauncher","Philosopher\u0027s Stone","Red Mask","Lizard Tail","MealTicket","Blood Vial","Happy Flower","Enchiridion","MagicBroom","SlaversCollar","Thread and Needle","Bag of Preparation","Question Card","MawBank","Mummified Hand","PreservedInsect","Strawberry","Bronze Scales","Bag of Marbles"],"acts_visited":["Exordium","TheCity","TheBeyond","TheEnding"],"potions_floor_usage":[6,6,8,10,14,19,21,22,23,23,27,27,35,35,37,40,44,50,55,55,55],"damage_taken":[{"damage":0,"enemies":"Small Slimes","floor":1,"turns":3},{"damage":0,"enemies":"Cultist","floor":2,"turns":4},{"damage":0,"enemies":"2 Louse","floor":3,"turns":2},{"damage":11,"enemies":"Exordium Wildlife","floor":4,"turns":5},{"damage":12,"enemies":"3 Sentries","floor":6,"turns":5},{"damage":14,"enemies":"Lots of Slimes","floor":8,"turns":4},{"damage":10,"enemies":"Lagavulin","floor":10,"turns":5},{"damage":2,"enemies":"Looter","floor":13,"turns":3},{"damage":0,"enemies":"3 Louse","floor":14,"turns":2},{"damage":5,"enemies":"Slime Boss","floor":16,"turns":8},{"damage":1,"enemies":"Shell Parasite","floor":18,"turns":3},{"damage":3,"enemies":"Chosen","floor":19,"turns":5},{"damage":0,"enemies":"Masked Bandits","floor":21,"turns":2},{"damage":9,"enemies":"3 Cultists","floor":22,"turns":6},{"damage":13,"enemies":"Slavers","floor":23,"turns":10},{"damage":13,"enemies":"Book of Stabbing","floor":25,"turns":5},{"damage":3,"enemies":"Gremlin Leader","floor":27,"turns":4},{"damage":1,"enemies":"Centurion and Healer","floor":31,"turns":5},{"damage":14,"enemies":"Automaton","floor":33,"turns":4},{"damage":3,"enemies":"Orb Walker","floor":35,"turns":2},{"damage":1,"enemies":"3 Shapes","floor":36,"turns":2},{"damage":25,"enemies":"Writhing Mass","floor":37,"turns":5},{"damage":0,"enemies":"4 Shapes","floor":39,"turns":5},{"damage":11,"enemies":"Nemesis","floor":40,"turns":5},{"damage":4,"enemies":"Maw","floor":41,"turns":5},{"damage":10,"enemies":"Reptomancer","floor":44,"turns":5},{"damage":0,"enemies":"Jaw Worm Horde","floor":46,"turns":3},{"damage":0,"enemies":"Nemesis","floor":47,"turns":3},{"damage":45,"enemies":"Awakened One","floor":50,"turns":8},{"damage":0,"enemies":"Shield and Spear","floor":54,"turns":1},{"damage":54,"enemies":"The Heart","floor":55,"turns":4}],"seed_played":"5708023049549793083","potions_obtained":[{"floor":2,"key":"Explosive Potion"},{"floor":3,"key":"SkillPotion"},{"floor":4,"key":"PowerPotion"},{"floor":8,"key":"SpeedPotion"},{"floor":8,"key":"EssenceOfSteel"},{"floor":10,"key":"Explosive Potion"},{"floor":16,"key":"SmokeBomb"},{"floor":18,"key":"ColorlessPotion"},{"floor":18,"key":"DistilledChaos"},{"floor":19,"key":"Swift Potion"},{"floor":21,"key":"FearPotion"},{"floor":21,"key":"SteroidPotion"},{"floor":22,"key":"Block Potion"},{"floor":23,"key":"Strength Potion"},{"floor":25,"key":"DistilledChaos"},{"floor":27,"key":"Fire Potion"},{"floor":31,"key":"ShroomBrew"},{"floor":36,"key":"Strength Potion"},{"floor":37,"key":"GamblersBrew"},{"floor":37,"key":"DuplicationPotion"},{"floor":40,"key":"Fire Potion"},{"floor":44,"key":"Dexterity Potion"},{"floor":46,"key":"EssenceOfSteel"},{"floor":47,"key":"Ancient Potion"}],"is_trial":false,"path_per_floor":["M","M","M","M","?","E","R","M","T","E","$","?","M","M","R","B",null,"M","M","$","?","M","E","R","E","T","E","?","R","$","M","R","B",null,"M","M","M","$","M","E","M","R","T","E","R","M","E","$","R","B",null,"R","$","E","B",null],"character_chosen":"MARISA","items_purchased":["OortCloud","SimpleLauncher","FinalSpark","PowerUp","EarthLightRay","MagicBroom","Thread and Needle","PowerPotion","Strawberry","Bronze Scales","EssenceOfSteel","IllusionStar"],"campfire_rested":2,"item_purchase_floors":[11,11,20,20,20,30,38,38,53,53,53,53],"current_hp_per_floor":[54,54,54,43,32,20,42,28,28,18,18,18,16,16,38,33,75,74,71,71,75,70,61,61,52,52,55,39,39,54,61,61,55,75,72,73,56,71,75,70,71,71,71,69,69,71,75,75,75,30,75,75,82,82,34],"gold":47,"neow_bonus":"THREE_RARE_CARDS","is_daily":false,"chose_seed":false,"campfire_upgraded":6,"win_rate":0.0,"timestamp":1611661951,"path_taken":["M","M","M","M","?","E","R","M","T","E","$","?","?","?","R","BOSS","M","?","$","?","M","E","R","E","T","E","?","R","$","M","R","BOSS","M","M","M","$","M","E","M","R","T","E","R","M","E","$","R","BOSS","R","$","E","BOSS"],"items_purchased_type":["Card","Relic","Card","Card","Card","Relic","Relic","Potion","Relic","Relic","Potion","Card"],"build_version":"2020-12-22","purchased_purges":1,"victory":true,"max_hp_per_floor":[75,75,75,75,75,75,75,75,75,75,75,75,75,75,75,75,75,75,75,75,75,75,75,75,75,75,75,75,75,75,75,75,75,75,75,75,75,75,75,75,75,75,75,75,75,75,75,75,75,75,75,75,82,82,82],"card_choices":[{"not_picked":["MaximisePower","SatelliteIllusion"],"picked":"CasketOfStar","floor":0},{"not_picked":["IllusionStar","DoubleSpark"],"picked":"PulseMagic","floor":1},{"not_picked":["PropBag","ShootingEcho"],"picked":"MilkyWay","floor":2},{"not_picked":["DeepEcoloBomb","Robbery"],"picked":"Singularity","floor":3},{"not_picked":["UnstableBomb","Occultation"],"picked":"PowerUp","floor":4},{"not_picked":["MysteriousBeam","DC"],"picked":"WitchOfGreed","floor":6},{"not_picked":["StarlightTyphoon","OneTimeOff"],"picked":"MysteriousBeam","floor":8},{"not_picked":["OrrerysSun","WitchLeyline"],"picked":"AsteroidBelt","floor":10},{"not_picked":["TreasureHunter","GalacticHalo"],"picked":"IllusionStar","floor":13},{"not_picked":["ShootingEcho","DC","SporeBomb"],"picked":"SKIP","floor":14},{"not_picked":["FinalSpark","JA"],"picked":"TreasureHunter","floor":16},{"not_picked":["MilkyWay","DC"],"picked":"IllusionStar+1","floor":18},{"not_picked":["DoubleSpark","WitchOfGreed"],"picked":"Robbery+1","floor":19},{"not_picked":["UnstableBomb","Occultation"],"picked":"MysteriousBeam","floor":22},{"not_picked":["LuminesStrike","Acceleration"],"picked":"MeteoricShower","floor":23},{"not_picked":["SporeBomb+1","WitchOfGreed+1"],"picked":"UltimateShortwave","floor":25},{"not_picked":["GalacticHalo","CasketOfStar"],"picked":"IllusionStar","floor":27},{"not_picked":["DC","MysteriousBeam"],"picked":"MagicChant","floor":31},{"not_picked":["UltimateShortwave","JA"],"picked":"ManaRampage","floor":33},{"not_picked":["DarkSpark","BlazeAway"],"picked":"SuperPerseids+1","floor":35},{"not_picked":["GalacticHalo+1","NonDirectionalLaser+1"],"picked":"PowerUp+1","floor":36},{"not_picked":["DeepEcoloBomb","ChargingUp"],"picked":"MysteriousBeam+1","floor":37},{"not_picked":["ManaConvection","MilkyWay+1"],"picked":"SuperPerseids+1","floor":39},{"not_picked":["SprinkleStarSeal","6A"],"picked":"GasGiant+1","floor":40},{"not_picked":["UnstableBomb+1","WitchLeyline+1","DoubleSpark+1"],"picked":"MaximisePower","floor":41},{"not_picked":["DoubleSpark","LuminesStrike","JA"],"picked":"MilkyWay+1","floor":44},{"not_picked":["Acceleration","PowerUp","EnergyRecoil+1"],"picked":"GravityBeat+1","floor":46},{"not_picked":["GalacticHalo+1","DC+1","DoubleSpark"],"picked":"MysteriousBeam+1","floor":47},{"not_picked":["Orbital+1","Robbery+1","MysteriousBeam"],"picked":"EventHorizon+1","floor":54}],"player_experience":74090,"relics_obtained":[{"floor":6,"key":"Ornamental Fan"},{"floor":9,"key":"Whetstone"},{"floor":10,"key":"Ancient Tea Set"},{"floor":21,"key":"Red Mask"},{"floor":23,"key":"Lizard Tail"},{"floor":23,"key":"MealTicket"},{"floor":25,"key":"Blood Vial"},{"floor":27,"key":"Happy Flower"},{"floor":28,"key":"Enchiridion"},{"floor":40,"key":"Bag of Preparation"},{"floor":40,"key":"Question Card"},{"floor":43,"key":"MawBank"},{"floor":44,"key":"Mummified Hand"},{"floor":47,"key":"PreservedInsect"},{"floor":54,"key":"Bag of Marbles"}],"event_choices":[{"damage_healed":0,"gold_gain":75,"player_choice":"Gather Gold","damage_taken":11,"max_hp_gain":0,"max_hp_loss":0,"event_name":"World of Goop","floor":5,"gold_loss":0},{"cards_removed":["Strike_MRS"],"damage_healed":0,"gold_gain":0,"player_choice":"Card Removal","damage_taken":0,"max_hp_gain":0,"max_hp_loss":0,"event_name":"Wheel of Change","floor":12,"gold_loss":0},{"damage_healed":0,"gold_gain":0,"player_choice":"Fought Bandits","damage_taken":0,"max_hp_gain":0,"max_hp_loss":0,"event_name":"Masked Bandits","floor":21,"gold_loss":0},{"damage_healed":0,"gold_gain":0,"player_choice":"Obtained Book","damage_taken":16,"max_hp_gain":0,"max_hp_loss":0,"event_name":"Cursed Tome","floor":28,"gold_loss":0}],"is_beta":false,"boss_relics":[{"not_picked":["Tiny House","Runic Pyramid"],"picked":"Philosopher\u0027s Stone"},{"not_picked":["Calling Bell","Snecko Eye"],"picked":"SlaversCollar"}],"items_purged_floors":[53],"is_endless":false,"potions_floor_spawned":[2,3,4,8,18,21,22,27,36,37,44,46],"ascension_level":1}}