{"host":"l4kdldlios54gl54","time":1611701862,"event":{"mods":["AchievementEnabler","BaseMod","Colored Map","Colored Powertips","Minty Spire (QoL Compilation)","Random Character Button"],"gold_per_floor":[115,115,40,54,54,90,90,90,114,114,134,134,155,173,173,262,262,282,282,282,48,68,68,99,99,124,124,140,160,160,174,174,174,174],"floor_reached":33,"language":"ENG","playtime":903,"items_purged":["Strike_R","Bash"],"score":580,"play_id":"b9b95900-5ae9-4c4f-b815-d081723e56f7","local_time":"20210126235742","is_ascension_mode":true,"campfire_choices":[{"data":"Hemokinesis","floor":10,"key":"SMITH"},{"data":"Hemokinesis","floor":15,"key":"SMITH"},{"floor":23,"key":"REST"},{"floor":25,"key":"REST"},{"floor":27,"key":"RECALL"},{"floor":32,"key":"REST"}],"circlet_count":0,"master_deck":["AscendersBane","Strike_R+1","Strike_R+1","Strike_R+1","Defend_R+1","Defend_R+1","Defend_R+1","Defend_R+1","Hemokinesis+1","Demon Form+1","Hemokinesis+1","Offering","Battle Trance","Fire Breathing+1"],"relics":["Burning Blood","NeowsBlessing","Bloody Idol","Anchor","Ancient Tea Set","Bronze Scales","Fusion Hammer","Ginger","Bag of Preparation"],"acts_visited":["Exordium","TheCity"],"potions_floor_usage":[16,24,33,33],"damage_taken":[{"damage":0,"enemies":"Small Slimes","floor":1,"turns":1},{"damage":0,"enemies":"Jaw Worm","floor":4,"turns":1},{"damage":2,"enemies":"3 Sentries","floor":6,"turns":2},{"damage":0,"enemies":"2 Louse","floor":11,"turns":2},{"damage":11,"enemies":"Large Slime","floor":13,"turns":5},{"damage":3,"enemies":"2 Fungi Beasts","floor":14,"turns":4},{"damage":56,"enemies":"The Guardian","floor":16,"turns":9},{"damage":11,"enemies":"3 Byrds","floor":18,"turns":3},{"damage":15,"enemies":"Shell Parasite","floor":22,"turns":3},{"damage":15,"enemies":"Slavers","floor":24,"turns":3},{"damage":10,"enemies":"Chosen and Byrds","floor":28,"turns":3},{"damage":18,"enemies":"Centurion and Healer","floor":29,"turns":4},{"damage":18,"enemies":"3 Cultists","floor":31,"turns":4},{"damage":106,"enemies":"Collector","floor":33,"turns":7}],"seed_played":"4432951557682865695","potions_obtained":[{"floor":1,"key":"Strength Potion"},{"floor":11,"key":"Block Potion"},{"floor":16,"key":"EssenceOfSteel"},{"floor":24,"key":"Regen Potion"},{"floor":29,"key":"Strength Potion"}],"is_trial":false,"path_per_floor":["M","?","$","M","?","E","?","?","T","R","M","?","M","M","R","B",null,"M","$","?","$","M","R","E","R","T","R","M","M","?","M","R","B"],"character_chosen":"IRONCLAD","items_purchased":["Battle Trance","AttackPotion"],"campfire_rested":3,"item_purchase_floors":[21,21],"current_hp_per_floor":[74,68,68,68,73,73,66,55,55,55,61,61,56,59,59,9,57,52,52,52,52,43,64,55,73,73,73,69,57,57,50,71,0,0],"gold":174,"neow_bonus":"THREE_ENEMY_KILL","is_daily":false,"chose_seed":false,"campfire_upgraded":2,"win_rate":0.0,"timestamp":1611701862,"path_taken":["M","?","$","M","?","E","?","?","T","R","M","?","?","M","R","BOSS","M","$","?","$","M","R","E","R","T","R","M","M","?","M","R","BOSS"],"items_purchased_type":["Card","Potion"],"build_version":"2020-12-22","purchased_purges":2,"victory":false,"max_hp_per_floor":[75,68,68,68,73,73,73,73,73,73,73,73,73,73,73,73,73,73,73,73,73,73,73,73,73,73,73,73,73,73,73,73,73,73],"card_choices":[{"not_picked":["Fire Breathing","Uppercut"],"picked":"Hemokinesis","floor":1},{"not_picked":["Uppercut","Bloodletting","Warcry"],"picked":"SKIP","floor":4},{"not_picked":["True Grit","Body Slam"],"picked":"Demon Form","floor":6},{"not_picked":["Intimidate","Blood for Blood","Body Slam"],"picked":"SKIP","floor":11},{"not_picked":["Perfected Strike","Thunderclap","Cleave"],"picked":"SKIP","floor":13},{"not_picked":["Bludgeon","Reckless Charge"],"picked":"Hemokinesis","floor":14},{"not_picked":["Juggernaut","Bludgeon"],"picked":"Offering","floor":16},{"not_picked":["Wild Strike","Twin Strike","Clash+1"],"picked":"SKIP","floor":18},{"not_picked":["Pommel Strike","Perfected Strike","True Grit"],"picked":"SKIP","floor":22},{"not_picked":["Headbutt","Searing Blow"],"picked":"Fire Breathing+1","floor":24},{"not_picked":["Uppercut","Pommel Strike","Sentinel"],"picked":"SKIP","floor":28},{"not_picked":["Iron Wave","Brutality","Thunderclap"],"picked":"SKIP","floor":29},{"not_picked":["Inflame","Wild Strike","Warcry"],"picked":"SKIP","floor":31}],"player_experience":891133,"relics_obtained":[{"floor":6,"key":"Anchor"},{"floor":9,"key":"Bronze Scales"},{"floor":24,"key":"Ginger"},{"floor":26,"key":"Bag of Preparation"}],"event_choices":[{"damage_healed":0,"gold_gain":0,"player_choice":"Lose Max HP","damage_taken":0,"relics_obtained":["Golden Idol"],"max_hp_gain":0,"max_hp_loss":7,"event_name":"Golden Idol","floor":2,"gold_loss":0},{"damage_healed":0,"gold_gain":0,"player_choice":"Donut","damage_taken":0,"max_hp_gain":5,"max_hp_loss":0,"event_name":"Big Fish","floor":5,"gold_loss":0},{"cards_removed":["Strike_R"],"damage_healed":0,"gold_gain":0,"player_choice":"Card Removal","damage_taken":7,"max_hp_gain":0,"max_hp_loss":0,"event_name":"Golden Wing","floor":7,"gold_loss":0},{"damage_healed":0,"gold_gain":0,"player_choice":"Success","damage_taken":11,"relics_obtained":["Ancient Tea Set"],"max_hp_gain":0,"max_hp_loss":0,"event_name":"Scrap Ooze","floor":8,"gold_loss":0},{"damage_healed":0,"gold_gain":0,"player_choice":"Upgraded","damage_taken":0,"max_hp_gain":0,"max_hp_loss":0,"event_name":"Upgrade Shrine","floor":12,"gold_loss":0,"cards_upgraded":["Demon Form"]},{"damage_healed":0,"gold_gain":0,"player_choice":"Simplicity","damage_taken":0,"max_hp_gain":0,"max_hp_loss":0,"event_name":"Back to Basics","floor":20,"gold_loss":0,"cards_upgraded":["Strike_R","Strike_R","Strike_R","Defend_R","Defend_R","Defend_R","Defend_R"]},{"damage_healed":0,"gold_gain":0,"player_choice":"Gave Idol","damage_taken":0,"relics_obtained":["Bloody Idol"],"max_hp_gain":0,"max_hp_loss":0,"event_name":"Forgotten Altar","floor":30,"relics_lost":["Golden Idol"],"gold_loss":0}],"is_beta":false,"boss_relics":[{"not_picked":["Runic Dome","Empty Cage"],"picked":"Fusion Hammer"}],"items_purged_floors":[3,21],"is_endless":false,"potions_floor_spawned":[1,11,14,16,24,29,31],"killed_by":"Collector","ascension_level":20}}