{"host":"ws1rigs6jhqnf67d","time":1611668484,"event":{"mods":["100% Spire Juice","BaseMod","Friendly Minions","KinomotoSakuraMod(ƒæ÷Æ±æ”£)","Kiyohime£®«Âºß£©","Lobotomy","LobotomyExtend","Marisa£®ÏF”Í°°ƒß¿Ì…≥£©","Minty Spire (QoL Compilation)","Remilia£®¿Ÿ√◊¿Ú—«£©","StSLib","The Bug Knight","The Senshi","Youmu£®ªÍ∆«—˝√Œ£©","[IsaacMod]“‘»ˆº‚À˛"],"gold_per_floor":[109,109,124,143,160,160,188,168,192,226,226,55,73,92,92,92,92],"floor_reached":16,"language":"ZHS","playtime":481,"items_purged":[],"score":260,"play_id":"6cc08d81-0fd2-4ac4-ad8d-2a37ca9ce29c","local_time":"20210126214124","is_ascension_mode":true,"campfire_choices":[{"data":"SpellCardSeal","floor":6,"key":"SMITH"},{"floor":11,"key":"REST"},{"data":"ClowCardTheSword","floor":15,"key":"SMITH"}],"circlet_count":0,"master_deck":["SakuraCardTheShield+","AscendersBane","ClowCardTheSword","ClowCardTheSword","ClowCardTheSword+1","ClowCardTheSword","ClowCardTheShield","ClowCardTheShield","ClowCardTheShield","SpellCardSeal+1","SpellCardRelease","Clumsy"],"relics":["KSMOD_SealedBook","KSMOD_SealedWand","HushsDoor","GuppysHead","DeathBook","LetterFromLob","Dream Catcher","Oddly Smooth Stone","Strawberry","ClockworkSouvenir"],"acts_visited":["Exordium"],"potions_floor_usage":[16],"damage_taken":[{"damage":0,"enemies":"Cultist","floor":1,"turns":3},{"damage":0,"enemies":"Small Slimes","floor":3,"turns":3},{"damage":7,"enemies":"Jaw Worm","floor":4,"turns":3},{"damage":17,"enemies":"Lots of Slimes","floor":5,"turns":3},{"damage":0,"enemies":"3 Sentries","floor":7,"turns":2},{"damage":20,"enemies":"Lagavulin","floor":10,"turns":4},{"damage":5,"enemies":"Exordium Wildlife","floor":13,"turns":4},{"damage":1,"enemies":"3 Louse","floor":14,"turns":3},{"damage":41,"enemies":"Hexaghost","floor":16,"turns":11}],"seed_played":"6647606228252548251","potions_obtained":[{"floor":1,"key":"LiquidBronze"},{"floor":5,"key":"Dexterity Potion"}],"is_trial":false,"path_per_floor":["M","?","M","M","M","R","E","?","T","E","R","$","M","M","R","B"],"character_chosen":"KINOMOTOSAKURA","items_purchased":["ClockworkSouvenir"],"campfire_rested":1,"item_purchase_floors":[12],"current_hp_per_floor":[59,59,59,52,35,35,35,35,35,22,43,43,38,37,37,0,0],"gold":92,"neow_bonus":"ONE_RARE_RELIC","is_daily":false,"chose_seed":false,"campfire_upgraded":2,"win_rate":0.0,"timestamp":1611668484,"path_taken":["M","?","M","M","M","R","E","?","T","E","R","$","M","M","R","BOSS"],"items_purchased_type":["Relic"],"build_version":"2020-12-22","purchased_purges":0,"victory":false,"max_hp_per_floor":[65,65,65,65,65,65,65,65,65,72,72,72,72,72,72,72,72],"card_choices":[{"not_picked":["ClowCardTheStorm","ClowCardTheSand","ClowCardTheDream"],"picked":"SKIP","floor":1},{"not_picked":["ClowCardTheShot","ClowCardTheMaze","ClowCardTheMist"],"picked":"SKIP","floor":3},{"not_picked":["ClowCardTheWindy","ClowCardTheDream","ClowCardTheGlow"],"picked":"SKIP","floor":4},{"not_picked":["ClowCardTheErase","ClowCardTheChange","ClowCardTheDream"],"picked":"SKIP","floor":5},{"not_picked":["ClowCardTheJump","ClowCardTheWave"],"picked":"Bomb","floor":7},{"not_picked":["ClowCardTheDark","ClowCardTheSleep","ClowCardTheSnow"],"picked":"SKIP","floor":10},{"not_picked":["ClowCardTheChange","ClowCardTheLoop","ClowCardThePower"],"picked":"SKIP","floor":13},{"not_picked":["ClowCardThePower","ClowCardTheMaze","ClowCardTheWood"],"picked":"SKIP","floor":14}],"player_experience":891825,"relics_obtained":[{"floor":1,"key":"LetterFromLob"},{"floor":7,"key":"Dream Catcher"},{"floor":9,"key":"Oddly Smooth Stone"},{"floor":10,"key":"Strawberry"}],"event_choices":[{"damage_healed":0,"gold_gain":0,"player_choice":"Bought 1 Potion","damage_taken":0,"max_hp_gain":0,"max_hp_loss":0,"event_name":"The Woman in Blue","floor":8,"gold_loss":0}],"is_beta":false,"boss_relics":[],"items_purged_floors":[],"is_endless":false,"potions_floor_spawned":[1,5,13],"killed_by":"Hexaghost","ascension_level":18}}