{"host":"qizkh73694cd5kai","time":1611627561,"event":{"mods":["Act Like it!","BaseMod","CapriCore","Chen","Downfall","Gensokyo","GifTheSpireLib","Koishi","KomeijiMod","Marisa（F雨　魔理沙）","Minty Spire (QoL Compilation)","MostiFishMod","Quick Restart","Reimu（博丽灵梦）","Relic Stats","Remilia（蕾米莉亚）","Replay The Spire","RumiaBox-露米娅的神秘盒子","StSLib","TestMod","The Administrix","The Immortal","The Servant 0.9.4","Yakumo Yukari mod","Youmu（魂魄妖梦）","Yuyuko","[IsaacMod]以撒尖塔","【功能Mod】聪明的最终Boss"],"gold_per_floor":[121,135,154,116,189,194,194],"floor_reached":6,"language":"ZHS","playtime":314,"items_purged":["Strike_B"],"score":50,"play_id":"7ed944d7-7129-4453-8e95-5e6b4e5957a9","local_time":"20210126101921","is_ascension_mode":true,"campfire_choices":[],"circlet_count":0,"master_deck":["Strike_B","Strike_B","Strike_B","Defend_B","Defend_B","Defend_B","Defend_B","Zap","Dualcast","BettingIsNotGood","Gash","Go for the Eyes","Cold Snap"],"relics":["Cracked Core","testmod-TestBox","HushsDoor","DaveBox","testmod-TheFather","SteamSale","DianDianMeat","NeowsBlessing","InkBottle","Toy Ornithopter"],"acts_visited":["Gensokyo:Gensokyo"],"potions_floor_usage":[],"damage_taken":[{"damage":0,"enemies":"Gensokyo:3_Fairies","floor":1,"turns":1},{"damage":0,"enemies":"Gensokyo:Python","floor":2,"turns":1},{"damage":0,"enemies":"Gensokyo:Gryphon","floor":3,"turns":1},{"damage":43,"enemies":"Hiden Room Battle","floor":5,"turns":4},{"damage":10,"enemies":"Gensokyo:Cirno","floor":6,"turns":3}],"seed_played":"-8141363862306624001","potions_obtained":[{"floor":5,"key":"Elixir"}],"is_trial":false,"path_per_floor":["M","M","M","$","?","E"],"character_chosen":"DEFECT","items_purchased":[],"campfire_rested":0,"item_purchase_floors":[],"current_hp_per_floor":[69,71,71,71,16,11,11],"gold":194,"neow_bonus":"THREE_ENEMY_KILL","is_daily":false,"chose_seed":false,"campfire_upgraded":0,"win_rate":0.0,"timestamp":1611627561,"path_taken":["M","M","?","?","?","E"],"items_purchased_type":[],"build_version":"2020-12-22","purchased_purges":1,"victory":false,"max_hp_per_floor":[76,78,78,78,81,81,81],"relic_stats":{"counters":[5,9],"obtain_stats":[{"KeepersGift":0,"DianDianMeat":0,"testmod-TestBox":0,"DaveBox":0,"NeowsBlessing":0,"testmod-TheFather":0,"Cracked Core":0,"HushsDoor":0,"SteamSale":0,"InkBottle":5,"Toy Ornithopter":5},{"KeepersGift":0,"DianDianMeat":0,"testmod-TestBox":0,"DaveBox":0,"NeowsBlessing":0,"testmod-TheFather":0,"Cracked Core":0,"HushsDoor":0,"SteamSale":0,"InkBottle":4,"Toy Ornithopter":4},{"KeepersGift":0,"DianDianMeat":0,"testmod-TestBox":0,"DaveBox":0,"NeowsBlessing":0,"testmod-TheFather":0,"Cracked Core":0,"HushsDoor":0,"SteamSale":0,"InkBottle":7,"Toy Ornithopter":7}],"InkBottle":[0],"Toy Ornithopter":0},"card_choices":[{"not_picked":[],"picked":"BettingIsNotGood","floor":0},{"not_picked":["Capacitor","MostiFishMod:FluxCapactior"],"picked":"Gash","floor":1},{"not_picked":["Capacitor","BasicCrystalCard"],"picked":"Go for the Eyes","floor":2},{"not_picked":["Barrage","Steam","Streamline"],"picked":"SKIP","floor":3},{"not_picked":["Turbo","Auto Shields"],"picked":"Cold Snap","floor":5}],"player_experience":1603416,"relics_obtained":[{"floor":5,"key":"InkBottle"},{"floor":5,"key":"Toy Ornithopter"}],"event_choices":[{"damage_healed":0,"gold_gain":0,"player_choice":"Fight","damage_taken":0,"max_hp_gain":0,"max_hp_loss":0,"event_name":"HidenRoomEvent","floor":5,"gold_loss":0}],"is_beta":false,"boss_relics":[],"items_purged_floors":[4],"is_endless":false,"potions_floor_spawned":[5],"killed_by":"Gensokyo:Cirno","ascension_level":8}}