{"host":"i0avyit1s6jb1siw","time":1611658858,"event":{"mods":["BaseMod","DeckTracker","Dota2Spire","Highlight Path","Minty Spire (QoL Compilation)","Quick Restart","StSLib","SuperFastMode"],"gold_per_floor":[111,111,131,131,146,146,173,13,40,50,69,69,86,99,99,175,175,175,249,249,269,269,281,196,208,208,208,208,208,227,244,269,284,27,27,101,151,151,224,224,241,259,134,24,36,71,71,99,171,171,199,213,231,247,260,260,260,260,260,260,49,84,84],"floor_reached":64,"language":"ENG","playtime":2689,"items_purged":["Pain","Distraction","Masterful Stab","Finisher"],"score":4535,"play_id":"cc1de681-f9aa-408f-b3ca-f9a8fdfbbce9","local_time":"20210126120058","is_ascension_mode":true,"campfire_choices":[{"data":"Crippling Poison","floor":6,"key":"SMITH"},{"floor":12,"key":"REST"},{"data":"Wraith Form v2","floor":15,"key":"SMITH"},{"data":"Adrenaline","floor":18,"key":"SMITH"},{"data":"Reflex","floor":26,"key":"SMITH"},{"data":"Prepared","floor":28,"key":"SMITH"},{"data":"Catalyst","floor":35,"key":"SMITH"},{"data":"Wraith Form v2","floor":38,"key":"SMITH"},{"data":"Malaise","floor":47,"key":"SMITH"},{"floor":56,"key":"RECALL"},{"floor":60,"key":"REST"}],"circlet_count":0,"master_deck":["AscendersBane","Survivor","Neutralize","Malaise+1","Reflex+1","Flechettes+1","Crippling Poison+1","Dagger Throw","Acrobatics","Footwork","Prepared+1","Escape Plan","Wraith Form v2+1","Adrenaline+1","Malaise+1","Caltrops","Envenom","Expertise","Corpse Explosion","Crippling Poison","PiercingWail+1","Reflex+1","Calculated Gamble+1","Catalyst+1","Wraith Form v2+1","Malaise","Tactician","Leg Sweep","Backflip+1","Outmaneuver+1","Well Laid Plans+1","Noxious Fumes"],"relics":["Astrolabe","WarpedTongs","Dota2Spire:PowerTreads","Orichalcum","Dota2Spire:Bloodstone","Pandora\u0027s Box","Pear","Matryoshka","Lee\u0027s Waffle","Tiny House","Snecko Eye","The Courier","Boot","Dota2Spire:BlackKingBar","Mercury Hourglass","Dota2Spire:LotusOrb","Blood Vial","Dota2Spire:BattleFury","Lantern"],"acts_visited":["Exordium","TheCity","TheBeyond","TheEnding"],"potions_floor_usage":[11,16,16,36,39,52,57,57,62,63],"damage_taken":[{"damage":2,"enemies":"Jaw Worm","floor":1,"turns":4},{"damage":6,"enemies":"Small Slimes","floor":3,"turns":4},{"damage":2,"enemies":"Cultist","floor":5,"turns":4},{"damage":16,"enemies":"Lagavulin","floor":7,"turns":9},{"damage":4,"enemies":"Lots of Slimes","floor":10,"turns":2},{"damage":3,"enemies":"Large Slime","floor":11,"turns":7},{"damage":0,"enemies":"2 Fungi Beasts","floor":13,"turns":3},{"damage":4,"enemies":"3 Louse","floor":14,"turns":4},{"damage":0,"enemies":"Hexaghost","floor":16,"turns":7},{"damage":0,"enemies":"Hexaghost","floor":19,"turns":7},{"damage":6,"enemies":"Shell Parasite","floor":21,"turns":3},{"damage":10,"enemies":"Chosen","floor":23,"turns":5},{"damage":0,"enemies":"Snake Plant","floor":25,"turns":4},{"damage":1,"enemies":"Centurion and Healer","floor":30,"turns":4},{"damage":0,"enemies":"3 Cultists","floor":31,"turns":1},{"damage":0,"enemies":"Gremlin Leader","floor":32,"turns":5},{"damage":1,"enemies":"Chosen and Byrds","floor":33,"turns":6},{"damage":12,"enemies":"Collector","floor":36,"turns":9},{"damage":47,"enemies":"Collector","floor":39,"turns":9},{"damage":0,"enemies":"3 Darklings","floor":41,"turns":2},{"damage":5,"enemies":"Orb Walker","floor":42,"turns":3},{"damage":0,"enemies":"Jaw Worm Horde","floor":45,"turns":3},{"damage":6,"enemies":"Reptomancer","floor":46,"turns":6},{"damage":0,"enemies":"Nemesis","floor":48,"turns":7},{"damage":0,"enemies":"Giant Head","floor":51,"turns":6},{"damage":4,"enemies":"Writhing Mass","floor":52,"turns":4},{"damage":12,"enemies":"Transient","floor":53,"turns":6},{"damage":0,"enemies":"Spire Growth","floor":54,"turns":5},{"damage":0,"enemies":"Sphere and 2 Shapes","floor":55,"turns":4},{"damage":12,"enemies":"Donu and Deca","floor":57,"turns":5},{"damage":62,"enemies":"Awakened One","floor":58,"turns":10},{"damage":32,"enemies":"Shield and Spear","floor":62,"turns":8},{"damage":81,"enemies":"The Heart","floor":63,"turns":9}],"seed_played":"4012217492406644778","potions_obtained":[{"floor":1,"key":"LiquidMemories"},{"floor":5,"key":"Energy Potion"},{"floor":10,"key":"CultistPotion"},{"floor":11,"key":"DistilledChaos"},{"floor":16,"key":"Block Potion"},{"floor":21,"key":"EssenceOfSteel"},{"floor":23,"key":"GhostInAJar"},{"floor":37,"key":"LiquidBronze"},{"floor":39,"key":"GhostInAJar"},{"floor":48,"key":"LiquidMemories"},{"floor":52,"key":"Block Potion"},{"floor":62,"key":"Swift Potion"}],"is_trial":false,"path_per_floor":["M","?","M","?","M","R","E","$","T","M","M","R","M","M","R","B",null,"R","B",null,"M","?","M","?","M","R","?","R","T","M","M","E","M","$","R","B",null,"R","B",null,"M","M","$","?","M","E","R","E","T","T","E","M","M","M","M","R","B","B",null,"R","$","E","B",null],"character_chosen":"THE_SILENT","items_purchased":["Footwork","Lee\u0027s Waffle","Block Potion","FearPotion"],"campfire_rested":2,"item_purchase_floors":[8,34,61,61],"current_hp_per_floor":[57,37,31,31,29,29,13,13,13,9,6,25,25,21,21,21,21,21,21,55,49,49,39,49,49,49,49,49,49,48,48,48,47,83,83,71,76,76,29,73,73,68,68,68,68,62,62,62,62,62,64,62,52,54,56,56,46,37,75,88,88,56,7],"gold":84,"neow_bonus":"BOSS_RELIC","is_daily":false,"chose_seed":false,"campfire_upgraded":8,"win_rate":0.0,"timestamp":1611658858,"path_taken":["M","?","M","?","M","R","E","$","T","?","?","R","M","M","R","BOSS","R","BOSS","M","?","M","?","M","R","?","R","T","M","M","E","M","$","R","BOSS","R","BOSS","M","M","$","?","M","E","R","E","T","T","E","M","M","?","M","R","BOSS","BOSS","R","$","E","BOSS"],"items_purchased_type":["Card","Relic","Potion","Potion"],"build_version":"2020-12-22","purchased_purges":4,"victory":true,"max_hp_per_floor":[66,66,66,66,66,66,66,66,66,66,66,66,66,66,66,66,66,66,66,66,66,66,66,76,76,76,76,76,76,76,76,76,76,83,83,83,88,88,88,88,88,88,88,88,88,88,88,88,88,88,88,88,88,88,88,88,88,88,88,88,88,88,88],"card_choices":[{"not_picked":["Predator","Blade Dance"],"picked":"Crippling Poison","floor":1},{"not_picked":["Finisher","Flying Knee","Reflex"],"picked":"SKIP","floor":3},{"not_picked":["Prepared","Slice"],"picked":"Dagger Throw","floor":5},{"not_picked":["Blade Dance","Infinite Blades"],"picked":"Acrobatics","floor":7},{"not_picked":["Well Laid Plans","Acrobatics"],"picked":"Masterful Stab","floor":10},{"not_picked":["Deadly Poison","Distraction"],"picked":"Prepared","floor":11},{"not_picked":["Dash","Deadly Poison"],"picked":"Escape Plan","floor":13},{"not_picked":["Masterful Stab","Backstab"],"picked":"Wraith Form v2","floor":14},{"not_picked":["Venomology","Burst"],"picked":"Adrenaline","floor":16},{"not_picked":["Unload","Storm of Steel"],"picked":"Malaise","floor":19},{"not_picked":["Slice","Flying Knee"],"picked":"Crippling Poison","floor":21},{"not_picked":["Prepared+1","Blade Dance"],"picked":"PiercingWail","floor":23},{"not_picked":["Flechettes","Sucker Punch"],"picked":"Reflex","floor":25},{"not_picked":["Blade Dance","Dagger Throw+1"],"picked":"Calculated Gamble","floor":30},{"not_picked":["Expertise","Bane+1","Prepared"],"picked":"SKIP","floor":31},{"not_picked":["Cloak And Dagger","Underhanded Strike","Deadly Poison+1"],"picked":"SKIP","floor":32},{"not_picked":["Blade Dance","Leg Sweep"],"picked":"Catalyst","floor":33},{"not_picked":["Doppelganger","A Thousand Cuts"],"picked":"Wraith Form v2","floor":36},{"not_picked":["Bullet Time","Die Die Die"],"picked":"Malaise","floor":39},{"not_picked":["All Out Attack","Slice"],"picked":"Tactician","floor":41},{"not_picked":["Outmaneuver","All Out Attack","Dagger Throw"],"picked":"SKIP","floor":42},{"not_picked":["Finisher","All Out Attack","Dagger Spray"],"picked":"SKIP","floor":45},{"not_picked":["Acrobatics","Escape Plan+1"],"picked":"Leg Sweep","floor":46},{"not_picked":["Quick Slash","Unload","Expertise+1"],"picked":"SKIP","floor":48},{"not_picked":["Flying Knee","Cloak And Dagger"],"picked":"Backflip+1","floor":51},{"not_picked":["Dagger Throw+1","Bane"],"picked":"Outmaneuver+1","floor":52},{"not_picked":["Outmaneuver","Backstab","Dagger Spray"],"picked":"SKIP","floor":53},{"not_picked":["Glass Knife","Deflect","Poisoned Stab"],"picked":"SKIP","floor":54},{"not_picked":["Blade Dance+1","Well Laid Plans+1","PiercingWail"],"picked":"SKIP","floor":55},{"not_picked":["Blade Dance+1","PiercingWail"],"picked":"Well Laid Plans+1","floor":55},{"not_picked":["Deadly Poison","Masterful Stab"],"picked":"Noxious Fumes","floor":62}],"player_experience":2342920,"relics_obtained":[{"floor":7,"key":"Dota2Spire:PowerTreads"},{"floor":9,"key":"Orichalcum"},{"floor":32,"key":"Matryoshka"},{"floor":46,"key":"The Courier"},{"floor":48,"key":"Boot"},{"floor":49,"key":"Dota2Spire:BlackKingBar"},{"floor":49,"key":"Mercury Hourglass"},{"floor":50,"key":"Dota2Spire:LotusOrb"},{"floor":50,"key":"Blood Vial"},{"floor":51,"key":"Dota2Spire:BattleFury"},{"floor":62,"key":"Lantern"}],"event_choices":[{"damage_healed":0,"gold_gain":0,"player_choice":"Entered Light","damage_taken":20,"max_hp_gain":0,"max_hp_loss":0,"event_name":"Shining Light","floor":2,"gold_loss":0,"cards_upgraded":["Defend_G","Defend_G"]},{"damage_healed":0,"gold_gain":0,"player_choice":"Rummage","damage_taken":0,"relics_obtained":["WarpedTongs"],"max_hp_gain":0,"max_hp_loss":0,"event_name":"Accursed Blacksmith","floor":4,"gold_loss":0,"cards_obtained":["Pain"]},{"damage_healed":0,"gold_gain":0,"player_choice":"Ignored","damage_taken":0,"max_hp_gain":0,"max_hp_loss":0,"event_name":"Ghosts","floor":22,"gold_loss":0},{"damage_healed":0,"gold_gain":0,"player_choice":"Obtained Relic","damage_taken":0,"relics_obtained":["Pear"],"max_hp_gain":0,"max_hp_loss":0,"event_name":"Addict","floor":24,"gold_loss":85},{"damage_healed":0,"gold_gain":0,"player_choice":"Ignored","damage_taken":0,"max_hp_gain":0,"max_hp_loss":0,"event_name":"The Mausoleum","floor":27,"gold_loss":0},{"cards_removed":["Storm of Steel"],"damage_healed":0,"gold_gain":0,"player_choice":"Upgrade and Remove","damage_taken":0,"max_hp_gain":0,"max_hp_loss":0,"event_name":"Designer","floor":44,"gold_loss":110,"cards_upgraded":["Calculated Gamble"]}],"is_beta":false,"boss_relics":[{"not_picked":["Empty Cage","Coffee Dripper"],"picked":"Dota2Spire:Bloodstone"},{"not_picked":["Ectoplasm","Cursed Key"],"picked":"Pandora\u0027s Box"},{"not_picked":["Velvet Choker","Runic Dome"],"picked":"Tiny House"},{"not_picked":["HoveringKite","SlaversCollar"],"picked":"Snecko Eye"}],"items_purged_floors":[8,34,43,61],"is_endless":false,"potions_floor_spawned":[1,5,10,11,16,21,23,30,39,46,48,52,53,55,62],"ascension_level":20}}