{"host":"4rvakrj1idbgia3f","time":1611649906,"event":{"mods":["BaseMod","Colored Map","Colored Powertips","DeckTracker","Highlight Path","Minty Spire (QoL Compilation)","Random Character Button","StSLib"],"gold_per_floor":[119,119,119,119,136,136,161,161,161,32,51,51,76,76,76,76,76],"floor_reached":16,"language":"JPN","playtime":243,"items_purged":["Strike_G"],"score":262,"play_id":"dde4b032-f743-4760-8588-6150a90567fe","local_time":"20210126173146","is_ascension_mode":true,"campfire_choices":[{"data":"Skewer","floor":6,"key":"SMITH"},{"data":"Dash","floor":8,"key":"SMITH"},{"data":"Poisoned Stab","floor":12,"key":"SMITH"},{"data":"Phantasmal Killer","floor":15,"key":"SMITH"}],"circlet_count":0,"master_deck":["AscendersBane","Strike_G","Strike_G","Strike_G","Strike_G","Defend_G","Defend_G","Defend_G","Defend_G","Survivor","Neutralize","Blur","Skewer+1","Dash+1","Poisoned Stab+1","Blade Dance","Phantasmal Killer+1"],"relics":["Ring of the Snake","NeowsBlessing","Snake Skull","Frozen Egg 2","Vajra","InkBottle"],"acts_visited":["Exordium"],"potions_floor_usage":[1,16],"damage_taken":[{"damage":0,"enemies":"Jaw Worm","floor":1,"turns":1},{"damage":0,"enemies":"2 Louse","floor":5,"turns":1},{"damage":0,"enemies":"Gremlin Nob","floor":7,"turns":1},{"damage":0,"enemies":"Cultist","floor":11,"turns":3},{"damage":12,"enemies":"Lagavulin","floor":13,"turns":5},{"damage":27,"enemies":"Slime Boss","floor":16,"turns":5}],"seed_played":"8069047200995405751","potions_obtained":[{"floor":1,"key":"Fruit Juice"},{"floor":7,"key":"Explosive Potion"}],"is_trial":false,"path_per_floor":["M","?","?","?","M","R","E","R","T","$","M","R","E","?","R","B"],"character_chosen":"THE_SILENT","items_purchased":["Poisoned Stab"],"campfire_rested":0,"item_purchase_floors":[10],"current_hp_per_floor":[64,19,19,15,15,15,15,15,15,15,15,15,3,26,26,0,0],"gold":76,"neow_bonus":"THREE_ENEMY_KILL","is_daily":false,"chose_seed":false,"campfire_upgraded":4,"win_rate":0.0,"timestamp":1611649906,"path_taken":["M","?","?","?","?","R","E","R","T","$","M","R","E","?","R","BOSS"],"items_purchased_type":["Card"],"build_version":"2020-12-22","purchased_purges":1,"victory":false,"max_hp_per_floor":[71,71,71,71,71,71,71,71,71,71,71,71,71,71,71,71,71],"card_choices":[{"not_picked":["Quick Slash","Prepared"],"picked":"Blur","floor":1},{"not_picked":["Underhanded Strike","Sucker Punch"],"picked":"Skewer","floor":5},{"not_picked":["Flechettes","Cloak And Dagger"],"picked":"Dash","floor":7},{"not_picked":["Backflip","Deflect"],"picked":"Blade Dance","floor":11},{"not_picked":["Bane","Backflip"],"picked":"Phantasmal Killer","floor":13}],"player_experience":2119805,"relics_obtained":[{"floor":7,"key":"Frozen Egg 2"},{"floor":9,"key":"Vajra"},{"floor":13,"key":"InkBottle"}],"event_choices":[{"damage_healed":0,"gold_gain":0,"player_choice":"Success","damage_taken":45,"relics_obtained":["Snake Skull"],"max_hp_gain":0,"max_hp_loss":0,"event_name":"Scrap Ooze","floor":2,"gold_loss":0},{"cards_removed":["Defend_G"],"damage_healed":0,"gold_gain":0,"player_choice":"Forget","damage_taken":0,"max_hp_gain":0,"max_hp_loss":0,"event_name":"Living Wall","floor":3,"gold_loss":0},{"damage_healed":0,"gold_gain":0,"player_choice":"Bought 0 Potions","damage_taken":0,"max_hp_gain":0,"max_hp_loss":0,"event_name":"The Woman in Blue","floor":4,"gold_loss":0},{"damage_healed":23,"gold_gain":0,"player_choice":"Banana","damage_taken":0,"max_hp_gain":0,"max_hp_loss":0,"event_name":"Big Fish","floor":14,"gold_loss":0}],"is_beta":false,"boss_relics":[],"items_purged_floors":[10],"is_endless":false,"potions_floor_spawned":[1,7],"killed_by":"Slime Boss","ascension_level":20}}