{"host":"qxeepl7ydvsgmfdb","time":1611678130,"event":{"mods":["AchievementEnabler","BaseMod","Colored Powertips","Minty Spire (QoL Compilation)","Quick Restart","slay the spire mod where everything is the same but ironclad has a cowboy hat"],"gold_per_floor":[110,110,121,121,67,67,100,100,100,132,152,181,181,198,198,298,298,310,310,325,83,101,101,101,116,164,182,182,182,202,27,27,129,129,149,149,1,1,14,40,52,96,131,160,197,220,244,275,287,299,299],"floor_reached":50,"language":"ENG","playtime":1605,"items_purged":["Strike_G","Defend_G"],"score":933,"play_id":"26fd65b7-3392-4379-90ab-4f51a67eb282","local_time":"20210126112210","is_ascension_mode":true,"campfire_choices":[{"data":"Noxious Fumes","floor":6.0,"key":"SMITH"},{"data":"Poisoned Stab","floor":8.0,"key":"SMITH"},{"data":"Blade Dance","floor":15.0,"key":"SMITH"},{"data":"Cloak And Dagger","floor":23.0,"key":"SMITH"},{"floor":29.0,"key":"REST"},{"floor":32.0,"key":"REST"},{"data":"Distraction","floor":41.0,"key":"SMITH"},{"floor":49.0,"key":"REST"}],"circlet_count":0,"master_deck":["AscendersBane","Strike_G","Strike_G","Strike_G","Defend_G","Defend_G","Defend_G","Defend_G","Survivor","Neutralize","Blade Dance+1","Noxious Fumes+1","Cloak And Dagger+1","Poisoned Stab+1","Blade Dance+1","Cloak And Dagger","Accuracy+1","Blade Dance","Corpse Explosion","Deflect","Cloak And Dagger+1","PiercingWail+1","After Image+1","Distraction+1","Dramatic Entrance","Accuracy+1","Prepared"],"relics":["Ring of the Snake","NeowsBlessing","Gremlin Horn","HornCleat","Frozen Egg 2","Snake Skull","Ninja Scroll","Shuriken","Eternal Feather","Oddly Smooth Stone","SacredBark","MawBank","PreservedInsect","Omamori","Anchor"],"acts_visited":["Exordium","TheCity","TheBeyond"],"potions_floor_usage":[50,50],"damage_taken":[{"damage":0.0,"enemies":"Jaw Worm","floor":1.0,"turns":1.0},{"damage":0.0,"enemies":"Small Slimes","floor":3.0,"turns":1.0},{"damage":0.0,"enemies":"3 Sentries","floor":7.0,"turns":1.0},{"damage":8.0,"enemies":"Gremlin Nob","floor":10.0,"turns":4.0},{"damage":0.0,"enemies":"Cultist","floor":11.0,"turns":1.0},{"damage":5.0,"enemies":"3 Sentries","floor":12.0,"turns":6.0},{"damage":0.0,"enemies":"2 Fungi Beasts","floor":14.0,"turns":1.0},{"damage":25.0,"enemies":"The Guardian","floor":16.0,"turns":9.0},{"damage":7.0,"enemies":"Chosen","floor":18.0,"turns":4.0},{"damage":12.0,"enemies":"Shell Parasite","floor":20.0,"turns":4.0},{"damage":10.0,"enemies":"Snecko","floor":22.0,"turns":4.0},{"damage":11.0,"enemies":"Snake Plant","floor":25.0,"turns":3.0},{"damage":2.0,"enemies":"Shelled Parasite and Fungi","floor":27.0,"turns":4.0},{"damage":27.0,"enemies":"Snecko","floor":30.0,"turns":4.0},{"damage":20.0,"enemies":"Automaton","floor":33.0,"turns":5.0},{"damage":0.0,"enemies":"Orb Walker","floor":35.0,"turns":3.0},{"damage":17.0,"enemies":"3 Darklings","floor":39.0,"turns":4.0},{"damage":50.0,"enemies":"Nemesis","floor":40.0,"turns":7.0},{"damage":0.0,"enemies":"Reptomancer","floor":42.0,"turns":4.0},{"damage":13.0,"enemies":"Writhing Mass","floor":44.0,"turns":7.0},{"damage":3.0,"enemies":"Giant Head","floor":45.0,"turns":5.0},{"damage":0.0,"enemies":"Sphere and 2 Shapes","floor":46.0,"turns":2.0},{"damage":0.0,"enemies":"Spire Growth","floor":47.0,"turns":3.0},{"damage":0.0,"enemies":"3 Darklings","floor":48.0,"turns":2.0},{"damage":86,"enemies":"Time Eater","floor":50,"turns":9}],"seed_played":"7080173847890325683","potions_obtained":[{"floor":1.0,"key":"SteroidPotion"},{"floor":7.0,"key":"FearPotion"},{"floor":14.0,"key":"ColorlessPotion"},{"floor":16.0,"key":"CunningPotion"},{"floor":20.0,"key":"DistilledChaos"},{"floor":27.0,"key":"CultistPotion"},{"floor":44.0,"key":"BlessingOfTheForge"},{"floor":46.0,"key":"CunningPotion"},{"floor":48.0,"key":"Block Potion"}],"is_trial":false,"path_per_floor":["M","?","M","?","$","R","E","R","T","E","M","E","?","M","R","B",null,"M","$","M","$","M","R","?","M","T","M","?","R","M","$","R","B",null,"M","?","$","?","M","E","R","E","T","M","E","M","M","M","R","B"],"character_chosen":"THE_SILENT","items_purchased":["Cloak And Dagger","Eternal Feather","FairyPotion","PowerPotion"],"campfire_rested":3,"item_purchase_floors":[5,21,31,37],"current_hp_per_floor":[63,63,63,63,63,63,63,63,63,55,55,50,50,50,50,25,59,52,52,40,40,30,42,29,18,18,16,16,53,26,26,60,40,66,66,66,66,66,49,45,60,60,60,47,44,44,44,44,75,0,0],"gold":299,"neow_bonus":"THREE_ENEMY_KILL","is_daily":false,"chose_seed":false,"campfire_upgraded":5,"win_rate":0.0,"timestamp":1611678130,"path_taken":["M","?","M","?","$","R","E","R","T","E","?","E","?","M","R","BOSS","M","$","M","$","M","R","?","M","T","M","?","R","?","?","R","BOSS","M","?","$","?","M","E","R","E","T","?","E","?","M","M","R","BOSS"],"items_purchased_type":["Card","Relic","Potion","Potion"],"build_version":"2020-12-22","purchased_purges":2,"victory":false,"max_hp_per_floor":[70,70,70,70,70,70,70,70,70,70,70,70,70,70,70,70,70,70,70,70,70,70,70,75,75,75,75,75,75,75,75,75,75,75,75,75,75,75,75,75,75,75,75,75,75,75,75,75,75,75,75],"card_choices":[{"not_picked":["Leg Sweep","Terror"],"picked":"Blade Dance","floor":1.0},{"not_picked":["Backflip","Infinite Blades"],"picked":"Noxious Fumes","floor":3.0},{"not_picked":["All Out Attack","Outmaneuver"],"picked":"Poisoned Stab","floor":7.0},{"not_picked":["PiercingWail","Setup"],"picked":"Blade Dance","floor":10.0},{"not_picked":["Well Laid Plans+1","Dodge and Roll"],"picked":"Cloak And Dagger","floor":11.0},{"not_picked":["Flying Knee","Finisher"],"picked":"Accuracy+1","floor":12.0},{"not_picked":["Finisher","Deadly Poison"],"picked":"Blade Dance","floor":14.0},{"not_picked":["Venomology","Night Terror"],"picked":"Corpse Explosion","floor":16.0},{"not_picked":["Backflip","Slice"],"picked":"Deflect","floor":18.0},{"not_picked":["Dagger Throw","Bouncing Flask"],"picked":"Cloak And Dagger","floor":20.0},{"not_picked":["Leg Sweep+1","Underhanded Strike+1","Concentrate"],"picked":"SKIP","floor":22.0},{"not_picked":["Catalyst","Slice","Bane+1"],"picked":"SKIP","floor":25.0},{"not_picked":["Tactician","Cloak And Dagger"],"picked":"PiercingWail+1","floor":27.0},{"not_picked":["Setup+1","Predator","Bane+1"],"picked":"SKIP","floor":30.0},{"not_picked":["Venomology","Night Terror"],"picked":"After Image+1","floor":33.0},{"not_picked":["Slice+1","Well Laid Plans+1"],"picked":"Distraction","floor":35.0},{"not_picked":["Bandage Up","Blind"],"picked":"Dramatic Entrance","floor":38.0},{"not_picked":["Predator+1","PiercingWail","Dagger Throw+1"],"picked":"SKIP","floor":39.0},{"not_picked":["Cloak And Dagger+1","Caltrops+1"],"picked":"Accuracy+1","floor":40.0},{"not_picked":["Slice","Sucker Punch","Flying Knee+1"],"picked":"SKIP","floor":42.0},{"not_picked":["Quick Slash+1","Accuracy+1"],"picked":"Prepared","floor":44.0},{"not_picked":["Escape Plan+1","PiercingWail+1","Wraith Form v2+1"],"picked":"SKIP","floor":45.0},{"not_picked":["Sucker Punch","Dagger Throw+1","Flechettes"],"picked":"SKIP","floor":46.0},{"not_picked":["Deflect+1","Flechettes+1","Calculated Gamble+1"],"picked":"SKIP","floor":47.0},{"not_picked":["Escape Plan+1","Choke+1","Outmaneuver"],"picked":"SKIP","floor":48.0}],"player_experience":220696,"relics_obtained":[{"floor":7.0,"key":"HornCleat"},{"floor":9.0,"key":"Frozen Egg 2"},{"floor":10.0,"key":"Snake Skull"},{"floor":12.0,"key":"Ninja Scroll"},{"floor":26.0,"key":"Oddly Smooth Stone"},{"floor":40.0,"key":"MawBank"},{"floor":42.0,"key":"PreservedInsect"},{"floor":43.0,"key":"Omamori"},{"floor":45.0,"key":"Anchor"}],"event_choices":[{"damage_healed":0.0,"max_hp_gain":0.0,"max_hp_loss":0.0,"gold_gain":0.0,"event_name":"Living Wall","player_choice":"Grow","floor":2.0,"gold_loss":0.0,"damage_taken":0.0,"cards_upgraded":["Blade Dance"]},{"damage_healed":0.0,"max_hp_gain":0.0,"max_hp_loss":0.0,"gold_gain":0.0,"event_name":"WeMeetAgain","player_choice":"Gave Potion","floor":4.0,"gold_loss":0.0,"damage_taken":0.0,"relics_obtained":["Gremlin Horn"]},{"damage_healed":0.0,"max_hp_gain":0.0,"max_hp_loss":0.0,"gold_gain":0.0,"event_name":"Dead Adventurer","player_choice":"Searched \u00271\u0027 times","floor":13.0,"gold_loss":0.0,"damage_taken":0.0,"relics_obtained":["Shuriken"]},{"damage_healed":0.0,"max_hp_gain":5.0,"max_hp_loss":0.0,"gold_gain":0.0,"event_name":"Forgotten Altar","player_choice":"Shed Blood","floor":24.0,"gold_loss":0.0,"damage_taken":18.0},{"damage_healed":0.0,"max_hp_gain":0.0,"max_hp_loss":0.0,"gold_gain":0.0,"event_name":"Upgrade Shrine","player_choice":"Upgraded","floor":28.0,"gold_loss":0.0,"damage_taken":0.0,"cards_upgraded":["Cloak And Dagger"]},{"cards_removed":["Strike_G"],"damage_healed":0.0,"max_hp_gain":0.0,"max_hp_loss":0.0,"gold_gain":0.0,"event_name":"Falling","player_choice":"Removed Attack","floor":36.0,"gold_loss":0.0,"damage_taken":0.0},{"damage_healed":0.0,"max_hp_gain":0.0,"max_hp_loss":0.0,"gold_gain":0.0,"event_name":"SensoryStone","player_choice":"Memory 1","floor":38.0,"gold_loss":0.0,"damage_taken":0.0}],"is_beta":false,"boss_relics":[{"not_picked":["Cursed Key","Coffee Dripper","Pandora\u0027s Box"]},{"not_picked":["Ring of the Serpent","Astrolabe"],"picked":"SacredBark"}],"items_purged_floors":[31,37],"is_endless":false,"potions_floor_spawned":[1,7,14,16,20,22,27,39,44,46,47,48],"killed_by":"Time Eater","ascension_level":11}}