{"host":"c3lc60y5x60jlt1y","time":1611697478,"event":{"mods":["AchievementEnabler","BaseMod","Bestiary","Colored Map","Minty Spire (QoL Compilation)","Quick Restart","StSLib","ojb\u0027s Info Mod"],"gold_per_floor":[116,116,31,31,47,82,147,179,204,204,216,216,50,60,60,137,137,155,175,193,193,193,193],"floor_reached":22,"language":"ENG","playtime":10630,"items_purged":[],"score":438,"play_id":"9086159f-acea-46ca-8018-956f54b5cc81","local_time":"20210126234438","is_ascension_mode":true,"campfire_choices":[{"floor":10.0,"key":"REST"},{"data":"Evolve","floor":15.0,"key":"SMITH"}],"circlet_count":0,"master_deck":["AscendersBane","Strike_R","Strike_R","Strike_R","Strike_R","Strike_R","Defend_R","Defend_R+1","Defend_R","Defend_R","Bash","Spot Weakness+1","Shockwave","Thunderclap","Perfected Strike","Entrench","Uppercut","Evolve+1","Feed","Body Slam","Heavy Blade","Cleave+1"],"relics":["Burning Blood","NeowsBlessing","Oddly Smooth Stone","Singing Bowl","Anchor","Art of War","Vajra","Sozu"],"acts_visited":["Exordium","TheCity"],"potions_floor_usage":[],"damage_taken":[{"damage":0.0,"enemies":"2 Louse","floor":1.0,"turns":1.0},{"damage":0.0,"enemies":"Small Slimes","floor":5.0,"turns":1.0},{"damage":0.0,"enemies":"Lagavulin","floor":6.0,"turns":1.0},{"damage":43.0,"enemies":"Lagavulin Event","floor":7.0,"turns":6.0},{"damage":22.0,"enemies":"3 Sentries","floor":8.0,"turns":5.0},{"damage":3.0,"enemies":"Jaw Worm","floor":11.0,"turns":4.0},{"damage":2.0,"enemies":"Looter","floor":14.0,"turns":4.0},{"damage":32.0,"enemies":"Hexaghost","floor":16.0,"turns":9.0},{"damage":0.0,"enemies":"Chosen","floor":18.0,"turns":3.0},{"damage":44.0,"enemies":"Spheric Guardian","floor":19.0,"turns":7.0},{"damage":32.0,"enemies":"Snake Plant","floor":20.0,"turns":4.0},{"damage":34,"enemies":"Shelled Parasite and Fungi","floor":22,"turns":4}],"seed_played":"-548159105941636336","potions_obtained":[{"floor":1.0,"key":"Explosive Potion"},{"floor":7.0,"key":"LiquidBronze"},{"floor":11.0,"key":"SkillPotion"},{"floor":16.0,"key":"ElixirPotion"}],"is_trial":false,"path_per_floor":["M","?","$","?","M","E","?","E","T","R","M","?","$","M","R","B",null,"M","M","M","?","M"],"character_chosen":"IRONCLAD","items_purchased":["Shockwave","Vajra"],"campfire_rested":1,"item_purchase_floors":[3,13],"current_hp_per_floor":[74,79,79,55,61,67,30,14,14,38,43,43,43,47,47,21,67,73,35,9,25,0,0],"gold":193,"neow_bonus":"THREE_ENEMY_KILL","is_daily":false,"chose_seed":false,"campfire_upgraded":1,"win_rate":0.0,"timestamp":1611697478,"path_taken":["M","?","$","?","M","E","?","E","T","R","M","?","?","M","R","BOSS","M","M","M","?","M"],"items_purchased_type":["Card","Relic"],"build_version":"2020-12-22","purchased_purges":0,"victory":false,"max_hp_per_floor":[75,80,80,80,80,80,80,80,80,80,82,82,82,82,82,82,82,82,82,82,82,85,85],"card_choices":[{"not_picked":["Seeing Red","Warcry"],"picked":"Spot Weakness","floor":1.0},{"not_picked":["Cleave","Warcry"],"picked":"Thunderclap","floor":5.0},{"not_picked":["Pommel Strike","Body Slam"],"picked":"Perfected Strike","floor":6.0},{"not_picked":["Searing Blow","Shockwave"],"picked":"Entrench","floor":7.0},{"not_picked":["Body Slam","Bloodletting"],"picked":"Uppercut","floor":8.0},{"not_picked":["Anger","Dropkick","Clash"],"picked":"Singing Bowl","floor":11.0},{"not_picked":["Spot Weakness","Combust"],"picked":"Evolve","floor":14.0},{"not_picked":["Limit Break","Berserk"],"picked":"Feed","floor":16.0},{"not_picked":["Pommel Strike","Dropkick"],"picked":"Body Slam","floor":18.0},{"not_picked":["Thunderclap","Sword Boomerang"],"picked":"Heavy Blade","floor":19.0},{"not_picked":["Blood for Blood","Wild Strike"],"picked":"Cleave+1","floor":20.0}],"player_experience":8602635,"relics_obtained":[{"floor":6.0,"key":"Oddly Smooth Stone"},{"floor":7.0,"key":"Singing Bowl"},{"floor":8.0,"key":"Anchor"},{"floor":9.0,"key":"Art of War"}],"event_choices":[{"damage_healed":0.0,"max_hp_gain":5.0,"max_hp_loss":0.0,"gold_gain":0.0,"event_name":"Big Fish","player_choice":"Donut","floor":2.0,"gold_loss":0.0,"damage_taken":0.0},{"damage_healed":0.0,"max_hp_gain":0.0,"max_hp_loss":0.0,"gold_gain":0.0,"event_name":"Shining Light","player_choice":"Entered Light","floor":4.0,"gold_loss":0.0,"damage_taken":24.0,"cards_upgraded":["Defend_R","Spot Weakness"]},{"damage_healed":0.0,"max_hp_gain":0.0,"max_hp_loss":0.0,"gold_gain":30.0,"event_name":"Dead Adventurer","player_choice":"Searched \u00272\u0027 times","floor":7.0,"gold_loss":0.0,"damage_taken":0.0},{"damage_healed":0.0,"max_hp_gain":0.0,"max_hp_loss":0.0,"gold_gain":0.0,"event_name":"Liars Game","player_choice":"Ignored","floor":12.0,"gold_loss":0.0,"damage_taken":0.0},{"damage_healed":16.0,"max_hp_gain":0.0,"max_hp_loss":0.0,"gold_gain":0.0,"event_name":"The Library","player_choice":"Heal","floor":21.0,"gold_loss":0.0,"damage_taken":0.0}],"is_beta":false,"boss_relics":[{"not_picked":["Tiny House","Empty Cage"],"picked":"Sozu"}],"items_purged_floors":[],"is_endless":false,"potions_floor_spawned":[1,7,11,16,18],"killed_by":"Shelled Parasite and Fungi","ascension_level":20}}