{"host":"x730sfaw5rd1mxd8","time":1611627261,"event":{"mods":["BaseMod","BetterRewards","Colored Map","Colored Powertips","Highlight Path","Minty Spire (QoL Compilation)","Relic Sorter","Relic Stats","Replay The Spire","StSLib"],"gold_per_floor":[149,166,210,251,251,251,276,293,319,319,170,217,282,282,282,408,408,424,466,515,515,533,561,486,546,546,546,595,595,637,702,702,865,865,936,936,734,734,812,901,901,993,993,1068,1178,1237,1311,1398,1398,1398,1398,1398,762,791,791],"floor_reached":56,"language":"ENG","playtime":4149,"items_purged":["Strike_P","Strike_P+1","Consecrate+1"],"score":2006,"play_id":"9cfa266d-829b-431e-9c20-7083337babdb","local_time":"20210125211421","is_ascension_mode":true,"campfire_choices":[{"data":"Eruption","floor":6,"key":"SMITH"},{"data":"ClearTheMind","floor":15,"key":"SMITH"},{"floor":29,"key":"REST"},{"floor":32,"key":"REST"},{"floor":41,"key":"RECALL"},{"floor":49,"key":"DIG"},{"floor":52,"key":"REST"}],"circlet_count":0,"master_deck":["Strike_P+1","Defend_P+1","Defend_P+1","Defend_P+1","Defend_P+1","Eruption+1","Vigilance+1","Wish+1","Brilliance+1","FearNoEvil+1","Pray+1","Devotion+1","Tantrum+1","Protect+1","Wallop+1","CutThroughFate+1","ClearTheMind+1","LessonLearned+1","Ragnarok+1","Protect+1","SpiritShield+1","Wish+1","Establishment+1","Wireheading+1","ConjureBlade+1","Worship+1","Ragnarok+1","WindmillStrike+1","Wireheading+1"],"relics":["PureWater","Golden Egg","Snack Pack","Potion Belt","Orichalcum","PreservedInsect","Damaru","Snecko Eye","Smiling Mask","Replay:WaspNest","Centennial Puzzle","Matryoshka","Replay:Grab Bag","Philosopher\u0027s Stone","ChewingGum","SlaversCollar","Oddly Smooth Stone","Prayer Wheel","Whetstone","Blue Doll","Replay:Towering Pillar of Hats","Juzu Bracelet","Toy Ornithopter","Replay:Baseball","TheAbacus","Gremlin Horn","Pondfish Scales"],"acts_visited":["Exordium","TheCity","TheBeyond","TheEnding"],"potions_floor_usage":[16,23,23,25,25,40,46,54,55,55],"damage_taken":[{"damage":6,"enemies":"2 Louse","floor":1,"turns":3},{"damage":0,"enemies":"Cultist","floor":2,"turns":2},{"damage":0,"enemies":"Jaw Worm","floor":3,"turns":3},{"damage":17,"enemies":"Exordium Wildlife","floor":4,"turns":3},{"damage":14,"enemies":"Gremlin Nob","floor":7,"turns":4},{"damage":0,"enemies":"Large Slime","floor":8,"turns":2},{"damage":3,"enemies":"Blue Slaver","floor":12,"turns":4},{"damage":0,"enemies":"Lagavulin","floor":13,"turns":6},{"damage":2,"enemies":"Hexaghost","floor":16,"turns":9},{"damage":0,"enemies":"2 Thieves","floor":18,"turns":1},{"damage":1,"enemies":"3 Byrds","floor":19,"turns":4},{"damage":9,"enemies":"Shelled Parasite and Fungi","floor":20,"turns":4},{"damage":0,"enemies":"Cultist and Chosen","floor":22,"turns":4},{"damage":27,"enemies":"Slavers","floor":23,"turns":2},{"damage":6,"enemies":"Book of Stabbing","floor":25,"turns":5},{"damage":2,"enemies":"Centurion and Healer","floor":28,"turns":4},{"damage":3,"enemies":"Snake Plant","floor":30,"turns":6},{"damage":0,"enemies":"Slavers","floor":31,"turns":2},{"damage":0,"enemies":"Automaton","floor":33,"turns":6},{"damage":4,"enemies":"Orb Walker","floor":35,"turns":3},{"damage":5,"enemies":"3 Darklings","floor":39,"turns":4},{"damage":0,"enemies":"Reptomancer","floor":40,"turns":3},{"damage":0,"enemies":"Nemesis","floor":42,"turns":7},{"damage":7,"enemies":"Jaw Worm Horde","floor":44,"turns":4},{"damage":0,"enemies":"Mind Bloom Boss Battle","floor":45,"turns":3},{"damage":20,"enemies":"Reptomancer","floor":46,"turns":3},{"damage":1,"enemies":"Writhing Mass","floor":47,"turns":7},{"damage":0,"enemies":"Giant Head","floor":48,"turns":4},{"damage":21,"enemies":"Time Eater","floor":50,"turns":4},{"damage":16,"enemies":"Shield and Spear","floor":54,"turns":3},{"damage":29,"enemies":"The Heart","floor":55,"turns":6}],"seed_played":"2901574717269898494","potions_obtained":[{"floor":3,"key":"Languid Potion"},{"floor":7,"key":"BottledMiracle"},{"floor":13,"key":"SneckoOil"},{"floor":18,"key":"Languid Potion"},{"floor":19,"key":"SkillPotion"},{"floor":20,"key":"Death Potion"},{"floor":30,"key":"FairyPotion"},{"floor":35,"key":"LiquidMemories"},{"floor":40,"key":"Ancient Potion"},{"floor":45,"key":"Ambrosia"},{"floor":48,"key":"Ambrosia"}],"is_trial":false,"path_per_floor":["M","M","M","M","?","R","E","M","T","?","$","M","E","?","R","B",null,"M","M","M","?","M","E","?","E","T","T","M","R","M","E","R","B",null,"M","?","$","?","M","E","R","E","T","M","?","E","M","E","R_BF","B",null,"R","$","E","B",null],"character_chosen":"WATCHER","items_purchased":["Golden Egg","Wish","Consecrate","Brilliance","FearNoEvil","Pray+1","Devotion","Tantrum","Protect","Wallop","Snack Pack","CutThroughFate","Evaluate","PreservedInsect","Oddly Smooth Stone","WindmillStrike","TheAbacus","Gremlin Horn","DuplicationPotion","Wireheading"],"campfire_rested":3,"item_purchase_floors":[0,0,0,0,0,0,0,0,0,0,0,0,0,11,37,53,53,53,53,53],"current_hp_per_floor":[66,66,66,53,53,53,41,43,43,43,43,42,44,44,44,50,72,72,71,62,62,64,39,39,35,35,35,33,54,55,57,72,72,72,68,68,68,68,67,68,68,68,68,63,63,47,48,52,52,33,68,68,68,54,37],"gold":791,"neow_bonus":"","is_daily":false,"chose_seed":false,"campfire_upgraded":2,"win_rate":0.0,"timestamp":1611627261,"path_taken":["M","M","M","M","?","R","E","M","T","?","$","M","E","?","R","BOSS","M","?","M","?","M","E","?","E","T","?","M","R","M","E","R","BOSS","M","?","$","?","M","E","R","E","T","M","?","E","M","E","R_BF","BOSS","R","$","E","BOSS"],"items_purchased_type":["Relic","Card","Card","Card","Card","Card","Card","Card","Card","Card","Relic","Card","Card","Relic","Relic","Card","Relic","Relic","Potion","Card"],"build_version":"2020-12-22","purchased_purges":3,"victory":true,"max_hp_per_floor":[72,72,72,72,72,72,72,72,72,72,72,72,72,72,72,72,72,72,72,72,72,72,72,72,72,72,72,72,72,72,72,72,72,72,72,72,72,68,68,68,68,68,68,68,68,68,68,68,68,68,68,68,68,68,68],"relic_stats":{"Gremlin Horn":[1,1],"counters":[244,970],"PreservedInsect":507,"Juzu Bracelet":1,"Whetstone":[],"Orichalcum":[432],"Smiling Mask":125,"Centennial Puzzle":[30],"TheAbacus":[18],"Snecko Eye":[146,160,153,180],"Prayer Wheel":2,"obtain_stats":[{"Golden Egg":0,"Replay:Accelerometer":40,"Vampiric Spirits":0,"Whetstone":55,"Boot":55,"Sling":55,"Blood Vial":20,"Replay:Bronze Core":17,"MealTicket":27,"Fusion Hammer":36,"Replay:Wax Seal":12,"Electric Blood":17,"Replay:Bottled Steam":43,"Pear":46,"Blue Candle":30,"Tingsha":0,"Paper Crane":8,"Cables":54,"SlaversCollar":17,"Snecko Scales":34,"Bird Faced Urn":12,"Snecko Eye":17,"Mark of Pain":0,"StrikeDummy":6,"Regal Pillow":0,"Lantern":40,"Singing Bowl":10,"Magic Flower":11,"Painkiller Herb":19,"Blue Doll":23,"Bag of Preparation":55,"Replay:Multitool":44,"Cursed Key":34,"Smiling Mask":23,"Burning Blood":0,"Pet Ghost":23,"Replay:Rubber Ducky":55,"Matryoshka":0,"InkBottle":27,"Potion Belt":7,"The Specimen":25,"Golden Idol":11,"Basket Of Snakes":39,"Damaru":13,"Thread and Needle":47,"The Courier":14,"PreservedInsect":22,"Geode":40,"Omamori":31,"Frozen Egg 2":0,"MawBank":31,"GoldenEye":54,"Busted Crown":17,"Ornamental Fan":55,"Turnip":46,"Art of War":40,"Bottled Lightning":53,"ReplayTheSpireMod:Ring of Challenge":38,"Toy Ornithopter":48,"Ice Cream":14,"Gremlin Horn":9,"Nilry\u0027s Codex":23,"CeramicFish":8,"Vajra":28,"Sozu":0,"Centennial Puzzle":9,"Strawberry":28,"Prayer Wheel":0,"Philosopher\u0027s Stone":34,"Iron Hammer":27,"Byrd Skull":11,"Happy Flower":55,"Astrolabe":34,"Replay:Grab Bag":34,"Oddly Smooth Stone":26,"Ring of Chaos":47,"War Paint":23,"OrangePellets":0,"Bottled Flame":15,"Replay:Baseball":0,"Shuriken":43,"Bronze Scales":12,"Simple Rune":55,"Pocketwatch":0,"Meat on the Bone":38,"Darkstone Periapt":5,"ReplayFunnel":55,"Mango":6,"Snake Skull":29,"Incense Burner":45,"Juzu Bracelet":48,"CloakClasp":43,"Dream Catcher":43,"Nunchaku":24,"Replay:Bandana":10,"TheAbacus":53,"Pantograph":23,"Gambling Chip":24,"Tiny Chest":6,"Replay:Drink Me":17,"Red Skull":6,"Gremlin Food":44,"ReplayTheSpireMod:Ninjato":6,"Replay:Towering Pillar of Hats":10,"Quantum Egg":46,"Guide Book":0,"Replay:WaspNest":0,"Orichalcum":56,"Medical Kit":42,"Mercury Hourglass":0,"Peace Pipe":39,"Anchor":11,"CaptainsWheel":43,"Pondfish Scales":55,"DataDisk":0,"ChewingGum":34,"Snack Pack":8,"Membership Card":0,"PureWater":0,"FossilizedHelix":48},{"Golden Egg":184,"Replay:Accelerometer":207,"Vampiric Spirits":61,"Whetstone":91,"Boot":91,"Sling":91,"Blood Vial":26,"Replay:Bronze Core":134,"MealTicket":58,"Fusion Hammer":80,"Replay:Wax Seal":191,"Electric Blood":51,"Replay:Bottled Steam":119,"Pear":122,"Blue Candle":30,"Tingsha":93,"Paper Crane":66,"Cables":153,"SlaversCollar":24,"Snecko Scales":115,"Bird Faced Urn":22,"Snecko Eye":222,"Mark of Pain":0,"StrikeDummy":98,"Regal Pillow":93,"Lantern":176,"Singing Bowl":21,"Magic Flower":49,"Painkiller Herb":72,"Blue Doll":196,"Bag of Preparation":91,"Replay:Multitool":120,"Cursed Key":31,"Smiling Mask":227,"Burning Blood":0,"Pet Ghost":56,"Replay:Rubber Ducky":91,"Matryoshka":61,"InkBottle":141,"Potion Belt":218,"The Specimen":76,"Golden Idol":5,"Basket Of Snakes":82,"Damaru":221,"Thread and Needle":180,"The Courier":7,"PreservedInsect":11,"Geode":146,"Omamori":202,"Frozen Egg 2":14,"MawBank":79,"GoldenEye":183,"Busted Crown":8,"Ornamental Fan":91,"Turnip":38,"Art of War":36,"Bottled Lightning":182,"ReplayTheSpireMod:Ring of Challenge":81,"Toy Ornithopter":241,"Ice Cream":23,"Gremlin Horn":20,"Nilry\u0027s Codex":75,"CeramicFish":157,"Vajra":77,"Sozu":154,"Centennial Puzzle":5,"Strawberry":13,"Prayer Wheel":93,"Philosopher\u0027s Stone":232,"Iron Hammer":167,"Byrd Skull":66,"Happy Flower":91,"Astrolabe":172,"Replay:Grab Bag":232,"Oddly Smooth Stone":57,"Ring of Chaos":122,"War Paint":139,"OrangePellets":93,"Bottled Flame":70,"Replay:Baseball":93,"Shuriken":177,"Bronze Scales":6,"Simple Rune":91,"Pocketwatch":41,"Meat on the Bone":117,"Darkstone Periapt":18,"ReplayFunnel":91,"Mango":19,"Snake Skull":78,"Incense Burner":87,"Juzu Bracelet":181,"CloakClasp":208,"Dream Catcher":37,"Nunchaku":75,"Replay:Bandana":100,"TheAbacus":211,"Pantograph":12,"Gambling Chip":27,"Tiny Chest":188,"Replay:Drink Me":161,"Red Skull":47,"Gremlin Food":87,"ReplayTheSpireMod:Ninjato":156,"Replay:Towering Pillar of Hats":66,"Quantum Egg":87,"Guide Book":93,"Replay:WaspNest":61,"Orichalcum":92,"Medical Kit":119,"Mercury Hourglass":61,"Peace Pipe":146,"Anchor":66,"CaptainsWheel":86,"Pondfish Scales":91,"DataDisk":126,"ChewingGum":232,"Snack Pack":48,"Membership Card":61,"PureWater":0,"FossilizedHelix":151},{"Golden Egg":733,"Replay:Accelerometer":814,"Vampiric Spirits":244,"Whetstone":364,"Boot":364,"Sling":364,"Blood Vial":107,"Replay:Bronze Core":537,"MealTicket":230,"Fusion Hammer":315,"Replay:Wax Seal":750,"Electric Blood":208,"Replay:Bottled Steam":471,"Pear":484,"Blue Candle":123,"Tingsha":376,"Paper Crane":257,"Cables":637,"SlaversCollar":100,"Snecko Scales":459,"Bird Faced Urn":86,"Snecko Eye":881,"Mark of Pain":0,"StrikeDummy":392,"Regal Pillow":376,"Lantern":706,"Singing Bowl":82,"Magic Flower":200,"Painkiller Herb":279,"Blue Doll":766,"Bag of Preparation":364,"Replay:Multitool":475,"Cursed Key":130,"Smiling Mask":896,"Burning Blood":0,"Pet Ghost":224,"Replay:Rubber Ducky":364,"Matryoshka":244,"InkBottle":568,"Potion Belt":860,"The Specimen":292,"Golden Idol":17,"Basket Of Snakes":325,"Damaru":872,"Thread and Needle":718,"The Courier":25,"PreservedInsect":40,"Geode":594,"Omamori":790,"Frozen Egg 2":51,"MawBank":304,"GoldenEye":727,"Busted Crown":30,"Ornamental Fan":364,"Turnip":156,"Art of War":146,"Bottled Lightning":724,"ReplayTheSpireMod:Ring of Challenge":318,"Toy Ornithopter":957,"Ice Cream":93,"Gremlin Horn":78,"Nilry\u0027s Codex":288,"CeramicFish":657,"Vajra":296,"Sozu":646,"Centennial Puzzle":17,"Strawberry":48,"Prayer Wheel":376,"Philosopher\u0027s Stone":919,"Iron Hammer":681,"Byrd Skull":257,"Happy Flower":364,"Astrolabe":695,"Replay:Grab Bag":919,"Oddly Smooth Stone":226,"Ring of Chaos":484,"War Paint":559,"OrangePellets":376,"Bottled Flame":268,"Replay:Baseball":376,"Shuriken":710,"Bronze Scales":20,"Simple Rune":364,"Pocketwatch":170,"Meat on the Bone":463,"Darkstone Periapt":65,"ReplayFunnel":364,"Mango":73,"Snake Skull":300,"Incense Burner":344,"Juzu Bracelet":721,"CloakClasp":818,"Dream Catcher":151,"Nunchaku":288,"Replay:Bandana":399,"TheAbacus":834,"Pantograph":44,"Gambling Chip":111,"Tiny Chest":741,"Replay:Drink Me":667,"Red Skull":189,"Gremlin Food":344,"ReplayTheSpireMod:Ninjato":655,"Replay:Towering Pillar of Hats":257,"Quantum Egg":344,"Guide Book":376,"Replay:WaspNest":244,"Orichalcum":369,"Medical Kit":471,"Mercury Hourglass":244,"Peace Pipe":594,"Anchor":257,"CaptainsWheel":341,"Pondfish Scales":364,"DataDisk":505,"ChewingGum":919,"Snack Pack":196,"Membership Card":244,"PureWater":0,"FossilizedHelix":621}],"Toy Ornithopter":10},"card_choices":[{"not_picked":["ForeignInfluence","Collect","Protect"],"picked":"SKIP","floor":1},{"not_picked":["SashWhip","FlyingSleeves"],"picked":"ClearTheMind","floor":2},{"not_picked":["Replay:ManipulateFuture","EmptyBody"],"picked":"JustLucky","floor":3},{"not_picked":["Replay:BluntJabs","Fasting2","Replay:AtTheReady"],"picked":"SKIP","floor":4},{"not_picked":["Swivel","BowlingBash","EmptyFist"],"picked":"SKIP","floor":7},{"not_picked":["Replay:BluntJabs","SashWhip","WheelKick"],"picked":"SKIP","floor":8},{"not_picked":["Evaluate","WindmillStrike","Replay:AtTheReady"],"picked":"SKIP","floor":12},{"not_picked":["Replay:AtTheReady","LikeWater"],"picked":"LessonLearned","floor":13},{"not_picked":["Blasphemy","Scrawl"],"picked":"Ragnarok","floor":16},{"not_picked":["PathToVictory","Prostrate","EmptyFist"],"picked":"SKIP","floor":18},{"not_picked":["Replay:Hum","FlyingSleeves"],"picked":"Protect+1","floor":19},{"not_picked":["Sanctity","Collect+1","Prostrate+1"],"picked":"SKIP","floor":20},{"not_picked":["ClearTheMind+1","FollowUp","Evaluate+1"],"picked":"SKIP","floor":22},{"not_picked":["Evaluate+1","Protect"],"picked":"SpiritShield","floor":23},{"not_picked":["Conclude","Halt","ThirdEye"],"picked":"SKIP","floor":25},{"not_picked":["PathToVictory","ThirdEye","Study"],"picked":"SKIP","floor":28},{"not_picked":["Replay:BluntJabs","Evaluate+1","LikeWater"],"picked":"SKIP","floor":30},{"not_picked":["Replay:BluntJabs","Evaluate+1","LikeWater"],"picked":"SKIP","floor":30},{"not_picked":["FollowUp","CrushJoints"],"picked":"Wish","floor":31},{"not_picked":["ConjureBlade","SpiritShield"],"picked":"Establishment","floor":33},{"not_picked":["FlyingSleeves","Halt+1","PathToVictory"],"picked":"SKIP","floor":35},{"not_picked":["SashWhip","Evaluate","Halt+1"],"picked":"SKIP","floor":39},{"not_picked":["InnerPeace+1","Replay:Anticipation"],"picked":"Wireheading","floor":40},{"not_picked":["Nirvana+1","Swivel"],"picked":"ConjureBlade","floor":42},{"not_picked":["JustLucky+1","FollowUp","Meditate+1"],"picked":"SKIP","floor":44},{"not_picked":["BowlingBash+1","MentalFortress","Replay:Battleflow+1"],"picked":"SKIP","floor":44},{"not_picked":["EmptyFist","ClearTheMind+1"],"picked":"Worship+1","floor":46},{"not_picked":["ClearTheMind+1","Replay:BluntJabs+1"],"picked":"Ragnarok","floor":47},{"not_picked":["PathToVictory+1","CrushJoints+1","SandsOfTime+1"],"picked":"SKIP","floor":47},{"not_picked":["LikeWater","DeceiveReality+1","MentalFortress"],"picked":"SKIP","floor":48},{"not_picked":["Meditate+1","JustLucky+1","WindmillStrike"],"picked":"SKIP","floor":54}],"player_experience":4015174,"relics_obtained":[{"floor":7,"key":"Potion Belt"},{"floor":9,"key":"Orichalcum"},{"floor":13,"key":"Damaru"},{"floor":23,"key":"Smiling Mask"},{"floor":25,"key":"Replay:WaspNest"},{"floor":27,"key":"Centennial Puzzle"},{"floor":31,"key":"Matryoshka"},{"floor":40,"key":"Prayer Wheel"},{"floor":42,"key":"Whetstone"},{"floor":43,"key":"Blue Doll"},{"floor":45,"key":"Replay:Towering Pillar of Hats"},{"floor":46,"key":"Juzu Bracelet"},{"floor":48,"key":"Toy Ornithopter"},{"floor":49,"key":"Replay:Baseball"},{"floor":54,"key":"Pondfish Scales"}],"event_choices":[{"damage_healed":0,"gold_gain":0,"player_choice":"Grow","damage_taken":0,"max_hp_gain":0,"max_hp_loss":0,"event_name":"Living Wall","floor":10,"gold_loss":0,"cards_upgraded":["Vigilance"]},{"damage_healed":0,"gold_gain":0,"player_choice":"Upgraded","damage_taken":0,"max_hp_gain":0,"max_hp_loss":0,"event_name":"Upgrade Shrine","floor":14,"gold_loss":0,"cards_upgraded":["JustLucky"]},{"cards_removed":["Evaluate"],"damage_healed":0,"gold_gain":0,"player_choice":"Gave Gold","damage_taken":0,"max_hp_gain":0,"max_hp_loss":0,"event_name":"Beggar","floor":24,"gold_loss":75},{"cards_removed":["JustLucky"],"damage_healed":0,"gold_gain":0,"player_choice":"Removed Attack","damage_taken":0,"max_hp_gain":0,"max_hp_loss":0,"event_name":"Falling","floor":36,"gold_loss":0},{"damage_healed":0,"gold_gain":0,"player_choice":"Max HP","damage_taken":0,"max_hp_gain":0,"max_hp_loss":4,"event_name":"Winding Halls","floor":38,"gold_loss":0},{"damage_healed":0,"gold_gain":0,"player_choice":"Fight","damage_taken":0,"max_hp_gain":0,"max_hp_loss":0,"event_name":"MindBloom","floor":45,"gold_loss":0}],"is_beta":false,"boss_relics":[{"not_picked":["Replay:Bronze Core","Busted Crown"],"picked":"Snecko Eye"},{"not_picked":["Honey Jar","Painkiller Herb"],"picked":"Replay:Grab Bag"},{"not_picked":["Coffee Dripper","Runic Dome"],"picked":"Philosopher\u0027s Stone"},{"not_picked":["Velvet Choker","ReplayTheSpireMod:DimensionalGlitch"],"picked":"ChewingGum"},{"not_picked":["VioletLotus","Black Star"],"picked":"SlaversCollar"}],"items_purged_floors":[0,37,53],"is_endless":false,"potions_floor_spawned":[3,7,13,18,19,20,30,35,40,45,48],"ascension_level":3}}