{"host":"qhn6g0owdgjb77rz","time":1611675622,"event":{"mods":["BaseMod","BetterRewards","Colored Map","Downfall","Minty Spire (QoL Compilation)","Relic Sorter","StSLib"],"gold_per_floor":[99,117,117,134,119,134,182,182,82,114,131,148,166,192,209,305,305,305,315,332,332,46,46,46,66,66,91,116,145,145,185,197,308,308,308,334,350,366,390,432,457,486,514,533,552,586,586,586,586],"floor_reached":47,"language":"ENG","playtime":2905,"items_purged":["downfall:Bewildered"],"score":639,"play_id":"96c443d7-e621-4eec-b493-7cf2164e7efc","local_time":"20210127004022","is_ascension_mode":true,"campfire_choices":[{"floor":1,"key":"RECALL"},{"data":"bronze:Separator","floor":9,"key":"SMITH"},{"data":"bronze:InfiniteBeams","floor":18,"key":"SMITH"},{"data":"Apotheosis","floor":30,"key":"SMITH"},{"floor":35,"key":"REST"}],"circlet_count":0,"master_deck":["bronze:Strike","bronze:Strike+1","bronze:Strike","bronze:Defend","bronze:Defend","bronze:Defend","bronze:Defend","bronze:Replicate","bronze:Goto","bronze:Separator+1","bronze:FollowUp","bronze:CutThrough","bronze:Constructor+1","bronze:FineTuning","bronze:Separator+1","bronze:InfiniteBeams+1","bronze:Constructor","bronze:InfiniteBeams","bronze:Verify","CurseOfTheBell","bronze:WhirlingStrike+1","Apotheosis+1","Pride","bronze:HardenedForm","bronze:Assembly+1","bronze:FineTuning+1","bronze:Iterate","bronze:HardenedForm","Parasite","bronze:Repulsor+1","bronze:Philosophize+1","bronze:Constructor+1","bronze:Philosophize+1","Parasite","bronze:Invalidate+1"],"relics":["Philosopher\u0027s Stone","bronze:SilverBullet","downfall:HeartBlessingRed","PreservedInsect","Oddly Smooth Stone","Calling Bell","bronze:ProtectiveGoggles","bronze:CableSpool","Unceasing Top","sneckomod:BabySnecko","Bronze Scales","Toxic Egg 2","Vajra","Meat on the Bone","Anchor","CeramicFish","The Courier","Fusion Hammer","Lantern","Whetstone"],"acts_visited":["Exordium","TheCity","TheBeyond"],"potions_floor_usage":[16,19,20,27,29,31,33,40,40,47,47,47],"damage_taken":[{"damage":0,"enemies":"2 Louse","floor":2,"turns":3},{"damage":2,"enemies":"Cultist","floor":4,"turns":3},{"damage":7,"enemies":"downfall:FleeingMerchant","floor":5,"turns":4},{"damage":0,"enemies":"Jaw Worm","floor":6,"turns":3},{"damage":5,"enemies":"3 Sentries","floor":10,"turns":4},{"damage":0,"enemies":"Lots of Slimes","floor":11,"turns":1},{"damage":3,"enemies":"Blue Slaver","floor":12,"turns":3},{"damage":9,"enemies":"Exordium Thugs","floor":13,"turns":3},{"damage":0,"enemies":"Lagavulin","floor":14,"turns":4},{"damage":0,"enemies":"3 Louse","floor":15,"turns":2},{"damage":9,"enemies":"DF_ARCHETYPE_STREAMLINE","floor":16,"turns":6},{"damage":1,"enemies":"3 Byrds","floor":19,"turns":4},{"damage":27,"enemies":"Shelled Parasite and Fungi","floor":20,"turns":3},{"damage":6,"enemies":"downfall:FleeingMerchant","floor":22,"turns":4},{"damage":16,"enemies":"Snake Plant","floor":25,"turns":2},{"damage":1,"enemies":"Slavers","floor":27,"turns":3},{"damage":0,"enemies":"Gremlin Leader","floor":29,"turns":3},{"damage":4,"enemies":"Book of Stabbing","floor":31,"turns":3},{"damage":0,"enemies":"Snecko","floor":32,"turns":4},{"damage":15,"enemies":"SI_MIRROR_ARCHETYPE","floor":33,"turns":7},{"damage":0,"enemies":"Orb Walker","floor":36,"turns":2},{"damage":29,"enemies":"3 Darklings","floor":37,"turns":4},{"damage":29,"enemies":"Maw","floor":38,"turns":6},{"damage":0,"enemies":"Transient","floor":39,"turns":5},{"damage":14,"enemies":"Reptomancer","floor":40,"turns":3},{"damage":22,"enemies":"Writhing Mass","floor":42,"turns":5},{"damage":9,"enemies":"4 Shapes","floor":43,"turns":3},{"damage":7,"enemies":"3 Darklings","floor":44,"turns":4},{"damage":16,"enemies":"Maw","floor":45,"turns":6},{"damage":24,"enemies":"Writhing Mass","floor":46,"turns":4},{"damage":22,"enemies":"Nemesis","floor":47,"turns":2}],"seed_played":"7796126279505928535","potions_obtained":[{"floor":10,"key":"Slimebound:ThreeZeroPotion"},{"floor":11,"key":"AttackPotion"},{"floor":12,"key":"Swift Potion"},{"floor":16,"key":"Explosive Potion"},{"floor":19,"key":"Slimebound:ThreeZeroPotion"},{"floor":27,"key":"Weak Potion"},{"floor":31,"key":"Strength Potion"},{"floor":32,"key":"Energy Potion"},{"floor":33,"key":"AttackPotion"},{"floor":38,"key":"Explosive Potion"},{"floor":39,"key":"bronze:BurnAndBuffPotion"},{"floor":43,"key":"SkillPotion"},{"floor":46,"key":"SkillPotion"}],"is_trial":false,"path_per_floor":["R","M","?","M","$","M","T","?","R","E","M","M","M","E","M","B",null,"R","M","M","?","$","?","T","M","?","E","T","E","R","E","M","B",null,"R","M","M","M","M","E","T","M","M","M","M","M","E"],"character_chosen":"THE_AUTOMATON","items_purchased":["Apotheosis"],"campfire_rested":1,"item_purchase_floors":[22],"current_hp_per_floor":[70,70,70,68,61,61,61,61,61,56,56,53,44,44,44,35,70,70,69,42,42,36,36,36,20,20,19,19,31,31,39,39,36,70,70,70,41,24,36,34,34,24,27,32,28,16,0,0,0],"gold":586,"neow_bonus":"BOSS_RELIC","is_daily":false,"chose_seed":false,"campfire_upgraded":3,"win_rate":0.0,"timestamp":1611675622,"path_taken":["R","M","?","M","?","M","T","?","R","E","M","M","M","E","M","BOSS","R","M","?","?","?","?","T","M","?","E","?","E","R","E","M","BOSS","R","M","M","M","M","E","T","?","M","M","M","M","E"],"items_purchased_type":["Card"],"build_version":"2020-12-22","purchased_purges":1,"victory":false,"max_hp_per_floor":[70,70,70,70,70,70,70,70,70,70,70,70,70,70,70,70,70,70,70,70,70,70,70,70,70,70,70,70,70,70,70,70,70,70,70,70,70,70,70,70,70,70,70,70,70,70,70,70,70],"card_choices":[{"not_picked":["bronze:Return","bronze:Optimize"],"picked":"bronze:Separator","floor":2},{"not_picked":["bronze:BugBarrage","bronze:DelayedGuard"],"picked":"bronze:CutThrough","floor":4},{"not_picked":["bronze:ForceShield","bronze:Terminator"],"picked":"bronze:Constructor","floor":5},{"not_picked":["bronze:Shield","bronze:Allocate"],"picked":"bronze:FineTuning","floor":6},{"not_picked":["bronze:OilSpill","bronze:Philosophize"],"picked":"bronze:Separator","floor":10},{"not_picked":["bronze:DarkDash","bronze:Branch"],"picked":"bronze:InfiniteBeams","floor":11},{"not_picked":["bronze:HyperBeam","bronze:DelayedGuard"],"picked":"bronze:Constructor","floor":12},{"not_picked":["bronze:Overload","bronze:ForceShield","bronze:BitShift"],"picked":"SKIP","floor":13},{"not_picked":["bronze:CutThrough","bronze:BuggyMess","bronze:NullPointer"],"picked":"SKIP","floor":14},{"not_picked":["bronze:Iterate","bronze:Allocate"],"picked":"bronze:InfiniteBeams","floor":15},{"not_picked":["bronze:ThunderWave","bronze:Assembly"],"picked":"bronze:Verify","floor":16},{"not_picked":["bronze:Overheat+1","bronze:WhirlingStrike+1","bronze:Frontload+1"],"picked":"SKIP","floor":19},{"not_picked":["bronze:Deprecate","bronze:WhirlingStrike+1","bronze:BugBarrage"],"picked":"SKIP","floor":20},{"not_picked":["bronze:Deprecate","bronze:BugBarrage"],"picked":"bronze:WhirlingStrike+1","floor":20},{"not_picked":["bronze:Break","bronze:Boost","bronze:Turbo+1"],"picked":"SKIP","floor":22},{"not_picked":["bronze:WildBeam","bronze:Overload+1","bronze:Frontload+1"],"picked":"SKIP","floor":25},{"not_picked":["bronze:CleanCode","bronze:WildBeam","bronze:ClassDefault"],"picked":"SKIP","floor":27},{"not_picked":["bronze:Allocate+1","bronze:BronzeOrb","bronze:Overload+1"],"picked":"SKIP","floor":29},{"not_picked":["bronze:Terminator+1","bronze:WildBeam"],"picked":"bronze:HardenedForm","floor":31},{"not_picked":["bronze:DelayedSlice","bronze:Turbo+1","bronze:Boost+1"],"picked":"SKIP","floor":32},{"not_picked":["bronze:Virus","bronze:Break"],"picked":"bronze:Assembly+1","floor":33},{"not_picked":["bronze:BuggyMess+1","bronze:Allocate+1"],"picked":"bronze:FineTuning+1","floor":36},{"not_picked":["bronze:Branch","bronze:ForLoop+1","bronze:DelayedGuard+1"],"picked":"SKIP","floor":37},{"not_picked":["bronze:NullPointer+1","bronze:BugBarrage+1","bronze:WhirlingStrike+1"],"picked":"SKIP","floor":38},{"not_picked":["bronze:Return+1","bronze:BuggyMess+1"],"picked":"bronze:Iterate","floor":39},{"not_picked":["bronze:CloningBeam+1","bronze:Return+1"],"picked":"bronze:HardenedForm","floor":40},{"not_picked":["bronze:Repair+1","bronze:Constructor+1"],"picked":"bronze:Repulsor+1","floor":42},{"not_picked":["bronze:Frontload+1","bronze:Turbo+1"],"picked":"bronze:Philosophize+1","floor":43},{"not_picked":["bronze:Refactor+1","bronze:Separator+1"],"picked":"bronze:Constructor+1","floor":44},{"not_picked":["bronze:WildBeam+1","bronze:FollowUp+1"],"picked":"bronze:Philosophize+1","floor":45},{"not_picked":["bronze:BuggyMess+1","bronze:WildBeam"],"picked":"bronze:Invalidate+1","floor":46}],"player_experience":641272,"relics_obtained":[{"floor":7,"key":"bronze:SilverBullet"},{"floor":10,"key":"PreservedInsect"},{"floor":14,"key":"Oddly Smooth Stone"},{"floor":17,"key":"bronze:ProtectiveGoggles"},{"floor":17,"key":"bronze:CableSpool"},{"floor":17,"key":"Unceasing Top"},{"floor":24,"key":"Toxic Egg 2"},{"floor":27,"key":"Meat on the Bone"},{"floor":28,"key":"Anchor"},{"floor":29,"key":"CeramicFish"},{"floor":31,"key":"The Courier"},{"floor":40,"key":"Lantern"},{"floor":41,"key":"Whetstone"}],"event_choices":[{"damage_healed":0,"gold_gain":0,"player_choice":"Stole Relic","damage_taken":0,"relics_obtained":["Vajra"],"max_hp_gain":0,"max_hp_loss":0,"event_name":"Addict","floor":26,"gold_loss":0,"cards_obtained":["Pride"]}],"is_beta":false,"boss_relics":[{"not_picked":["Runic Dome","bronze:MakeshiftBattery"],"picked":"Calling Bell"},{"not_picked":["Pandora\u0027s Box","SacredBark"],"picked":"Fusion Hammer"}],"items_purged_floors":[22],"is_endless":false,"potions_floor_spawned":[10,11,12,14,16,19,27,31,32,33,38,39,43,46],"killed_by":"Nemesis","ascension_level":1}}