{"host":"1a9bbjeis3rg03b1","time":1611646718,"event":{"mods":["BaseMod","FTL Soundtrack","Googly Eyes","Mimic Mod","Minty Spire (QoL Compilation)","Robot Space Explorer","StSLib","The Jungle","everything is the same but u backflip on backflip"],"gold_per_floor":[110,110,123,123,298,333,348,298,298,0,30,30,50,82,82,187,187,205,215,215,215,43,76,76,92,116,25,39,39,57,84,84,182,182,196,196,196,211,222,256,267,298,323,323,323,351,364,2,2,2,2],"floor_reached":50,"language":"ENG","playtime":3734,"items_purged":["Doubt"],"score":850,"play_id":"938ebdfa-7145-4120-a35a-ea4b56cd6fa3","local_time":"20210126003838","is_ascension_mode":true,"campfire_choices":[{"floor":15.0,"key":"REST"},{"data":"RobotSpaceExplorer:Accelerator","floor":24,"key":"SMITH"},{"floor":32,"key":"DIG"},{"floor":49,"key":"RECALL"}],"circlet_count":0,"master_deck":["RobotSpaceExplorer:Strike","RobotSpaceExplorer:Strike","RobotSpaceExplorer:Strike","RobotSpaceExplorer:Strike","RobotSpaceExplorer:Defend","RobotSpaceExplorer:Defend","RobotSpaceExplorer:Defend","RobotSpaceExplorer:Scan+1","RobotSpaceExplorer:MiniLasers","RobotSpaceExplorer:ImprovisedAttack+1","RobotSpaceExplorer:SlimeMissile+1","RobotSpaceExplorer:ImprovisedAttack+1","RobotSpaceExplorer:ScrapMissile+1","RobotSpaceExplorer:MiniDrones+1","RobotSpaceExplorer:JunkDive","RobotSpaceExplorer:ScrapMissile+1","RobotSpaceExplorer:MiniBoosters","RobotSpaceExplorer:ChargingLaser+1","RobotSpaceExplorer:MetalStrike+1","RobotSpaceExplorer:LaserBurst+1","RobotSpaceExplorer:Accelerator+1","RobotSpaceExplorer:MiniDrones+1","RobotSpaceExplorer:MiniDrones+1","RobotSpaceExplorer:GlueShot+1","Discovery","RobotSpaceExplorer:MiniBoosters+1","RobotSpaceExplorer:FrostMissile+1","RobotSpaceExplorer:Asteroid+1","RobotSpaceExplorer:MiniDrones+1","RobotSpaceExplorer:Asteroid+1","RobotSpaceExplorer:ImprovisedAttack+1","RobotSpaceExplorer:PowerGlove+1","RobotSpaceExplorer:SlimeMissile+1","RobotSpaceExplorer:Electropulse+1","Swift Strike+1","Deep Breath+1","Jack Of All Trades+1","RobotSpaceExplorer:Ammunition+1","RobotSpaceExplorer:FrostMissile+1","RobotSpaceExplorer:ScrapMissile+1","Magnetism"],"relics":["RobotSpaceExplorer:TurboCore","NeowsBlessing","Molten Egg 2","PreservedInsect","Pen Nib","Ornamental Fan","Bottled Flame","Mercury Hourglass","HornCleat","Shovel","InkBottle","Toxic Egg 2","Black Star","Gremlin Horn","Omamori","Vajra","RobotSpaceExplorer:BottledGravity","Anchor","Bag of Preparation","Potion Belt","Blood Vial"],"acts_visited":["Exordium","Exordium","TheBeyond"],"potions_floor_usage":[28,30,31,33,40,42,46,50],"damage_taken":[{"damage":0.0,"enemies":"2 Louse","floor":1.0,"turns":1.0},{"damage":0.0,"enemies":"Small Slimes","floor":3.0,"turns":1.0},{"damage":0.0,"enemies":"3 Sentries","floor":6.0,"turns":1.0},{"damage":0.0,"enemies":"Cultist","floor":7.0,"turns":3.0},{"damage":0.0,"enemies":"Gremlin Nob","floor":11.0,"turns":2.0},{"damage":0.0,"enemies":"2 Fungi Beasts","floor":13.0,"turns":2.0},{"damage":14.0,"enemies":"Lagavulin","floor":14.0,"turns":3.0},{"damage":26.0,"enemies":"Hexaghost","floor":16.0,"turns":6.0},{"damage":0.0,"enemies":"theJungle:Flameango_and_Byrd","floor":18.0,"turns":3.0},{"damage":1.0,"enemies":"theJungle:GiantWrat","floor":19.0,"turns":3.0},{"damage":0,"enemies":"theJungle:MamaSnecko","floor":23,"turns":2},{"damage":0,"enemies":"theJungle:Lyon","floor":25,"turns":1},{"damage":0,"enemies":"theJungle:JungleHuntersEncounter","floor":28,"turns":2},{"damage":0,"enemies":"theJungle:2_Snecko_Cultists","floor":30,"turns":4},{"damage":0,"enemies":"theJungle:2_Phrogs","floor":31,"turns":3},{"damage":14,"enemies":"theJungle:TotemBoss","floor":33,"turns":7},{"damage":0,"enemies":"Orb Walker","floor":35,"turns":3},{"damage":9,"enemies":"3 Shapes","floor":38,"turns":3},{"damage":3,"enemies":"Sphere and 2 Shapes","floor":39,"turns":3},{"damage":0,"enemies":"Reptomancer","floor":40,"turns":4},{"damage":8,"enemies":"4 Shapes","floor":41,"turns":2},{"damage":0,"enemies":"Nemesis","floor":42,"turns":3},{"damage":1,"enemies":"Giant Head","floor":46,"turns":6},{"damage":4,"enemies":"Transient","floor":47,"turns":5},{"damage":48,"enemies":"Donu and Deca","floor":50,"turns":4}],"seed_played":"7178943281768162465","potions_obtained":[{"floor":1.0,"key":"LiquidBronze"},{"floor":13.0,"key":"Strength Potion"},{"floor":14.0,"key":"Explosive Potion"},{"floor":16.0,"key":"SneckoOil"},{"floor":18.0,"key":"Weak Potion"},{"floor":19.0,"key":"Swift Potion"},{"floor":21,"key":"AttackPotion"},{"floor":28,"key":"SkillPotion"},{"floor":31,"key":"PowerPotion"},{"floor":35,"key":"SteroidPotion"},{"floor":41,"key":"SpeedPotion"},{"floor":42,"key":"SteroidPotion"},{"floor":47,"key":"Explosive Potion"}],"is_trial":false,"path_per_floor":["M","?","M","?","?","E","M","?","T","$","E","?","M","E","R","B",null,"M","M","?","?","$","E","R","M","T","$","M","?","M","E","R","B",null,"M","?","?","M","M","E","M","E","T","?","?","E","M","$","R","B"],"character_chosen":"RobotSpaceExplorer","items_purchased":["RobotSpaceExplorer:MiniDrones+1","Ornamental Fan","RobotSpaceExplorer:Accelerator","RobotSpaceExplorer:MiniDrones+1","Discovery","RobotSpaceExplorer:ScrapMissile+1","Magnetism","Strength Potion"],"campfire_rested":1,"item_purchase_floors":[10,10,22,22,27,48,48,48],"current_hp_per_floor":[75,50,50,50,50,50,50,50,50,50,50,50,50,36,58,32,75,75,74,74,74,74,74,74,74,74,74,74,56,56,56,56,42,75,75,71,71,62,59,59,51,51,51,51,41,40,38,38,38,0,0],"gold":2,"neow_bonus":"THREE_ENEMY_KILL","is_daily":false,"chose_seed":false,"campfire_upgraded":1,"win_rate":0.0,"timestamp":1611646718,"path_taken":["M","?","M","?","?","E","M","?","T","$","E","?","M","E","R","BOSS","M","?","?","?","$","E","R","?","T","$","M","?","M","E","R","BOSS","M","?","?","M","M","E","?","E","T","?","?","E","M","?","R","BOSS"],"items_purchased_type":["Card","Relic","Card","Card","Card","Card","Card","Potion"],"build_version":"2020-12-22","purchased_purges":1,"victory":false,"max_hp_per_floor":[75,75,75,75,75,75,75,75,75,75,75,75,75,75,75,75,75,75,75,75,75,75,75,75,75,75,75,75,75,75,75,75,75,75,75,71,71,71,71,71,71,71,71,71,71,71,71,71,71,71,71],"card_choices":[{"not_picked":["RobotSpaceExplorer:Jetpack","RobotSpaceExplorer:SelfCleaning"],"picked":"RobotSpaceExplorer:ImprovisedAttack","floor":1.0},{"not_picked":["RobotSpaceExplorer:FranticSearch","RobotSpaceExplorer:FreezingShield"],"picked":"RobotSpaceExplorer:SlimeMissile+1","floor":3.0},{"not_picked":["RobotSpaceExplorer:DualCore","RobotSpaceExplorer:RigExplosive"],"picked":"RobotSpaceExplorer:ImprovisedAttack+1","floor":6.0},{"not_picked":["RobotSpaceExplorer:ShockKick+1","RobotSpaceExplorer:PlasmaMissile+1"],"picked":"RobotSpaceExplorer:ScrapMissile+1","floor":7.0},{"not_picked":["RobotSpaceExplorer:SurgingStrike+1","RobotSpaceExplorer:DoubleBlock"],"picked":"RobotSpaceExplorer:JunkDive","floor":11.0},{"not_picked":["RobotSpaceExplorer:Pulsar","RobotSpaceExplorer:Smokescreen"],"picked":"RobotSpaceExplorer:ScrapMissile+1","floor":13.0},{"not_picked":["RobotSpaceExplorer:MakeshiftVolley+1","RobotSpaceExplorer:SurgingShield"],"picked":"RobotSpaceExplorer:MiniBoosters","floor":14.0},{"not_picked":["RobotSpaceExplorer:Arsenal","RobotSpaceExplorer:HighVoltage+1"],"picked":"RobotSpaceExplorer:ChargingLaser+1","floor":16.0},{"not_picked":["RobotSpaceExplorer:StunGrenade+1","RobotSpaceExplorer:SelfCleaning"],"picked":"RobotSpaceExplorer:MetalStrike+1","floor":18.0},{"not_picked":["RobotSpaceExplorer:Counterblock","RobotSpaceExplorer:FreezingShield"],"picked":"RobotSpaceExplorer:LaserBurst+1","floor":19.0},{"not_picked":["RobotSpaceExplorer:Pulsar","RobotSpaceExplorer:SwiftStep"],"picked":"RobotSpaceExplorer:MiniDrones+1","floor":23},{"not_picked":["RobotSpaceExplorer:Calculate","RobotSpaceExplorer:SurgingShield"],"picked":"RobotSpaceExplorer:GlueShot+1","floor":25},{"not_picked":["RobotSpaceExplorer:LaserBurst+1","RobotSpaceExplorer:SelfCleaning+1"],"picked":"RobotSpaceExplorer:MiniBoosters+1","floor":28},{"not_picked":["RobotSpaceExplorer:Ammunition","RobotSpaceExplorer:Pulsar"],"picked":"RobotSpaceExplorer:Exploration","floor":30},{"not_picked":["RobotSpaceExplorer:ShockKick+1","RobotSpaceExplorer:SurgingStrike+1"],"picked":"RobotSpaceExplorer:FrostMissile+1","floor":31},{"not_picked":["RobotSpaceExplorer:ShockMissile+1","RobotSpaceExplorer:Arsenal+1"],"picked":"RobotSpaceExplorer:Asteroid+1","floor":33},{"not_picked":["RobotSpaceExplorer:FranticSearch+1","RobotSpaceExplorer:Reload+1"],"picked":"RobotSpaceExplorer:MiniDrones+1","floor":35},{"not_picked":["RobotSpaceExplorer:GlueShot+1","RobotSpaceExplorer:MetalStrike+1"],"picked":"RobotSpaceExplorer:ImprovisedAttack+1","floor":38},{"not_picked":["RobotSpaceExplorer:Pulsar+1","RobotSpaceExplorer:ImprovisedAttack+1"],"picked":"RobotSpaceExplorer:PowerGlove+1","floor":39},{"not_picked":["RobotSpaceExplorer:Electroshield+1","RobotSpaceExplorer:ScrapToss+1"],"picked":"RobotSpaceExplorer:SlimeMissile+1","floor":40},{"not_picked":["RobotSpaceExplorer:Probe+1","RobotSpaceExplorer:SurgingShield+1"],"picked":"RobotSpaceExplorer:Electropulse+1","floor":41},{"not_picked":["RobotSpaceExplorer:Electroshield+1","RobotSpaceExplorer:GlueShot+1"],"picked":"RobotSpaceExplorer:Wormhole+1","floor":42},{"not_picked":["Panacea+1","PanicButton+1"],"picked":"Swift Strike+1","floor":45},{"not_picked":["Dark Shackles+1","Panache"],"picked":"Deep Breath+1","floor":45},{"not_picked":["Chrysalis+1","Sadistic Nature"],"picked":"Jack Of All Trades+1","floor":45},{"not_picked":["RobotSpaceExplorer:Fix+1","RobotSpaceExplorer:Probe+1"],"picked":"RobotSpaceExplorer:Ammunition+1","floor":46},{"not_picked":["RobotSpaceExplorer:FreezeRay+1","RobotSpaceExplorer:Counterblock+1"],"picked":"RobotSpaceExplorer:FrostMissile+1","floor":47}],"player_experience":643586,"relics_obtained":[{"floor":6.0,"key":"PreservedInsect"},{"floor":9.0,"key":"Pen Nib"},{"floor":11.0,"key":"Bottled Flame"},{"floor":14.0,"key":"Mercury Hourglass"},{"floor":23,"key":"HornCleat"},{"floor":31,"key":"InkBottle"},{"floor":32,"key":"Toxic Egg 2"},{"floor":40,"key":"Gremlin Horn"},{"floor":40,"key":"Omamori"},{"floor":42,"key":"Vajra"},{"floor":42,"key":"RobotSpaceExplorer:BottledGravity"},{"floor":43,"key":"Anchor"},{"floor":46,"key":"Bag of Preparation"},{"floor":46,"key":"Potion Belt"},{"floor":46,"key":"Blood Vial"}],"event_choices":[{"damage_healed":0.0,"max_hp_gain":0.0,"max_hp_loss":0.0,"gold_gain":0.0,"event_name":"Scrap Ooze","player_choice":"Success","floor":2.0,"gold_loss":0.0,"damage_taken":25.0,"relics_obtained":["Molten Egg 2"]},{"damage_healed":0.0,"max_hp_gain":0.0,"max_hp_loss":0.0,"gold_gain":0.0,"event_name":"Living Wall","player_choice":"Grow","floor":4.0,"gold_loss":0.0,"damage_taken":0.0,"cards_upgraded":["RobotSpaceExplorer:ImprovisedAttack"]},{"damage_healed":0.0,"max_hp_gain":0.0,"max_hp_loss":0.0,"gold_gain":175.0,"event_name":"Liars Game","player_choice":"AGREE","floor":5.0,"gold_loss":0.0,"damage_taken":0.0,"cards_obtained":["Doubt"]},{"cards_removed":["RobotSpaceExplorer:Defend"],"damage_healed":0.0,"max_hp_gain":0.0,"max_hp_loss":0.0,"gold_gain":0.0,"event_name":"The Cleric","player_choice":"Card Removal","floor":8.0,"gold_loss":50.0,"damage_taken":0.0},{"damage_healed":0.0,"max_hp_gain":0.0,"max_hp_loss":0.0,"gold_gain":0.0,"event_name":"Accursed Blacksmith","player_choice":"Forge","floor":12.0,"gold_loss":0.0,"damage_taken":0.0,"cards_upgraded":["RobotSpaceExplorer:Scan"]},{"damage_healed":0,"gold_gain":0,"player_choice":"Got Potions","damage_taken":0,"max_hp_gain":0,"max_hp_loss":0,"event_name":"Lab","floor":21,"gold_loss":0},{"damage_healed":0,"gold_gain":0,"player_choice":"Max HP","damage_taken":0,"max_hp_gain":0,"max_hp_loss":4,"event_name":"Winding Halls","floor":36,"gold_loss":0},{"damage_healed":0,"gold_gain":0,"player_choice":"Copied","damage_taken":0,"max_hp_gain":0,"max_hp_loss":0,"event_name":"Duplicator","floor":37,"gold_loss":0,"cards_obtained":["RobotSpaceExplorer:Asteroid"]},{"damage_healed":0,"gold_gain":0,"player_choice":"Ignored","damage_taken":0,"max_hp_gain":0,"max_hp_loss":0,"event_name":"Tomb of Lord Red Mask","floor":44,"gold_loss":0},{"damage_healed":0,"gold_gain":0,"player_choice":"Memory 3","damage_taken":10,"max_hp_gain":0,"max_hp_loss":0,"event_name":"SensoryStone","floor":45,"gold_loss":0}],"is_beta":false,"boss_relics":[{"not_picked":["Snecko Eye","RobotSpaceExplorer:SearchSpecs"],"picked":"RobotSpaceExplorer:TurboCore"},{"not_picked":["Philosopher\u0027s Stone","RobotSpaceExplorer:Reprocessor"],"picked":"Black Star"}],"items_purged_floors":[48],"is_endless":false,"potions_floor_spawned":[1,13,14,16,18,19,28,31,35,41,42,47],"killed_by":"Donu and Deca","ascension_level":1}}