{"host":"takgv9cv6xf64vhq","time":1611666172,"event":{"mods":["BaseMod","Colored Powertips","Downfall","Hubris","LagranYue(拉格朗・月)","Marisa（F雨　魔理沙）","Minty Spire (QoL Compilation)","Replay The Spire","StSLib","The Cursed","The Jungle","TheHeartMod"],"gold_per_floor":[112,287,299,317,427,439,454,454,506,518,537,537,33,46,100,205,205,225,4,4,18,18,50,50,65,88,98,98,98],"floor_reached":28,"language":"ZHS","playtime":1434,"items_purged":["Doubt","ReplayTheSpireMod:Splinters"],"score":234,"play_id":"7cd27269-7f6d-4bfb-8403-d17dbf043f5c","local_time":"20210126210252","is_ascension_mode":false,"campfire_choices":[{"data":"Consecrate","floor":8.0,"key":"SMITH"},{"data":"Eruption","floor":12.0,"key":"SMITH"},{"data":"Apotheosis","floor":24.0,"key":"SMITH"}],"circlet_count":0,"master_deck":["Strike_P","Strike_P","Strike_P","Strike_P","Defend_P","Defend_P","Defend_P","Defend_P","Eruption+1","Vigilance","EmptyMind","Worship","SashWhip","Consecrate+1","Replay:ManipulateFuture","Replay:Hum","Replay:BluntJabs","ClearTheMind","Replay:BluntJabs","DevaForm","FearNoEvil","Establishment","Perseverance+1","Master of Strategy","Replay:Bootleg Shield Generator","Apotheosis+1","ReachHeaven","Evaluate+1","Replay:AtTheReady","Adaptation"],"relics":["PureWater","NeowsBlessing","Boot","Lantern","Blood Vial","Toolbox","hubris:VirtuousBlindfold","ReplayTheSpireMod:ShopPack","hubris:Towel","Blue Doll","The Courier","Bag of Preparation"],"acts_visited":["Exordium","TheCity"],"potions_floor_usage":[28],"damage_taken":[{"damage":0.0,"enemies":"Jaw Worm","floor":1.0,"turns":1.0},{"damage":0.0,"enemies":"Small Slimes","floor":3.0,"turns":1.0},{"damage":0.0,"enemies":"Cultist","floor":4.0,"turns":1.0},{"damage":8.0,"enemies":"Gremlin Gang","floor":6.0,"turns":5.0},{"damage":6.0,"enemies":"3 Louse","floor":7.0,"turns":3.0},{"damage":0.0,"enemies":"Large Slime","floor":10.0,"turns":3.0},{"damage":20.0,"enemies":"Exordium Thugs","floor":11.0,"turns":3.0},{"damage":9.0,"enemies":"Looter","floor":14.0,"turns":3.0},{"damage":20.0,"enemies":"Slime Boss","floor":16.0,"turns":5.0},{"damage":33.0,"enemies":"2 Thieves","floor":18.0,"turns":4.0},{"damage":10.0,"enemies":"Chosen","floor":21.0,"turns":5.0},{"damage":61.0,"enemies":"Gremlin Leader","floor":23.0,"turns":15.0},{"damage":5.0,"enemies":"Snake Plant","floor":25.0,"turns":6.0},{"damage":1.0,"enemies":"Snecko","floor":27.0,"turns":5.0},{"damage":25,"enemies":"Slavers","floor":28,"turns":1}],"seed_played":"-5744002157183517565","potions_obtained":[{"floor":1.0,"key":"Fire Potion"},{"floor":6.0,"key":"Death Potion"},{"floor":11.0,"key":"Strength Potion"},{"floor":14.0,"key":"FairyPotion"},{"floor":16.0,"key":"Regen Potion"},{"floor":18.0,"key":"Venom Potion"},{"floor":27.0,"key":"SpeedPotion"}],"is_trial":false,"path_per_floor":["M","?","M","M","?","M","M","R","T","M","M","R","$","M","R","B",null,"M","$","?","M","?","E","R","M","T","M","E"],"character_chosen":"WATCHER","items_purchased":["Blood Vial","Toolbox","DevaForm","ReplayTheSpireMod:ShopPack"],"campfire_rested":0,"item_purchase_floors":[13,13,13,19],"current_hp_per_floor":[72,72,72,72,72,64,58,58,58,58,38,38,38,31,31,13,72,48,48,48,40,40,3,3,21,21,22,0,0],"gold":98,"neow_bonus":"THREE_ENEMY_KILL","is_daily":false,"chose_seed":false,"campfire_upgraded":3,"win_rate":0.0,"timestamp":1611666172,"path_taken":["M","?","M","M","?","M","?","R","T","M","M","R","$","?","R","BOSS","M","$","?","M","?","E","R","M","T","?","E"],"items_purchased_type":["Relic","Relic","Card","Relic"],"build_version":"2020-12-22","purchased_purges":2,"victory":false,"max_hp_per_floor":[72,72,72,72,72,72,72,72,72,72,72,72,72,72,72,72,72,72,72,72,72,72,72,72,72,72,72,72,72],"card_choices":[{"not_picked":["WheelKick","Halt"],"picked":"EmptyMind","floor":1.0},{"not_picked":["DeceiveReality","FollowUp"],"picked":"Worship","floor":3.0},{"not_picked":["CrushJoints","EmptyBody"],"picked":"SashWhip","floor":4.0},{"not_picked":["FlurryOfBlows","Halt"],"picked":"Consecrate","floor":5.0},{"not_picked":["Halt","Evaluate"],"picked":"Replay:ManipulateFuture","floor":5.0},{"not_picked":["Collect","Halt"],"picked":"Replay:Hum","floor":6.0},{"not_picked":["Nirvana","SignatureMove"],"picked":"Replay:BluntJabs","floor":7.0},{"not_picked":["Study","ThirdEye"],"picked":"ClearTheMind","floor":10.0},{"not_picked":["Evaluate","PathToVictory"],"picked":"Replay:BluntJabs","floor":11.0},{"not_picked":["SashWhip","Swivel"],"picked":"FearNoEvil","floor":14.0},{"not_picked":["Scrawl","ConjureBlade"],"picked":"Establishment","floor":16.0},{"not_picked":["Consecrate","JustLucky"],"picked":"Perseverance+1","floor":18.0},{"not_picked":["Secret Technique","Midas Touch"],"picked":"Master of Strategy","floor":19.0},{"not_picked":["Mind Blast","hubris:Ssssneak"],"picked":"Replay:Bootleg Shield Generator","floor":19.0},{"not_picked":["Bandage Up","Master of Strategy"],"picked":"Apotheosis","floor":19.0},{"not_picked":["Halt","CutThroughFate"],"picked":"ReachHeaven","floor":21.0},{"not_picked":["DeceiveReality","FollowUp"],"picked":"Evaluate+1","floor":23.0},{"not_picked":["Consecrate+1","Replay:BluntJabs"],"picked":"Replay:AtTheReady","floor":25.0},{"not_picked":["FlurryOfBlows","Replay:Hum"],"picked":"Adaptation","floor":27.0}],"player_experience":84075,"relics_obtained":[{"floor":5.0,"key":"Boot"},{"floor":9.0,"key":"Lantern"},{"floor":23.0,"key":"The Courier"},{"floor":26.0,"key":"Bag of Preparation"}],"event_choices":[{"damage_healed":0.0,"max_hp_gain":0.0,"max_hp_loss":0.0,"gold_gain":175.0,"event_name":"Liars Game","player_choice":"AGREE","floor":2.0,"gold_loss":0.0,"damage_taken":0.0,"cards_obtained":["Doubt"]},{"damage_healed":0.0,"max_hp_gain":0.0,"max_hp_loss":0.0,"gold_gain":0.0,"event_name":"The Mausoleum","player_choice":"Opened","floor":22.0,"gold_loss":0.0,"damage_taken":0.0,"relics_obtained":["Blue Doll"]}],"is_beta":false,"boss_relics":[{"not_picked":["Velvet Choker","Busted Crown"],"picked":"hubris:VirtuousBlindfold"}],"items_purged_floors":[13,19],"is_endless":false,"potions_floor_spawned":[1,6,11,14,16,18,27],"killed_by":"Slavers","ascension_level":0}}