{"host":"3d8t1b2vmfpvguqe","time":1611695929,"event":{"mods":["AchievementEnabler","BaseMod","Block Reminder","Minty Spire (QoL Compilation)","Slay the Relics Exporter","StSLib","UnlockEverythingMod"],"gold_per_floor":[116,116,116,128,18,18,48,48,48,63,63,83,83,83,83,183,183,196,211,225,225,225,225],"floor_reached":22,"language":"ENG","playtime":667,"items_purged":["Strike_G"],"score":209,"play_id":"7438d551-6aee-48ea-91e5-f6d89d0f1759","local_time":"20210126151849","is_ascension_mode":false,"campfire_choices":[{"floor":6,"key":"REST"},{"floor":8,"key":"RECALL"},{"data":"Accuracy","floor":11,"key":"SMITH"},{"data":"Noxious Fumes","floor":13,"key":"SMITH"},{"data":"Burst","floor":15,"key":"SMITH"}],"circlet_count":0,"master_deck":["Strike_G","Strike_G","Strike_G","Strike_G+1","Defend_G","Defend_G","Defend_G+1","Defend_G","Survivor","Neutralize+1","PiercingWail","Slice","Noxious Fumes+1","Infinite Blades","Burst+1","Accuracy+1","A Thousand Cuts","Masterful Stab+1","Calculated Gamble+1"],"relics":["Ring of the Snake","NeowsBlessing","Omamori","Shuriken","SlaversCollar"],"acts_visited":["Exordium","TheCity"],"potions_floor_usage":[19,22],"damage_taken":[{"damage":0,"enemies":"Jaw Worm","floor":1,"turns":1},{"damage":0,"enemies":"Small Slimes","floor":4,"turns":1},{"damage":0,"enemies":"Lagavulin","floor":7,"turns":1},{"damage":0,"enemies":"Cultist","floor":10,"turns":4},{"damage":4,"enemies":"Blue Slaver","floor":12,"turns":5},{"damage":44,"enemies":"Slime Boss","floor":16,"turns":12},{"damage":23,"enemies":"Chosen","floor":18,"turns":6},{"damage":19,"enemies":"Spheric Guardian","floor":19,"turns":4},{"damage":35,"enemies":"Chosen and Byrds","floor":20,"turns":9},{"damage":24,"enemies":"3 Cultists","floor":22,"turns":3}],"seed_played":"4275775208874230027","potions_obtained":[{"floor":7,"key":"BlessingOfTheForge"},{"floor":16,"key":"FairyPotion"},{"floor":18,"key":"Strength Potion"}],"is_trial":false,"path_per_floor":["M","?","?","M","$","R","E","R","T","M","R","M","R","?","R","B",null,"M","M","M","?","M"],"character_chosen":"THE_SILENT","items_purchased":["Infinite Blades"],"campfire_rested":1,"item_purchase_floors":[5],"current_hp_per_floor":[70,56,56,56,56,70,70,70,70,70,70,66,66,66,66,22,70,47,28,21,21,0,0],"gold":225,"neow_bonus":"THREE_ENEMY_KILL","is_daily":false,"chose_seed":false,"campfire_upgraded":3,"win_rate":0.0,"timestamp":1611695929,"path_taken":["M","?","?","M","$","R","E","R","T","?","R","M","R","?","R","BOSS","M","M","M","?","M"],"items_purchased_type":["Card"],"build_version":"2020-12-22","purchased_purges":1,"victory":false,"max_hp_per_floor":[70,70,70,70,70,70,70,70,70,70,70,70,70,70,70,70,70,70,70,70,70,70,70],"card_choices":[{"not_picked":["Dagger Spray","Quick Slash"],"picked":"PiercingWail","floor":1},{"not_picked":["Crippling Poison","Flying Knee"],"picked":"Noxious Fumes","floor":4},{"not_picked":["Dagger Spray","Terror"],"picked":"Burst","floor":7},{"not_picked":["Well Laid Plans","Acrobatics"],"picked":"Accuracy","floor":10},{"not_picked":["Deadly Poison","Acrobatics","Sucker Punch"],"picked":"SKIP","floor":12},{"not_picked":["Phantasmal Killer","Grand Finale"],"picked":"A Thousand Cuts","floor":16},{"not_picked":["Dodge and Roll","Flying Knee+1"],"picked":"Masterful Stab+1","floor":18},{"not_picked":["Quick Slash","Outmaneuver","Dagger Spray"],"picked":"SKIP","floor":19},{"not_picked":["Deflect","Prepared"],"picked":"Calculated Gamble+1","floor":20}],"player_experience":5402,"relics_obtained":[{"floor":7,"key":"Omamori"},{"floor":9,"key":"Shuriken"}],"event_choices":[{"damage_healed":0,"gold_gain":0,"player_choice":"Entered Light","damage_taken":14,"max_hp_gain":0,"max_hp_loss":0,"event_name":"Shining Light","floor":2,"gold_loss":0,"cards_upgraded":["Strike_G","Defend_G"]},{"damage_healed":0,"gold_gain":0,"cards_transformed":["Defend_G"],"player_choice":"Change","damage_taken":0,"max_hp_gain":0,"max_hp_loss":0,"event_name":"Living Wall","floor":3,"gold_loss":0,"cards_obtained":["Slice"]},{"damage_healed":0,"gold_gain":0,"player_choice":"Forge","damage_taken":0,"max_hp_gain":0,"max_hp_loss":0,"event_name":"Accursed Blacksmith","floor":14,"gold_loss":0,"cards_upgraded":["Neutralize"]},{"damage_healed":0,"gold_gain":0,"player_choice":"Ignored","damage_taken":0,"max_hp_gain":0,"max_hp_loss":0,"event_name":"Vampires","floor":21,"gold_loss":0}],"is_beta":false,"boss_relics":[{"not_picked":["Velvet Choker","Coffee Dripper"],"picked":"SlaversCollar"}],"items_purged_floors":[5],"is_endless":false,"potions_floor_spawned":[7,16,18],"killed_by":"3 Cultists","ascension_level":0}}