{"host":"jhy70w0yh8dayqay","time":1611676640,"event":{"mods":["AchievementEnabler","BaseMod","Colored Map","Colored Powertips","DeckTracker","Minty Spire (QoL Compilation)","Permanent Neow","SuperFastMode"],"gold_per_floor":[10,21,39,39,57,57,76,76,76,76,96,109,125,139,139,241,241],"floor_reached":16,"language":"KOR","playtime":526,"items_purged":[],"score":229,"play_id":"5731ed8c-0267-4eaf-86f8-ffca9bc90e77","local_time":"20210127005720","is_ascension_mode":true,"campfire_choices":[{"data":"Blood for Blood","floor":6,"key":"SMITH"},{"data":"Infernal Blade","floor":8,"key":"SMITH"},{"data":"Armaments","floor":10,"key":"SMITH"},{"data":"Fire Breathing","floor":15,"key":"SMITH"}],"circlet_count":0,"master_deck":["AscendersBane","Strike_R+1","Strike_R","Strike_R","Strike_R+1","Defend_R","Defend_R","Defend_R","Bash","Anger","Infernal Blade+1","Blood for Blood+1","Armaments+1","Disarm","Fire Breathing+1","Battle Trance","Wild Strike"],"relics":["Burning Blood","Whetstone"],"acts_visited":["Exordium"],"potions_floor_usage":[16,16],"damage_taken":[{"damage":1,"enemies":"Cultist","floor":1,"turns":3},{"damage":5,"enemies":"2 Louse","floor":2,"turns":3},{"damage":0,"enemies":"Small Slimes","floor":3,"turns":3},{"damage":13,"enemies":"Exordium Thugs","floor":5,"turns":5},{"damage":16,"enemies":"3 Louse","floor":7,"turns":3},{"damage":13,"enemies":"Looter","floor":11,"turns":3},{"damage":14,"enemies":"Exordium Wildlife","floor":12,"turns":4},{"damage":4,"enemies":"Exordium Thugs","floor":13,"turns":4},{"damage":0,"enemies":"Large Slime","floor":14,"turns":4},{"damage":33,"enemies":"The Guardian","floor":16,"turns":10}],"seed_played":"1467570116440370044","potions_obtained":[{"floor":2,"key":"Swift Potion"},{"floor":5,"key":"DuplicationPotion"},{"floor":7,"key":"Fire Potion"}],"is_trial":false,"path_per_floor":["M","M","M","$","M","R","M","R","T","R","M","M","M","M","R","B"],"character_chosen":"IRONCLAD","items_purchased":[],"campfire_rested":0,"item_purchase_floors":[],"current_hp_per_floor":[77,78,80,80,73,73,63,63,63,63,56,48,50,56,56,29,29],"gold":241,"neow_bonus":"REMOVE_TWO","is_daily":false,"chose_seed":false,"campfire_upgraded":4,"win_rate":0.0,"timestamp":1611676640,"path_taken":["M","M","M","$","M","R","M","R","T","R","M","M","M","M","R","BOSS"],"items_purchased_type":[],"build_version":"2020-12-22","purchased_purges":0,"victory":false,"max_hp_per_floor":[80,80,80,80,80,80,80,80,80,80,80,80,80,80,80,80,80],"card_choices":[{"not_picked":["Headbutt","Feel No Pain"],"picked":"Anger","floor":1},{"not_picked":["Flex","Cleave"],"picked":"Infernal Blade","floor":2},{"not_picked":["Dropkick","Burning Pact"],"picked":"Blood for Blood","floor":3},{"not_picked":["Sentinel","Iron Wave"],"picked":"Armaments","floor":5},{"not_picked":["Heavy Blade","Anger"],"picked":"Disarm","floor":7},{"not_picked":["Berserk","Iron Wave","Reckless Charge"],"picked":"SKIP","floor":11},{"not_picked":["Warcry","Heavy Blade"],"picked":"Fire Breathing","floor":12},{"not_picked":["Warcry","Burning Pact"],"picked":"Battle Trance","floor":13},{"not_picked":["Sword Boomerang","Armaments"],"picked":"Wild Strike","floor":14}],"player_experience":430739,"relics_obtained":[{"floor":9,"key":"Whetstone"}],"event_choices":[],"is_beta":false,"boss_relics":[],"items_purged_floors":[],"is_endless":false,"potions_floor_spawned":[2,5,7,14],"killed_by":"The Guardian","ascension_level":11}}