{"host":"msmkw03x1o7nq45i","time":1611670166,"event":{"mods":["AchievementEnabler","BaseMod","Bestiary","Colored Powertips","GifTheSpireLib","Highlight Path","Minty Spire (QoL Compilation)","Random Character Button","StSLib","everything is the same but u backflip on backflip"],"gold_per_floor":[117,192,209,221,236,269,269,303,353,366,366,386,406,432,432,432,432],"floor_reached":16,"language":"ENG","playtime":1160,"items_purged":[],"score":198,"play_id":"42f4e264-ccee-4a48-bf78-4e02b4708dcc","local_time":"20210126160926","is_ascension_mode":true,"campfire_choices":[{"data":"Melter","floor":7,"key":"SMITH"},{"data":"Sweeping Beam","floor":11,"key":"SMITH"},{"data":"Hologram","floor":15,"key":"SMITH"}],"circlet_count":0,"master_deck":["AscendersBane","Strike_B+1","Strike_B+1","Strike_B","Strike_B","Defend_B","Defend_B","Defend_B","Defend_B","Zap","Dualcast","Melter+1","Sweeping Beam+1","Leap","Hologram+1","Machine Learning","BootSequence","Turbo"],"relics":["Cracked Core","Pen Nib","White Beast Statue","Matryoshka","Whetstone","Toy Ornithopter","Vajra"],"acts_visited":["Exordium"],"potions_floor_usage":[6,10,12,13,14,16,16],"damage_taken":[{"damage":0,"enemies":"Cultist","floor":1,"turns":4},{"damage":0,"enemies":"Small Slimes","floor":3,"turns":2},{"damage":8,"enemies":"2 Louse","floor":4,"turns":2},{"damage":1,"enemies":"2 Fungi Beasts","floor":5,"turns":4},{"damage":16,"enemies":"Gremlin Nob","floor":6,"turns":3},{"damage":20,"enemies":"3 Sentries","floor":8,"turns":9},{"damage":0,"enemies":"Blue Slaver","floor":10,"turns":1},{"damage":6,"enemies":"Looter","floor":12,"turns":2},{"damage":2,"enemies":"Large Slime","floor":13,"turns":5},{"damage":8,"enemies":"Gremlin Nob","floor":14,"turns":3},{"damage":31,"enemies":"Hexaghost","floor":16,"turns":9}],"seed_played":"981372418806074131","potions_obtained":[{"floor":1,"key":"PotionOfCapacity"},{"floor":3,"key":"Fire Potion"},{"floor":8,"key":"GamblersBrew"},{"floor":10,"key":"Fruit Juice"},{"floor":12,"key":"SteroidPotion"},{"floor":13,"key":"FearPotion"},{"floor":14,"key":"Explosive Potion"}],"is_trial":false,"path_per_floor":["M","?","M","M","M","E","R","E","T","M","R","M","M","E","R","B"],"character_chosen":"DEFECT","items_purchased":[],"campfire_rested":0,"item_purchase_floors":[],"current_hp_per_floor":[68,57,57,49,48,32,32,12,12,17,17,21,24,21,21,0,0],"gold":432,"neow_bonus":"RANDOM_COMMON_RELIC","is_daily":false,"chose_seed":false,"campfire_upgraded":3,"win_rate":0.0,"timestamp":1611670166,"path_taken":["M","?","M","M","M","E","R","E","T","M","R","M","M","E","R","BOSS"],"items_purchased_type":[],"build_version":"2020-12-22","purchased_purges":0,"victory":false,"max_hp_per_floor":[75,75,75,75,75,75,75,75,75,75,75,80,80,80,80,80,80],"card_choices":[{"not_picked":["Conserve Battery","Cold Snap"],"picked":"Melter","floor":1},{"not_picked":["Loop","FTL"],"picked":"Sweeping Beam","floor":3},{"not_picked":["Streamline","Ball Lightning"],"picked":"Leap","floor":4},{"not_picked":["Streamline","Defragment"],"picked":"Hologram","floor":5},{"not_picked":["Sweeping Beam","Chill"],"picked":"Machine Learning","floor":6},{"not_picked":["Lockon","Fission","Reinforced Body"],"picked":"SKIP","floor":8},{"not_picked":["Hologram","Stack","Coolheaded"],"picked":"SKIP","floor":10},{"not_picked":["Sweeping Beam","Static Discharge"],"picked":"BootSequence","floor":12},{"not_picked":["Barrage","Steam Power"],"picked":"Turbo","floor":13},{"not_picked":["Heatsinks","Multi-Cast","Ball Lightning"],"picked":"SKIP","floor":14}],"player_experience":402222,"relics_obtained":[{"floor":6,"key":"White Beast Statue"},{"floor":8,"key":"Matryoshka"},{"floor":9,"key":"Whetstone"},{"floor":9,"key":"Toy Ornithopter"},{"floor":14,"key":"Vajra"}],"event_choices":[{"damage_healed":0,"gold_gain":75,"player_choice":"Gather Gold","damage_taken":11,"max_hp_gain":0,"max_hp_loss":0,"event_name":"World of Goop","floor":2,"gold_loss":0}],"is_beta":false,"boss_relics":[],"items_purged_floors":[],"is_endless":false,"potions_floor_spawned":[1,3,8,10,12,13,14],"killed_by":"Hexaghost","ascension_level":12}}