{"host":"ELF","time":1611668018,"event":{"mods":["BaseMod","Bestiary","Minty Spire (QoL Compilation)","Relic Stats","Slay the Relics Exporter"],"gold_per_floor":[116,116,41,41,61,86,86,111,111,52,52,72,90,90,90,183,183,83,83,83,83,83,83],"floor_reached":22,"language":"ENG","playtime":1216,"items_purged":[],"score":423,"play_id":"33d09156-5c1f-47e2-917e-47785df4158d","local_time":"20210126073338","is_ascension_mode":true,"campfire_choices":[{"data":"Entrench","floor":7.0,"key":"SMITH"},{"floor":11.0,"key":"REST"},{"floor":15.0,"key":"REST"}],"circlet_count":0,"master_deck":["AscendersBane","Strike_R","Strike_R","Strike_R","Strike_R","Strike_R","Defend_R+1","Defend_R","Defend_R+1","Bash","True Grit+1","Entrench+1","Hemokinesis","Demon Form","Anger","True Grit","Sword Boomerang","Injury","Feed","Battle Trance","Writhe","Pommel Strike"],"relics":["Burning Blood","NeowsBlessing","Self Forming Clay","Calipers","Shuriken","Golden Idol","Ectoplasm","Letter Opener"],"acts_visited":["Exordium","TheCity"],"potions_floor_usage":[],"damage_taken":[{"damage":0.0,"enemies":"Cultist","floor":1.0,"turns":1.0},{"damage":0.0,"enemies":"Small Slimes","floor":5.0,"turns":1.0},{"damage":0.0,"enemies":"Lagavulin","floor":6.0,"turns":1.0},{"damage":57.0,"enemies":"Gremlin Nob","floor":8.0,"turns":5.0},{"damage":2.0,"enemies":"2 Louse","floor":12.0,"turns":2.0},{"damage":5.0,"enemies":"Blue Slaver","floor":13.0,"turns":4.0},{"damage":34.0,"enemies":"The Guardian","floor":16.0,"turns":9.0},{"damage":22.0,"enemies":"2 Thieves","floor":18.0,"turns":4.0},{"damage":21.0,"enemies":"Chosen","floor":19.0,"turns":7.0},{"damage":37,"enemies":"Snake Plant","floor":22,"turns":5}],"seed_played":"-5388314533640602630","potions_obtained":[{"floor":8.0,"key":"SpeedPotion"},{"floor":12.0,"key":"DuplicationPotion"},{"floor":13.0,"key":"Explosive Potion"}],"is_trial":false,"path_per_floor":["M","?","?","?","M","E","R","E","T","$","R","M","M","?","R","B",null,"M","M","?","?","M"],"character_chosen":"IRONCLAD","items_purchased":["Anger"],"campfire_rested":2,"item_purchase_floors":[10],"current_hp_per_floor":[74,51,51,51,57,63,63,12,12,12,34,38,39,39,61,33,65,52,37,37,37,0,0],"gold":83,"neow_bonus":"THREE_ENEMY_KILL","is_daily":false,"chose_seed":false,"campfire_upgraded":1,"win_rate":0.0,"timestamp":1611668018,"path_taken":["M","?","?","?","M","E","R","E","T","?","R","M","?","?","R","BOSS","M","M","?","?","M"],"items_purchased_type":["Card"],"build_version":"2020-12-18","purchased_purges":0,"victory":false,"max_hp_per_floor":[75,75,75,75,75,75,75,75,75,75,75,75,75,75,75,75,75,78,78,78,78,78,78],"relic_stats":{"counters":[10,39],"Self Forming Clay":[66],"Shuriken":[7],"Golden Idol":26,"Ectoplasm":137,"Letter Opener":[4],"obtain_stats":[{"Calipers":8,"NeowsBlessing":0,"Self Forming Clay":6,"Shuriken":9,"Golden Idol":14,"Ectoplasm":17,"Letter Opener":20,"Burning Blood":0},{"Calipers":4,"NeowsBlessing":0,"Self Forming Clay":3,"Shuriken":4,"Golden Idol":6,"Ectoplasm":7,"Letter Opener":9,"Burning Blood":0},{"Calipers":8,"NeowsBlessing":0,"Self Forming Clay":3,"Shuriken":8,"Golden Idol":14,"Ectoplasm":23,"Letter Opener":34,"Burning Blood":0}],"Burning Blood":54},"card_choices":[{"not_picked":["Body Slam","Burning Pact"],"picked":"True Grit","floor":1.0},{"not_picked":["Clothesline","Havoc"],"picked":"Entrench","floor":5.0},{"not_picked":["Second Wind","Rupture"],"picked":"Hemokinesis","floor":6.0},{"not_picked":["Combust","Clothesline"],"picked":"Demon Form","floor":8.0},{"not_picked":["Thunderclap","Headbutt"],"picked":"True Grit","floor":12.0},{"not_picked":["Anger","Flex"],"picked":"Sword Boomerang","floor":13.0},{"not_picked":["Double Tap","Fiend Fire"],"picked":"Feed","floor":16.0},{"not_picked":["Sword Boomerang","Second Wind"],"picked":"Battle Trance","floor":18.0},{"not_picked":["Hemokinesis","Clothesline","Havoc"],"picked":"SKIP","floor":19.0}],"player_experience":3313153,"relics_obtained":[{"floor":6.0,"key":"Self Forming Clay"},{"floor":8.0,"key":"Calipers"},{"floor":9.0,"key":"Shuriken"}],"event_choices":[{"damage_healed":0.0,"max_hp_gain":0.0,"max_hp_loss":0.0,"gold_gain":0.0,"event_name":"Shining Light","player_choice":"Entered Light","floor":2.0,"gold_loss":0.0,"damage_taken":23.0,"cards_upgraded":["Defend_R","Defend_R"]},{"cards_removed":["Defend_R"],"damage_healed":0.0,"max_hp_gain":0.0,"max_hp_loss":0.0,"gold_gain":0.0,"event_name":"The Cleric","player_choice":"Card Removal","floor":3.0,"gold_loss":75.0,"damage_taken":0.0},{"damage_healed":0.0,"max_hp_gain":0.0,"max_hp_loss":0.0,"gold_gain":0.0,"event_name":"Living Wall","player_choice":"Grow","floor":4.0,"gold_loss":0.0,"damage_taken":0.0,"cards_upgraded":["True Grit"]},{"damage_healed":0.0,"max_hp_gain":0.0,"max_hp_loss":0.0,"gold_gain":0.0,"event_name":"Golden Idol","player_choice":"Take Wound","floor":14.0,"gold_loss":0.0,"damage_taken":0.0,"relics_obtained":["Golden Idol"],"cards_obtained":["Injury"]},{"damage_healed":0,"gold_gain":0,"player_choice":"Opened","damage_taken":0,"relics_obtained":["Letter Opener"],"max_hp_gain":0,"max_hp_loss":0,"event_name":"The Mausoleum","floor":20,"gold_loss":0,"cards_obtained":["Writhe"]},{"damage_healed":0,"gold_gain":0,"player_choice":"1 cards matched","damage_taken":0,"max_hp_gain":0,"max_hp_loss":0,"event_name":"Match and Keep!","floor":21,"gold_loss":0,"cards_obtained":["Pommel Strike"]}],"is_beta":true,"boss_relics":[{"not_picked":["Tiny House","Runic Cube"],"picked":"Ectoplasm"}],"items_purged_floors":[],"is_endless":false,"potions_floor_spawned":[8,12,13],"killed_by":"Snake Plant","ascension_level":19}}