{"host":"bwf6jt0gyax88i3l","time":1611635648,"event":{"mods":["AchievementEnabler","BaseMod","Colored Map","Colored Powertips","Downfall","Duelist Mod","Highlight Path","Hubris","Infinite Spire","Jorbs\u0027s Wanderer Trilogy","Koishi","Lobotomy","Minty Spire (QoL Compilation)","Quick Restart","Shop Mod","StSLib","Td1madao Mod","The Disciple"],"gold_per_floor":[99,109,129,129,12,12,36,46,46,60,60,60,60],"floor_reached":11,"language":"ENG","playtime":571,"items_purged":["sneckomod:Strike"],"score":63,"play_id":"90d554b9-4271-444a-83ac-443badbcbb10","local_time":"20210125203408","is_ascension_mode":false,"campfire_choices":[{"data":"sneckomod:TailWhip","floor":1,"key":"SMITH"},{"data":"sneckomod:UnknownUncommonAttack","floor":6,"key":"SMITH"},{"data":"sneckomod:Unknown","floor":9,"key":"SMITH"}],"circlet_count":0,"master_deck":["sneckomod:Strike","sneckomod:Strike","sneckomod:Defend","sneckomod:Defend","sneckomod:Defend","sneckomod:TailWhip+1","sneckomod:SnekBite","sneckomod:Unknown+1","sneckomod:Unknown+1","sneckomod:DiceCrush","sneckomod:Unknown1Cost+1","sneckomod:UnknownUncommonAttack+1","sneckomod:Unknown1Cost+1","sneckomod:UnknownRarePower"],"relics":["sneckomod:SneckoSoul","War Paint"],"acts_visited":["Exordium"],"potions_floor_usage":[],"damage_taken":[{"damage":2,"enemies":"Small Slimes","floor":2,"turns":3},{"damage":6,"enemies":"Jaw Worm","floor":3,"turns":3},{"damage":13,"enemies":"downfall:FleeingMerchant","floor":5,"turns":4},{"damage":1,"enemies":"2 Louse","floor":8,"turns":3},{"damage":9,"enemies":"Exordium Thugs","floor":10,"turns":6},{"damage":0,"enemies":"Lagavulin","floor":11,"turns":1}],"seed_played":"6248807202017930614","potions_obtained":[{"floor":2,"key":"Weak Potion"},{"floor":10,"key":"Guardian:BlockOnCardUsePotion"}],"is_trial":false,"path_per_floor":["R","M","M","?","$","R","T","M","R","M","E"],"character_chosen":"THE_SNECKO","items_purchased":["sneckomod:Unknown1Cost"],"campfire_rested":0,"item_purchase_floors":[5],"current_hp_per_floor":[99,97,91,91,78,78,78,77,77,68,68,68,68],"gold":60,"neow_bonus":"TEN_PERCENT_HP_BONUS","is_daily":false,"chose_seed":false,"campfire_upgraded":3,"win_rate":0.0,"timestamp":1611635648,"path_taken":["R","M","M","?","$","R","T","M","R","M","E"],"items_purchased_type":["Card"],"build_version":"2020-12-22","purchased_purges":1,"victory":false,"max_hp_per_floor":[99,99,99,99,99,99,99,99,99,99,99,99,99],"card_choices":[{"not_picked":["sneckomod:UnknownVulnerable","sneckomod:QuickMove"],"picked":"sneckomod:DiceCrush","floor":2},{"not_picked":["sneckomod:DiceBoulder","sneckomod:UnknownCommonSkill"],"picked":"sneckomod:Unknown1Cost","floor":3},{"not_picked":["sneckomod:TrashToTreasure","sneckomod:Nope"],"picked":"sneckomod:UnknownUncommonAttack","floor":5},{"not_picked":["sneckomod:UnknownBlock","sneckomod:WideSting","sneckomod:UnknownCommonAttack"],"picked":"SKIP","floor":8},{"not_picked":["sneckomod:ImprovisedAttack","sneckomod:TrashToTreasure"],"picked":"sneckomod:UnknownRarePower","floor":10}],"player_experience":42127,"relics_obtained":[{"floor":7,"key":"War Paint"}],"event_choices":[],"is_beta":false,"boss_relics":[],"items_purged_floors":[5],"is_endless":false,"potions_floor_spawned":[2,10],"killed_by":"Lagavulin","ascension_level":0}}