{"host":"v79nb9qnzs8cga96","time":1611649111,"event":{"mods":["Aspiration","BaseMod","Better Note","Block Reminder","GifTheSpireLib","Minty Spire (QoL Compilation)","Quarter Circle Forward PUNCH!","SacredBarkPlus","Small Relic Pack","StSLib","Stuff the Spire","The Necromancer","The Poker Player","The Spell Scribe"],"gold_per_floor":[16,30,205,205,205,233,251,286,286,305,319,353,353,353,353,353,353],"floor_reached":16,"language":"ENG","playtime":1171,"items_purged":[],"score":152,"play_id":"f1e5d5d1-b623-4002-9a8e-1d60dbb757d5","local_time":"20210126101831","is_ascension_mode":true,"campfire_choices":[{"floor":15,"key":"REST"}],"circlet_count":0,"master_deck":["theScribe:LightningStrike","theScribe:LightningStrike","theScribe:StarterDefend","theScribe:StarterDefend","theScribe:StarterDefend","theScribe:IcyDefend","theScribe:IcyDefend","theScribe:StarterModifier","theScribe:FocusingBarrier","theScribe:ScrollOfChaining","theScribe:BlankScroll","theScribe:EnchantedStrike","theScribe:ForkedBolt"],"relics":["theScribe:StarterRelic1","PreservedInsect","StuffTheSpire:SapphireSignet","Strawberry","Nunchaku","relicPack:AllForOne"],"acts_visited":["Exordium"],"potions_floor_usage":[8,16,16],"damage_taken":[{"damage":7,"enemies":"2 Louse","floor":1,"turns":4},{"damage":5,"enemies":"Jaw Worm","floor":2,"turns":6},{"damage":0,"enemies":"Lagavulin","floor":6,"turns":5},{"damage":0,"enemies":"Small Slimes","floor":7,"turns":6},{"damage":41,"enemies":"Gremlin Nob","floor":8,"turns":6},{"damage":0,"enemies":"2 Fungi Beasts","floor":10,"turns":5},{"damage":3,"enemies":"Large Slime","floor":11,"turns":9},{"damage":19,"enemies":"3 Sentries","floor":12,"turns":6},{"damage":53,"enemies":"The Guardian","floor":16,"turns":14}],"seed_played":"1871967086888971157","potions_obtained":[{"floor":1,"key":"FearPotion"},{"floor":2,"key":"LiquidMemories"},{"floor":12,"key":"FearPotion"}],"is_trial":false,"path_per_floor":["M","M","?","?","T","E","M","E","T","M","M","E","?","?","R","B"],"character_chosen":"THE_SCRIBE","items_purchased":[],"campfire_rested":1,"item_purchase_floors":[],"current_hp_per_floor":[68,63,63,63,63,63,71,37,37,37,34,15,15,15,39,0,0],"gold":353,"neow_bonus":"REMOVE_TWO","is_daily":false,"chose_seed":false,"campfire_upgraded":0,"win_rate":0.0,"timestamp":1611649111,"path_taken":["M","M","?","?","?","E","M","E","T","M","?","E","?","?","R","BOSS"],"items_purchased_type":[],"build_version":"2020-12-22","purchased_purges":0,"victory":false,"max_hp_per_floor":[75,75,75,75,75,75,75,82,82,82,82,82,82,82,82,82,82],"card_choices":[{"not_picked":["theScribe:WeirdBlast","theScribe:ScrollOfScrying","theScribe:MirrorImage"],"picked":"SKIP","floor":1},{"not_picked":["theScribe:IcicleBlast","theScribe:RecklessResponse"],"picked":"theScribe:FocusingBarrier","floor":2},{"not_picked":["theScribe:RecklessResponse","theScribe:FlowLikeWater"],"picked":"theScribe:ScrollOfChaining","floor":6},{"not_picked":["theScribe:FocusingBlow","theScribe:AmplifyingSpellstone","theScribe:MagicMissiles"],"picked":"SKIP","floor":7},{"not_picked":["theScribe:ThrownScroll","theScribe:WeirdBlast"],"picked":"theScribe:BlankScroll","floor":8},{"not_picked":["theScribe:LightningBolt","theScribe:Incendio"],"picked":"theScribe:EnchantedStrike","floor":10},{"not_picked":["theScribe:AmplifyingSpellstone","theScribe:CapacitanceScroll","theScribe:ToxicSpellstone"],"picked":"SKIP","floor":11},{"not_picked":["theScribe:MagicMissiles","theScribe:ScrollOfPoison"],"picked":"theScribe:ForkedBolt","floor":12}],"player_experience":376591,"relics_obtained":[{"floor":5,"key":"PreservedInsect"},{"floor":6,"key":"StuffTheSpire:SapphireSignet"},{"floor":8,"key":"Strawberry"},{"floor":9,"key":"Nunchaku"}],"event_choices":[{"damage_healed":0,"gold_gain":175,"player_choice":"AGREE","damage_taken":0,"max_hp_gain":0,"max_hp_loss":0,"event_name":"Liars Game","floor":3,"gold_loss":0,"cards_obtained":["Doubt"]},{"cards_removed":["Doubt"],"damage_healed":0,"gold_gain":0,"player_choice":"Forget","damage_taken":0,"max_hp_gain":0,"max_hp_loss":0,"event_name":"Living Wall","floor":4,"gold_loss":0}],"is_beta":false,"boss_relics":[],"items_purged_floors":[],"is_endless":false,"potions_floor_spawned":[1,2,12],"killed_by":"The Guardian","ascension_level":1}}