{"host":"cxn6tbf67hppzwy1","time":1611656430,"event":{"mods":["BaseMod","Minty Spire (QoL Compilation)","Replay The Spire","Shop Mod","StSLib","Waifu the Spire","¡¾ÒÅÎï¿¨ÅÆ¡¿REMEMod"],"gold_per_floor":[113,188,200,73,89,123,123,154,154,154,169,169,204,217,217,318,318,332,332,344,66,86,86,113,138,165,165,165,179,207,227,227,324,324,360,244,255,255,270,295,311,339,339,371,382,394,429,439,439,439,439,439,194,224,224,224],"floor_reached":55,"language":"ZHS","playtime":1498,"items_purged":["Strike_P","Strike_P"],"score":1223,"play_id":"6f6c8b93-17ba-4c25-bc6d-e86f62c2ba2f","local_time":"20210126182030","is_ascension_mode":true,"campfire_choices":[{"data":"Eruption","floor":7.0,"key":"SMITH"},{"floor":10.0,"key":"REST"},{"data":"Strike_P","floor":15.0,"key":"PURGE"},{"data":"Ragnarok","floor":23.0,"key":"SMITH"},{"data":"Scrawl","floor":27.0,"key":"SMITH"},{"floor":32.0,"key":"RECALL"},{"floor":49.0,"key":"DIG"},{"data":"DeceiveReality","floor":52.0,"key":"SMITH"}],"circlet_count":0,"master_deck":["Eruption+1","Ragnarok+1","Scrawl+1","ForeignInfluence+1","CutThroughFate+1","Blasphemy","Brilliance+1","Sanctity+1","REME_CRH+1","DeceiveReality+1"],"relics":["PureWater","REME_ComplimentaryCards","NeowsBlessing","Molten Egg 2","Vajra","Empty Cage","Membership Card","MerchantsRug","Replay:Purple Gloves","Red Mask","Eternal Feather","Astrolabe","Counterbalance","Onion Ring","Ice Cream","Potion Belt","Blood Vial","Replay:Rubber Ducky","Nunchaku","Pen Nib","Oddly Smooth Stone","Boot"],"acts_visited":["Exordium","TheCity","TheBeyond","TheEnding"],"potions_floor_usage":[],"damage_taken":[{"damage":0.0,"enemies":"2 Louse","floor":1.0,"turns":2.0},{"damage":0.0,"enemies":"Cultist","floor":3.0,"turns":1.0},{"damage":0.0,"enemies":"Jaw Worm","floor":5.0,"turns":1.0},{"damage":37.0,"enemies":"3 Sentries","floor":6.0,"turns":8.0},{"damage":17.0,"enemies":"Lagavulin","floor":8.0,"turns":4.0},{"damage":0.0,"enemies":"Large Slime","floor":11.0,"turns":4.0},{"damage":16.0,"enemies":"Gremlin Nob","floor":13.0,"turns":3.0},{"damage":0.0,"enemies":"2 Fungi Beasts","floor":14.0,"turns":2.0},{"damage":0.0,"enemies":"Slime Boss","floor":16.0,"turns":4.0},{"damage":0.0,"enemies":"2 Thieves","floor":18.0,"turns":1.0},{"damage":0.0,"enemies":"Chosen","floor":20.0,"turns":1.0},{"damage":0.0,"enemies":"3 Cultists","floor":22.0,"turns":2.0},{"damage":0.0,"enemies":"Book of Stabbing","floor":24.0,"turns":1.0},{"damage":0.0,"enemies":"Masked Bandits","floor":25.0,"turns":1.0},{"damage":0.0,"enemies":"Snake Plant","floor":29.0,"turns":1.0},{"damage":0.0,"enemies":"REME_1_Revenger","floor":30.0,"turns":1.0},{"damage":0.0,"enemies":"Shelled Parasite and Fungi","floor":31.0,"turns":1.0},{"damage":0.0,"enemies":"Champ","floor":33.0,"turns":2.0},{"damage":0.0,"enemies":"Orb Walker","floor":35.0,"turns":1.0},{"damage":0.0,"enemies":"3 Shapes","floor":37.0,"turns":1.0},{"damage":0.0,"enemies":"Spire Growth","floor":39.0,"turns":1.0},{"damage":0.0,"enemies":"Reptomancer","floor":40.0,"turns":1.0},{"damage":0.0,"enemies":"Maw","floor":41.0,"turns":2.0},{"damage":0.0,"enemies":"R_Hoarder","floor":42.0,"turns":1.0},{"damage":0.0,"enemies":"Reptomancer","floor":44.0,"turns":1.0},{"damage":0.0,"enemies":"3 Darklings","floor":45.0,"turns":1.0},{"damage":0.0,"enemies":"Writhing Mass","floor":46.0,"turns":1.0},{"damage":0.0,"enemies":"Maw","floor":48.0,"turns":1.0},{"damage":36.0,"enemies":"Time Eater","floor":50.0,"turns":2.0},{"damage":0.0,"enemies":"Shield and Spear","floor":54.0,"turns":1.0},{"damage":5,"enemies":"The Heart","floor":55,"turns":2}],"seed_played":"3410025812433510295","potions_obtained":[{"floor":11.0,"key":"Block Potion"},{"floor":13.0,"key":"SkillPotion"},{"floor":14.0,"key":"SteroidPotion"},{"floor":20.0,"key":"AttackPotion"},{"floor":44.0,"key":"AttackPotion"},{"floor":46.0,"key":"Dexterity Potion"}],"is_trial":false,"path_per_floor":["M","?","M","$","M","E","R","E","T","R","M","?","E","M","R","B",null,"M","?","M","$","M","R","E","?","T","R","?","M","E","M","R","B",null,"M","$","M","?","M","E","M","E","T","E","M","M","?","M","R","B",null,"R","$","E","B"],"character_chosen":"WATCHER","items_purchased":["Strength Potion","Membership Card","MerchantsRug","Counterbalance","DistilledChaos","Pen Nib","Oddly Smooth Stone","Fruit Juice","GamblersBrew"],"campfire_rested":1,"item_purchase_floors":[4,21,21,36,36,53,53,53,53],"current_hp_per_floor":[72,65,65,65,65,28,28,11,11,32,32,32,16,16,16,16,72,72,72,72,72,72,72,72,72,72,72,72,72,72,72,72,72,72,72,72,72,72,72,72,72,72,72,72,72,72,72,72,72,36,72,72,77,77,72,72],"gold":224,"neow_bonus":"THREE_ENEMY_KILL","is_daily":false,"chose_seed":false,"campfire_upgraded":4,"win_rate":0.0,"timestamp":1611656430,"path_taken":["M","?","?","$","M","E","R","E","T","R","M","?","E","M","R","BOSS","M","?","M","$","M","R","E","?","T","R","?","M","E","M","R","BOSS","M","$","M","?","?","E","M","E","T","E","M","M","?","M","R","BOSS","R","$","E","BOSS"],"items_purchased_type":["Potion","Relic","Relic","Relic","Potion","Relic","Relic","Potion","Potion"],"build_version":"2020-12-22","purchased_purges":2,"victory":false,"max_hp_per_floor":[72,72,72,72,72,72,72,72,72,72,72,72,72,72,72,72,72,72,72,72,72,72,72,72,72,72,72,72,72,72,72,72,72,72,72,72,72,72,72,72,72,72,72,72,72,72,72,72,72,72,72,72,77,77,77,77],"card_choices":[{"not_picked":["EmptyBody","ReachHeaven","BattleHymn"],"picked":"SKIP","floor":1.0},{"not_picked":["ReachHeaven","Nirvana","Perseverance"],"picked":"SKIP","floor":3.0},{"not_picked":["ReachHeaven","Nirvana","Perseverance"],"picked":"SKIP","floor":3.0},{"not_picked":["ClearTheMind","ReachHeaven","Replay:AtTheReady"],"picked":"SKIP","floor":5.0},{"not_picked":["EmptyMind","FollowUp"],"picked":"Scrawl","floor":6.0},{"not_picked":["CutThroughFate+1","Crescendo"],"picked":"ForeignInfluence","floor":8.0},{"not_picked":["Prostrate","JustLucky+1","Wallop+1"],"picked":"SKIP","floor":11.0},{"not_picked":["Replay:ManipulateFuture","ThirdEye","Judgement"],"picked":"SKIP","floor":13.0},{"not_picked":["Nirvana","WheelKick+1","REME_Repentance"],"picked":"SKIP","floor":14.0},{"not_picked":["Brilliance+1","Omniscience"],"picked":"Blasphemy","floor":16.0},{"not_picked":["Prostrate","REME_Repentance","Replay:BluntJabs+1"],"picked":"SKIP","floor":18.0},{"not_picked":["ReachHeaven+1","Replay:Cycle","EmptyFist+1"],"picked":"SKIP","floor":20.0},{"not_picked":["EmptyFist+1","Weave+1","JustLucky+1"],"picked":"SKIP","floor":22.0},{"not_picked":["EmptyFist+1","Weave+1","JustLucky+1"],"picked":"SKIP","floor":22.0},{"not_picked":["Replay:AllIn","ReachHeaven+1"],"picked":"Pray+1","floor":24.0},{"not_picked":["ForeignInfluence","ThirdEye","Prostrate"],"picked":"SKIP","floor":29.0},{"not_picked":["WindmillStrike+1","FollowUp+1","Halt"],"picked":"SKIP","floor":30.0},{"not_picked":["Replay:Battleflow","DeusExMachina","FlurryOfBlows+1"],"picked":"SKIP","floor":31.0},{"not_picked":["ReachHeaven+1","ForeignInfluence","DeceiveReality"],"picked":"SKIP","floor":35.0},{"not_picked":["ReachHeaven+1","ForeignInfluence"],"picked":"DeceiveReality","floor":35.0},{"not_picked":["PathToVictory+1","CarveReality+1","Prostrate"],"picked":"SKIP","floor":37.0},{"not_picked":["Indignation","EmptyFist+1","Replay:Hum"],"picked":"SKIP","floor":39.0},{"not_picked":["FollowUp+1","ClearTheMind+1","FlurryOfBlows+1"],"picked":"SKIP","floor":40.0},{"not_picked":["Halt","BattleHymn","ThirdEye+1"],"picked":"SKIP","floor":41.0},{"not_picked":["FlyingSleeves+1","WreathOfFlame+1","CutThroughFate+1"],"picked":"SKIP","floor":42.0},{"not_picked":["Consecrate+1","WaveOfTheHand+1","ReachHeaven+1"],"picked":"SKIP","floor":44.0},{"not_picked":["Replay:Hum+1","DeceiveReality","Establishment"],"picked":"SKIP","floor":45.0},{"not_picked":["Replay:Hum+1","Fasting2+1","CutThroughFate+1"],"picked":"SKIP","floor":46.0},{"not_picked":["Conclude+1","FlurryOfBlows+1","Tantrum+1"],"picked":"SKIP","floor":48.0},{"not_picked":["JustLucky+1","Weave+1","WaveOfTheHand"],"picked":"SKIP","floor":54.0}],"player_experience":42786,"relics_obtained":[{"floor":8.0,"key":"Molten Egg 2"},{"floor":9.0,"key":"Vajra"},{"floor":13.0,"key":"Replay:PocketPolymizer"},{"floor":24.0,"key":"Replay:Purple Gloves"},{"floor":25.0,"key":"Red Mask"},{"floor":30.0,"key":"Eternal Feather"},{"floor":40.0,"key":"Onion Ring"},{"floor":42.0,"key":"Ice Cream"},{"floor":43.0,"key":"Potion Belt"},{"floor":44.0,"key":"Blood Vial"},{"floor":47.0,"key":"Replay:Rubber Ducky"},{"floor":49.0,"key":"Nunchaku"},{"floor":54.0,"key":"Boot"}],"event_choices":[{"damage_healed":0.0,"max_hp_gain":0.0,"max_hp_loss":0.0,"gold_gain":75.0,"event_name":"FaceTrader","player_choice":"Touch","floor":2.0,"gold_loss":0.0,"damage_taken":7.0},{"damage_healed":0.0,"max_hp_gain":0.0,"max_hp_loss":0.0,"gold_gain":0.0,"event_name":"Living Wall","player_choice":"Grow","floor":12.0,"gold_loss":0.0,"damage_taken":0.0,"cards_upgraded":["ForeignInfluence"]},{"cards_removed":["Defend_P"],"damage_healed":0.0,"max_hp_gain":0.0,"max_hp_loss":0.0,"gold_gain":0.0,"event_name":"Back to Basics","player_choice":"Elegance","floor":19.0,"gold_loss":0.0,"damage_taken":0.0},{"damage_healed":0.0,"max_hp_gain":0.0,"max_hp_loss":0.0,"gold_gain":0.0,"event_name":"Masked Bandits","player_choice":"Fought Bandits","floor":25.0,"gold_loss":0.0,"damage_taken":0.0},{"damage_healed":24.0,"max_hp_gain":0.0,"max_hp_loss":0.0,"gold_gain":0.0,"event_name":"The Library","player_choice":"Heal","floor":28.0,"gold_loss":0.0,"damage_taken":0.0},{"damage_healed":0.0,"max_hp_gain":0.0,"max_hp_loss":0.0,"gold_gain":0.0,"event_name":"SecretPortal","player_choice":"Ignored","floor":38.0,"gold_loss":0.0,"damage_taken":0.0}],"is_beta":false,"boss_relics":[{"not_picked":["SlaversCollar","Replay:Drink Me"],"picked":"Empty Cage"},{"not_picked":["Runic Pyramid","Replay:Bronze Core"],"picked":"Astrolabe"}],"items_purged_floors":[4,21],"is_endless":false,"potions_floor_spawned":[11,13,14,20,22,29,31,37,40,44,46],"killed_by":"The Heart","ascension_level":4}}