{"host":"w7dhjqgqsib0c3vt","time":1611672905,"event":{"mods":["ATMod(°¢èªMod)","BaseMod","Dota2Spire","Downfall","Minty Spire (QoL Compilation)","Shop Mod","Spicy Shops","StSLib"],"gold_per_floor":[99,112,128,1,1,1,25,45,73,87,87,103,3,16,30,135,135,35,54,54,68,84,101,101,101,101,116,143,143,162,180,200,295,295,295,315,328,48,65,81,108,108,122,19,19,19,37,48,62,62],"floor_reached":51,"language":"ZHS","playtime":4364,"items_purged":["downfall:Bewildered","Writhe"],"score":731,"play_id":"5399e105-c33d-4e85-8801-14c205028488","local_time":"20210126225505","is_ascension_mode":false,"campfire_choices":[{"data":"AT_ShrugMaster","floor":1.0,"key":"SMITH"},{"data":"Guardian:RefractedBeam","floor":6.0,"key":"SMITH"},{"data":"Guardian:RefractedBeam+1","floor":11.0,"key":"SMITH"},{"floor":13.0,"key":"RECALL"},{"data":"Guardian:RefractedBeam+2","floor":18.0,"key":"SMITH"},{"data":"Guardian:RefractedBeam+3","floor":25.0,"key":"SMITH"},{"floor":29.0,"key":"REST"},{"data":"Guardian:RefractedBeam+4","floor":35,"key":"SMITH"},{"data":"expansioncontent:DashGenerateEvil","floor":42,"key":"SMITH"}],"circlet_count":0,"master_deck":["Guardian:CurlUp","Guardian:TwinSlam","AT_ShrugMaster+1","Guardian:RollAttack","Guardian:ChargeCore","Guardian:RefractedBeam+5","Guardian:Recover","Guardian:TemporalStrike","Guardian:Incinerate","Guardian:CrystalBeam","Guardian:SentryBeam","Guardian:PrismaticBarrier","Guardian:ArmoredProtocol","Guardian:SpikerProtocol","Guardian:ChargeCore","Guardian:ConstructionForm","Guardian:DonusPower","Guardian:Suspension","Guardian:PrimingBeam","Guardian:TemporalShield+1","Guardian:ShieldSpikes","Guardian:ExploitGems","Guardian:FloatingOrbs+1","Guardian:Emergency+1","Guardian:Harden+1","Guardian:ConstructionForm+1","Guardian:RevengeProtocol+1","Guardian:TimeCapacitor+1","Guardian:Preprogram+1","expansioncontent:DashGenerateEvil+1","Guardian:BodySlam","Guardian:PrimingBeam+1","Guardian:TemporalStrike+1","Guardian:Gem_White","Guardian:PrismaticBeam+1","Injury","Guardian:FloatingOrbs+1","Guardian:GuardianWhirl","Guardian:Gem_Cyan","downfall:Aged","Guardian:Gem_Green","Guardian:Gem_Crimson","Guardian:Gem_Fragmented","Guardian:PiercingHide+1","Guardian:Clone+1","Guardian:Gem_Yellow"],"relics":["Guardian:ModeShifter","AT_ATBox","Lee\u0027s Waffle","Vajra","Dota2Spire:BlackKingBar","downfall:HeartBlessingGreen","Pandora\u0027s Box","downfall:HeartBlessingRed","Prayer Wheel","Frozen Egg 2","Dota2Spire:PhaseBoots","AT_TrinityForce","PreservedInsect","Bag of Preparation","Guardian:BottledStasis","Guardian:StasisEgg"],"acts_visited":["Exordium","TheCity","TheBeyond"],"potions_floor_usage":[33,33,36,44,50,50],"damage_taken":[{"damage":4.0,"enemies":"Jaw Worm","floor":2.0,"turns":5.0},{"damage":0.0,"enemies":"Cultist","floor":3.0,"turns":4.0},{"damage":0.0,"enemies":"downfall:FleeingMerchant","floor":4.0,"turns":4.0},{"damage":0.0,"enemies":"Small Slimes","floor":8.0,"turns":3.0},{"damage":0.0,"enemies":"Lagavulin","floor":9.0,"turns":6.0},{"damage":7.0,"enemies":"Blue Slaver","floor":10.0,"turns":3.0},{"damage":12.0,"enemies":"Exordium Thugs","floor":12.0,"turns":3.0},{"damage":0.0,"enemies":"2 Fungi Beasts","floor":14.0,"turns":2.0},{"damage":0.0,"enemies":"Large Slime","floor":15.0,"turns":4.0},{"damage":14.0,"enemies":"IC_STATUS_ARCHETYPE","floor":16.0,"turns":5.0},{"damage":0.0,"enemies":"Spheric Guardian","floor":19.0,"turns":3.0},{"damage":10.0,"enemies":"Chosen","floor":21.0,"turns":5.0},{"damage":18.0,"enemies":"Shelled Parasite and Fungi","floor":22.0,"turns":5.0},{"damage":12.0,"enemies":"Centurion and Healer","floor":23.0,"turns":4.0},{"damage":22.0,"enemies":"Cultist and Chosen","floor":27.0,"turns":6.0},{"damage":22.0,"enemies":"Slavers","floor":28.0,"turns":5.0},{"damage":0.0,"enemies":"Snecko","floor":30.0,"turns":4.0},{"damage":8.0,"enemies":"Centurion and Healer","floor":31.0,"turns":5.0},{"damage":15.0,"enemies":"Snake Plant","floor":32.0,"turns":3.0},{"damage":11,"enemies":"SI_MIRROR_ARCHETYPE","floor":33,"turns":9},{"damage":0,"enemies":"Orb Walker","floor":36,"turns":3},{"damage":5,"enemies":"3 Shapes","floor":37,"turns":6},{"damage":0,"enemies":"downfall:FleeingMerchant","floor":38,"turns":4},{"damage":0,"enemies":"Maw","floor":39,"turns":4},{"damage":22,"enemies":"Writhing Mass","floor":40,"turns":4},{"damage":0,"enemies":"Transient","floor":43,"turns":5},{"damage":12,"enemies":"downfall:FleeingMerchant","floor":44,"turns":4},{"damage":0,"enemies":"Sphere and 2 Shapes","floor":47,"turns":2},{"damage":0,"enemies":"Jaw Worm Horde","floor":48,"turns":3},{"damage":0,"enemies":"3 Darklings","floor":49,"turns":3},{"damage":31,"enemies":"DF_ARCHETYPE_ORBS","floor":50,"turns":8}],"seed_played":"7063545165923860337","potions_obtained":[{"floor":3.0,"key":"Fire Potion"},{"floor":8.0,"key":"Fire Potion"},{"floor":12.0,"key":"Explosive Potion"},{"floor":21.0,"key":"EntropicBrew"},{"floor":23.0,"key":"Fire Potion"},{"floor":28.0,"key":"Weak Potion"},{"floor":30.0,"key":"Block Potion"},{"floor":32.0,"key":"SneckoOil"},{"floor":33,"key":"SkillPotion"},{"floor":37,"key":"Dota2Spire:HealingSalve"},{"floor":40,"key":"champ:CounterPotion"},{"floor":43,"key":"Fire Potion"},{"floor":49,"key":"GamblersBrew"}],"is_trial":false,"path_per_floor":["R","M","M","$","?","R","T","M","E","M","R","M","R","M","M","B",null,"R","M","?","M","M","M","T","R","?","M","E","R","M","M","M","B",null,"R","M","M","$","M","M","T","R","M","$","?","$","M","M","M","B",null],"character_chosen":"GUARDIAN","items_purchased":["Lee\u0027s Waffle","Guardian:RefractedBeam","expansioncontent:DashGenerateEvil","Bag of Preparation","Guardian:BottledStasis","Guardian:FloatingOrbs+1","Guardian:GuardianWhirl","Guardian:Gem_Cyan"],"campfire_rested":1,"item_purchase_floors":[4,4,38,44,44,44,44,44],"current_hp_per_floor":[88,84,84,95,95,95,95,95,95,88,88,76,76,76,76,62,95,95,95,95,85,67,55,55,55,55,33,11,39,39,31,16,5,95,95,95,90,90,90,68,68,68,68,56,56,56,56,56,56,43],"gold":62,"neow_bonus":"TEN_PERCENT_HP_BONUS","is_daily":false,"chose_seed":false,"campfire_upgraded":7,"win_rate":0.0,"timestamp":1611672905,"path_taken":["R","M","M","$","?","R","T","M","E","M","R","M","R","?","M","BOSS","R","M","?","M","M","M","T","R","?","M","E","R","M","?","M","BOSS","R","M","M","$","M","M","T","R","M","$","?","$","M","M","M","BOSS"],"items_purchased_type":["Relic","Card","Card","Relic","Relic","Card","Card","Card"],"build_version":"2020-12-22","purchased_purges":2,"victory":true,"max_hp_per_floor":[88,88,88,95,95,95,95,95,95,95,95,95,95,95,95,95,95,95,95,95,95,95,95,95,95,95,95,95,95,95,95,95,95,95,95,95,95,95,95,95,95,95,95,95,95,95,95,95,95,95],"card_choices":[{"not_picked":["Guardian:TemporalStrike","Guardian:Gem_Blue"],"picked":"Guardian:RollAttack","floor":2.0},{"not_picked":["Guardian:Harden","Guardian:ShieldCharger"],"picked":"Guardian:ChargeCore","floor":3.0},{"not_picked":["Guardian:PrismaticBarrier","Guardian:HyperBeam_Guardian"],"picked":"Guardian:Gem_Red","floor":4.0},{"not_picked":["Guardian:Reroute","Guardian:Gem_White"],"picked":"Guardian:Recover","floor":8.0},{"not_picked":["Guardian:WalkerClaw","Guardian:HyperBeam_Guardian"],"picked":"Guardian:TemporalStrike","floor":9.0},{"not_picked":["Guardian:ChargeCore","Guardian:FloatingOrbs"],"picked":"Guardian:Incinerate","floor":10.0},{"not_picked":["Guardian:TemporalStrike","Guardian:PiercingHide"],"picked":"Guardian:Gem_Lightblue","floor":12.0},{"not_picked":["Guardian:TimeBomb","Guardian:BaubleBeam"],"picked":"Guardian:CrystalBeam","floor":14.0},{"not_picked":["Guardian:Gem_Green","Guardian:EvasiveProtocol"],"picked":"Guardian:SentryBeam","floor":15.0},{"not_picked":["Guardian:HyperBeam_Guardian","Guardian:SphericShield"],"picked":"Guardian:AncientConstruct","floor":16.0},{"not_picked":["Guardian:Recover","Guardian:Gem_Lightblue"],"picked":"Guardian:DonusPower","floor":19.0},{"not_picked":["Guardian:Gem_Fragmented","Guardian:TimeCapacitor"],"picked":"Guardian:Suspension","floor":21.0},{"not_picked":["Guardian:Gem_White","Guardian:ArmoredProtocol"],"picked":"Guardian:PrimingBeam","floor":21.0},{"not_picked":["Guardian:Repulse","Guardian:FloatingOrbs"],"picked":"Guardian:Gem_Fragmented","floor":22.0},{"not_picked":["Guardian:PrimingBeam","Guardian:Planning","Guardian:SpikerProtocol"],"picked":"SKIP","floor":22.0},{"not_picked":["Guardian:PiercingHide","Guardian:PrimingBeam+1"],"picked":"Guardian:Gem_Green","floor":23.0},{"not_picked":["Guardian:Gem_Fragmented","Guardian:VentSteam"],"picked":"Guardian:TemporalShield+1","floor":23.0},{"not_picked":["Guardian:Repulse+1","Guardian:Planning"],"picked":"Guardian:FloatingOrbs+1","floor":27.0},{"not_picked":["Guardian:RevengeProtocol+1","Guardian:BronzeOrb"],"picked":"Guardian:Emergency+1","floor":27.0},{"not_picked":["Guardian:ShieldCharger","Guardian:RefractedBeam","Guardian:CrystalBeam"],"picked":"SKIP","floor":28.0},{"not_picked":["Guardian:Clone","Guardian:Gem_Green"],"picked":"Guardian:Gem_Crimson","floor":30.0},{"not_picked":["Guardian:Incinerate","Guardian:PrismaticBarrier"],"picked":"Guardian:Gem_Green","floor":30.0},{"not_picked":["Guardian:ShieldSpikes","Guardian:Planning"],"picked":"Guardian:Gem_Fragmented","floor":31.0},{"not_picked":["Guardian:CrystalBeam","Guardian:PrimingBeam"],"picked":"Guardian:Gem_Lightblue","floor":31.0},{"not_picked":["Guardian:Gem_Lightblue","Guardian:Clone"],"picked":"Guardian:Harden+1","floor":32.0},{"not_picked":["Guardian:TemporalShield","Guardian:PrimingBeam"],"picked":"Guardian:ConstructionForm+1","floor":32.0},{"not_picked":["Guardian:StasisField","Guardian:SphericShield"],"picked":"Guardian:RevengeProtocol+1","floor":33},{"not_picked":["Guardian:TemporalShield+1","Guardian:ChargeCore"],"picked":"Guardian:Gem_Green","floor":36},{"not_picked":["Guardian:BronzeOrb+1","Guardian:VentSteam"],"picked":"Guardian:TimeCapacitor+1","floor":36},{"not_picked":["Guardian:Gem_Green","Guardian:PiercingHide"],"picked":"Guardian:Preprogram+1","floor":37},{"not_picked":["Guardian:PiercingHide","Guardian:Planning+1","Guardian:SentryBeam"],"picked":"SKIP","floor":37},{"not_picked":["Guardian:Gem_Blue","Guardian:TemporalStrike"],"picked":"Guardian:Gem_Green","floor":38},{"not_picked":["Guardian:ShieldCharger+1","Guardian:PiercingHide+1"],"picked":"Guardian:BodySlam","floor":39},{"not_picked":["Guardian:Preprogram+1","Guardian:RollAttack","Guardian:TemporalStrike"],"picked":"SKIP","floor":39},{"not_picked":["Guardian:Incinerate","Guardian:ShieldCharger"],"picked":"Guardian:Gem_Blue","floor":40},{"not_picked":["Guardian:Suspension","Guardian:ShieldCharger"],"picked":"Guardian:PrimingBeam+1","floor":40},{"not_picked":["Guardian:ShieldCharger","Guardian:WalkerClaw"],"picked":"Guardian:TemporalStrike+1","floor":43},{"not_picked":["Guardian:ArmoredProtocol+1","Guardian:Reroute+1"],"picked":"Guardian:Gem_White","floor":43},{"not_picked":["Guardian:HyperBeam_Guardian","Guardian:TemporalShield+1"],"picked":"Guardian:PrismaticBeam+1","floor":44},{"not_picked":["Guardian:CrystalBeam+1","Guardian:RollAttack+1"],"picked":"Guardian:Gem_Green","floor":47},{"not_picked":["Guardian:ChargeCore+1","Guardian:WalkerClaw"],"picked":"Guardian:Gem_Crimson","floor":47},{"not_picked":["Guardian:MultiBeam","Guardian:Gem_Lightblue"],"picked":"Guardian:Gem_Fragmented","floor":48},{"not_picked":["Guardian:Recover+1","Guardian:ShieldSpikes"],"picked":"Guardian:PiercingHide+1","floor":48},{"not_picked":["Guardian:Gem_Crimson","Guardian:BaubleBeam"],"picked":"Guardian:Clone+1","floor":49},{"not_picked":["Guardian:Suspension+1","Guardian:Gem_Lightblue"],"picked":"Guardian:Gem_Yellow","floor":49}],"player_experience":634024,"relics_obtained":[{"floor":7.0,"key":"Vajra"},{"floor":9.0,"key":"Dota2Spire:BlackKingBar"},{"floor":24.0,"key":"Frozen Egg 2"},{"floor":28.0,"key":"Dota2Spire:PhaseBoots"},{"floor":41,"key":"PreservedInsect"}],"event_choices":[],"is_beta":false,"boss_relics":[{"not_picked":["Snecko Eye","Coffee Dripper"],"picked":"Pandora\u0027s Box"},{"not_picked":["Velvet Choker","Sozu"],"picked":"AT_TrinityForce"}],"items_purged_floors":[38,44],"is_endless":false,"potions_floor_spawned":[3,8,12,21,23,28,30,32,33,37,40,43,49],"ascension_level":0}}