{"host":"lrlw254gqe5layub","time":1611656416,"event":{"mods":["AchievementEnabler","BaseMod","Colored Map","Colored Powertips","Minty Spire (QoL Compilation)","Rare Cards Sparkle","SuperFastMode"],"gold_per_floor":[113,127,77,77,90,90,15,50,103,103,134,151,151,168,168,263,263,277,71,170,183,200,200,215,90,140,174,187,187,187,204,204,305,305,324,10,10,23,23,57,57,68,142,142,161,141,151,164,164,164],"floor_reached":51,"language":"KOR","playtime":4784,"items_purged":["Pain","Zap","Strike_B","Stack"],"score":958,"play_id":"3e1f75b2-0740-48de-bc3a-0860c8113692","local_time":"20210126192016","is_ascension_mode":true,"campfire_choices":[{"data":"Dualcast","floor":6.0,"key":"SMITH"},{"floor":10.0,"key":"RECALL"},{"data":"Creative AI","floor":13.0,"key":"SMITH"},{"data":"White Noise","floor":15.0,"key":"SMITH"},{"floor":23.0,"key":"REST"},{"floor":30.0,"key":"REST"},{"floor":32.0,"key":"REST"},{"data":"Apotheosis","floor":44.0,"key":"SMITH"},{"data":"Redo","floor":49,"key":"SMITH"}],"circlet_count":0,"master_deck":["Strike_B","Strike_B","Defend_B","Defend_B","Defend_B+1","Defend_B","Dualcast+1","Go for the Eyes","Glacier","Coolheaded","Melter","Creative AI+1","Sweeping Beam","White Noise+1","Core Surge","Cold Snap+1","Consume","Stack+1","Redo+1","Self Repair","Echo Form","Fusion+1","Apotheosis+1","Self Repair","Parasite","Gash+1","Parasite"],"relics":["Cracked Core","NeowsBlessing","WarpedTongs","Akabeko","Strawberry","Inserter","Vajra","Nunchaku","Enchiridion","Black Star","War Paint","Anchor","Toxic Egg 2"],"acts_visited":["Exordium","TheCity","TheBeyond"],"potions_floor_usage":[],"damage_taken":[{"damage":0.0,"enemies":"Jaw Worm","floor":1.0,"turns":1.0},{"damage":0.0,"enemies":"Small Slimes","floor":2.0,"turns":1.0},{"damage":0.0,"enemies":"Cultist","floor":5.0,"turns":1.0},{"damage":4.0,"enemies":"Lagavulin","floor":8.0,"turns":8.0},{"damage":10.0,"enemies":"3 Sentries","floor":11.0,"turns":8.0},{"damage":3.0,"enemies":"Looter","floor":12.0,"turns":2.0},{"damage":2.0,"enemies":"3 Louse","floor":14.0,"turns":2.0},{"damage":38.0,"enemies":"Hexaghost","floor":16.0,"turns":15.0},{"damage":14.0,"enemies":"2 Thieves","floor":18.0,"turns":5.0},{"damage":18.0,"enemies":"Shell Parasite","floor":21.0,"turns":6.0},{"damage":8.0,"enemies":"Chosen and Byrds","floor":22.0,"turns":5.0},{"damage":15.0,"enemies":"Centurion and Healer","floor":24.0,"turns":14.0},{"damage":0.0,"enemies":"Book of Stabbing","floor":27.0,"turns":14.0},{"damage":9.0,"enemies":"Snecko","floor":28.0,"turns":10.0},{"damage":16.0,"enemies":"Snake Plant","floor":31.0,"turns":4.0},{"damage":41.0,"enemies":"Automaton","floor":33.0,"turns":16.0},{"damage":43.0,"enemies":"3 Darklings","floor":35.0,"turns":8.0},{"damage":12.0,"enemies":"Orb Walker","floor":38.0,"turns":6.0},{"damage":33.0,"enemies":"Nemesis","floor":40.0,"turns":23.0},{"damage":8.0,"enemies":"Writhing Mass","floor":42.0,"turns":20.0},{"damage":21.0,"enemies":"Spire Growth","floor":45.0,"turns":11.0},{"damage":23.0,"enemies":"Transient","floor":47.0,"turns":5.0},{"damage":28,"enemies":"Writhing Mass","floor":48,"turns":12},{"damage":48,"enemies":"Awakened One","floor":50,"turns":114}],"seed_played":"8456595461398950129","potions_obtained":[{"floor":2.0,"key":"LiquidBronze"},{"floor":14.0,"key":"AttackPotion"},{"floor":18.0,"key":"LiquidMemories"},{"floor":21.0,"key":"Energy Potion"},{"floor":24.0,"key":"BlessingOfTheForge"},{"floor":28.0,"key":"ColorlessPotion"},{"floor":42.0,"key":"ColorlessPotion"},{"floor":45.0,"key":"ColorlessPotion"},{"floor":46.0,"key":"Fire Potion"}],"is_trial":false,"path_per_floor":["M","M","?","?","M","R","$","E","T","R","E","M","R","M","R","B",null,"M","$","?","M","M","R","M","$","T","E","M","?","R","M","R","B",null,"M","$","?","M","?","E","?","M","T","R","M","?","M","M","R","B",null],"character_chosen":"DEFECT","items_purchased":["Consume","Stack","Apotheosis"],"campfire_rested":3,"item_purchase_floors":[19,19,36],"current_hp_per_floor":[68,68,68,68,68,68,68,64,64,64,61,58,58,56,56,18,66,52,52,52,34,26,50,35,35,35,35,33,17,41,25,49,15,65,22,22,22,20,72,59,59,72,72,72,72,72,59,71,71,63],"gold":164,"neow_bonus":"THREE_ENEMY_KILL","is_daily":false,"chose_seed":false,"campfire_upgraded":5,"win_rate":0.0,"timestamp":1611656416,"path_taken":["M","M","?","?","M","R","$","E","T","R","E","M","R","M","R","BOSS","M","$","?","M","M","R","M","$","T","E","M","?","R","M","R","BOSS","M","$","?","M","?","E","?","M","T","R","?","?","M","M","R","BOSS"],"items_purchased_type":["Card","Card","Card"],"build_version":"2020-12-22","purchased_purges":4,"victory":true,"max_hp_per_floor":[75,75,75,75,75,75,75,75,75,75,82,82,82,82,82,82,82,82,82,82,82,82,82,82,82,82,82,82,82,82,82,82,82,82,82,82,82,82,72,72,72,72,72,72,72,72,72,72,72,72],"card_choices":[{"not_picked":["Ball Lightning","Compile Driver"],"picked":"Go for the Eyes","floor":1.0},{"not_picked":["Lockon","Tempest"],"picked":"Glacier","floor":2.0},{"not_picked":["Barrage","Reprogram"],"picked":"Coolheaded","floor":5.0},{"not_picked":["Force Field","Barrage"],"picked":"Melter","floor":8.0},{"not_picked":["Self Repair","Barrage"],"picked":"Creative AI","floor":11.0},{"not_picked":["Streamline","Coolheaded"],"picked":"Sweeping Beam","floor":12.0},{"not_picked":["Steam","Leap"],"picked":"White Noise","floor":14.0},{"not_picked":["Fission","Buffer"],"picked":"Core Surge","floor":16.0},{"not_picked":["Hologram+1","Hello World"],"picked":"Cold Snap+1","floor":18.0},{"not_picked":["Barrage","Turbo","Beam Cell"],"picked":"SKIP","floor":21.0},{"not_picked":["Thunder Strike","Hello World+1"],"picked":"Stack+1","floor":22.0},{"not_picked":["Stack","Fusion"],"picked":"Redo","floor":24.0},{"not_picked":["Leap","Undo"],"picked":"Self Repair","floor":27.0},{"not_picked":["Storm+1","Redo","Aggregate"],"picked":"SKIP","floor":28.0},{"not_picked":["Compile Driver+1","Auto Shields","Chaos"],"picked":"SKIP","floor":31.0},{"not_picked":["Core Surge","Machine Learning"],"picked":"Echo Form","floor":33.0},{"not_picked":["Go for the Eyes+1","Aggregate+1"],"picked":"Fusion","floor":35.0},{"not_picked":["Rebound","Beam Cell+1","Streamline"],"picked":"SKIP","floor":38.0},{"not_picked":["Capacitor","Creative AI"],"picked":"Self Repair","floor":40.0},{"not_picked":["Sunder","Cold Snap"],"picked":"Gash+1","floor":42.0},{"not_picked":["Aggregate+1","Static Discharge","Coolheaded+1"],"picked":"SKIP","floor":45.0},{"not_picked":["Fusion+1","Redo+1","Lockon"],"picked":"SKIP","floor":47.0},{"not_picked":["Tempest+1","Ball Lightning","Storm+1"],"picked":"SKIP","floor":48}],"player_experience":463108,"relics_obtained":[{"floor":8.0,"key":"Akabeko"},{"floor":11.0,"key":"Strawberry"},{"floor":26.0,"key":"Vajra"},{"floor":27.0,"key":"Nunchaku"},{"floor":29.0,"key":"Enchiridion"},{"floor":40.0,"key":"War Paint"},{"floor":40.0,"key":"Anchor"},{"floor":43.0,"key":"Toxic Egg 2"}],"event_choices":[{"cards_removed":["Strike_B"],"damage_healed":0.0,"max_hp_gain":0.0,"max_hp_loss":0.0,"gold_gain":0.0,"event_name":"The Cleric","player_choice":"Card Removal","floor":3.0,"gold_loss":50.0,"damage_taken":0.0},{"damage_healed":0.0,"max_hp_gain":0.0,"max_hp_loss":0.0,"gold_gain":0.0,"event_name":"Accursed Blacksmith","player_choice":"Rummage","floor":4.0,"gold_loss":0.0,"damage_taken":0.0,"relics_obtained":["WarpedTongs"],"cards_obtained":["Pain"]},{"damage_healed":0.0,"max_hp_gain":0.0,"max_hp_loss":0.0,"gold_gain":99.0,"event_name":"Nest","player_choice":"Stole From Cult","floor":20.0,"gold_loss":0.0,"damage_taken":0.0},{"damage_healed":0.0,"max_hp_gain":0.0,"max_hp_loss":0.0,"gold_gain":0.0,"event_name":"Cursed Tome","player_choice":"Obtained Book","floor":29.0,"gold_loss":0.0,"damage_taken":16.0},{"damage_healed":0.0,"max_hp_gain":0.0,"max_hp_loss":0.0,"gold_gain":0.0,"event_name":"Mysterious Sphere","player_choice":"Ignored","floor":37.0,"gold_loss":0.0,"damage_taken":0.0},{"damage_healed":72.0,"max_hp_gain":0.0,"max_hp_loss":10.0,"gold_gain":0.0,"event_name":"The Moai Head","player_choice":"Heal","floor":39.0,"gold_loss":0.0,"damage_taken":0.0},{"damage_healed":0.0,"max_hp_gain":0.0,"max_hp_loss":0.0,"gold_gain":0.0,"event_name":"Tomb of Lord Red Mask","player_choice":"Ignored","floor":41.0,"gold_loss":0.0,"damage_taken":0.0},{"damage_healed":0.0,"max_hp_gain":0.0,"max_hp_loss":0.0,"gold_gain":0.0,"event_name":"The Woman in Blue","player_choice":"Bought 1 Potion","floor":46.0,"gold_loss":0.0,"damage_taken":0.0}],"is_beta":false,"boss_relics":[{"not_picked":["FrozenCore","Cursed Key"],"picked":"Inserter"},{"not_picked":["SacredBark","Snecko Eye"],"picked":"Black Star"}],"items_purged_floors":[7,19,25,36],"is_endless":false,"potions_floor_spawned":[2,14,18,21,24,28,42,45],"ascension_level":8}}