{"host":"0rxdudjy6rylha1k","time":1611633493,"event":{"mods":["Aspiration","BaseMod","Colored Map","Colored Powertips","Downfall","Highlight Path","Hubris","Minty Spire (QoL Compilation)","StSLib"],"gold_per_floor":[99,112,123,123,135,285,308,324,324,341,341,375,392,402,418,516,516,416,428,439,439,439,439,439,439],"floor_reached":23,"language":"ENG","playtime":3087,"items_purged":[],"score":293,"play_id":"539344d3-2e2f-41b1-96d2-922696b11e27","local_time":"20210125205813","is_ascension_mode":true,"campfire_choices":[{"data":"Apotheosis","floor":1.0,"key":"SMITH"},{"floor":9.0,"key":"REST"},{"floor":18.0,"key":"RECALL"}],"circlet_count":0,"master_deck":["AscendersBane","Guardian:Strike_Guardian","Guardian:Strike_Guardian","Guardian:Strike_Guardian","Guardian:Defend_Guardian","Guardian:Defend_Guardian","Guardian:Defend_Guardian","Guardian:Defend_Guardian","Guardian:CurlUp","Guardian:TwinSlam","Apotheosis+1","Guardian:FloatingOrbs","Guardian:Clone","Guardian:StasisStrike","downfall:Icky","Guardian:VentSteam","Guardian:Harden","Guardian:FuturePlans","Guardian:TimeCapacitor","Guardian:ConstructionForm","Guardian:Gem_Crimson","Guardian:Emergency","Guardian:Gem_Blue"],"relics":["Guardian:ModeShifter","hubris:Towel","Mercury Hourglass","hubris:ScarierMask","downfall:HeartBlessingGreen","downfall:RedIOU"],"acts_visited":["Exordium","TheCity"],"potions_floor_usage":[],"damage_taken":[{"damage":0.0,"enemies":"Jaw Worm","floor":2.0,"turns":3.0},{"damage":15.0,"enemies":"Small Slimes","floor":3.0,"turns":4.0},{"damage":1.0,"enemies":"Cultist","floor":5.0,"turns":4.0},{"damage":17.0,"enemies":"Exordium Wildlife","floor":8.0,"turns":5.0},{"damage":7.0,"enemies":"Exordium Thugs","floor":10.0,"turns":5.0},{"damage":16.0,"enemies":"Gremlin Nob","floor":12.0,"turns":5.0},{"damage":0.0,"enemies":"2 Fungi Beasts","floor":13.0,"turns":3.0},{"damage":8.0,"enemies":"Blue Slaver","floor":14.0,"turns":3.0},{"damage":4.0,"enemies":"3 Louse","floor":15.0,"turns":3.0},{"damage":24.0,"enemies":"DF_ARCHETYPE_STREAMLINE","floor":16.0,"turns":12.0},{"damage":11.0,"enemies":"3 Byrds","floor":19.0,"turns":5.0},{"damage":25.0,"enemies":"Snecko","floor":20.0,"turns":8.0},{"damage":36,"enemies":"3 Cultists","floor":23,"turns":6}],"seed_played":"1676724210301120445","potions_obtained":[{"floor":8.0,"key":"Dexterity Potion"},{"floor":10.0,"key":"Slimebound:ThreeZeroPotion"},{"floor":13.0,"key":"Slimebound:ThreeZeroPotion"},{"floor":14.0,"key":"Fruit Juice"},{"floor":15.0,"key":"BlessingOfTheForge"},{"floor":19.0,"key":"bronze:BurnAndBuffPotion"}],"is_trial":false,"path_per_floor":["R","M","M","?","M","?","T","M","R","M","?","E","M","M","M","B",null,"R","M","M","?","?","M"],"character_chosen":"GUARDIAN","items_purchased":[],"campfire_rested":1,"item_purchase_floors":[],"current_hp_per_floor":[72,72,57,62,61,61,61,44,67,60,60,44,44,36,37,13,65,65,54,29,29,29,0,0,0],"gold":439,"neow_bonus":"RANDOM_COLORLESS_2","is_daily":false,"chose_seed":false,"campfire_upgraded":1,"win_rate":0.0,"timestamp":1611633493,"path_taken":["R","M","M","?","M","?","T","M","R","M","?","E","M","M","M","BOSS","R","M","M","?","?","?"],"items_purchased_type":[],"build_version":"2020-12-22","purchased_purges":0,"victory":false,"max_hp_per_floor":[72,72,72,77,77,77,77,77,77,77,77,77,77,77,82,82,82,82,82,82,82,82,82,82,82],"card_choices":[{"not_picked":["Secret Weapon","Magnetism"],"picked":"Apotheosis","floor":0.0},{"not_picked":["Guardian:EvasiveProtocol","Guardian:WalkerClaw"],"picked":"Guardian:FloatingOrbs","floor":2.0},{"not_picked":["Guardian:Gem_Cyan","Guardian:Gem_Crimson"],"picked":"Guardian:Clone","floor":3.0},{"not_picked":["Guardian:TemporalShield","Guardian:Gem_Red"],"picked":"Guardian:StasisStrike","floor":5.0},{"not_picked":["Guardian:Gem_Green","Guardian:EvasiveProtocol"],"picked":"Guardian:VentSteam","floor":8.0},{"not_picked":["Guardian:TimeBomb","Guardian:PrimingBeam"],"picked":"Guardian:Harden","floor":10.0},{"not_picked":["Guardian:RollAttack","Guardian:Planning"],"picked":"Guardian:Gem_Cyan","floor":12.0},{"not_picked":["Guardian:TemporalShield","Guardian:PrismaticBeam"],"picked":"Guardian:FuturePlans","floor":13.0},{"not_picked":["Guardian:RollAttack","Guardian:ChargeCore","Guardian:Gem_Red"],"picked":"SKIP","floor":14.0},{"not_picked":["Guardian:Gem_White","Guardian:Suspension"],"picked":"Guardian:TimeCapacitor","floor":15.0},{"not_picked":["Guardian:RevengeProtocol","Guardian:TimeSifter"],"picked":"Guardian:ConstructionForm","floor":16.0},{"not_picked":["Guardian:MultiBeam","Guardian:Harden+1"],"picked":"Guardian:Gem_Crimson","floor":19.0},{"not_picked":["Guardian:Preprogram","Guardian:FloatingOrbs"],"picked":"Guardian:Emergency","floor":20.0}],"player_experience":2704185,"relics_obtained":[{"floor":7.0,"key":"Lantern"},{"floor":12.0,"key":"Mercury Hourglass"}],"event_choices":[{"damage_healed":0.0,"max_hp_gain":5.0,"max_hp_loss":0.0,"gold_gain":0.0,"event_name":"Big Fish","player_choice":"Donut","floor":4.0,"gold_loss":0.0,"damage_taken":0.0}],"is_beta":false,"boss_relics":[{"not_picked":["Guardian:StasisSlotReductionRelic","Sozu"],"picked":"hubris:ScarierMask"}],"items_purged_floors":[],"is_endless":false,"potions_floor_spawned":[8,10,13,14,15,19],"killed_by":"3 Cultists","ascension_level":10}}