{"host":"uvmuduost5bzvojs","time":1611699974,"event":{"mods":["Aspiration","Bard","BaseMod","Better Match","Block Reminder","Conspire","Hermit","Highlight Path","Hubris","Infinite Spire","Jorbs\u0027s Wanderer Trilogy","Mad Scientist","Marisa????????","Mimic Mod","Minty Spire (QoL Compilation)","Potionbrewer","Replay The Spire","Robot Space Explorer","StSLib","The Blackbeard","The Construct","The Cursed","The Disciple","The Hayseed","The Hierophant","The Juggle","The Jungle","The Poker Player","The Runesmith","The Servant 0.9.4","The Spell Scribe","The Valiant","TheBandit"],"gold_per_floor":[205,205,205,216,14,33,33,33,33,46,72,114,177,236,236,116,116],"floor_reached":16,"language":"ENG","playtime":1473,"items_purged":[],"score":112,"play_id":"1f42ba9e-df18-4b65-aa0a-6df9e3f6edf6","local_time":"20210126172614","is_ascension_mode":false,"campfire_choices":[{"floor":7,"key":"REST"},{"floor":15,"key":"REST"}],"circlet_count":0,"master_deck":["hierophant:Strike_Hierophant","hierophant:Strike_Hierophant","hierophant:Strike_Hierophant","hierophant:Strike_Hierophant","hierophant:Punish","hierophant:Defend_Hierophant","hierophant:Defend_Hierophant","hierophant:Defend_Hierophant","hierophant:Defend_Hierophant","hierophant:ChurchCoffers","hierophant:AuricBeam","hierophant:Exaltation","hierophant:FieryStrike","hierophant:HammerAndAnvil","hierophant:SecretStash","hierophant:BulkyChest","hierophant:Sermon","hierophant:SolarFlare","hierophant:Smite"],"relics":["bard:PitchPipe","Blue Candle","conspire:TreasureMap","Replay:Baseball","infinitespire:Cubic Diamond","hubris:CrystalStatue","hubris:BundleOfHerbs"],"acts_visited":["Exordium"],"potions_floor_usage":[11,14],"damage_taken":[{"damage":8,"enemies":"Small Slimes","floor":1,"turns":3},{"damage":1,"enemies":"Cultist","floor":4,"turns":4},{"damage":50,"enemies":"3 Sentries","floor":6,"turns":12},{"damage":1,"enemies":"Jaw Worm","floor":10,"turns":2},{"damage":26,"enemies":"Lagavulin","floor":11,"turns":5},{"damage":11,"enemies":"Exordium Wildlife","floor":12,"turns":4},{"damage":15,"enemies":"Looter","floor":13,"turns":4},{"damage":8,"enemies":"3 Louse","floor":14,"turns":2},{"damage":26,"enemies":"Hexaghost","floor":16,"turns":6}],"seed_played":"-3626948021903859183","potions_obtained":[{"floor":1,"key":"FairyPotion"},{"floor":10,"key":"BlessingOfTheForge"},{"floor":13,"key":"construct:ShiftPotion"}],"is_trial":false,"path_per_floor":["M","?","?","M","$","E","R","?","T","M","E","M","M","M","R","B"],"character_chosen":"HIEROPHANT","items_purchased":["conspire:TreasureMap","hierophant:FieryStrike"],"campfire_rested":2,"item_purchase_floors":[5,5],"current_hp_per_floor":[67,67,67,66,66,16,38,38,38,37,11,5,12,4,26,0,0],"gold":116,"neow_bonus":"HUNDRED_GOLD","is_daily":false,"chose_seed":false,"campfire_upgraded":0,"win_rate":0.0,"timestamp":1611699974,"path_taken":["M","?","?","?","$","E","R","?","T","M","E","M","M","M","R","BOSS"],"items_purchased_type":["Relic","Card"],"build_version":"2020-12-22","purchased_purges":0,"victory":false,"max_hp_per_floor":[75,75,75,75,75,75,75,75,75,75,75,75,75,75,75,75,75],"card_choices":[{"not_picked":["hierophant:FlamingChariot","hierophant:MorningPrayer"],"picked":"hierophant:AuricBeam","floor":1},{"not_picked":["hierophant:Encroach","hierophant:Rebuild"],"picked":"hierophant:Exaltation","floor":4},{"not_picked":["hierophant:AuricShield","hierophant:RustyCrate"],"picked":"hierophant:HammerAndAnvil","floor":6},{"not_picked":["hierophant:OrnateJavelin","hierophant:RepressedViolence"],"picked":"hierophant:SecretStash","floor":10},{"not_picked":["hierophant:PristineSoul","hierophant:RepressedViolence"],"picked":"hierophant:BulkyChest","floor":11},{"not_picked":["hierophant:RustyCrate","hierophant:FieryStrike"],"picked":"hierophant:Sermon","floor":12},{"not_picked":["hierophant:HammerAndAnvil","hierophant:MirrorShield"],"picked":"hierophant:SolarFlare","floor":13},{"not_picked":["hierophant:Remorse","hierophant:Rebuild"],"picked":"hierophant:Smite","floor":14}],"player_experience":1821003,"relics_obtained":[{"floor":2,"key":"Blue Candle"},{"floor":6,"key":"Replay:Baseball"},{"floor":9,"key":"hubris:CrystalStatue"},{"floor":11,"key":"hubris:BundleOfHerbs"}],"event_choices":[{"damage_healed":0,"gold_gain":0,"player_choice":"Bought 0 Potions","damage_taken":0,"max_hp_gain":0,"max_hp_loss":0,"event_name":"The Woman in Blue","floor":3,"gold_loss":0}],"is_beta":false,"boss_relics":[],"items_purged_floors":[],"is_endless":false,"potions_floor_spawned":[1,10,13],"killed_by":"Hexaghost","ascension_level":0}}