{"host":"ebj6lkgm8suah319","time":1611631999,"event":{"mods":["2.2 Compatiblity","AchievementEnabler","BaseMod","Block Reminder","Colored Map","Colored Powertips","Minty Spire (QoL Compilation)","Quick Restart","Rare Cards Sparkle","Relic Stats","SuperFastMode"],"gold_per_floor":[114,132,149,169,184,217,234,266,314,314,314],"floor_reached":10,"language":"ENG","playtime":339,"items_purged":[],"score":90,"play_id":"fbd971a4-dd93-4122-85e9-0dd0c3dcd4fc","local_time":"20210125223319","is_ascension_mode":true,"campfire_choices":[],"circlet_count":0,"master_deck":["Strike_G","Strike_G","Strike_G","Strike_G","Strike_G","Defend_G","Defend_G","Defend_G","Defend_G","Defend_G","Survivor","Neutralize","Sucker Punch","Infinite Blades","Finisher","Blade Dance","Blade Dance","Backflip","PiercingWail","Noxious Fumes"],"relics":["Sozu","Matryoshka","Smiling Mask","Bag of Marbles","Centennial Puzzle"],"acts_visited":["Exordium"],"potions_floor_usage":[],"damage_taken":[{"damage":0,"enemies":"Jaw Worm","floor":1,"turns":5},{"damage":0,"enemies":"2 Louse","floor":2,"turns":3},{"damage":0,"enemies":"Cultist","floor":3,"turns":4},{"damage":5,"enemies":"Red Slaver","floor":4,"turns":4},{"damage":3,"enemies":"Blue Slaver","floor":5,"turns":3},{"damage":23,"enemies":"Gremlin Nob","floor":6,"turns":4},{"damage":16,"enemies":"Gremlin Gang","floor":7,"turns":5},{"damage":18,"enemies":"3 Sentries","floor":8,"turns":7},{"damage":5,"enemies":"Lagavulin","floor":10,"turns":5}],"seed_played":"-7218576747340732913","potions_obtained":[],"is_trial":false,"path_per_floor":["M","M","M","M","M","E","M","E","T","E"],"character_chosen":"THE_SILENT","items_purchased":[],"campfire_rested":0,"item_purchase_floors":[],"current_hp_per_floor":[70,70,70,65,62,39,23,5,5,0,0],"gold":314,"neow_bonus":"BOSS_RELIC","is_daily":false,"chose_seed":false,"campfire_upgraded":0,"win_rate":0.0,"timestamp":1611631999,"path_taken":["M","M","M","M","M","E","M","E","T","E"],"items_purchased_type":[],"build_version":"2020-12-22","purchased_purges":0,"victory":false,"max_hp_per_floor":[70,70,70,70,70,70,70,70,70,70,70],"relic_stats":{"Sozu":3,"Centennial Puzzle":[0],"counters":[9,40],"Smiling Mask":0,"obtain_stats":[{"Sozu":0,"Centennial Puzzle":9,"Matryoshka":6,"Bag of Marbles":9,"Smiling Mask":8,"Ring of the Snake":0},{"Sozu":0,"Centennial Puzzle":8,"Matryoshka":6,"Bag of Marbles":8,"Smiling Mask":8,"Ring of the Snake":0},{"Sozu":0,"Centennial Puzzle":35,"Matryoshka":23,"Bag of Marbles":35,"Smiling Mask":35,"Ring of the Snake":0}]},"card_choices":[{"not_picked":["Backflip","Distraction"],"picked":"Sucker Punch","floor":1},{"not_picked":["Reflex","Dagger Throw"],"picked":"Infinite Blades","floor":2},{"not_picked":["Finisher","Outmaneuver","Tactician"],"picked":"SKIP","floor":3},{"not_picked":["Outmaneuver","Tactician"],"picked":"Finisher","floor":3},{"not_picked":["Dodge and Roll","Sucker Punch"],"picked":"Blade Dance","floor":4},{"not_picked":["All Out Attack","Glass Knife"],"picked":"Blade Dance","floor":5},{"not_picked":["Poisoned Stab","Predator"],"picked":"Backflip","floor":6},{"not_picked":["Reflex","Flechettes"],"picked":"PiercingWail","floor":7},{"not_picked":["Crippling Poison","Reflex"],"picked":"Noxious Fumes","floor":8}],"player_experience":84868,"relics_obtained":[{"floor":6,"key":"Matryoshka"},{"floor":8,"key":"Smiling Mask"},{"floor":9,"key":"Bag of Marbles"},{"floor":9,"key":"Centennial Puzzle"}],"event_choices":[],"is_beta":false,"boss_relics":[],"items_purged_floors":[],"is_endless":false,"potions_floor_spawned":[4,6,7],"killed_by":"Lagavulin","ascension_level":2}}