{"host":"yy8mitdds7tg9c5m","time":1611639757,"event":{"mods":["Act Like it!","AlwaysNeverKeys","BaseMod","Better Note","Duelist Mod","GifTheSpireLib","Minty Spire (QoL Compilation)","Permanent Neow","Quick Restart","StSLib","egg"],"gold_per_floor":[137,156,168,168,168,168,15,40,121,121,140,152,180,191,191,287,287,287,287,287,287,287,287,133,133,133,133,133,133,133,133,133,133,133,133,133,133,133,133,133,33,33,33,33,33,33,33,33,33,33,33,33,33,33,33],"floor_reached":56,"language":"ENG","playtime":4720,"items_purged":["theDuelist:Sparks","Regret"],"score":1284,"play_id":"70d9703e-34b8-41be-abb4-804474241842","local_time":"20210126014237","is_ascension_mode":false,"campfire_choices":[{"data":"theDuelist:Biofalcon","floor":6.0,"key":"SMITH"},{"data":"theDuelist:GreenGadget","floor":10.0,"key":"SMITH"},{"data":"Mayhem","floor":15.0,"key":"SMITH"},{"data":"theDuelist:DoubleTool+2","floor":23.0,"key":"SMITH"},{"data":"theDuelist:UnionHangar","floor":29.0,"key":"SMITH"},{"data":"theDuelist:CoreBlaster+2","floor":32.0,"key":"SMITH"},{"floor":45,"key":"REST"},{"floor":47,"key":"REST"},{"floor":49,"key":"REST"},{"floor":52,"key":"REST"}],"circlet_count":0,"master_deck":["theDuelist:CoreBlaster+4","theDuelist:SatelliteCannon+1","theDuelist:UnionHangar+1","theDuelist:JunkKuriboh+1","theDuelist:Deskbot004+1","theDuelist:CastleWalls","Mayhem+1","theDuelist:Tuningware+1","theDuelist:Deskbot005+1","theDuelist:GracefulCharity+1","theDuelist:DoubleTool+6","theDuelist:Biofalcon+1","theDuelist:SlotMachine+1","theDuelist:Sparks+1","theDuelist:Tuningware+1","theDuelist:CastleWalls","theDuelist:MachineKing+1","theDuelist:SlotMachine+1","theDuelist:SatelliteCannon+1","theDuelist:GreenGadget+1","theDuelist:UnionHangar+1","theDuelist:HeavyMechSupportArmor+1"],"relics":["theDuelist:MillenniumPuzzle","theDuelist:CardPoolRelic","theDuelist:CardPoolBasicRelic","theDuelist:BoosterPackPoolRelic","theDuelist:CardPoolAddRelic","theDuelist:CardPoolMinusRelic","theDuelist:CardPoolSaveRelic","theDuelist:CardPoolOptionsRelic","Art of War","Whetstone","theDuelist:GiftAnubis","theDuelist:EngineeringToken","Ectoplasm","theDuelist:Bombchain","theDuelist:MillenniumRod","Bronze Scales","Fusion Hammer","theDuelist:RouletteWheel","theDuelist:TributeEggRelic","theDuelist:MillenniumCoin","theDuelist:TokenArmor"],"acts_visited":["Exordium","TheCity","TheBeyond","TheEnding"],"potions_floor_usage":[48,54],"damage_taken":[{"damage":0.0,"enemies":"Jaw Worm","floor":1.0,"turns":3.0},{"damage":1.0,"enemies":"2 Louse","floor":2.0,"turns":3.0},{"damage":0.0,"enemies":"Cultist","floor":3.0,"turns":3.0},{"damage":6.0,"enemies":"3 Sentries","floor":8.0,"turns":11.0},{"damage":0.0,"enemies":"Exordium Thugs","floor":11.0,"turns":4.0},{"damage":2.0,"enemies":"Blue Slaver","floor":12.0,"turns":4.0},{"damage":0.0,"enemies":"Lagavulin","floor":13.0,"turns":5.0},{"damage":3.0,"enemies":"Looter","floor":14.0,"turns":4.0},{"damage":5.0,"enemies":"The Guardian","floor":16.0,"turns":8.0},{"damage":2.0,"enemies":"Chosen","floor":18.0,"turns":7.0},{"damage":8.0,"enemies":"3 Byrds","floor":19.0,"turns":7.0},{"damage":0.0,"enemies":"Snecko","floor":20.0,"turns":6.0},{"damage":0.0,"enemies":"Book of Stabbing","floor":25.0,"turns":6.0},{"damage":5.0,"enemies":"Gremlin Leader","floor":27.0,"turns":6.0},{"damage":3.0,"enemies":"3 Cultists","floor":28.0,"turns":4.0},{"damage":32.0,"enemies":"Snake Plant","floor":30.0,"turns":4.0},{"damage":1.0,"enemies":"Cultist and Chosen","floor":31.0,"turns":4.0},{"damage":23.0,"enemies":"Automaton","floor":33.0,"turns":10.0},{"damage":16,"enemies":"Orb Walker","floor":35,"turns":5},{"damage":5,"enemies":"3 Darklings","floor":37,"turns":4},{"damage":5,"enemies":"Sphere and 2 Shapes","floor":38,"turns":4},{"damage":23,"enemies":"Giant Head","floor":40,"turns":8},{"damage":0,"enemies":"Nemesis","floor":42,"turns":4},{"damage":5,"enemies":"Jaw Worm Horde","floor":44,"turns":5},{"damage":9,"enemies":"Spire Growth","floor":48,"turns":4},{"damage":2,"enemies":"Donu and Deca","floor":50,"turns":10},{"damage":15,"enemies":"Shield and Spear","floor":54,"turns":7},{"damage":29,"enemies":"The Heart","floor":55,"turns":10}],"seed_played":"6669181245965670660","potions_obtained":[{"floor":1.0,"key":"theDuelist:BarricadePotion"},{"floor":8.0,"key":"theDuelist:BottledKuriboh"},{"floor":11.0,"key":"theDuelist:OrbBottle"},{"floor":13.0,"key":"theDuelist:GrimePotion"},{"floor":16.0,"key":"theDuelist:BigTributeBottle"},{"floor":19.0,"key":"Energy Potion"},{"floor":20.0,"key":"theDuelist:TributeBottle"},{"floor":25.0,"key":"Fire Potion"},{"floor":27.0,"key":"theDuelist:ReducerPotion"},{"floor":42,"key":"theDuelist:TokenPotion"},{"floor":44,"key":"theDuelist:VampireVial"}],"is_trial":false,"path_per_floor":["M","M","M","?","?","R","$","E","T","R","M","M","E","M","R","B",null,"M","M","M","?","?","R","$","E","T","E","M","R","M","M","R","B",null,"M","?","M","M","?","E","$","E","T","M","R","?","R","M","R","B",null,"R","$","E","B",null],"character_chosen":"THE_DUELIST","items_purchased":["Art of War","theDuelist:SlotMachine"],"campfire_rested":4,"item_purchase_floors":[7,24],"current_hp_per_floor":[80,79,79,79,79,79,79,73,73,73,73,71,71,68,68,63,80,78,70,70,83,83,83,83,83,83,78,75,75,43,42,42,19,93,77,77,72,67,67,44,44,44,44,39,66,66,93,84,93,91,93,93,93,78,49],"gold":33,"neow_bonus":"ONE_RANDOM_RARE_CARD","is_daily":false,"chose_seed":false,"campfire_upgraded":6,"win_rate":0.0,"timestamp":1611639757,"path_taken":["M","M","M","?","?","R","$","E","T","R","M","M","E","M","R","BOSS","M","M","?","?","?","R","$","E","T","E","M","R","M","M","R","BOSS","M","?","M","?","?","E","$","E","T","M","R","?","R","M","R","BOSS","R","$","E","BOSS"],"items_purchased_type":["Relic","Card"],"build_version":"2020-12-22","purchased_purges":2,"victory":true,"max_hp_per_floor":[80,80,80,80,80,80,80,80,80,80,80,80,80,80,80,80,80,80,80,80,93,93,93,93,93,93,93,93,93,93,93,93,93,93,93,93,93,93,93,93,93,93,93,93,93,93,93,93,93,93,93,93,93,93,93],"card_choices":[{"not_picked":["theDuelist:BlastJuggler","theDuelist:Factory100Machines","theDuelist:Biofalcon","theDuelist:AllySalvo"],"picked":"theDuelist:Tuningware","floor":1.0},{"not_picked":["theDuelist:FrontlineObserver","theDuelist:Geargiauger","theDuelist:CyberArchfiend","theDuelist:CemetaryBomb"],"picked":"theDuelist:JunkKuriboh","floor":2.0},{"not_picked":["theDuelist:CannonSoldier","theDuelist:Biofalcon","theDuelist:Oilman","theDuelist:GadgetSoldier","theDuelist:AncientGearGadjiltron"],"picked":"SKIP","floor":3.0},{"not_picked":["theDuelist:Oilman","theDuelist:PlatinumGadget","theDuelist:MachineKingPrototype"],"picked":"SKIP","floor":8.0},{"not_picked":["Dramatic Entrance","Jack Of All Trades","Sadistic Nature"],"picked":"Mayhem","floor":11.0},{"not_picked":["theDuelist:Geargiauger","theDuelist:YellowGadget","theDuelist:CardsFromTheSky","theDuelist:BreakDraw"],"picked":"theDuelist:DoubleTool","floor":12.0},{"not_picked":["theDuelist:Deskbot001","theDuelist:YellowGadget","theDuelist:Geargiauger","theDuelist:QuillboltHedgehog"],"picked":"theDuelist:Tuningware","floor":13.0},{"not_picked":["theDuelist:WormWarlord","theDuelist:ForbiddenChalice","theDuelist:MegafleetDragon","theDuelist:StrayLambs","theDuelist:Reload"],"picked":"SKIP","floor":14.0},{"not_picked":["theDuelist:SwordsConcealing","theDuelist:SolemnWarning","theDuelist:SolemnStrike","theDuelist:Deskbot007"],"picked":"theDuelist:MachineKing","floor":16.0},{"not_picked":["theDuelist:SwordsConcealing","theDuelist:PineappleBlast"],"picked":"theDuelist:SlotMachine","floor":18.0},{"not_picked":["theDuelist:ScrapBeast+1","theDuelist:GearGigant","theDuelist:Deskbot001","theDuelist:CyberArchfiend","theDuelist:QuillboltHedgehog+1"],"picked":"SKIP","floor":19.0},{"not_picked":["theDuelist:TokenVacuum","theDuelist:ScrapBeast","theDuelist:CyberArchfiend+1","theDuelist:Biofalcon","theDuelist:BlastAsmodian"],"picked":"SKIP","floor":20.0},{"not_picked":["theDuelist:JunkSpeeder","theDuelist:PowerGiant","theDuelist:WingedKuriboh","theDuelist:WormWarlord+1","theDuelist:SeismicShockwave"],"picked":"SKIP","floor":25.0},{"not_picked":["theDuelist:DoubleTool","theDuelist:StimPack","theDuelist:Factory100Machines","theDuelist:Geartown"],"picked":"theDuelist:CoreBlaster+1","floor":27.0},{"not_picked":["theDuelist:GenexAllyBirdman","theDuelist:HeavyMechSupportArmor","theDuelist:Biofalcon","theDuelist:HeavyMetalRaiders"],"picked":"theDuelist:UnionHangar","floor":28.0},{"not_picked":["theDuelist:NightmareWheel+1","theDuelist:GenexNeutron+1"],"picked":"theDuelist:SatelliteCannon+1","floor":30.0},{"not_picked":["theDuelist:Quariongandrax","theDuelist:JumboDrill","theDuelist:BlindDestruction","theDuelist:AncientGearFist","theDuelist:PineappleBlast"],"picked":"SKIP","floor":31.0},{"not_picked":["theDuelist:Biofalcon","theDuelist:CannonSoldier+1","theDuelist:GearGigant+1","theDuelist:Geargiauger+1","theDuelist:JadeKnight"],"picked":"SKIP","floor":35},{"not_picked":["theDuelist:WormWarlord","theDuelist:DreadnoughtDreadnoid","theDuelist:ShardGreed+1","theDuelist:PowerGiant+1"],"picked":"theDuelist:GracefulCharity+1","floor":37},{"not_picked":["theDuelist:PsychicShockwave","theDuelist:Submarineroid+1","theDuelist:MachineKingPrototype+1","theDuelist:LimiterRemoval","theDuelist:GravityLash+1"],"picked":"SKIP","floor":38},{"not_picked":["theDuelist:JunkSpeeder+1","theDuelist:PowerGiant","theDuelist:WormWarlord+1","theDuelist:SeismicShockwave"],"picked":"theDuelist:Raigeki","floor":40},{"not_picked":["theDuelist:AncientGearChimera+1","theDuelist:Biofalcon+1","theDuelist:CyberArchfiend","theDuelist:FrontlineObserver","theDuelist:CannonSoldier"],"picked":"SKIP","floor":42},{"not_picked":["theDuelist:Geartown","theDuelist:OutriggerExtension+1","theDuelist:WonderGarage"],"picked":"theDuelist:UnionHangar+1","floor":44},{"not_picked":["theDuelist:AncientGearReactorDragon","theDuelist:Deskbot007+1","theDuelist:PlatinumGadget"],"picked":"SKIP","floor":48},{"not_picked":["theDuelist:AncientGearChimera+1","theDuelist:Biofalcon+1","theDuelist:IronDraw+1","theDuelist:RoboticKnight+1"],"picked":"theDuelist:HeavyMechSupportArmor+1","floor":54}],"player_experience":278760,"relics_obtained":[{"floor":8.0,"key":"Whetstone"},{"floor":9.0,"key":"theDuelist:GiftAnubis"},{"floor":13.0,"key":"theDuelist:EngineeringToken"},{"floor":25.0,"key":"theDuelist:Bombchain"},{"floor":26.0,"key":"theDuelist:MillenniumRod"},{"floor":27.0,"key":"Bronze Scales"},{"floor":40,"key":"theDuelist:RouletteWheel"},{"floor":42,"key":"theDuelist:TributeEggRelic"},{"floor":43,"key":"theDuelist:MillenniumCoin"},{"floor":54,"key":"theDuelist:TokenArmor"}],"event_choices":[{"damage_healed":0.0,"max_hp_gain":0.0,"max_hp_loss":0.0,"gold_gain":0.0,"event_name":"Living Wall","player_choice":"Grow","floor":4.0,"gold_loss":0.0,"damage_taken":0.0,"cards_upgraded":["theDuelist:SatelliteCannon"]},{"cards_removed":["theDuelist:Deskbot004"],"damage_healed":0.0,"max_hp_gain":0.0,"max_hp_loss":0.0,"gold_gain":0.0,"event_name":"Purifier","player_choice":"Purged","floor":5.0,"gold_loss":0.0,"damage_taken":0.0},{"total_magic_score":63.0,"gold_gain":0.0,"duelist":true,"damage_taken":0.0,"relics_obtained":[],"points":6.0,"max_hp_gain":13.0,"max_hp_loss":0.0,"spent_points":{"magic":0.0,"greed":2.0,"war":0.0,"power":0.0,"hunger":4.0},"event_name":"Nameless Tomb","hunger_reward":4.0,"floor":21.0,"gold_loss":0.0,"cards_obtained":[]},{"damage_healed":0.0,"max_hp_gain":0.0,"max_hp_loss":0.0,"gold_gain":0.0,"event_name":"Relic Duplicator","player_choice":"Leave","duelist":true,"floor":22.0,"gold_loss":0.0,"damage_taken":0.0},{"damage_healed":0,"gold_gain":275,"player_choice":"Desecrate","damage_taken":0,"max_hp_gain":0,"max_hp_loss":0,"event_name":"Golden Shrine","floor":36,"gold_loss":0,"cards_obtained":["Regret"]},{"cards_removed":["theDuelist:Deskbot005"],"damage_healed":0,"gold_gain":0,"player_choice":"Removed Skill","damage_taken":0,"max_hp_gain":0,"max_hp_loss":0,"event_name":"Falling","floor":39,"gold_loss":0},{"damage_healed":0,"gold_gain":0,"player_choice":"Sold Raigeki for 76 Gold.","duelist":true,"damage_taken":0,"max_hp_gain":0,"max_hp_loss":0,"event_name":"Card Trader","floor":46,"gold_loss":0}],"is_beta":false,"boss_relics":[{"not_picked":["Snecko Eye","Inserter"],"picked":"Ectoplasm"},{"not_picked":["Runic Cube","HoveringKite"],"picked":"Fusion Hammer"}],"items_purged_floors":[24,41],"is_endless":false,"potions_floor_spawned":[1,8,11,13,16,19,20,25,27,42,44],"ascension_level":0}}