{"host":"zrtolk9726p85qr7","time":1611686966,"event":{"mods":["BaseMod","BetterRewards","Colored Powertips","Minty Spire (QoL Compilation)","Permanent Neow","Quick Restart","Spire Arcade","StSLib","The Animator","The Necromancer"],"gold_per_floor":[119,70,70,84,102,131,143,178,250,250,250,160,160,175,175,175,175],"floor_reached":16,"language":"ENG","playtime":2267,"items_purged":[],"score":110,"play_id":"067e0291-3895-4924-a16a-037b8fbbdf01","local_time":"20210126194926","is_ascension_mode":false,"campfire_choices":[{"floor":10,"key":"REST"},{"floor":15,"key":"REST"}],"circlet_count":0,"master_deck":["Strike_G","Strike_G","Strike_G","Strike_G","Strike_G","Defend_G","Defend_G","Defend_G","Defend_G","Survivor","Neutralize+1","Poisoned Stab","Poisoned Stab","Bane","Catalyst","Slice","Mind Blast","Deadly Poison"],"relics":["Ring of the Snake","Omamori","Incense Burner","Blood Vial"],"acts_visited":["Exordium"],"potions_floor_usage":[6,16],"damage_taken":[{"damage":0,"enemies":"Cultist","floor":1,"turns":3},{"damage":3,"enemies":"Jaw Worm","floor":4,"turns":3},{"damage":0,"enemies":"Small Slimes","floor":5,"turns":2},{"damage":11,"enemies":"Lagavulin","floor":6,"turns":4},{"damage":7,"enemies":"3 Louse","floor":7,"turns":3},{"damage":38,"enemies":"3 Sentries","floor":8,"turns":11},{"damage":10,"enemies":"2 Fungi Beasts","floor":14,"turns":4},{"damage":54,"enemies":"Slime Boss","floor":16,"turns":10}],"seed_played":"-4832182010911340864","potions_obtained":[{"floor":1,"key":"Strength Potion"},{"floor":6,"key":"Weak Potion"}],"is_trial":false,"path_per_floor":["M","$","?","M","M","E","M","E","T","R","?","$","?","M","R","B"],"character_chosen":"THE_SILENT","items_purchased":["Poisoned Stab","Mind Blast"],"campfire_rested":2,"item_purchase_floors":[2,12],"current_hp_per_floor":[70,70,70,67,67,56,49,11,11,32,37,37,37,29,51,0,0],"gold":175,"neow_bonus":"UPGRADE_CARD","is_daily":false,"chose_seed":false,"campfire_upgraded":0,"win_rate":0.0,"timestamp":1611686966,"path_taken":["M","?","?","M","?","E","M","E","T","R","?","$","?","M","R","BOSS"],"items_purchased_type":["Card","Card"],"build_version":"2020-12-22","purchased_purges":0,"victory":false,"max_hp_per_floor":[70,70,70,70,70,70,70,70,70,70,75,75,75,75,75,75,75],"card_choices":[{"not_picked":["Underhanded Strike","Dagger Spray"],"picked":"Poisoned Stab","floor":1},{"not_picked":["Cloak And Dagger","Choke"],"picked":"Bane","floor":4},{"not_picked":["Concentrate","Prepared"],"picked":"Catalyst","floor":5},{"not_picked":["Unload","Backflip","Outmaneuver"],"picked":"SKIP","floor":6},{"not_picked":["Blade Dance","Dodge and Roll","Escape Plan"],"picked":"SKIP","floor":7},{"not_picked":["Quick Slash","Cloak And Dagger"],"picked":"Slice","floor":8},{"not_picked":["Infinite Blades","Choke"],"picked":"Deadly Poison","floor":14}],"player_experience":105312,"relics_obtained":[{"floor":6,"key":"Omamori"},{"floor":8,"key":"Incense Burner"}],"event_choices":[{"cards_removed":["Defend_G"],"damage_healed":0,"gold_gain":0,"player_choice":"Purged","damage_taken":0,"max_hp_gain":0,"max_hp_loss":0,"event_name":"Purifier","floor":3,"gold_loss":0},{"damage_healed":0,"gold_gain":0,"player_choice":"Donut","damage_taken":0,"max_hp_gain":5,"max_hp_loss":0,"event_name":"Big Fish","floor":11,"gold_loss":0},{"damage_healed":0,"gold_gain":0,"player_choice":"Searched \u00271\u0027 times","damage_taken":0,"relics_obtained":["Blood Vial"],"max_hp_gain":0,"max_hp_loss":0,"event_name":"Dead Adventurer","floor":13,"gold_loss":0}],"is_beta":false,"boss_relics":[],"items_purged_floors":[],"is_endless":false,"potions_floor_spawned":[1,6],"killed_by":"Slime Boss","ascension_level":0}}