{"host":"3ghcx3e93lhog3cp","time":1611704424,"event":{"mods":["AchievementEnabler","BaseMod","Downfall","Minty Spire (QoL Compilation)","Replay The Spire","StSLib"],"gold_per_floor":[109,109,127,127,137,167,181,181,261,274,32,32,51,70,70,169,169,185,235,235,106,120,120,150,17,72,85,119,129,141,141,141,240,240,250,92,110,120,140,172,172,207,207,220,239,239,272,289,289,289],"floor_reached":51,"language":"ENG","playtime":5241,"items_purged":["Defend_B","Defend_B"],"score":941,"play_id":"44be3c3a-2e27-4acc-aab7-45c0417a6cee","local_time":"20210126154024","is_ascension_mode":true,"campfire_choices":[{"data":"Regret","floor":8.0,"key":"PURGE"},{"data":"Crystallizer","floor":12.0,"key":"SMITH"},{"data":"ReplayTheSpireMod:GoodbyeWorld","floor":23.0,"key":"SMITH"},{"data":"Coolheaded","floor":32.0,"key":"SMITH"},{"data":"Defend_B","floor":41.0,"key":"PURGE"},{"data":"Capacitor","floor":46,"key":"SMITH"},{"data":"Strike_B","floor":49,"key":"PURGE"}],"circlet_count":0,"master_deck":["Strike_B","Strike_B","Defend_B","Zap","Dualcast","Genetic Algorithm","Cold Snap","Conserve Battery","Compile Driver+1","Coolheaded+1","Capacitor+1","Crystallizer+1","Redo+1","FTL","Turbo+1","ReplayTheSpireMod:GoodbyeWorld+1","Mirror Shield+1","Ball Lightning","Leap+1","Doom and Gloom","Conserve Battery+1","Barrage","Meteor Strike","BootSequence+1","BootSequence+1","Double Energy+1","BasicCrystalCard+1","Panic Button+1","Mirror Shield+1","Hologram+1","Defragment+1","Chill+1","Beam Cell+1","Compile Driver+1","Lockon+1","Cold Snap+1"],"relics":["Cracked Core","Peace Pipe","ReplayTheSpireMod:TigerMarble","Toxic Egg 2","Busted Crown","Ornamental Fan","ReplayTheSpireMod:Ring of Addiction","SacredBark","Potion Belt","Divine Protection","ReplayFunnel","Happy Flower","ChewingGum","Bird Faced Urn","Frozen Egg 2","Replay:Accelerometer"],"acts_visited":["Exordium","TheCity","TheBeyond"],"potions_floor_usage":[48],"damage_taken":[{"damage":0.0,"enemies":"Cultist","floor":1.0,"turns":4.0},{"damage":4.0,"enemies":"Small Slimes","floor":3.0,"turns":3.0},{"damage":4.0,"enemies":"Jaw Worm","floor":5.0,"turns":3.0},{"damage":27.0,"enemies":"3 Sentries","floor":6.0,"turns":7.0},{"damage":2.0,"enemies":"Exordium Wildlife","floor":7.0,"turns":3.0},{"damage":9.0,"enemies":"Large Slime","floor":10.0,"turns":7.0},{"damage":5.0,"enemies":"Red Slaver","floor":13.0,"turns":3.0},{"damage":5.0,"enemies":"3 Louse","floor":14.0,"turns":3.0},{"damage":13.0,"enemies":"Hexaghost","floor":16.0,"turns":8.0},{"damage":0.0,"enemies":"Shell Parasite","floor":18.0,"turns":3.0},{"damage":0.0,"enemies":"Chosen","floor":22.0,"turns":5.0},{"damage":7.0,"enemies":"Slavers","floor":24.0,"turns":4.0},{"damage":0.0,"enemies":"Snake Plant","floor":27.0,"turns":2.0},{"damage":1.0,"enemies":"Gremlin Leader","floor":28.0,"turns":10.0},{"damage":0.0,"enemies":"Cultist and Chosen","floor":29.0,"turns":8.0},{"damage":2.0,"enemies":"Chosen and Byrds","floor":30.0,"turns":10.0},{"damage":0.0,"enemies":"Champ","floor":33.0,"turns":10.0},{"damage":0.0,"enemies":"3 Darklings","floor":35.0,"turns":6.0},{"damage":4.0,"enemies":"3 Shapes","floor":37.0,"turns":4.0},{"damage":0.0,"enemies":"Maw","floor":38.0,"turns":8.0},{"damage":0.0,"enemies":"3 Darklings","floor":39.0,"turns":6.0},{"damage":0.0,"enemies":"Giant Head","floor":40.0,"turns":9.0},{"damage":0.0,"enemies":"Reptomancer","floor":42.0,"turns":6.0},{"damage":15.0,"enemies":"Sphere and 2 Shapes","floor":44.0,"turns":5.0},{"damage":0.0,"enemies":"Jaw Worm Horde","floor":45.0,"turns":3.0},{"damage":16,"enemies":"Nemesis","floor":47,"turns":11},{"damage":0,"enemies":"Spire Growth","floor":48,"turns":5},{"damage":19,"enemies":"Awakened One","floor":50,"turns":12}],"seed_played":"-7866810158980439637","potions_obtained":[{"floor":5.0,"key":"AttackPotion"},{"floor":6.0,"key":"Adrenaline Potion"},{"floor":13.0,"key":"SpeedPotion"},{"floor":16.0,"key":"Languid Potion"},{"floor":18.0,"key":"LiquidBronze"},{"floor":19.0,"key":"Flashbang"},{"floor":20.0,"key":"Elixir"},{"floor":20.0,"key":"Slimebound:ThreeZeroPotion"},{"floor":20.0,"key":"SteroidPotion"},{"floor":22.0,"key":"SteroidPotion"},{"floor":29.0,"key":"ColorlessPotion"},{"floor":31.0,"key":"Adrenaline Potion"},{"floor":31.0,"key":"FairyPotion"},{"floor":33.0,"key":"FocusPotion"},{"floor":35.0,"key":"BlessingOfTheForge"},{"floor":39.0,"key":"LiquidMemories"},{"floor":45,"key":"FearPotion"},{"floor":47,"key":"Swift Potion"}],"is_trial":false,"path_per_floor":["M","?","M","?","M","E","M","R","T","M","$","R","M","M","R","B",null,"M","?","?","$","M","R","E","$","T","M","E","M","M","?","R","B",null,"M","$","M","M","M","E","R","E","T","M","M","R","E","M","R","B",null],"character_chosen":"DEFECT","items_purchased":["Crystallizer","Redo+1","FTL","Doom and Gloom","Conserve Battery+1","BootSequence+1","Double Energy+1","Defragment+1"],"campfire_rested":0,"item_purchase_floors":[11,11,11,21,21,25,25,36],"current_hp_per_floor":[82,82,78,71,67,40,38,38,38,29,29,29,24,19,43,30,82,82,62,62,62,62,62,55,55,55,55,54,54,52,52,52,52,78,78,78,72,72,72,72,72,76,76,61,65,65,57,65,65,54],"gold":289,"neow_bonus":"TEN_PERCENT_HP_BONUS","is_daily":false,"chose_seed":false,"campfire_upgraded":4,"win_rate":0.0,"timestamp":1611704424,"path_taken":["M","?","M","?","M","E","M","R","T","M","$","R","M","M","R","BOSS","M","?","?","$","M","R","E","?","T","M","E","?","M","?","R","BOSS","M","$","M","M","M","E","R","E","T","M","M","R","E","?","R","BOSS"],"items_purchased_type":["Card","Card","Card","Card","Card","Card","Card","Card"],"build_version":"2020-12-22","purchased_purges":2,"victory":true,"max_hp_per_floor":[82,82,82,82,82,82,82,82,82,82,82,82,82,82,82,82,82,82,82,82,82,82,82,80,80,80,78,78,78,78,78,78,78,78,78,78,76,76,76,76,76,76,76,76,76,76,76,76,76,76],"card_choices":[{"not_picked":["Beam Cell","Hologram"],"picked":"Genetic Algorithm","floor":1.0},{"not_picked":["Turbo","Go for the Eyes"],"picked":"Cold Snap","floor":3.0},{"not_picked":["Streamline","Genetic Algorithm"],"picked":"Conserve Battery","floor":5.0},{"not_picked":["Darkness","Reprogram"],"picked":"Compile Driver","floor":6.0},{"not_picked":["Storm","Time Bomb"],"picked":"Coolheaded","floor":7.0},{"not_picked":["Sweeping Beam","Ball Lightning"],"picked":"Capacitor","floor":10.0},{"not_picked":["Coolheaded+1","Rip and Tear"],"picked":"Turbo+1","floor":13.0},{"not_picked":["Steam+1","Melter"],"picked":"ReplayTheSpireMod:GoodbyeWorld","floor":14.0},{"not_picked":["Multi-Cast+1","Thunder Strike"],"picked":"Mirror Shield+1","floor":16.0},{"not_picked":[],"picked":"Ball Lightning","floor":18.0},{"not_picked":[],"picked":"Leap+1","floor":19.0},{"not_picked":[],"picked":"Barrage","floor":22.0},{"not_picked":[],"picked":"Meteor Strike","floor":24.0},{"not_picked":["Barrage"],"picked":"SKIP","floor":27.0},{"not_picked":["Steam+1"],"picked":"SKIP","floor":28.0},{"not_picked":[],"picked":"BasicCrystalCard+1","floor":29.0},{"not_picked":[],"picked":"Panic Button+1","floor":30.0},{"not_picked":[],"picked":"Mirror Shield+1","floor":33.0},{"not_picked":[],"picked":"Hologram+1","floor":35.0},{"not_picked":[],"picked":"Chill+1","floor":37.0},{"not_picked":[],"picked":"Beam Cell+1","floor":38.0},{"not_picked":[],"picked":"Compile Driver+1","floor":39.0},{"not_picked":["Steam+1"],"picked":"SKIP","floor":40.0},{"not_picked":["Cold Snap"],"picked":"SKIP","floor":42.0},{"not_picked":[],"picked":"Lockon+1","floor":44.0},{"not_picked":[],"picked":"Cold Snap+1","floor":45},{"not_picked":["Undo+1"],"picked":"SKIP","floor":47},{"not_picked":["Melter"],"picked":"SKIP","floor":48}],"player_experience":198620,"relics_obtained":[{"floor":6.0,"key":"ReplayTheSpireMod:TigerMarble"},{"floor":9.0,"key":"Toxic Egg 2"},{"floor":19.0,"key":"Ornamental Fan"},{"floor":20.0,"key":"ReplayTheSpireMod:Ring of Addiction"},{"floor":20.0,"key":"SacredBark"},{"floor":20.0,"key":"Potion Belt"},{"floor":24.0,"key":"Divine Protection"},{"floor":26.0,"key":"ReplayFunnel"},{"floor":28.0,"key":"Happy Flower"},{"floor":40.0,"key":"Bird Faced Urn"},{"floor":42.0,"key":"Frozen Egg 2"},{"floor":47,"key":"Replay:Accelerometer"}],"event_choices":[{"damage_healed":0.0,"max_hp_gain":0.0,"max_hp_loss":0.0,"gold_gain":0.0,"event_name":"Big Fish","player_choice":"Box","floor":2.0,"gold_loss":0.0,"damage_taken":0.0,"relics_obtained":["Peace Pipe"],"cards_obtained":["Regret"]},{"cards_removed":["Strike_B"],"damage_healed":0.0,"max_hp_gain":0.0,"max_hp_loss":0.0,"gold_gain":0.0,"event_name":"Golden Wing","player_choice":"Card Removal","floor":4.0,"gold_loss":0.0,"damage_taken":7.0},{"damage_healed":0.0,"max_hp_gain":0.0,"max_hp_loss":0.0,"gold_gain":0.0,"event_name":"Lab","player_choice":"Got Potions","floor":31.0,"gold_loss":0.0,"damage_taken":0.0}],"is_beta":false,"boss_relics":[{"not_picked":["Astrolabe","SlaversCollar"],"picked":"Busted Crown"},{"not_picked":["ReplayTheSpireMod:DimensionalGlitch","Snecko Eye"],"picked":"ChewingGum"}],"items_purged_floors":[11,36],"is_endless":false,"potions_floor_spawned":[5,6,13,16,18,22,29,33,35,37,39,45,47],"ascension_level":2}}