{"host":"12g8pzxdn4uh7yby","time":1611633685,"event":{"mods":["AchievementEnabler","BaseMod","Colored Map","Highlight Path","Minty Spire (QoL Compilation)","Relic Stats","StSLib"],"gold_per_floor":[112,124,134,9,9,37,37,66,93,120,138,138,11,11,11,111,161,179,192,41,57,57,84,84,109,134,162,162,162,162,172,172,276,276,296,296,316,0,12,39,39,39],"floor_reached":41,"playtime":3011,"items_purged":["Strike_P","Strike_P"],"score":574,"play_id":"46bb814f-8b3c-4256-af8a-a110b619285a","local_time":"20210125210125","is_ascension_mode":true,"campfire_choices":[{"data":"Prostrate","floor":7,"key":"SMITH"},{"data":"Devotion","floor":12,"key":"SMITH"},{"data":"MentalFortress","floor":15,"key":"SMITH"},{"floor":24,"key":"REST"},{"floor":29,"key":"REST"},{"floor":32,"key":"REST"}],"circlet_count":0,"master_deck":["Strike_P","Defend_P","Defend_P","Eruption+1","Vigilance","Pray+1","Swivel+1","Perseverance+1","Tantrum","CrushJoints","Adaptation","FlurryOfBlows+1","Prostrate+1","CarveReality","Devotion+1","FlyingSleeves","MentalFortress+1","Ragnarok+1","Halt","JustLucky+1","CutThroughFate+1","Scrawl","Fasting2","InnerPeace+1","ClearTheMind","Writhe","Necronomicurse","ConjureBlade","Panacea","TalkToTheHand+1"],"relics":["Astrolabe","Toy Ornithopter","Bronze Scales","Regal Pillow","Potion Belt","Tiny House","Question Card","Mummified Hand","Whetstone","The Courier","Kunai","Necronomicon","Busted Crown","OrangePellets","Gremlin Horn","HornCleat"],"acts_visited":["Exordium","TheCity","TheBeyond"],"potions_floor_usage":[6,16,21,25,27,27,33,40,40],"damage_taken":[{"damage":0,"enemies":"Cultist","floor":1,"turns":4},{"damage":1,"enemies":"2 Louse","floor":2,"turns":2},{"damage":0,"enemies":"Small Slimes","floor":3,"turns":2},{"damage":0,"enemies":"Lagavulin","floor":6,"turns":4},{"damage":12,"enemies":"3 Sentries","floor":8,"turns":5},{"damage":10,"enemies":"Lagavulin","floor":10,"turns":5},{"damage":0,"enemies":"Looter","floor":11,"turns":4},{"damage":35,"enemies":"Hexaghost","floor":16,"turns":5},{"damage":27,"enemies":"Shell Parasite","floor":18,"turns":4},{"damage":15,"enemies":"2 Thieves","floor":19,"turns":4},{"damage":4,"enemies":"Sentry and Sphere","floor":21,"turns":3},{"damage":33,"enemies":"Book of Stabbing","floor":23,"turns":5},{"damage":13,"enemies":"Gremlin Leader","floor":25,"turns":4},{"damage":36,"enemies":"Slavers","floor":27,"turns":4},{"damage":34,"enemies":"Cultist and Chosen","floor":31,"turns":4},{"damage":34,"enemies":"Champ","floor":33,"turns":6},{"damage":21,"enemies":"Orb Walker","floor":35,"turns":4},{"damage":19,"enemies":"3 Darklings","floor":37,"turns":2},{"damage":22,"enemies":"Writhing Mass","floor":39,"turns":3},{"damage":8,"enemies":"Reptomancer","floor":40,"turns":3},{"damage":32,"enemies":"Jaw Worm Horde","floor":41,"turns":1}],"seed_played":"162737561132797206","potions_obtained":[{"floor":1,"key":"FearPotion"},{"floor":3,"key":"Block Potion"},{"floor":10,"key":"Fire Potion"},{"floor":17,"key":"Ambrosia"},{"floor":19,"key":"AttackPotion"},{"floor":21,"key":"EntropicBrew"},{"floor":25,"key":"EssenceOfSteel"},{"floor":27,"key":"LiquidBronze"},{"floor":37,"key":"DistilledChaos"},{"floor":39,"key":"DuplicationPotion"}],"is_trial":false,"path_per_floor":["M","M","M","$","?","E","R","E","T","E","M","R","$","?","R","B",null,"M","M","$","M","?","E","R","E","T","E","?","R","?","M","R","B",null,"M","?","M","$","M","E","M"],"character_chosen":"WATCHER","items_purchased":["FlurryOfBlows","MentalFortress","BottledMiracle","Energy Potion","OrangePellets","Gremlin Horn"],"campfire_rested":3,"item_purchase_floors":[4,13,13,20,38,38],"current_hp_per_floor":[72,71,71,71,76,76,76,64,64,54,54,54,54,54,54,24,82,55,40,40,41,41,8,47,39,39,13,13,52,36,2,41,12,82,61,56,37,37,15,17,0,0],"gold":39,"neow_bonus":"BOSS_RELIC","is_daily":false,"chose_seed":false,"campfire_upgraded":3,"win_rate":0.0,"timestamp":1611633685,"path_taken":["M","?","M","$","?","E","R","E","T","E","M","R","$","?","R","BOSS","M","M","$","M","?","E","R","E","T","E","?","R","?","M","R","BOSS","M","?","M","$","M","E","M"],"items_purchased_type":["Card","Card","Potion","Potion","Relic","Relic"],"build_version":"2020-12-13","purchased_purges":2,"victory":false,"max_hp_per_floor":[72,72,72,72,77,77,77,77,77,77,77,77,77,77,77,77,82,82,82,82,82,82,82,82,82,82,82,82,82,82,82,82,82,82,82,82,82,82,82,82,82,82],"relic_stats":{"Regal Pillow":45,"Gremlin Horn":[2,2],"counters":[21,78],"Astrolabe":["Pray","Swivel","Perseverance"],"Whetstone":["Eruption","Ragnarok"],"Question Card":10,"OrangePellets":[0],"Busted Crown":12,"Mummified Hand":[16],"Bronze Scales":[187],"Necronomicon":[6],"Kunai":[10],"obtain_stats":[{"Potion Belt":10,"Regal Pillow":9,"Tiny House":17,"Gremlin Horn":38,"Astrolabe":0,"The Courier":27,"Whetstone":26,"Question Card":23,"OrangePellets":38,"Busted Crown":34,"HornCleat":40,"Mummified Hand":25,"Bronze Scales":8,"Necronomicon":30,"Kunai":28,"PureWater":0,"Toy Ornithopter":6},{"Potion Belt":6,"Regal Pillow":5,"Tiny House":8,"Gremlin Horn":18,"Astrolabe":0,"The Courier":14,"Whetstone":13,"Question Card":12,"OrangePellets":18,"Busted Crown":16,"HornCleat":20,"Mummified Hand":13,"Bronze Scales":5,"Necronomicon":14,"Kunai":14,"PureWater":0,"Toy Ornithopter":4},{"Potion Belt":22,"Regal Pillow":17,"Tiny House":31,"Gremlin Horn":71,"Astrolabe":0,"The Courier":55,"Whetstone":51,"Question Card":47,"OrangePellets":71,"Busted Crown":65,"HornCleat":77,"Mummified Hand":51,"Bronze Scales":17,"Necronomicon":55,"Kunai":55,"PureWater":0,"Toy Ornithopter":12}],"Toy Ornithopter":40},"card_choices":[{"not_picked":["JustLucky","FlyingSleeves"],"picked":"Tantrum","floor":1},{"not_picked":["EmptyBody","ThirdEye"],"picked":"CrushJoints","floor":2},{"not_picked":["Indignation","DeceiveReality"],"picked":"Adaptation","floor":3},{"not_picked":["WaveOfTheHand","FollowUp"],"picked":"Prostrate","floor":6},{"not_picked":["Vengeance","Evaluate"],"picked":"CarveReality","floor":8},{"not_picked":["Judgement","FlyingSleeves"],"picked":"Devotion","floor":10},{"not_picked":["Prostrate","Evaluate"],"picked":"FlyingSleeves","floor":11},{"not_picked":["Alpha","DevaForm"],"picked":"Ragnarok","floor":16},{"not_picked":["Consecrate","JustLucky"],"picked":"Halt","floor":17},{"not_picked":["BowlingBash","PathToVictory"],"picked":"JustLucky+1","floor":18},{"not_picked":["ThirdEye","Vengeance"],"picked":"CutThroughFate+1","floor":19},{"not_picked":["Prostrate+1","FollowUp","Protect+1"],"picked":"SKIP","floor":21},{"not_picked":["MasterReality","ThirdEye+1"],"picked":"Fasting2","floor":23},{"not_picked":["PathToVictory","DeceiveReality","FollowUp+1"],"picked":"InnerPeace+1","floor":25},{"not_picked":["SashWhip+1","Ragnarok","Pray+1"],"picked":"ClearTheMind","floor":27},{"not_picked":["FlurryOfBlows+1","CrushJoints","FollowUp","Worship"],"picked":"SKIP","floor":31},{"not_picked":["Alpha","Omniscience","Judgement"],"picked":"ConjureBlade","floor":33},{"not_picked":["PathToVictory","EmptyFist+1"],"picked":"SKIP","floor":35},{"not_picked":["Thinking Ahead"],"picked":"Panacea","floor":36},{"not_picked":["PathToVictory+1","Vengeance+1"],"picked":"SKIP","floor":37},{"not_picked":["Prostrate+1","FlyingSleeves+1"],"picked":"SKIP","floor":39},{"not_picked":["BattleHymn+1"],"picked":"TalkToTheHand+1","floor":40}],"player_experience":92499,"relics_obtained":[{"floor":6,"key":"Toy Ornithopter"},{"floor":8,"key":"Bronze Scales"},{"floor":9,"key":"Regal Pillow"},{"floor":10,"key":"Potion Belt"},{"floor":23,"key":"Question Card"},{"floor":25,"key":"Mummified Hand"},{"floor":26,"key":"Whetstone"},{"floor":27,"key":"The Courier"},{"floor":30,"key":"Necronomicon"},{"floor":40,"key":"HornCleat"}],"event_choices":[{"damage_healed":0,"gold_gain":0,"player_choice":"Donut","damage_taken":0,"max_hp_gain":5,"max_hp_loss":0,"event_name":"Big Fish","floor":5,"gold_loss":0},{"damage_healed":0,"gold_gain":0,"player_choice":"Ignored","damage_taken":0,"max_hp_gain":0,"max_hp_loss":0,"event_name":"Liars Game","floor":14,"gold_loss":0},{"damage_healed":0,"gold_gain":0,"player_choice":"Read","damage_taken":0,"max_hp_gain":0,"max_hp_loss":0,"event_name":"The Library","floor":22,"gold_loss":0,"cards_obtained":["Scrawl"]},{"damage_healed":0,"gold_gain":0,"player_choice":"Opened","damage_taken":0,"relics_obtained":["Kunai"],"max_hp_gain":0,"max_hp_loss":0,"event_name":"The Mausoleum","floor":28,"gold_loss":0,"cards_obtained":["Writhe"]},{"damage_healed":0,"gold_gain":0,"player_choice":"Obtained Book","damage_taken":16,"max_hp_gain":0,"max_hp_loss":0,"event_name":"Cursed Tome","floor":30,"gold_loss":0},{"damage_healed":0,"gold_gain":0,"player_choice":"Memory 2","damage_taken":5,"max_hp_gain":0,"max_hp_loss":0,"event_name":"SensoryStone","floor":36,"gold_loss":0}],"is_beta":false,"boss_relics":[{"not_picked":["Velvet Choker","Fusion Hammer"],"picked":"Tiny House"},{"not_picked":["Philosopher\u0027s Stone","Calling Bell"],"picked":"Busted Crown"}],"items_purged_floors":[4,20],"is_endless":false,"potions_floor_spawned":[1,3,10,19,21,25,27,37,39],"killed_by":"Jaw Worm Horde","ascension_level":2}}