{"host":"usdj552hvd2ulznm","time":1611627297,"event":{"mods":["Act Like it!","Aspiration","BaseMod","Better Third Choice","Colored Powertips","Conjunction","Conspire","DeckTracker","Dota2Spire","Downfall","Emptier Cage","Energized Spire","Gensokyo","GifTheSpireLib","GungeonMod","Halation","Hallownest","Hermit","Hubris","Infinite Spire","Key Reminder","Lobotomy","LobotomyExtend","Minty Spire (QoL Compilation)","MostiFishMod","Poem Panic","Quarter Circle Forward PUNCH!","Quick Restart","RNG Fix","Railgun Mod","Random Character Mod","Relic Stats","Reliquary","Replay The Spire","Reworked Bosses","Small Relic Pack","StSLib","Stuff the Spire","The Animator","The Blue Laboratory","The IronCluck","The Jungle","Uncapped","WarShipGirlsR/????R mod","Wide Potions","??????REMEMod"],"gold_per_floor":[200,210,223,673,673,691,691,691,691,704,715,715,715,324,336,438,438,438,449,449,116,216,216,216,216,216,216],"floor_reached":26,"language":"ENG","playtime":930,"items_purged":["downfall:Icky","downfall:Icky"],"score":219,"play_id":"9472fac9-aca6-4970-a89e-9742b9449d80","local_time":"20210125191457","is_ascension_mode":false,"campfire_choices":[{"floor":25,"key":"REST"}],"circlet_count":0,"master_deck":["SpecialBullet","SpecialBullet","SpecialBullet","SpecialBullet","SpecialBullet","SpecialBullet","SpecialBullet","SpecialBullet","InformationCode","TrainingCode","SecurityCode","Moonlight","CrumblingArmor","Horn","Mimicry","SpecialBullet","Woodsman","Pinks","GrinderMk4","Heaven+1","CentralCode"],"relics":["CogitoBucket","DaveBox","REME_ComplimentaryCards","LetterFromLob","qcfpunch:Wild_Herbs_Ointment","qcfpunch:Black_Training_Shirt","Replay:Baseball","AspirationHeart","Fusion Hammer","Orichalcum","downfall:CloakOfManyFaces","CultistMask","FaceOfCleric","NlothsMask","GremlinMask","SsserpentHead","DemoMod:GlassGuonStoneRelic"],"acts_visited":["Exordium","TheCity"],"potions_floor_usage":[14,22,26],"damage_taken":[{"damage":0,"enemies":"Small Slimes","floor":2,"turns":2},{"damage":6,"enemies":"Cultist","floor":3,"turns":3},{"damage":0,"enemies":"2 Louse","floor":6,"turns":1},{"damage":0,"enemies":"Large Slime","floor":10,"turns":4},{"damage":10,"enemies":"3 Louse","floor":11,"turns":2},{"damage":9,"enemies":"downfall:FleeingMerchant","floor":14,"turns":4},{"damage":0,"enemies":"2 Fungi Beasts","floor":15,"turns":1},{"damage":79,"enemies":"WA_ARCHETYPE_RETAIN","floor":16,"turns":6},{"damage":29,"enemies":"3 Byrds","floor":19,"turns":4},{"damage":15,"enemies":"downfall:FleeingMerchant","floor":21,"turns":4},{"damage":45,"enemies":"downfall:FaceTrader","floor":22,"turns":8},{"damage":30,"enemies":"Chosen","floor":26,"turns":6}],"seed_played":"-737281214763817693","potions_obtained":[{"floor":2,"key":"blueLaboratory:CorrosionFlask"},{"floor":6,"key":"blueLaboratory:RememoryPotion"},{"floor":15,"key":"Milkshake"},{"floor":16,"key":"SpeedPotion"},{"floor":19,"key":"blueLaboratory:PhilterOfMotion"},{"floor":20,"key":"downfall:CursedFountainPotion"},{"floor":22,"key":"FearPotion"}],"is_trial":false,"path_per_floor":["R","M","M","?","?","M","T","R","$","M","M","?","R","$","M","B",null,"R","M","?","$","?","R","T","R","M"],"character_chosen":"Angela","items_purchased":["qcfpunch:Black_Training_Shirt","Replay:Baseball","GrinderMk4","Orichalcum"],"campfire_rested":1,"item_purchase_floors":[14,14,21,21],"current_hp_per_floor":[70,70,70,70,70,70,70,70,70,70,70,70,70,70,80,23,84,84,73,73,46,11,11,11,26,0,0],"gold":216,"neow_bonus":"HUNDRED_GOLD","is_daily":false,"chose_seed":false,"campfire_upgraded":0,"win_rate":0.0,"timestamp":1611627297,"path_taken":["R","M","M","?","?","M","T","R","$","M","M","?","R","?","M","BOSS","R","M","?","$","?","R","T","R","M"],"items_purchased_type":["Relic","Relic","Card","Relic"],"build_version":"2020-12-22","purchased_purges":2,"victory":false,"max_hp_per_floor":[70,70,70,70,70,70,70,70,70,70,70,70,70,70,80,84,84,84,84,84,46,50,50,50,50,50,50],"relic_stats":{"SsserpentHead":0,"FaceOfCleric":0,"counters":[14,47],"Orichalcum":[72],"obtain_stats":[{"DaveBox":0,"qcfpunch:Black_Training_Shirt":14,"AspirationHeart":15,"GremlinMask":22,"DemoMod:GlassGuonStoneRelic":3,"Orichalcum":21,"qcfpunch:Wild_Herbs_Ointment":7,"SsserpentHead":22,"CogitoBucket":0,"Replay:Baseball":14,"FaceOfCleric":22,"Fusion Hammer":17,"CultistMask":22,"LetterFromLob":2,"downfall:CloakOfManyFaces":22,"REME_ComplimentaryCards":0,"NlothsMask":22},{"DaveBox":0,"qcfpunch:Black_Training_Shirt":6,"AspirationHeart":8,"GremlinMask":12,"DemoMod:GlassGuonStoneRelic":2,"Orichalcum":11,"qcfpunch:Wild_Herbs_Ointment":3,"SsserpentHead":12,"CogitoBucket":0,"Replay:Baseball":6,"FaceOfCleric":12,"Fusion Hammer":9,"CultistMask":12,"LetterFromLob":1,"downfall:CloakOfManyFaces":12,"REME_ComplimentaryCards":0,"NlothsMask":12},{"DaveBox":0,"qcfpunch:Black_Training_Shirt":16,"AspirationHeart":18,"GremlinMask":40,"DemoMod:GlassGuonStoneRelic":5,"Orichalcum":32,"qcfpunch:Wild_Herbs_Ointment":6,"SsserpentHead":40,"CogitoBucket":0,"Replay:Baseball":16,"FaceOfCleric":40,"Fusion Hammer":24,"CultistMask":40,"LetterFromLob":2,"downfall:CloakOfManyFaces":40,"REME_ComplimentaryCards":0,"NlothsMask":40}]},"card_choices":[{"not_picked":["Harvest","SolemnVow"],"picked":"SKIP","floor":2},{"not_picked":["Reverberation"],"picked":"Moonlight","floor":3},{"not_picked":["WristCuter","FourthMatchFlame"],"picked":"SKIP","floor":6},{"not_picked":["TodaysExpression","Beak"],"picked":"SKIP","floor":10},{"not_picked":["TodaysExpression","CherryBlossom"],"picked":"SKIP","floor":11},{"not_picked":["UniverseFragment","MeatLantern"],"picked":"CrumblingArmor","floor":14},{"not_picked":["Regret_ego"],"picked":"Horn","floor":14},{"not_picked":["Soda","CUTE"],"picked":"SKIP","floor":15},{"not_picked":["CENSORED_ego"],"picked":"Mimicry","floor":16},{"not_picked":["MHz","Yin"],"picked":"Woodsman","floor":19},{"not_picked":["BlueScar","Horn"],"picked":"SKIP","floor":19},{"not_picked":["Soda"],"picked":"Pinks","floor":21},{"not_picked":["Lantern+1"],"picked":"Heaven+1","floor":22}],"player_experience":482825,"relics_obtained":[{"floor":2,"key":"LetterFromLob"},{"floor":7,"key":"qcfpunch:Wild_Herbs_Ointment"},{"floor":22,"key":"downfall:CloakOfManyFaces"}],"event_choices":[{"damage_healed":0,"gold_gain":0,"player_choice":"Ignored","damage_taken":0,"max_hp_gain":0,"max_hp_loss":0,"event_name":"NoteForYourself","floor":5,"gold_loss":0},{"cards_removed":["downfall:Icky"],"damage_healed":0,"gold_gain":0,"player_choice":"Card Removal","damage_taken":0,"max_hp_gain":0,"max_hp_loss":0,"event_name":"The Cleric","floor":12,"gold_loss":0}],"is_beta":false,"boss_relics":[{"not_picked":["energizedSpire:NeverEndingSparkler","energizedSpire:MagnifyingGlass"],"picked":"Fusion Hammer"}],"items_purged_floors":[14,21],"is_endless":false,"potions_floor_spawned":[2,6,15,16,19,22],"killed_by":"Chosen","ascension_level":0}}