{"host":"bq4pt811tk9yrmjl","time":1611702647,"event":{"mods":["AchievementEnabler","BaseMod","Colored Map","Colored Powertips","Defuse TimeMaze Blight","Hermit","Minty Spire (QoL Compilation)","StSLib","SuperFastMode"],"gold_per_floor":[116,116,132,132,144,171,171,184,184,184,203,203,216,216,216,315,315,329,329,428,446,446,446,446,456,506,520,539,550,585,143,143,246,246,264,21,21,21,21,21,41,67,367,383,393,408,408,421,421,421,421,421,7,7,7],"floor_reached":54,"language":"ENG","playtime":1643,"items_purged":[],"score":770,"play_id":"95f7cd83-ff8f-4ca8-89ef-baa9b20f8bac","local_time":"20210126211047","is_ascension_mode":true,"campfire_choices":[{"data":"hermit:Maintenance","floor":7.0,"key":"SMITH"},{"floor":12.0,"key":"REST"},{"floor":15.0,"key":"RECALL"},{"floor":24.0,"key":"REST"},{"floor":32.0,"key":"REST"},{"data":"Apotheosis","floor":40.0,"key":"SMITH"},{"floor":47,"key":"REST"},{"floor":49,"key":"REST"},{"data":"hermit:Snapshot","floor":52,"key":"SMITH"}],"circlet_count":0,"master_deck":["hermit:Strike_Hermit+1","hermit:Strike_Hermit+1","hermit:Strike_Hermit+1","hermit:Strike_Hermit+1","hermit:Defend_Hermit+1","hermit:Defend_Hermit+1","hermit:Defend_Hermit+1","hermit:Defend_Hermit+1","hermit:Snapshot+1","hermit:Covet","hermit:Maintenance+1","hermit:GoldenBullet","hermit:Vantage","hermit:Showdown+1","hermit:BodyArmor+1","Apotheosis+1","hermit:Maintenance+1","hermit:LoneWolf+1","hermit:Glare+1"],"relics":["hermit:Momento","NeowsBlessing","TungstenRod","Darkstone Periapt","hermit:BartenderGlass","Pen Nib","Matryoshka","Sling","Black Star","HornCleat","Eternal Feather","Gremlin Horn","Bottled Lightning","Old Coin","Bag of Marbles","Lee\u0027s Waffle"],"acts_visited":["Exordium","TheCity","TheBeyond","TheEnding"],"potions_floor_usage":[45,45,46,46,46,48,48,48,48,48,50,50,50,50,54,54,54],"damage_taken":[{"damage":0.0,"enemies":"2 Louse","floor":1.0,"turns":1.0},{"damage":0.0,"enemies":"Cultist","floor":3.0,"turns":1.0},{"damage":0.0,"enemies":"Jaw Worm","floor":5.0,"turns":1.0},{"damage":25.0,"enemies":"Lagavulin","floor":6.0,"turns":8.0},{"damage":13.0,"enemies":"3 Louse","floor":8.0,"turns":4.0},{"damage":0.0,"enemies":"Looter","floor":11.0,"turns":3.0},{"damage":15.0,"enemies":"Large Slime","floor":13.0,"turns":6.0},{"damage":12.0,"enemies":"Hexaghost","floor":16.0,"turns":14.0},{"damage":28.0,"enemies":"3 Byrds","floor":18.0,"turns":7.0},{"damage":0.0,"enemies":"Chosen","floor":21.0,"turns":4.0},{"damage":0.0,"enemies":"Gremlin Leader","floor":23.0,"turns":6.0},{"damage":0.0,"enemies":"Centurion and Healer","floor":25.0,"turns":5.0},{"damage":15.0,"enemies":"Snake Plant","floor":27.0,"turns":4.0},{"damage":0.0,"enemies":"Cultist and Chosen","floor":28.0,"turns":6.0},{"damage":0.0,"enemies":"Snecko","floor":29.0,"turns":6.0},{"damage":17.0,"enemies":"Slavers","floor":30.0,"turns":8.0},{"damage":47.0,"enemies":"Collector","floor":33.0,"turns":16.0},{"damage":16.0,"enemies":"3 Shapes","floor":35.0,"turns":4.0},{"damage":0.0,"enemies":"Orb Walker","floor":41.0,"turns":4.0},{"damage":17.0,"enemies":"Nemesis","floor":42.0,"turns":9.0},{"damage":4.0,"enemies":"Jaw Worm Horde","floor":44.0,"turns":5.0},{"damage":2,"enemies":"3 Darklings","floor":45,"turns":7},{"damage":33,"enemies":"Transient","floor":46,"turns":5},{"damage":39,"enemies":"Writhing Mass","floor":48,"turns":8},{"damage":34,"enemies":"Awakened One","floor":50,"turns":21},{"damage":112,"enemies":"Shield and Spear","floor":54,"turns":9}],"seed_played":"-4948941309173342636","potions_obtained":[{"floor":1.0,"key":"SteroidPotion"},{"floor":3.0,"key":"SpeedPotion"},{"floor":11.0,"key":"ColorlessPotion"},{"floor":18.0,"key":"ColorlessPotion"},{"floor":25.0,"key":"Fire Potion"},{"floor":28.0,"key":"Strength Potion"},{"floor":33.0,"key":"Strength Potion"},{"floor":41.0,"key":"LiquidBronze"},{"floor":46,"key":"EntropicBrew"},{"floor":48,"key":"Dexterity Potion"}],"is_trial":false,"path_per_floor":["M","?","M","$","M","E","R","M","T","T","M","R","M","$","R","B",null,"M","?","?","M","?","E","R","M","T","M","M","M","E","$","R","B",null,"M","$","?","$","$","R","M","E","T","M","M","M","R","M","R","B",null,"R","$","E"],"character_chosen":"HERMIT","items_purchased":["Apotheosis","Sling","PowerPotion","SteroidPotion","HornCleat","Bag of Marbles","Lee\u0027s Waffle","DistilledChaos","Energy Potion"],"campfire_rested":5,"item_purchase_floors":[31,31,31,31,36,53,53,53,53],"current_hp_per_floor":[75,75,75,75,75,50,50,37,37,37,37,59,44,44,44,32,75,47,47,47,47,47,47,69,74,74,64,64,64,52,52,79,32,90,74,74,74,74,74,74,74,57,57,53,51,18,54,15,51,17,90,90,97,0,0],"gold":7,"neow_bonus":"THREE_ENEMY_KILL","is_daily":false,"chose_seed":false,"campfire_upgraded":3,"win_rate":0.0,"timestamp":1611702647,"path_taken":["M","?","?","?","M","E","R","M","T","?","M","R","M","$","R","BOSS","M","?","?","M","?","E","R","M","T","M","M","M","E","$","R","BOSS","M","$","?","?","$","R","M","E","T","M","M","?","R","M","R","BOSS","R","$","E"],"items_purchased_type":["Card","Relic","Potion","Potion","Relic","Relic","Relic","Potion","Potion"],"build_version":"2020-12-22","purchased_purges":0,"victory":false,"max_hp_per_floor":[75,75,75,75,75,75,75,75,75,75,75,75,75,75,75,75,75,75,75,75,75,75,75,75,80,80,85,85,85,90,90,90,90,90,90,90,90,90,90,90,90,90,90,90,90,90,90,90,90,90,90,90,97,97,97],"card_choices":[{"not_picked":["hermit:Virtue","hermit:Headshot"],"picked":"hermit:Maintenance","floor":1.0},{"not_picked":["hermit:Headshot","hermit:LuckOfTheDraw"],"picked":"hermit:GoldenBullet","floor":3.0},{"not_picked":["hermit:Manifest","hermit:Glare","hermit:Malice"],"picked":"SKIP","floor":5.0},{"not_picked":["hermit:Cheat","hermit:ItchyTrigger","hermit:FullyLoaded"],"picked":"SKIP","floor":6.0},{"not_picked":["hermit:Roulette","hermit:Headshot"],"picked":"hermit:Vantage","floor":8.0},{"not_picked":["hermit:PistolWhip","hermit:NoHoldsBarred","hermit:HoleUp"],"picked":"SKIP","floor":11.0},{"not_picked":["hermit:Magnum","hermit:Ricochet","hermit:CalledShot"],"picked":"SKIP","floor":13.0},{"not_picked":["hermit:LowProfile","hermit:Brawl","hermit:GhostlyPresence"],"picked":"SKIP","floor":18.0},{"not_picked":["hermit:LowProfile","hermit:HighCaliber","hermit:Manifest"],"picked":"SKIP","floor":21.0},{"not_picked":["hermit:Midnight","hermit:ItchyTrigger"],"picked":"hermit:Showdown+1","floor":25.0},{"not_picked":["hermit:LoneWolf","hermit:TrackingShot","hermit:Roulette"],"picked":"SKIP","floor":27.0},{"not_picked":["hermit:HighCaliber","hermit:Desperado"],"picked":"hermit:BodyArmor+1","floor":28.0},{"not_picked":["hermit:TakeCover","hermit:Misfire","hermit:BodyArmor"],"picked":"SKIP","floor":29.0},{"not_picked":["hermit:HeroicBravado","hermit:Scavenge","hermit:TakeAim"],"picked":"SKIP","floor":30.0},{"not_picked":["hermit:TrackingShot+1","hermit:CalledShot","hermit:Desperado+1"],"picked":"SKIP","floor":35.0},{"not_picked":["hermit:Snipe","hermit:Misfire+1","hermit:Quickdraw"],"picked":"SKIP","floor":41.0},{"not_picked":["hermit:OverwhelmingPower","hermit:RoundhouseKick"],"picked":"hermit:LoneWolf+1","floor":42.0},{"not_picked":["hermit:Vantage","hermit:SprayPray","hermit:ItchyTrigger"],"picked":"SKIP","floor":44.0},{"not_picked":["hermit:HighCaliber","hermit:HoleUp"],"picked":"hermit:Glare+1","floor":45},{"not_picked":["hermit:HighCaliber+1","hermit:Roulette","hermit:NoHoldsBarred+1"],"picked":"SKIP","floor":46},{"not_picked":["hermit:Enervate","hermit:Misfire+1","hermit:WideOpen"],"picked":"SKIP","floor":48}],"player_experience":263117,"relics_obtained":[{"floor":6.0,"key":"TungstenRod"},{"floor":10.0,"key":"Darkstone Periapt"},{"floor":26.0,"key":"Pen Nib"},{"floor":30.0,"key":"Matryoshka"},{"floor":42.0,"key":"Eternal Feather"},{"floor":42.0,"key":"Gremlin Horn"},{"floor":43.0,"key":"Bottled Lightning"},{"floor":43.0,"key":"Old Coin"}],"event_choices":[{"damage_healed":0.0,"max_hp_gain":0.0,"max_hp_loss":0.0,"gold_gain":0.0,"event_name":"Purifier","player_choice":"Ignored","floor":2.0,"gold_loss":0.0,"damage_taken":0.0},{"damage_healed":0.0,"max_hp_gain":0.0,"max_hp_loss":0.0,"gold_gain":0.0,"event_name":"Back to Basics","player_choice":"Simplicity","floor":19.0,"gold_loss":0.0,"damage_taken":0.0,"cards_upgraded":["hermit:Strike_Hermit","hermit:Strike_Hermit","hermit:Strike_Hermit","hermit:Strike_Hermit","hermit:Defend_Hermit","hermit:Defend_Hermit","hermit:Defend_Hermit","hermit:Defend_Hermit"]},{"damage_healed":0.0,"max_hp_gain":0.0,"max_hp_loss":0.0,"gold_gain":99.0,"event_name":"Nest","player_choice":"Stole From Cult","floor":20.0,"gold_loss":0.0,"damage_taken":0.0},{"damage_healed":0.0,"max_hp_gain":0.0,"max_hp_loss":0.0,"gold_gain":0.0,"event_name":"Vampires","player_choice":"Ignored","floor":22.0,"gold_loss":0.0,"damage_taken":0.0},{"damage_healed":0.0,"max_hp_gain":0.0,"max_hp_loss":0.0,"gold_gain":0.0,"event_name":"Duplicator","player_choice":"Copied","floor":37.0,"gold_loss":0.0,"damage_taken":0.0,"cards_obtained":["hermit:Maintenance"]}],"is_beta":false,"boss_relics":[{"not_picked":["Ectoplasm","Empty Cage"],"picked":"hermit:BartenderGlass"},{"not_picked":["hermit:ClaspedLocket","Coffee Dripper"],"picked":"Black Star"}],"items_purged_floors":[],"is_endless":false,"potions_floor_spawned":[1,3,11,18,25,28,29,33,41,42,45,46,48],"killed_by":"Shield and Spear","ascension_level":1}}