{"host":"vyjryxuuuxkt43k4","time":1611622832,"event":{"mods":["AchievementEnabler","BaseMod","Colored Map","DeckTracker","Keyboard Shortcuts","Minty Spire (QoL Compilation)","Permanent Neow","Quick Restart","Rare Cards Sparkle","StSLib","SuperFastMode","everything is the same but u backflip on backflip"],"gold_per_floor":[217,142,153,168,178,208,17,30,81,81,100,175,175,63,63,63,63],"floor_reached":16,"language":"KOR","playtime":440,"items_purged":["Strike_R"],"score":224,"play_id":"c71dcbbc-aa6d-4cb0-985f-625d185680f9","local_time":"20210126100032","is_ascension_mode":true,"campfire_choices":[{"floor":15,"key":"REST"}],"circlet_count":0,"master_deck":["AscendersBane","Strike_R","Strike_R","Strike_R","Strike_R","Defend_R","Defend_R","Defend_R","Defend_R","Bash","Sword Boomerang","Feel No Pain","Sentinel","Dark Embrace","Feed","Dual Wield","Pommel Strike","Cleave"],"relics":["Burning Blood","MealTicket","Regal Pillow"],"acts_visited":["Exordium"],"potions_floor_usage":[10,16,16],"damage_taken":[{"damage":4.0,"enemies":"2 Louse","floor":1.0,"turns":3.0},{"damage":12.0,"enemies":"Small Slimes","floor":3.0,"turns":4.0},{"damage":21.0,"enemies":"Jaw Worm","floor":4.0,"turns":5.0},{"damage":19.0,"enemies":"Blue Slaver","floor":5.0,"turns":4.0},{"damage":32.0,"enemies":"Gremlin Nob","floor":6.0,"turns":4.0},{"damage":10.0,"enemies":"Exordium Wildlife","floor":8.0,"turns":5.0},{"damage":0,"enemies":"Lagavulin","floor":10,"turns":1},{"damage":19,"enemies":"2 Fungi Beasts","floor":11,"turns":4},{"damage":67,"enemies":"Hexaghost","floor":16,"turns":9}],"seed_played":"-7589251483737675524","potions_obtained":[{"floor":1.0,"key":"FearPotion"},{"floor":4.0,"key":"Swift Potion"},{"floor":6.0,"key":"SmokeBomb"},{"floor":8.0,"key":"BlessingOfTheForge"},{"floor":11,"key":"Dexterity Potion"}],"is_trial":false,"path_per_floor":["M","$","M","M","M","E","$","M","T","E","M","?","?","$","R","B"],"character_chosen":"IRONCLAD","items_purchased":["Feed","Dual Wield","SneckoOil"],"campfire_rested":1,"item_purchase_floors":[7,7,14],"current_hp_per_floor":[70,70,64,49,36,10,25,24,24,30,20,9,9,24,63,0,0],"gold":63,"neow_bonus":"HUNDRED_GOLD","is_daily":false,"chose_seed":false,"campfire_upgraded":0,"win_rate":0.0,"timestamp":1611622832,"path_taken":["M","$","M","M","M","E","$","M","T","E","M","?","?","?","R","BOSS"],"items_purchased_type":["Card","Card","Potion"],"build_version":"2020-12-22","purchased_purges":1,"victory":false,"max_hp_per_floor":[75,75,75,75,75,75,75,78,78,78,81,81,81,81,81,81,81],"card_choices":[{"not_picked":["Fire Breathing","Flex"],"picked":"Sword Boomerang","floor":1.0},{"not_picked":["Iron Wave","Headbutt"],"picked":"Feel No Pain","floor":3.0},{"not_picked":["Combust","Metallicize"],"picked":"Sentinel","floor":4.0},{"not_picked":["Uppercut","Entrench"],"picked":"Dark Embrace","floor":5.0},{"not_picked":["Heavy Blade","Perfected Strike","Dark Embrace"],"picked":"SKIP","floor":6.0},{"not_picked":["Uppercut","Havoc"],"picked":"Pommel Strike","floor":8.0},{"not_picked":["Reaper","Carnage"],"picked":"Cleave","floor":11}],"player_experience":348084,"relics_obtained":[{"floor":6.0,"key":"MealTicket"},{"floor":9.0,"key":"Regal Pillow"}],"event_choices":[{"damage_healed":0,"gold_gain":75,"player_choice":"Gather Gold","damage_taken":11,"max_hp_gain":0,"max_hp_loss":0,"event_name":"World of Goop","floor":12,"gold_loss":0},{"damage_healed":0,"gold_gain":0,"player_choice":"Ignored","damage_taken":0,"max_hp_gain":0,"max_hp_loss":0,"event_name":"Shining Light","floor":13,"gold_loss":0}],"is_beta":false,"boss_relics":[],"items_purged_floors":[2],"is_endless":false,"potions_floor_spawned":[1,4,6,8,11],"killed_by":"Hexaghost","ascension_level":20}}