{"host":"c44ey07ufggfw2m8","time":1611645988,"event":{"mods":["2.2 Compatiblity","BaseMod","Colored Map","DeckTracker","Highlight Path","Keyboard Shortcuts","Minty Spire (QoL Compilation)","Permanent Neow","Quick Restart","StSLib","SuperFastMode","UnlockEverythingMod"],"gold_per_floor":[19,30,41,55,66,66,83,83,83,153,153,188,188,201,201,298,298,308,321,321,338,338,338,37,37,37,56,90,90,118,130,130,130,130],"floor_reached":33,"language":"KOR","playtime":1171,"items_purged":["Strike_R"],"score":436,"play_id":"309f9d4d-fbb3-4e89-8462-95506d110b6a","local_time":"20210126162628","is_ascension_mode":true,"campfire_choices":[{"data":"Bludgeon","floor":6,"key":"SMITH"},{"data":"Armaments","floor":8,"key":"SMITH"},{"data":"Battle Trance","floor":11,"key":"SMITH"},{"data":"Armaments","floor":13,"key":"SMITH"},{"data":"Bash","floor":15,"key":"SMITH"},{"data":"Dual Wield","floor":23,"key":"SMITH"},{"data":"Burning Pact","floor":25,"key":"SMITH"},{"data":"Immolate","floor":29,"key":"SMITH"},{"floor":32,"key":"REST"}],"circlet_count":0,"master_deck":["Strike_R","Strike_R","Strike_R","Strike_R","Defend_R","Defend_R","Defend_R","Defend_R","Bash+1","Bludgeon+1","Armaments+1","Clothesline","Burning Pact+1","Battle Trance+1","Armaments+1","Flex","Thunderclap","Second Wind","Immolate+1","Power Through+1","Reckless Charge+1","Dual Wield+1","Bludgeon+1","Dark Embrace","Flame Barrier","Feel No Pain"],"relics":["Burning Blood","TungstenRod","Strawberry","Snecko Eye","Medical Kit","Bird Faced Urn","Mango","Shovel"],"acts_visited":["Exordium","TheCity"],"potions_floor_usage":[5,10,12,16,30],"damage_taken":[{"damage":4,"enemies":"Small Slimes","floor":1,"turns":4},{"damage":3,"enemies":"2 Louse","floor":2,"turns":3},{"damage":0,"enemies":"Cultist","floor":3,"turns":3},{"damage":8,"enemies":"3 Louse","floor":4,"turns":4},{"damage":0,"enemies":"Exordium Wildlife","floor":5,"turns":4},{"damage":3,"enemies":"Blue Slaver","floor":7,"turns":3},{"damage":8,"enemies":"Lots of Slimes","floor":10,"turns":6},{"damage":36,"enemies":"3 Sentries","floor":12,"turns":9},{"damage":2,"enemies":"Looter","floor":14,"turns":2},{"damage":42,"enemies":"Hexaghost","floor":16,"turns":10},{"damage":15,"enemies":"2 Thieves","floor":18,"turns":3},{"damage":16,"enemies":"Shell Parasite","floor":19,"turns":5},{"damage":12,"enemies":"Shelled Parasite and Fungi","floor":21,"turns":3},{"damage":17,"enemies":"Snecko","floor":27,"turns":3},{"damage":0,"enemies":"Gremlin Leader","floor":28,"turns":2},{"damage":35,"enemies":"Slavers","floor":30,"turns":6},{"damage":10,"enemies":"Chosen and Byrds","floor":31,"turns":3},{"damage":12,"enemies":"Collector","floor":33,"turns":3}],"seed_played":"2628143829582887200","potions_obtained":[{"floor":1,"key":"EssenceOfSteel"},{"floor":3,"key":"Block Potion"},{"floor":5,"key":"ColorlessPotion"},{"floor":12,"key":"SneckoOil"},{"floor":27,"key":"Swift Potion"}],"is_trial":false,"path_per_floor":["M","M","M","M","M","R","M","R","T","M","R","E","R","M","R","B",null,"M","M","?","M","?","R","$","R","T","M","E","R","E","M","R","B"],"character_chosen":"IRONCLAD","items_purchased":["Medical Kit","Dark Embrace"],"campfire_rested":1,"item_purchase_floors":[24,24],"current_hp_per_floor":[74,77,80,78,80,80,80,80,80,78,78,55,55,59,59,23,71,62,52,36,30,30,30,30,30,30,19,39,39,12,10,41,29,29],"gold":130,"neow_bonus":"THREE_RARE_CARDS","is_daily":false,"chose_seed":false,"campfire_upgraded":8,"win_rate":0.0,"timestamp":1611645988,"path_taken":["M","M","M","M","M","R","M","R","T","M","R","E","R","M","R","BOSS","M","M","?","M","?","R","$","R","T","M","E","R","E","M","R","BOSS"],"items_purchased_type":["Relic","Card"],"build_version":"2020-12-22","purchased_purges":1,"victory":false,"max_hp_per_floor":[80,80,80,80,80,80,80,80,80,80,80,87,87,87,87,87,87,87,87,92,92,92,92,92,92,92,92,106,106,106,106,106,106,106],"card_choices":[{"not_picked":["Offering","Brutality"],"picked":"Bludgeon","floor":0},{"not_picked":["Rampage","Shockwave"],"picked":"Armaments","floor":1},{"not_picked":["Anger","Spot Weakness"],"picked":"Clothesline","floor":2},{"not_picked":["Armaments","Havoc"],"picked":"Burning Pact","floor":3},{"not_picked":["Headbutt","Reckless Charge"],"picked":"Battle Trance","floor":4},{"not_picked":["Anger","Battle Trance"],"picked":"Armaments","floor":5},{"not_picked":["Wild Strike","Entrench"],"picked":"Flex","floor":7},{"not_picked":["Headbutt","Iron Wave"],"picked":"Thunderclap","floor":10},{"not_picked":["Carnage","Rupture"],"picked":"Second Wind","floor":12},{"not_picked":["Heavy Blade","Second Wind","Sword Boomerang"],"picked":"SKIP","floor":14},{"not_picked":["Juggernaut","Demon Form"],"picked":"Immolate","floor":16},{"not_picked":["Battle Trance","Warcry"],"picked":"Power Through+1","floor":18},{"not_picked":["Thunderclap","Flex"],"picked":"Reckless Charge+1","floor":19},{"not_picked":["Battle Trance+1","Flex"],"picked":"Dual Wield","floor":21},{"not_picked":["Anger","Clash+1"],"picked":"Flame Barrier","floor":27},{"not_picked":["Twin Strike+1","Sword Boomerang","Perfected Strike+1"],"picked":"SKIP","floor":28},{"not_picked":["Iron Wave","Armaments+1"],"picked":"Feel No Pain","floor":30},{"not_picked":["Wild Strike","Thunderclap","Fire Breathing"],"picked":"SKIP","floor":31}],"player_experience":70671,"relics_obtained":[{"floor":9,"key":"TungstenRod"},{"floor":12,"key":"Strawberry"},{"floor":26,"key":"Bird Faced Urn"},{"floor":28,"key":"Mango"},{"floor":30,"key":"Shovel"}],"event_choices":[{"damage_healed":0,"gold_gain":0,"player_choice":"Shed Blood","damage_taken":22,"max_hp_gain":5,"max_hp_loss":0,"event_name":"Forgotten Altar","floor":20,"gold_loss":0},{"damage_healed":0,"gold_gain":0,"player_choice":"Copied","damage_taken":0,"max_hp_gain":0,"max_hp_loss":0,"event_name":"Duplicator","floor":22,"gold_loss":0,"cards_obtained":["Bludgeon"]}],"is_beta":false,"boss_relics":[{"not_picked":["Philosopher\u0027s Stone","Runic Dome"],"picked":"Snecko Eye"}],"items_purged_floors":[24],"is_endless":false,"potions_floor_spawned":[1,3,5,12,27],"killed_by":"Collector","ascension_level":6}}