{"host":"1tl36azeqm6yhdgj","time":1611689280,"event":{"mods":["AchievementEnabler","BaseMod","Minty Spire (QoL Compilation)","StSLib","The IronCluck","everything is the same but u backflip on backflip"],"gold_per_floor":[117,135,196,271,291,291,320,320,345,31,47,47,85,125,125,238,238,256,256,256,277,277,277,0,43,43,82,82,82],"floor_reached":28,"language":"ENG","playtime":811,"items_purged":["Injury"],"score":492,"play_id":"22d08bd6-629d-4ab0-93de-f6a11a9b63e6","local_time":"20210126142800","is_ascension_mode":true,"campfire_choices":[{"data":"Uppercut","floor":6.0,"key":"SMITH"},{"data":"Fire Breathing","floor":12.0,"key":"SMITH"},{"floor":15.0,"key":"REST"},{"floor":23,"key":"REST"}],"circlet_count":0,"master_deck":["AscendersBane","Bash","Uppercut+1","Pommel Strike","Clothesline","Flex","HandOfGreed","Fire Breathing+1","Anger","Spot Weakness","Barricade","Cleave","Barricade","Carnage","Body Slam","Offering","Demon Form","Headbutt","Inflame","Armaments","Reckless Charge","Writhe","Thunderclap","Jack Of All Trades","Corruption"],"relics":["Burning Blood","NeowsBlessing","Happy Flower","Golden Idol","Juzu Bracelet","Centennial Puzzle","Pandora\u0027s Box","Sundial","Torii","Oddly Smooth Stone","Mummified Hand","Ancient Tea Set"],"acts_visited":["Exordium","TheCity"],"potions_floor_usage":[25,27],"damage_taken":[{"damage":0.0,"enemies":"Jaw Worm","floor":1.0,"turns":1.0},{"damage":0.0,"enemies":"2 Louse","floor":2.0,"turns":1.0},{"damage":0.0,"enemies":"Small Slimes","floor":5.0,"turns":1.0},{"damage":25.0,"enemies":"3 Sentries","floor":7.0,"turns":5.0},{"damage":4.0,"enemies":"Blue Slaver","floor":11.0,"turns":2.0},{"damage":24.0,"enemies":"Gremlin Nob","floor":13.0,"turns":4.0},{"damage":3.0,"enemies":"Looter","floor":14.0,"turns":2.0},{"damage":42.0,"enemies":"The Guardian","floor":16.0,"turns":12.0},{"damage":11.0,"enemies":"Spheric Guardian","floor":18.0,"turns":3.0},{"damage":34,"enemies":"Shell Parasite","floor":21,"turns":3},{"damage":6,"enemies":"3 Cultists","floor":25,"turns":3},{"damage":31,"enemies":"Gremlin Leader","floor":27,"turns":4},{"damage":29,"enemies":"Shelled Parasite and Fungi","floor":28,"turns":2}],"seed_played":"5911277295301025806","potions_obtained":[{"floor":2.0,"key":"ColorlessPotion"},{"floor":5.0,"key":"PowerPotion"},{"floor":7.0,"key":"SteroidPotion"},{"floor":16.0,"key":"DistilledChaos"},{"floor":21,"key":"SteroidPotion"},{"floor":25,"key":"LiquidMemories"}],"is_trial":false,"path_per_floor":["M","M","?","?","M","R","E","?","T","$","M","R","E","M","R","B",null,"M","?","?","M","T","R","$","M","T","E","M"],"character_chosen":"IRONCLAD","items_purchased":["HandOfGreed","Fire Breathing","Oddly Smooth Stone","Jack Of All Trades"],"campfire_rested":2,"item_purchase_floors":[10,10,24,24],"current_hp_per_floor":[74,75,75,64,70,70,51,51,51,51,53,53,35,38,60,24,62,57,57,57,29,29,51,51,51,51,26,0,0],"gold":82,"neow_bonus":"THREE_ENEMY_KILL","is_daily":false,"chose_seed":false,"campfire_upgraded":2,"win_rate":0.0,"timestamp":1611689280,"path_taken":["M","M","?","?","M","R","E","?","T","?","M","R","E","M","R","BOSS","M","?","?","M","?","R","?","M","T","E","M"],"items_purchased_type":["Card","Card","Relic","Card"],"build_version":"2020-12-22","purchased_purges":1,"victory":false,"max_hp_per_floor":[75,75,75,75,75,75,75,75,75,75,75,75,75,75,75,75,75,75,75,75,75,75,75,75,75,75,75,75,75],"card_choices":[{"not_picked":["Cleave","Dual Wield"],"picked":"Uppercut","floor":1.0},{"not_picked":["Clothesline","Iron Wave"],"picked":"Pommel Strike","floor":2.0},{"not_picked":["Twin Strike","Entrench"],"picked":"Clothesline","floor":5.0},{"not_picked":["Clash","Havoc"],"picked":"Flex","floor":7.0},{"not_picked":["Headbutt","Second Wind"],"picked":"Anger","floor":11.0},{"not_picked":["Carnage","Power Through"],"picked":"Spot Weakness","floor":13.0},{"not_picked":["Armaments","Anger","Rupture"],"picked":"SKIP","floor":14.0},{"not_picked":["Demon Form","Berserk"],"picked":"Barricade","floor":16.0},{"not_picked":["Sword Boomerang","Clothesline"],"picked":"Reckless Charge","floor":18.0},{"not_picked":["Armaments","Dark Embrace"],"picked":"Thunderclap","floor":21},{"not_picked":["Clothesline","Uppercut","Warcry"],"picked":"SKIP","floor":25},{"not_picked":["True Grit","Bloodletting"],"picked":"Corruption","floor":27}],"player_experience":2071433,"relics_obtained":[{"floor":7.0,"key":"Happy Flower"},{"floor":9.0,"key":"Juzu Bracelet"},{"floor":13.0,"key":"Centennial Puzzle"},{"floor":22,"key":"Torii"},{"floor":26,"key":"Mummified Hand"},{"floor":27,"key":"Ancient Tea Set"}],"event_choices":[{"damage_healed":0.0,"max_hp_gain":0.0,"max_hp_loss":0.0,"gold_gain":61.0,"event_name":"Golden Wing","player_choice":"Gained Gold","floor":3.0,"gold_loss":0.0,"damage_taken":0.0},{"damage_healed":0.0,"max_hp_gain":0.0,"max_hp_loss":0.0,"gold_gain":75.0,"event_name":"World of Goop","player_choice":"Gather Gold","floor":4.0,"gold_loss":0.0,"damage_taken":11.0},{"damage_healed":0.0,"max_hp_gain":0.0,"max_hp_loss":0.0,"gold_gain":0.0,"event_name":"Golden Idol","player_choice":"Take Wound","floor":8.0,"gold_loss":0.0,"damage_taken":0.0,"relics_obtained":["Golden Idol"],"cards_obtained":["Injury"]},{"damage_healed":0.0,"max_hp_gain":0.0,"max_hp_loss":0.0,"gold_gain":0.0,"event_name":"The Mausoleum","player_choice":"Opened","floor":19.0,"gold_loss":0.0,"damage_taken":0.0,"relics_obtained":["Sundial"],"cards_obtained":["Writhe"]},{"damage_healed":0,"gold_gain":0,"player_choice":"Ignored","damage_taken":0,"max_hp_gain":0,"max_hp_loss":0,"event_name":"Cursed Tome","floor":20,"gold_loss":0}],"is_beta":false,"boss_relics":[{"not_picked":["Ectoplasm","Snecko Eye"],"picked":"Pandora\u0027s Box"}],"items_purged_floors":[10],"is_endless":false,"potions_floor_spawned":[2,5,7,16,21,25],"killed_by":"Shelled Parasite and Fungi","ascension_level":20}}