{"host":"8a72fthmlk1o8pdb","time":1611701048,"event":{"mods":["AchievementEnabler","BaseMod","Colored Map","Colored Powertips","Downfall","Duelist Mod","GifTheSpireLib","Googly Eyes","Hermit","Jorbs\u0027s Wanderer Trilogy","Minty Spire (QoL Compilation)","Rare Cards Sparkle","StSLib","The Construct","The Cursed","The Disciple","The Hierophant","The Necromancer","The Poker Player"],"gold_per_floor":[99,274,60,78,90,90,90,90,90,121,134,153,153,167,178,278,278,178,193,205,205,10,40,40,59,59,74,86,86,86,103,103,103,103],"floor_reached":32,"language":"ENG","playtime":3151,"items_purged":[],"score":314,"play_id":"0a698d74-48aa-4efc-b50e-942548264d67","local_time":"20210126144408","is_ascension_mode":false,"campfire_choices":[{"data":"Slimebound:Split","floor":1,"key":"SMITH"},{"data":"Slimebound:MassRepurpose","floor":9,"key":"SMITH"},{"floor":13,"key":"REST"},{"data":"Slimebound:SlimeSlap","floor":18,"key":"SMITH"},{"floor":26,"key":"REST"},{"floor":29,"key":"REST"}],"circlet_count":0,"master_deck":["Slimebound:Strike_Slimebound","Slimebound:Tackle","Slimebound:Defend_Slimebound","Slimebound:Defend_Slimebound","Slimebound:Split+1","Slimebound:CorrosiveSpit","Doubt","Slimebound:SlimeTap","Slimebound:MassRepurpose+1","Slimebound:LeechEnergy","Slimebound:LeadByExample","Slimebound:MassFeed","Slimebound:LeechingTouch","Normality","Slimebound:DouseInSlime","Slimebound:SplitMire","Slimebound:SplitMire","Slimebound:SlimeTap+1","Slimebound:SplitBruiser","Slimebound:SlimeSlap+1","Slimebound:SplitBruiser+1","Slimebound:SpikyOuterGoop+1","Slimebound:Gluttony","Sadistic Nature","Slimebound:SplitAcid+1","Slimebound:ItLooksTasty+1","Slimebound:Repurpose","Slimebound:RainOfGoop","Slimebound:Repurpose"],"relics":["Slimebound:AbsorbEndCombat","Question Card","bronze:MakeshiftBattery","downfall:HeartBlessingBlue","War Paint","Mango","Regal Pillow"],"acts_visited":["Exordium","TheCity"],"potions_floor_usage":[15,19,23,23,23,23,27],"damage_taken":[{"damage":11,"enemies":"downfall:FleeingMerchant","floor":3,"turns":4},{"damage":7,"enemies":"Small Slimes","floor":4,"turns":3},{"damage":1,"enemies":"2 Louse","floor":5,"turns":3},{"damage":27,"enemies":"3 Sentries","floor":10,"turns":7},{"damage":1,"enemies":"Cultist","floor":11,"turns":2},{"damage":12,"enemies":"3 Louse","floor":12,"turns":3},{"damage":0,"enemies":"Exordium Wildlife","floor":14,"turns":2},{"damage":0,"enemies":"2 Fungi Beasts","floor":15,"turns":2},{"damage":30,"enemies":"SI_SHIV_ARCHETYPE","floor":16,"turns":6},{"damage":13,"enemies":"Chosen","floor":19,"turns":4},{"damage":20,"enemies":"Shell Parasite","floor":20,"turns":3},{"damage":7,"enemies":"downfall:FleeingMerchant","floor":22,"turns":4},{"damage":44,"enemies":"Gremlin Leader","floor":23,"turns":5},{"damage":14,"enemies":"Cultist and Chosen","floor":25,"turns":4},{"damage":27,"enemies":"Snake Plant","floor":27,"turns":3},{"damage":26,"enemies":"Sentry and Sphere","floor":28,"turns":4},{"damage":41,"enemies":"Snecko","floor":31,"turns":5},{"damage":40,"enemies":"Centurion and Healer","floor":32,"turns":2}],"seed_played":"-8933903762505196826","potions_obtained":[{"floor":4,"key":"LiquidMemories"},{"floor":5,"key":"Slimebound:SlimyTonguePotion"},{"floor":14,"key":"hexamod:SoulburnPotion"},{"floor":15,"key":"hexamod:SoulburnPotion"},{"floor":19,"key":"Strength Potion"},{"floor":23,"key":"Fruit Juice"},{"floor":25,"key":"DuplicationPotion"},{"floor":28,"key":"Fire Potion"}],"is_trial":false,"path_per_floor":["R","?","$","M","M","?","T","?","R","E","M","M","R","M","M","B",null,"R","M","M","?","$","E","T","M","R","M","M","R","T","M","M"],"character_chosen":"SLIMEBOUND","items_purchased":["Slimebound:MassRepurpose","Slimebound:LeechEnergy","Sadistic Nature"],"campfire_rested":3,"item_purchase_floors":[3,3,22],"current_hp_per_floor":[71,71,66,63,62,62,62,62,62,42,45,46,70,84,95,74,98,108,97,84,61,60,29,43,33,73,50,30,70,70,37,0,0,0],"gold":103,"neow_bonus":"TEN_PERCENT_HP_BONUS","is_daily":false,"chose_seed":false,"campfire_upgraded":3,"win_rate":0.0,"timestamp":1611701048,"path_taken":["R","?","$","M","M","?","T","?","R","E","M","M","R","M","M","BOSS","R","?","M","?","$","E","T","M","R","M","M","R","?","M","M"],"items_purchased_type":["Card","Card","Card"],"build_version":"2020-12-22","purchased_purges":0,"victory":false,"max_hp_per_floor":[71,71,71,71,71,71,71,71,71,74,74,83,83,89,95,98,98,108,108,111,116,116,121,135,135,135,135,135,135,135,135,135,135,135],"card_choices":[{"not_picked":["Slimebound:ItLooksTasty","Slimebound:Gluttony"],"picked":"Slimebound:SlimeTap","floor":3},{"not_picked":["Slimebound:HauntingLick","Slimebound:SplitLeeching"],"picked":"Slimebound:LeadByExample","floor":4},{"not_picked":["Slimebound:GrowthPunch","Slimebound:LeechingTouch","Slimebound:Prepare"],"picked":"SKIP","floor":5},{"not_picked":["Slimebound:MinionMaster","Slimebound:Schlurp"],"picked":"Slimebound:SplitMire","floor":10},{"not_picked":["Slimebound:TongueLash","Slimebound:RollThrough","Slimebound:PressTheAttack"],"picked":"Slimebound:SplitMire","floor":11},{"not_picked":["Slimebound:LeechingTouch","Slimebound:HauntingLick","Slimebound:FlameTackle"],"picked":"Slimebound:SlimeTap","floor":12},{"not_picked":["Slimebound:ProtectTheBoss","Slimebound:PrepareCrush","Slimebound:SplitMire","Slimebound:SamplingLick"],"picked":"SKIP","floor":14},{"not_picked":["Slimebound:RollThrough","Slimebound:SamplingLick","Slimebound:PressTheAttack"],"picked":"Slimebound:SplitBruiser","floor":15},{"not_picked":["Slimebound:DouseInSlime","Slimebound:SelfFormingGoo","Slimebound:MassFeed"],"picked":"Slimebound:SlimeSlap","floor":16},{"not_picked":["Slimebound:ProtectTheBoss+1","Slimebound:ItLooksTasty+1","Slimebound:PressTheAttack+1"],"picked":"Slimebound:SplitBruiser","floor":19},{"not_picked":["Slimebound:ComboTackle","Slimebound:SlimeBarrage+1","Slimebound:SlimeTap"],"picked":"Slimebound:SpikyOuterGoop+1","floor":20},{"not_picked":["Slimebound:SlimeSpikes","Slimebound:HauntingLick","Slimebound:Teamwork"],"picked":"Slimebound:Gluttony","floor":22},{"not_picked":["Slimebound:DouseInSlime","Slimebound:LivingWall+1","Slimebound:SplitBruiser"],"picked":"Slimebound:SplitAcid+1","floor":23},{"not_picked":["Slimebound:Prepare","Slimebound:PressTheAttack","Slimebound:SplitMire"],"picked":"Slimebound:ItLooksTasty+1","floor":25},{"not_picked":["Slimebound:ItLooksTasty","Slimebound:SplitAcid","Slimebound:Prepare"],"picked":"Slimebound:Repurpose","floor":27},{"not_picked":["Slimebound:FormOfPuddle","Slimebound:Schlurp","Slimebound:SamplingLick"],"picked":"Slimebound:RainOfGoop","floor":28},{"not_picked":["Slimebound:SplitAcid","Slimebound:Prepare+1","Slimebound:Gluttony"],"picked":"Slimebound:Repurpose","floor":31}],"player_experience":14083,"relics_obtained":[{"floor":10,"key":"Question Card"},{"floor":23,"key":"War Paint"},{"floor":24,"key":"Mango"},{"floor":30,"key":"Regal Pillow"}],"event_choices":[],"is_beta":false,"boss_relics":[{"not_picked":["Sozu","Runic Pyramid"],"picked":"bronze:MakeshiftBattery"}],"items_purged_floors":[],"is_endless":false,"potions_floor_spawned":[4,5,14,15,16,19,23,25,28],"killed_by":"Centurion and Healer","ascension_level":0}}