{"host":"Mute","time":1611674340,"event":{"mods":["BaseMod","Colored Map","Downfall","Minty Spire (QoL Compilation)","StSLib"],"gold_per_floor":[99,117,135,135,127,163,163,187,187,215,490,262,281,281,309,309,309,309],"floor_reached":16,"language":"ENG","playtime":1274,"items_purged":["hexamod:Defend"],"score":110,"play_id":"5d636241-1958-4b26-81c2-93fa8f6f851d","local_time":"20210126101900","is_ascension_mode":false,"campfire_choices":[{"data":"hexamod:Sear","floor":1,"key":"SMITH"},{"data":"hexamod:FastForward","floor":9,"key":"SMITH"}],"circlet_count":0,"master_deck":["hexamod:Strike","hexamod:Strike","hexamod:Strike","hexamod:Strike+1","hexamod:Defend","hexamod:Defend+1","hexamod:Sear+1","hexamod:Float","hexamod:AdvancingGuard","hexamod:Again","hexamod:ThirdSeal","hexamod:SecondSeal","hexamod:FirstSeal","hexamod:FourthSeal","hexamod:EmpoweredFlame","hexamod:FastForward+1","hexamod:SixthSeal","Regret","hexamod:AdvancingGuard","hexamod:FastForward+1","hexamod:FastForward"],"relics":["hexamod:SpiritBrand","Letter Opener","Calipers","Lantern","Art of War"],"acts_visited":["Exordium"],"potions_floor_usage":[13,15],"damage_taken":[{"damage":4,"enemies":"2 Louse","floor":2,"turns":3},{"damage":0,"enemies":"Cultist","floor":3,"turns":4},{"damage":11,"enemies":"Lagavulin","floor":6,"turns":8},{"damage":2,"enemies":"Small Slimes","floor":8,"turns":5},{"damage":25,"enemies":"3 Sentries","floor":10,"turns":5},{"damage":7,"enemies":"downfall:FleeingMerchant","floor":12,"turns":4},{"damage":0,"enemies":"Red Slaver","floor":13,"turns":3},{"damage":43,"enemies":"Gremlin Gang","floor":15,"turns":4},{"damage":28,"enemies":"IC_STATUS_ARCHETYPE","floor":16,"turns":4}],"seed_played":"6599840690971481543","potions_obtained":[{"floor":2,"key":"Dexterity Potion"},{"floor":6,"key":"bronze:BurnAndBuffPotion"},{"floor":8,"key":"FearPotion"},{"floor":10,"key":"Block Potion"},{"floor":13,"key":"Regen Potion"},{"floor":15,"key":"Ancient Potion"}],"is_trial":false,"path_per_floor":["R","M","M","?","?","E","T","M","R","E","?","$","M","?","M","B"],"character_chosen":"THE_SPIRIT","items_purchased":["Art of War"],"campfire_rested":0,"item_purchase_floors":[12],"current_hp_per_floor":[70,66,66,66,59,55,55,60,60,35,35,35,42,42,18,0,0,0],"gold":309,"neow_bonus":"THREE_CARDS","is_daily":false,"chose_seed":false,"campfire_upgraded":2,"win_rate":0.0,"timestamp":1611674340,"path_taken":["R","M","M","?","?","E","T","M","R","E","?","$","?","?","M","BOSS"],"items_purchased_type":["Relic"],"build_version":"2020-12-18","purchased_purges":1,"victory":false,"max_hp_per_floor":[70,70,70,70,70,70,70,70,70,70,70,70,70,70,70,70,70,70],"card_choices":[{"not_picked":["hexamod:NecessarySacrifice","hexamod:HeatMetal"],"picked":"hexamod:AdvancingGuard","floor":0},{"not_picked":["hexamod:SpectralAdrenaline","hexamod:BacktrackSmack"],"picked":"hexamod:FlamesFromBeyond","floor":2},{"not_picked":["hexamod:AdvancingGuard","hexamod:SwordOfDarkness"],"picked":"hexamod:Again","floor":3},{"not_picked":["hexamod:DynamicBlow","hexamod:SpectralAdrenaline"],"picked":"hexamod:EmpoweredFlame","floor":6},{"not_picked":["hexamod:BacktrackSmack","hexamod:RadiantFlame","hexamod:SpectralAdrenaline"],"picked":"SKIP","floor":6},{"not_picked":["hexamod:Firestarter","hexamod:SwordOfDarkness"],"picked":"hexamod:FastForward","floor":8},{"not_picked":["hexamod:PhantomCloak","hexamod:SkipABeat"],"picked":"hexamod:SixthSeal","floor":10},{"not_picked":["hexamod:SecondSeal","hexamod:Firestarter","hexamod:AdvancingGuard"],"picked":"SKIP","floor":10},{"not_picked":["hexamod:RetreatToShadows","hexamod:GhostOfSpireFuture"],"picked":"hexamod:AdvancingGuard","floor":12},{"not_picked":["hexamod:NightmareGuise","hexamod:FlamesFromBeyond","hexamod:HeatMetal"],"picked":"SKIP","floor":12},{"not_picked":["hexamod:SwordOfDarkness","hexamod:GhostShield"],"picked":"hexamod:FastForward","floor":13},{"not_picked":["hexamod:Firestarter","hexamod:HeatCrush","hexamod:RainOfEmbers"],"picked":"SKIP","floor":13},{"not_picked":["hexamod:NightmareGuise","hexamod:FlamesFromBeyond"],"picked":"hexamod:FastForward","floor":15},{"not_picked":["hexamod:GhostflameBarrier","hexamod:AdvancingGuard","hexamod:ThirdSeal"],"picked":"SKIP","floor":15}],"player_experience":461571,"relics_obtained":[{"floor":6,"key":"Letter Opener"},{"floor":7,"key":"Calipers"},{"floor":10,"key":"Lantern"}],"event_choices":[{"cards_removed":["hexamod:Defend"],"damage_healed":0,"gold_gain":0,"player_choice":"Card Removal","damage_taken":0,"max_hp_gain":0,"max_hp_loss":0,"event_name":"The Cleric","floor":4,"gold_loss":0},{"damage_healed":0,"gold_gain":0,"player_choice":"Forge","damage_taken":0,"max_hp_gain":0,"max_hp_loss":0,"event_name":"Accursed Blacksmith","floor":14,"gold_loss":0,"cards_upgraded":["hexamod:FastForward"]}],"is_beta":true,"boss_relics":[],"items_purged_floors":[12],"is_endless":false,"potions_floor_spawned":[2,10,15],"killed_by":"IC_STATUS_ARCHETYPE","ascension_level":0}}