{"host":"ELF","time":1611619410,"event":{"mods":["BaseMod","Bestiary","Minty Spire (QoL Compilation)","Relic Stats","Slay the Relics Exporter"],"gold_per_floor":[114,74,91,16,16,41,55,55,80,80,80],"floor_reached":10,"language":"ENG","playtime":362,"items_purged":["Strike_G"],"score":132,"play_id":"3cc938c7-6fe1-4f81-bbff-d94d56c7f9cc","local_time":"20210125180330","is_ascension_mode":true,"campfire_choices":[{"floor":8.0,"key":"REST"}],"circlet_count":0,"master_deck":["AscendersBane","Strike_G","Strike_G","Strike_G","Defend_G","Defend_G","Defend_G","Defend_G","Survivor","Neutralize","Dagger Throw","All Out Attack","Decay","Deadly Poison","Eviscerate"],"relics":["Empty Cage","Anchor","Potion Belt"],"acts_visited":["Exordium"],"potions_floor_usage":[10],"damage_taken":[{"damage":14.0,"enemies":"Small Slimes","floor":1.0,"turns":7.0},{"damage":1.0,"enemies":"Cultist","floor":3.0,"turns":4.0},{"damage":15.0,"enemies":"3 Sentries","floor":6.0,"turns":8.0},{"damage":0.0,"enemies":"2 Louse","floor":7.0,"turns":2.0},{"damage":57,"enemies":"Gremlin Nob","floor":10,"turns":4}],"seed_played":"2718084651763529376","potions_obtained":[{"floor":2.0,"key":"Fire Potion"},{"floor":2.0,"key":"FearPotion"}],"is_trial":false,"path_per_floor":["M","?","M","$","?","E","M","R","T","E"],"character_chosen":"THE_SILENT","items_purchased":[],"campfire_rested":1,"item_purchase_floors":[],"current_hp_per_floor":[45,45,44,44,44,29,29,48,48,0,0],"gold":80,"neow_bonus":"BOSS_RELIC","is_daily":false,"chose_seed":false,"campfire_upgraded":0,"win_rate":0.0,"timestamp":1611619410,"path_taken":["M","?","M","?","?","E","M","R","T","E"],"items_purchased_type":[],"build_version":"2020-12-18","purchased_purges":1,"victory":false,"max_hp_per_floor":[66,66,66,66,66,66,66,66,66,66,66],"relic_stats":{"counters":[5,25],"obtain_stats":[{"Potion Belt":9,"Anchor":6,"Empty Cage":0,"Ring of the Snake":0},{"Potion Belt":4,"Anchor":3,"Empty Cage":0,"Ring of the Snake":0},{"Potion Belt":21,"Anchor":19,"Empty Cage":0,"Ring of the Snake":0}]},"card_choices":[{"not_picked":["Flying Knee","Flechettes"],"picked":"Dagger Throw","floor":1.0},{"not_picked":["Sucker Punch","Catalyst"],"picked":"All Out Attack","floor":3.0},{"not_picked":["Backstab","Poisoned Stab"],"picked":"Deadly Poison","floor":6.0},{"not_picked":["Poisoned Stab","Wraith Form v2"],"picked":"Eviscerate","floor":7.0}],"player_experience":3284028,"relics_obtained":[{"floor":6.0,"key":"Anchor"},{"floor":9.0,"key":"Potion Belt"}],"event_choices":[{"damage_healed":0.0,"max_hp_gain":0.0,"max_hp_loss":0.0,"gold_gain":0.0,"event_name":"The Woman in Blue","player_choice":"Bought 3 Potions","floor":2.0,"gold_loss":0.0,"damage_taken":0.0},{"damage_healed":0.0,"max_hp_gain":0.0,"max_hp_loss":0.0,"gold_gain":0.0,"event_name":"Wheel of Change","player_choice":"Cursed","floor":5.0,"gold_loss":0.0,"damage_taken":0.0,"cards_obtained":["Decay"]}],"is_beta":true,"boss_relics":[],"items_purged_floors":[4],"is_endless":false,"potions_floor_spawned":[3],"killed_by":"Gremlin Nob","ascension_level":20}}