{"host":"qekv59dthhdg54sz","time":1611643407,"event":{"mods":["AchievementEnabler","BaseMod","Colored Map","DeckTracker","KOR Keyword Fix","Minty Spire (QoL Compilation)","Rare Cards Sparkle","StSLib","SuperFastMode"],"gold_per_floor":[111,81,4,21,31,31,1,1,1,1,1],"floor_reached":10,"language":"KOR","playtime":154,"items_purged":[],"score":87,"play_id":"494c4343-ef27-4bd8-bfb4-43e9f885a6b3","local_time":"20210126154327","is_ascension_mode":true,"campfire_choices":[{"data":"Fire Breathing","floor":6.0,"key":"SMITH"},{"data":"Evolve","floor":8.0,"key":"SMITH"}],"circlet_count":0,"master_deck":["AscendersBane","Strike_R","Strike_R","Strike_R","Strike_R","Strike_R","Defend_R","Defend_R","Defend_R","Defend_R","Bash","Fire Breathing+1","Evolve+1","Disarm"],"relics":["Burning Blood","Ginger","Omamori"],"acts_visited":["Exordium"],"potions_floor_usage":[10,10],"damage_taken":[{"damage":11.0,"enemies":"Cultist","floor":1.0,"turns":4.0},{"damage":5.0,"enemies":"Small Slimes","floor":4.0,"turns":4.0},{"damage":9.0,"enemies":"2 Louse","floor":5.0,"turns":4.0},{"damage":20.0,"enemies":"Looter","floor":7.0,"turns":4.0},{"damage":16,"enemies":"Lagavulin","floor":10,"turns":5}],"seed_played":"-5138437888282894947","potions_obtained":[{"floor":2.0,"key":"SneckoOil"},{"floor":2.0,"key":"FearPotion"},{"floor":5.0,"key":"PowerPotion"}],"is_trial":false,"path_per_floor":["M","?","$","M","M","R","M","R","T","E"],"character_chosen":"IRONCLAD","items_purchased":["Evolve"],"campfire_rested":0,"item_purchase_floors":[3],"current_hp_per_floor":[46,46,46,47,44,44,30,30,30,14,14],"gold":1,"neow_bonus":"ONE_RARE_RELIC","is_daily":false,"chose_seed":false,"campfire_upgraded":2,"win_rate":0.0,"timestamp":1611643407,"path_taken":["M","?","$","M","M","R","M","R","T","E"],"items_purchased_type":["Card"],"build_version":"2020-12-22","purchased_purges":0,"victory":false,"max_hp_per_floor":[80,80,80,80,80,80,80,80,80,80,80],"card_choices":[{"not_picked":["Shrug It Off","Cleave"],"picked":"Fire Breathing","floor":1.0},{"not_picked":["Body Slam","Metallicize"],"picked":"Disarm","floor":4.0},{"not_picked":["Rage","Infernal Blade","Rupture"],"picked":"SKIP","floor":5.0},{"not_picked":["Heavy Blade","Clash","Juggernaut"],"picked":"SKIP","floor":7.0}],"player_experience":843066,"relics_obtained":[{"floor":9.0,"key":"Omamori"}],"event_choices":[{"damage_healed":0.0,"max_hp_gain":0.0,"max_hp_loss":0.0,"gold_gain":0.0,"event_name":"The Woman in Blue","player_choice":"Bought 2 Potions","floor":2.0,"gold_loss":0.0,"damage_taken":0.0}],"is_beta":false,"boss_relics":[],"items_purged_floors":[],"is_endless":false,"potions_floor_spawned":[5],"killed_by":"Lagavulin","ascension_level":11}}