{"host":"xu4bnwtq7hv5gr1m","time":1611643945,"event":{"mods":["Act Like it!","Aspiration","BaseMod","Conspire","Gensokyo","Hallownest","Hubris","Lobotomy","LobotomyExtend","Marked Mod","Minty Spire (QoL Compilation)","Pale of the Ancients","Replay The Spire","StSLib","¡¾ÒÅÎï¿¨ÅÆ¡¿REMEMod"],"gold_per_floor":[118,18,33,45,61,61,71,71,97,140,140,140,151,165,165,266,266],"floor_reached":16,"language":"ZHS","playtime":491,"items_purged":[],"score":146,"play_id":"c12c4a8b-9949-48d2-9fa6-70d765b4a94d","local_time":"20210126145225","is_ascension_mode":false,"campfire_choices":[{"data":"Sword Boomerang","floor":6,"key":"SMITH"},{"data":"Massacre","floor":8,"key":"SMITH"},{"data":"All Out Attack","floor":12,"key":"SMITH"},{"data":"REME_ACTH","floor":15,"key":"SMITH"}],"circlet_count":0,"master_deck":["Funeral","Strike_R","Strike_R","Strike_R","Defend_R","Defend_R","Defend_R","Bash","REME_ACTH+1","Searing Blow","CrumblingArmor","SpiderBud","Sword Boomerang+1","UniverseFragment","Massacre+1","All Out Attack+1","Flechettes","Doppelganger","HappyTeddy","conspire:Purge"],"relics":["Burning Blood","REME_ComplimentaryCards","CogitoBucket","RabbitCall","LetterFromLob","HornCleat","HellTrain","SolemnVow_r"],"acts_visited":["Gensokyo:Gensokyo"],"potions_floor_usage":[10],"damage_taken":[{"damage":9,"enemies":"Gensokyo:Gryphon","floor":1,"turns":3},{"damage":0,"enemies":"Gensokyo:2_Kodama","floor":3,"turns":3},{"damage":5,"enemies":"Gensokyo:3_Fairies","floor":4,"turns":4},{"damage":0,"enemies":"Gensokyo:VengefulSpirit","floor":5,"turns":2},{"damage":0,"enemies":"Gensokyo:LivingMonolith","floor":7,"turns":2},{"damage":6,"enemies":"Gensokyo:Kitsune","floor":10,"turns":3},{"damage":4,"enemies":"Gensokyo:VengefulSpirit","floor":13,"turns":3},{"damage":7,"enemies":"Gensokyo:CorruptedTreant","floor":14,"turns":2},{"damage":28,"enemies":"Gensokyo:Reimu","floor":16,"turns":3}],"seed_played":"1100086380826203537","potions_obtained":[{"floor":3,"key":"REME_GoldPotion"},{"floor":4,"key":"BlessingOfTheForge"},{"floor":5,"key":"LiquidBronze"},{"floor":10,"key":"Venom Potion"}],"is_trial":false,"path_per_floor":["M","?","M","M","M","R","M","R","T","M","?","R","M","M","R","B"],"character_chosen":"IRONCLAD","items_purchased":[],"campfire_rested":0,"item_purchase_floors":[],"current_hp_per_floor":[77,77,80,80,80,80,80,80,80,80,80,80,80,79,79,57,57],"gold":266,"neow_bonus":"","is_daily":false,"chose_seed":false,"campfire_upgraded":4,"win_rate":0.0,"timestamp":1611643945,"path_taken":["M","?","M","M","M","R","M","R","T","M","?","R","?","M","R","BOSS"],"items_purchased_type":[],"build_version":"2020-12-22","purchased_purges":0,"victory":false,"max_hp_per_floor":[80,80,80,80,80,80,80,80,80,80,80,80,80,80,80,80,80],"card_choices":[{"not_picked":["Rampage","Iron Wave"],"picked":"Searing Blow","floor":1},{"not_picked":["BlackSwan","Bloodbath"],"picked":"CrumblingArmor","floor":1},{"not_picked":["Scarecrow","Freischutz","SpiderBud"],"picked":"Singing Bowl","floor":3},{"not_picked":["Wellcheers","QueenBee"],"picked":"SpiderBud","floor":3},{"not_picked":["REME_FearOfPain","Pommel Strike","Rupture"],"picked":"SKIP","floor":3},{"not_picked":["Clash","Replay:Undeath\u0027s Touch"],"picked":"Sword Boomerang","floor":4},{"not_picked":["PunishingBird","OSAHOGD","Freischutz"],"picked":"Singing Bowl","floor":4},{"not_picked":["OSAHOGD","ShyLook"],"picked":"UniverseFragment","floor":4},{"not_picked":["FairyFestival","BeautyBeast","MeatLantern"],"picked":"Singing Bowl","floor":5},{"not_picked":["Perfected Strike","Replay:Undeath\u0027s Touch"],"picked":"Massacre","floor":5},{"not_picked":["Wellcheers","LittlePrince","CherryBlossoms"],"picked":"Singing Bowl","floor":7},{"not_picked":["FieryBird","FairyFestival"],"picked":"Funeral","floor":7},{"not_picked":["conspire:ExplosiveBarrier","Clash","Perfected Strike"],"picked":"SKIP","floor":7},{"not_picked":["BeautyBeast","CherryBlossoms","GalaxyChild"],"picked":"Singing Bowl","floor":10},{"not_picked":["Clash","Pommel Strike","Perfected Strike"],"picked":"SKIP","floor":10},{"not_picked":["Bloodbath","OldLady","QueenBee"],"picked":"Singing Bowl","floor":13},{"not_picked":["Pummel","Life Link","Twin Strike"],"picked":"SKIP","floor":13},{"not_picked":["PunishingBird","WallGazer","Variant"],"picked":"Singing Bowl","floor":14},{"not_picked":["BigBadWolf","LongBird"],"picked":"HappyTeddy","floor":14},{"not_picked":["Twin Strike","ReplayReversal","Warcry"],"picked":"SKIP","floor":14},{"not_picked":["Impervious","Reaper"],"picked":"conspire:Purge","floor":16},{"not_picked":["BigBird","GalaxyChild","BlackSwan"],"picked":"Singing Bowl","floor":16}],"player_experience":752172,"relics_obtained":[{"floor":1,"key":"LetterFromLob"}],"event_choices":[],"is_beta":false,"boss_relics":[],"items_purged_floors":[],"is_endless":false,"potions_floor_spawned":[3,4,5,10,16],"killed_by":"Gensokyo:Reimu","ascension_level":0}}