{"host":"zksvs3x2ysy9npnz","time":1611620676,"event":{"mods":["Aspiration","BaseMod","Beaked The Cultist","BetterRewards","Clockwork Mod","Colored Map","Conspire","Downfall","Duelist Mod","Ekko","Fiend Mod","Halation","Highlight Path","Hubris","Infinite Spire","Jedi Mod","Magitek Elite","Minty Spire (QoL Compilation)","Permanent Neow","Quick Restart","Relic Stats","Shop Mod","StSLib","The Runesmith","The Witch","thorton"],"gold_per_floor":[99,99,99,99,99,132,132,132,151,195,195,195,230,250,267,267,267],"floor_reached":16,"language":"FRA","playtime":812,"items_purged":[],"score":106,"play_id":"9e5c02f4-46bd-44e6-b5b0-adf5d24f26bd","local_time":"20210126012436","is_ascension_mode":false,"campfire_choices":[],"circlet_count":0,"master_deck":["sneckomod:Defend","sneckomod:Defend","sneckomod:Defend","sneckomod:TailWhip","sneckomod:SnekBite","Guardian:TimeBomb","Neutralize","Sucker Punch","Endless Agony","sneckomod:QuickBite","sneckomod:UnknownUncommonAttack","sneckomod:DefensiveFlair","Guardian:GatlingBeam","sneckomod:SoulRoll","Fiend:FiendBloodlust","BootSequence","sneckomod:MasterEye","sneckomod:Unknown1Cost"],"relics":["sneckomod:SneckoSoul","downfall:HeartsMalice","infinitespire:Beetle Shell","InkBottle","Dream Catcher","hubris:TinFlute"],"acts_visited":["Exordium"],"potions_floor_usage":[13],"damage_taken":[{"damage":0,"enemies":"Small Slimes","floor":2,"turns":1},{"damage":0,"enemies":"Cultist","floor":4,"turns":1},{"damage":0,"enemies":"Jaw Worm","floor":5,"turns":1},{"damage":26,"enemies":"Gremlin Nob","floor":6,"turns":5},{"damage":0,"enemies":"Exordium Wildlife","floor":9,"turns":2},{"damage":7,"enemies":"conspire:MimicChest","floor":10,"turns":6},{"damage":10,"enemies":"3 Sentries","floor":13,"turns":5},{"damage":7,"enemies":"Gremlin Gang","floor":14,"turns":3},{"damage":2,"enemies":"2 Fungi Beasts","floor":15,"turns":4},{"damage":54,"enemies":"DF_ARCHETYPE_STREAMLINE","floor":16,"turns":9}],"seed_played":"-7080548270553051120","potions_obtained":[{"floor":6,"key":"jedi:wingpotion"},{"floor":9,"key":"champ:CounterPotion"},{"floor":10,"key":"PowerPotion"},{"floor":14,"key":"sneckomod:DiceRollPotion"},{"floor":15,"key":"Fire Potion"}],"is_trial":false,"path_per_floor":["R","M","?","M","M","E","T","R","M","?","R","R","E","M","M","B"],"character_chosen":"THE_SNECKO","items_purchased":[],"campfire_rested":0,"item_purchase_floors":[],"current_hp_per_floor":[90,90,90,90,90,64,64,64,64,57,57,57,47,40,38,0,0],"gold":267,"neow_bonus":"THREE_ENEMY_KILL","is_daily":false,"chose_seed":false,"campfire_upgraded":0,"win_rate":0.0,"timestamp":1611620676,"path_taken":["R","M","?","?","M","E","T","R","M","?","R","R","E","M","M","BOSS"],"items_purchased_type":[],"build_version":"2020-12-22","purchased_purges":0,"victory":false,"max_hp_per_floor":[90,90,90,90,90,90,90,90,90,90,90,90,90,90,90,90,90],"relic_stats":{"Dream Catcher":0,"counters":[10,31],"obtain_stats":[{"Dream Catcher":10,"downfall:HeartsMalice":0,"infinitespire:Beetle Shell":6,"sneckomod:SneckoSoul":0,"InkBottle":7,"hubris:TinFlute":13},{"Dream Catcher":6,"downfall:HeartsMalice":0,"infinitespire:Beetle Shell":4,"sneckomod:SneckoSoul":0,"InkBottle":4,"hubris:TinFlute":7},{"Dream Catcher":12,"downfall:HeartsMalice":0,"infinitespire:Beetle Shell":4,"sneckomod:SneckoSoul":0,"InkBottle":4,"hubris:TinFlute":17}],"InkBottle":[12]},"card_choices":[{"not_picked":["sneckomod:RainOfDice","sneckomod:Unknown1Cost"],"picked":"sneckomod:UnknownBlock","floor":2},{"not_picked":["sneckomod:RainOfDice","sneckomod:UnknownBlock"],"picked":"sneckomod:QuickBite","floor":4},{"not_picked":["sneckomod:WideSting","sneckomod:QuickBite"],"picked":"sneckomod:UnknownUncommonAttack","floor":5},{"not_picked":["sneckomod:UnknownDraw","sneckomod:SerpentMind"],"picked":"sneckomod:DefensiveFlair","floor":6},{"not_picked":["sneckomod:IronFang","sneckomod:Unknown1Cost"],"picked":"sneckomod:UnknownCommonSkill","floor":9},{"not_picked":["sneckomod:WideSting","sneckomod:Nope"],"picked":"sneckomod:SoulRoll","floor":10},{"not_picked":["sneckomod:SnekBeam","sneckomod:DiceCrush","sneckomod:WideSting"],"picked":"SKIP","floor":13},{"not_picked":["sneckomod:SoulRoll","sneckomod:TrashToTreasure"],"picked":"sneckomod:MasterEye","floor":14},{"not_picked":["sneckomod:RainOfDice","sneckomod:IronFang"],"picked":"sneckomod:Unknown1Cost","floor":15}],"player_experience":2244412,"relics_obtained":[{"floor":6,"key":"infinitespire:Beetle Shell"},{"floor":7,"key":"InkBottle"},{"floor":10,"key":"Dream Catcher"},{"floor":13,"key":"hubris:TinFlute"}],"event_choices":[],"is_beta":false,"boss_relics":[],"items_purged_floors":[],"is_endless":false,"potions_floor_spawned":[6,9,10,14,15],"killed_by":"DF_ARCHETYPE_STREAMLINE","ascension_level":0}}