{"host":"avjwtc49fhlk6kym","time":1611685306,"event":{"mods":["AchievementEnabler","BaseMod","Better Match","Better Note","Better Third Choice","Colored Map","Colored Powertips","Displayed Cursed Tome","Highlight Path","Minty Spire (QoL Compilation)","Permanent Neow","Quick Restart","StSLib"],"gold_per_floor":[117,69,88,88,100,100,100,112,112,187,251,285,285,301,301,406,406,422,422,438,438,58,58,58],"floor_reached":23,"language":"ENG","playtime":878,"items_purged":["Strike_P"],"score":214,"play_id":"2d4a305f-389b-4fb4-ab5b-752a2c69c4a5","local_time":"20210126132146","is_ascension_mode":false,"campfire_choices":[{"data":"WindmillStrike","floor":6,"key":"SMITH"},{"data":"ForeignInfluence","floor":13,"key":"SMITH"},{"data":"CrushJoints","floor":15,"key":"SMITH"}],"circlet_count":0,"master_deck":["Strike_P","Strike_P","Defend_P","Defend_P","Defend_P","Defend_P","Eruption+1","Vigilance","FollowUp","BowlingBash","Consecrate","WindmillStrike+1","ForeignInfluence+1","ThirdEye","CrushJoints+1","DevaForm","ThirdEye","CrushJoints","Trip","SandsOfTime"],"relics":["PureWater","Happy Flower","Sundial","Meat on the Bone","Tiny Chest","Black Star","Omamori"],"acts_visited":["Exordium","TheCity"],"potions_floor_usage":[11,12,12,18,19,23,23,23],"damage_taken":[{"damage":1,"enemies":"Jaw Worm","floor":1,"turns":3},{"damage":0,"enemies":"Cultist","floor":3,"turns":2},{"damage":0,"enemies":"2 Louse","floor":5,"turns":3},{"damage":0,"enemies":"2 Fungi Beasts","floor":8,"turns":3},{"damage":2,"enemies":"3 Sentries","floor":11,"turns":7},{"damage":0,"enemies":"Lagavulin","floor":12,"turns":5},{"damage":2,"enemies":"Blue Slaver","floor":14,"turns":3},{"damage":24,"enemies":"The Guardian","floor":16,"turns":11},{"damage":8,"enemies":"Spheric Guardian","floor":18,"turns":4},{"damage":22,"enemies":"Chosen","floor":20,"turns":6},{"damage":49,"enemies":"Slavers","floor":23,"turns":4}],"seed_played":"5328649476048261913","potions_obtained":[{"floor":3,"key":"EssenceOfSteel"},{"floor":5,"key":"Block Potion"},{"floor":11,"key":"Fire Potion"},{"floor":16,"key":"Block Potion"},{"floor":19,"key":"Fruit Juice"},{"floor":19,"key":"CultistPotion"},{"floor":19,"key":"Weak Potion"},{"floor":20,"key":"Block Potion"}],"is_trial":false,"path_per_floor":["M","$","M","?","M","R","T","M","T","?","?","E","R","M","R","B",null,"M","?","M","?","$","E"],"character_chosen":"WATCHER","items_purchased":["BowlingBash","Trip","Omamori","SandsOfTime"],"campfire_rested":0,"item_purchase_floors":[2,22,22,22],"current_hp_per_floor":[71,71,71,71,71,71,71,71,71,60,58,58,58,56,56,44,72,64,69,47,47,47,0,0],"gold":58,"neow_bonus":"RANDOM_COMMON_RELIC","is_daily":false,"chose_seed":false,"campfire_upgraded":3,"win_rate":0.0,"timestamp":1611685306,"path_taken":["M","$","M","?","?","R","?","?","T","?","?","E","R","M","R","BOSS","M","?","M","?","?","E"],"items_purchased_type":["Card","Card","Relic","Card"],"build_version":"2020-12-22","purchased_purges":1,"victory":false,"max_hp_per_floor":[72,72,72,72,72,72,72,72,72,72,72,72,72,72,72,72,72,72,77,77,77,77,77,77],"card_choices":[{"not_picked":["CutThroughFate","Adaptation"],"picked":"FollowUp","floor":1},{"not_picked":["Prostrate","JustLucky"],"picked":"Consecrate","floor":3},{"not_picked":["EmptyBody","JustLucky","Meditate"],"picked":"SKIP","floor":5},{"not_picked":["Prostrate","DeceiveReality"],"picked":"ForeignInfluence","floor":8},{"not_picked":["Protect","EmptyFist"],"picked":"ThirdEye","floor":11},{"not_picked":["Prostrate","EmptyBody","Evaluate"],"picked":"SKIP","floor":12},{"not_picked":["PathToVictory","EmptyMind"],"picked":"CrushJoints","floor":14},{"not_picked":["Alpha","DeusExMachina"],"picked":"DevaForm","floor":16},{"not_picked":["Perseverance+1","CutThroughFate"],"picked":"ThirdEye","floor":18},{"not_picked":["EmptyFist","Halt"],"picked":"CrushJoints","floor":20}],"player_experience":411443,"relics_obtained":[{"floor":9,"key":"Sundial"},{"floor":11,"key":"Meat on the Bone"},{"floor":12,"key":"Tiny Chest"}],"event_choices":[{"damage_healed":0,"gold_gain":0,"cards_transformed":["Strike_P"],"player_choice":"Transformed","damage_taken":0,"max_hp_gain":0,"max_hp_loss":0,"event_name":"Transmorgrifier","floor":4,"gold_loss":0,"cards_obtained":["WindmillStrike"]},{"damage_healed":0,"gold_gain":75,"player_choice":"Gold","damage_taken":11,"max_hp_gain":0,"max_hp_loss":0,"event_name":"betterThird:BetterGoop","floor":10,"gold_loss":0},{"damage_healed":0,"gold_gain":0,"player_choice":"Searched \u00271\u0027 times","damage_taken":0,"max_hp_gain":0,"max_hp_loss":0,"event_name":"Dead Adventurer","floor":11,"gold_loss":0},{"damage_healed":0,"gold_gain":0,"player_choice":"Got Potions","damage_taken":0,"max_hp_gain":0,"max_hp_loss":0,"event_name":"Lab","floor":19,"gold_loss":0},{"damage_healed":0,"gold_gain":0,"player_choice":"Upgraded","damage_taken":0,"max_hp_gain":0,"max_hp_loss":0,"event_name":"Upgrade Shrine","floor":21,"gold_loss":0,"cards_upgraded":["Eruption"]}],"is_beta":false,"boss_relics":[{"not_picked":["Runic Dome","Empty Cage"],"picked":"Black Star"}],"items_purged_floors":[22],"is_endless":false,"potions_floor_spawned":[3,5,11,16,20],"killed_by":"Slavers","ascension_level":0}}