{"host":"oepls06cd1v6o62d","time":1611685075,"event":{"mods":["2.2 Compatiblity","Act Like it!","Aspiration","BaseMod","Better Match","Better Note","Better Third Choice","BetterRewards","Conspire","DeckTracker","Downfall","Energized Spire","Gensokyo","Halation","Hallownest","Hermit","Hubris","Hunter ??","Infinite Spire","Marisa????????","Mimic Mod","Minty Spire (QoL Compilation)","Pale of the Ancients","Quick Restart","Random Character Button","Relic Stats","Replay The Spire","Shade Mod","StSLib","Synergy Search","The Animator","The Bug Knight","The Judge","The Runesmith","Wandering Minibosses"],"gold_per_floor":[113,127,127,9,9,35,35,55,55,55,66,66,93,108,108,205,205,217,217,65,65,81,112,112,124,155,166,193,193,193,213,213,315,315,327,344,219,20,36,53,53,53],"floor_reached":41,"language":"ENG","playtime":2269,"items_purged":[],"score":520,"play_id":"23aa5f72-4b40-46fd-83b7-dcedbdabe00a","local_time":"20210126121755","is_ascension_mode":false,"campfire_choices":[{"floor":10,"key":"REST"},{"floor":15,"key":"REST"},{"data":"Clumsy","floor":24,"key":"SMITH"},{"floor":30,"key":"REST"},{"floor":32,"key":"REST"}],"circlet_count":0,"master_deck":["HollowMod:NailStrikeStart","HollowMod:NailStrikeStart","HollowMod:NailStrikeStart","HollowMod:QuickDashStart","HollowMod:QuickDashStart","HollowMod:QuickDashStart","HollowMod:FocusHealStart","HollowMod:PogoStrike","HollowMod:MonarchWings","HollowMod:HuntersJournal","HollowMod:HeavyBlow","HollowMod:DashSlash","Runesmith:Fortify","Runesmith:MetallurgicalResearch","Runesmith:FieryHammer+1","Runesmith:Grindstone","HollowMod:MantisMark","Perfected Strike","HollowMod:CycloneSlash","HollowMod:Hiveblood","HollowMod:MantisMark+1","HollowMod:MantisMark+1","HollowMod:GoodIntentions","HollowMod:DesolateDive","HollowMod:SoulVessel","HollowMod:CloakDash","Hallucinations","HollowMod:HowlingWraiths+1","HollowMod:CornifersMapStart+1","HollowMod:PerfectDash+1","HollowMod:RecoilStrike","HollowMod:AwokenDreamNail","HollowMod:CoiledNail","ReplayTheSpireMod:IOU","HollowMod:CycloneSlash+1","HollowMod:FastStrike"],"relics":["HollowMod:VesselMask","m_RuneBlood","Gensokyo:NagashiBinaDoll","Replay:PocketPolymizer","Replay:Wax Seal","Cursed Key","halation:Thesaurus","DollysMirror","halation:PrussianBluePaint","Mercury Hourglass","Bottled Lightning","energizedSpire:RedRose","Hallownest:SoulVesselRelic","halation:PromiseList","hubris:EmptyBottle"],"acts_visited":["Gensokyo:Gensokyo","TheCity","Hallownest:KingdomsEdge"],"potions_floor_usage":[16,16,25,28,33,39,40],"damage_taken":[{"damage":2,"enemies":"Gensokyo:2_Kodama","floor":1,"turns":6},{"damage":2,"enemies":"Gensokyo:3_Fairies","floor":2,"turns":4},{"damage":41,"enemies":"Gensokyo:Mamizou","floor":6,"turns":11},{"damage":13,"enemies":"Gensokyo:Gryphon","floor":7,"turns":5},{"damage":4,"enemies":"Gensokyo:VengefulSpirit","floor":8,"turns":6},{"damage":15,"enemies":"Gensokyo:Gryphon_and_Rabbit","floor":11,"turns":5},{"damage":32,"enemies":"Gensokyo:Cirno","floor":13,"turns":7},{"damage":2,"enemies":"Gensokyo:2_Rabbits","floor":14,"turns":3},{"damage":56,"enemies":"Gensokyo:Yukari","floor":16,"turns":8},{"damage":14,"enemies":"Shell Parasite","floor":18,"turns":6},{"damage":15,"enemies":"2 Thieves","floor":22,"turns":5},{"damage":26,"enemies":"HollowMod:Nosk","floor":23,"turns":5},{"damage":21,"enemies":"Snake Plant","floor":25,"turns":5},{"damage":2,"enemies":"Cultist and Chosen","floor":26,"turns":7},{"damage":17,"enemies":"Cultist and Chosen","floor":27,"turns":5},{"damage":16,"enemies":"Nightmare","floor":28,"turns":7},{"damage":24,"enemies":"Snecko","floor":31,"turns":5},{"damage":10,"enemies":"Champ","floor":33,"turns":10},{"damage":25,"enemies":"Hallownest:2_Littles","floor":35,"turns":4},{"damage":37,"enemies":"Hallownest:Shield_Heavy","floor":36,"turns":4},{"damage":25,"enemies":"Hallownest:2_Wandering_and_1_Horned","floor":39,"turns":6},{"damage":2,"enemies":"Hallownest:2_Soldiers_and_1_Guardian","floor":40,"turns":3},{"damage":31,"enemies":"Hallownest:monsterPrimalAspid","floor":41,"turns":4}],"seed_played":"89392248562224135","potions_obtained":[{"floor":2,"key":"Dexterity Potion"},{"floor":6,"key":"SkillPotion"},{"floor":8,"key":"Dexterity Potion"},{"floor":11,"key":"Fire Potion"},{"floor":16,"key":"Explosive Potion"},{"floor":18,"key":"Ancient Potion"},{"floor":25,"key":"SkillPotion"},{"floor":27,"key":"Guardian:BlockOnCardUsePotion"},{"floor":33,"key":"sneckomod:MuddlingPotion"},{"floor":35,"key":"Strength Potion"},{"floor":36,"key":"Reflective Coating"}],"is_trial":false,"path_per_floor":["M","M","?","COS","?","E","M","M","T","R","M","?","E","M","R","B",null,"M","?","$","?","M","E","R","M","MIM","M","NM","?","R","M","R","B",null,"M","M","?","$","M","M","M"],"character_chosen":"THE_BUGKNIGHT","items_purchased":["halation:Thesaurus","halation:PromiseList","hubris:EmptyBottle"],"campfire_rested":4,"item_purchase_floors":[20,38,38],"current_hp_per_floor":[75,75,75,75,75,47,43,48,48,70,58,66,37,38,60,61,75,66,66,66,66,60,51,51,51,52,44,37,40,63,42,65,73,78,56,34,34,34,23,24,0,0],"gold":53,"neow_bonus":"NOSTALGIA","is_daily":false,"chose_seed":false,"campfire_upgraded":1,"win_rate":0.0,"timestamp":1611685075,"path_taken":["M","M","?","COS","?","E","M","M","T","R","M","?","E","?","R","BOSS","M","?","$","?","M","E","R","?","MIM","M","NM","?","R","M","R","BOSS","M","M","?","$","M","M","M"],"items_purchased_type":["Relic","Relic","Relic"],"build_version":"2020-12-22","purchased_purges":0,"victory":false,"max_hp_per_floor":[75,75,75,75,75,75,75,75,75,75,75,75,75,75,75,75,75,75,75,75,75,75,75,75,75,75,75,75,78,78,78,78,78,78,78,78,78,78,78,78,78,78],"relic_stats":{"counters":[23,131],"Cursed Key":1,"obtain_stats":[{"energizedSpire:RedRose":34,"Replay:PocketPolymizer":6,"aspiration:Nostalgia":0,"Hallownest:SoulVesselRelic":37,"HollowMod:VesselMask":0,"Gensokyo:NagashiBinaDoll":5,"halation:Thesaurus":20,"hubris:EmptyBottle":38,"Cursed Key":17,"Mercury Hourglass":26,"DollysMirror":20,"halation:PrussianBluePaint":23,"halation:PromiseList":38,"Bottled Lightning":28,"Replay:Wax Seal":13,"m_RuneBlood":0},{"energizedSpire:RedRose":18,"Replay:PocketPolymizer":3,"aspiration:Nostalgia":0,"Hallownest:SoulVesselRelic":20,"HollowMod:VesselMask":0,"Gensokyo:NagashiBinaDoll":2,"halation:Thesaurus":10,"hubris:EmptyBottle":20,"Cursed Key":9,"Mercury Hourglass":14,"DollysMirror":10,"halation:PrussianBluePaint":12,"halation:PromiseList":20,"Bottled Lightning":16,"Replay:Wax Seal":7,"m_RuneBlood":0},{"energizedSpire:RedRose":110,"Replay:PocketPolymizer":21,"aspiration:Nostalgia":0,"Hallownest:SoulVesselRelic":118,"HollowMod:VesselMask":0,"Gensokyo:NagashiBinaDoll":10,"halation:Thesaurus":61,"hubris:EmptyBottle":118,"Cursed Key":55,"Mercury Hourglass":83,"DollysMirror":61,"halation:PrussianBluePaint":71,"halation:PromiseList":118,"Bottled Lightning":95,"Replay:Wax Seal":44,"m_RuneBlood":0}],"Mercury Hourglass":[143]},"card_choices":[{"not_picked":["HollowMod:CloakDash","HollowMod:CrystalDash"],"picked":"HollowMod:MonarchWings","floor":1},{"not_picked":["HollowMod:SoulStrike","Runesmith:HammerThrow"],"picked":"HollowMod:HuntersJournal","floor":2},{"not_picked":["HollowMod:DoubleDash","HollowMod:InfectedCysts"],"picked":"HollowMod:HeavyBlow","floor":3},{"not_picked":["HollowMod:MawleksShell","HollowMod:InfectedAttack"],"picked":"HollowMod:DashSlash","floor":3},{"not_picked":["HollowMod:Hiveblood","HollowMod:CloakDash"],"picked":"Runesmith:Fortify","floor":6},{"not_picked":["HollowMod:SoulMaster","HollowMod:theNailsmith"],"picked":"Runesmith:MetallurgicalResearch","floor":7},{"not_picked":["HollowMod:DesolateDive","HollowMod:MothsMistake","HollowMod:DungDefenderAura"],"picked":"SKIP","floor":7},{"not_picked":["ReplayTheSpireMod:LeadingStrike","HollowMod:SharpenedNail"],"picked":"Runesmith:FieryHammer","floor":8},{"not_picked":["HollowMod:GreatSlash","HollowMod:DescendingDark"],"picked":"Runesmith:Grindstone","floor":11},{"not_picked":["HollowMod:InfectionAssault","HollowMod:NewInfectedGuardian"],"picked":"HollowMod:MantisMark","floor":13},{"not_picked":["HollowMod:GoodIntentions","HollowMod:DescendingDark"],"picked":"Perfected Strike","floor":14},{"not_picked":["Runesmith:MetallurgicalResearch","HollowMod:SoulMaster"],"picked":"HollowMod:Hiveblood","floor":16},{"not_picked":["HollowMod:Grubsong+1","HollowMod:ShapeofUnn+1"],"picked":"HollowMod:MantisMark+1","floor":18},{"not_picked":["HollowMod:SoulShaman","HollowMod:CornifersMapStart+1"],"picked":"HollowMod:DesolateDive","floor":22},{"not_picked":["HollowMod:QuirrelsAssistance+1","HollowMod:InfectedCysts+1"],"picked":"HollowMod:SoulVessel","floor":23},{"not_picked":["HollowMod:ChannelNail","HollowMod:NewLittleFool+1"],"picked":"HollowMod:CloakDash","floor":25},{"not_picked":["HollowMod:SiblingsSouls","HollowMod:CloakDash+1"],"picked":"HollowMod:HowlingWraiths+1","floor":26},{"not_picked":["HollowMod:HeavyBlow","HollowMod:CycloneSlash"],"picked":"HollowMod:CornifersMapStart+1","floor":27},{"not_picked":["HollowMod:QuirrelsAssistance+1","HollowMod:Grubsong"],"picked":"HollowMod:PerfectDash+1","floor":28},{"not_picked":["HollowMod:CloakDash","HollowMod:SiblingsShadow"],"picked":"HollowMod:RecoilStrike","floor":31},{"not_picked":["HollowMod:Hiveblood","HollowMod:ElderbugsWisdom"],"picked":"HollowMod:AwokenDreamNail","floor":33},{"not_picked":["HollowMod:InfectedCysts","HollowMod:CornifersMapStart+1","HollowMod:DescendingDark+1"],"picked":"SKIP","floor":35},{"not_picked":["HollowMod:SiblingsShadow+1","HollowMod:QuirrelsAssistance+1"],"picked":"HollowMod:CoiledNail","floor":36},{"not_picked":["HollowMod:InfectedCysts","HollowMod:HowlingWraiths+1"],"picked":"HollowMod:CycloneSlash+1","floor":39},{"not_picked":["HollowMod:CornifersMapStart","HollowMod:SoulStrike+1"],"picked":"HollowMod:FastStrike","floor":40}],"player_experience":443966,"relics_obtained":[{"floor":6,"key":"Replay:PocketPolymizer"},{"floor":13,"key":"Replay:Wax Seal"},{"floor":23,"key":"halation:PrussianBluePaint"},{"floor":26,"key":"Mercury Hourglass"},{"floor":28,"key":"Bottled Lightning"}],"event_choices":[{"damage_healed":0,"gold_gain":0,"player_choice":"Ignored","damage_taken":0,"max_hp_gain":0,"max_hp_loss":0,"event_name":"Ghosts","floor":19,"gold_loss":0},{"damage_healed":0,"gold_gain":0,"cards_transformed":["HollowMod:NailStrikeStart"],"player_choice":"Transformed","damage_taken":0,"max_hp_gain":0,"max_hp_loss":0,"event_name":"Transmorgrifier","floor":21,"gold_loss":0,"cards_obtained":["HollowMod:GoodIntentions"]}],"is_beta":false,"boss_relics":[{"not_picked":["halation:PlatinumPhoenix","Pandora\u0027s Box"],"picked":"Cursed Key"},{"not_picked":["energizedSpire:EnergizedDie","hubris:GrandSneckoEye"],"picked":"energizedSpire:RedRose"}],"items_purged_floors":[],"is_endless":true,"potions_floor_spawned":[2,6,8,11,16,18,25,27,33,35,36],"killed_by":"Hallownest:monsterPrimalAspid","ascension_level":0}}