{"host":"d61fcf2p3sjwe6yo","time":1611662103,"event":{"mods":["AchievementEnabler","BaseMod","Colored Map","Downfall","Minty Spire (QoL Compilation)","StSLib","SuperFastMode"],"gold_per_floor":[0,13,13,13,26,54,108,143,159,177,195,195,71,83,94,94,94,94],"floor_reached":16,"language":"ENG","playtime":830,"items_purged":["hexamod:Strike"],"score":182,"play_id":"f9a2b9cc-3ede-45bb-aaeb-fd1a379284c9","local_time":"20210126145503","is_ascension_mode":true,"campfire_choices":[{"data":"hexamod:Float","floor":1,"key":"SMITH"},{"floor":12,"key":"REST"}],"circlet_count":0,"master_deck":["AscendersBane","hexamod:Strike","hexamod:Strike","hexamod:Defend","hexamod:Defend","hexamod:Defend","hexamod:Defend","hexamod:Sear","hexamod:Float+1","hexamod:Toasty","hexamod:HeatMetal","hexamod:EmpoweredFlame","hexamod:HeatShield","hexamod:ShieldOfDarkness","hexamod:FlameSwitch","hexamod:FlamesFromBeyond","hexamod:SpectralSpark","hexamod:SoulSteal","hexamod:HeatMetal"],"relics":["hexamod:SpiritBrand","Bag of Preparation","White Beast Statue","Happy Flower","Omamori"],"acts_visited":["Exordium"],"potions_floor_usage":[16,16],"damage_taken":[{"damage":5,"enemies":"Small Slimes","floor":2,"turns":3},{"damage":2,"enemies":"Jaw Worm","floor":5,"turns":3},{"damage":38,"enemies":"Gremlin Nob","floor":6,"turns":4},{"damage":10,"enemies":"Lagavulin","floor":8,"turns":7},{"damage":0,"enemies":"Cultist","floor":9,"turns":3},{"damage":0,"enemies":"Blue Slaver","floor":10,"turns":3},{"damage":0,"enemies":"2 Fungi Beasts","floor":11,"turns":3},{"damage":0,"enemies":"downfall:FleeingMerchant","floor":13,"turns":4},{"damage":2,"enemies":"Exordium Wildlife","floor":14,"turns":3},{"damage":0,"enemies":"Large Slime","floor":15,"turns":3},{"damage":27,"enemies":"WA_ARCHETYPE_RETAIN","floor":16,"turns":10}],"seed_played":"-4307450553950991280","potions_obtained":[{"floor":5,"key":"bronze:BurnAndBuffPotion"},{"floor":8,"key":"sneckomod:MuddlingPotion"},{"floor":9,"key":"PowerPotion"},{"floor":10,"key":"champ:CounterPotion"},{"floor":13,"key":"PowerPotion"}],"is_trial":false,"path_per_floor":["R","M","?","T","M","E","T","E","M","M","M","R","$","M","M","B"],"character_chosen":"THE_SPIRIT","items_purchased":["hexamod:SpectralSpark"],"campfire_rested":1,"item_purchase_floors":[13],"current_hp_per_floor":[63,58,58,58,56,18,18,8,8,8,8,29,29,27,27,0,0,0],"gold":94,"neow_bonus":"THREE_RARE_CARDS","is_daily":false,"chose_seed":false,"campfire_upgraded":1,"win_rate":0.0,"timestamp":1611662103,"path_taken":["R","M","?","?","M","E","T","E","?","M","M","R","$","M","M","BOSS"],"items_purchased_type":["Card"],"build_version":"2020-12-22","purchased_purges":1,"victory":false,"max_hp_per_floor":[70,70,70,70,70,70,70,70,70,70,70,70,70,70,70,70,70,70],"card_choices":[{"not_picked":["hexamod:GhostflameInferno","hexamod:ApocalypticArmor"],"picked":"hexamod:Toasty","floor":0},{"not_picked":["hexamod:HauntingEcho","hexamod:SpectralAdrenaline"],"picked":"hexamod:HeatMetal","floor":2},{"not_picked":["hexamod:NecessarySacrifice","hexamod:DynamicBlow"],"picked":"hexamod:EmpoweredFlame","floor":5},{"not_picked":["hexamod:NightmareGuise","hexamod:Firestarter"],"picked":"hexamod:HeatShield","floor":6},{"not_picked":["hexamod:ThermalTransfer","hexamod:GhostOfSpireFuture","hexamod:InspiringFlames"],"picked":"SKIP","floor":8},{"not_picked":["hexamod:Firestarter","hexamod:HauntingEcho"],"picked":"hexamod:ShieldOfDarkness","floor":9},{"not_picked":["hexamod:SuperheatedStrike","hexamod:SecondSeal","hexamod:NightmareStrike"],"picked":"SKIP","floor":10},{"not_picked":["hexamod:FastForward","hexamod:BurningTouch"],"picked":"hexamod:FlameSwitch","floor":11},{"not_picked":["hexamod:GhostOfSpireFuture","hexamod:GhostflameBarrier"],"picked":"hexamod:FlamesFromBeyond","floor":13},{"not_picked":["hexamod:HauntingEcho","hexamod:SuperheatedStrike"],"picked":"hexamod:SoulSteal","floor":14},{"not_picked":["hexamod:UnlimitedPower","hexamod:SpectersWail"],"picked":"hexamod:HeatMetal","floor":15}],"player_experience":711882,"relics_obtained":[{"floor":4,"key":"Bag of Preparation"},{"floor":6,"key":"White Beast Statue"},{"floor":7,"key":"Happy Flower"},{"floor":8,"key":"Omamori"}],"event_choices":[],"is_beta":false,"boss_relics":[],"items_purged_floors":[13],"is_endless":false,"potions_floor_spawned":[5,8,9,10,11,13,14,15],"killed_by":"WA_ARCHETYPE_RETAIN","ascension_level":12}}