{"host":"q206iib20se9i6w7","time":1611690581,"event":{"mods":["AchievementEnabler","BaseMod","Bestiary","Block Reminder","Colored Map","Colored Powertips","Curses Come First","Highlight Path","Key Reminder","Minty Spire (QoL Compilation)","Quick Restart","Random Character Button","Relic Stats","StSLib","SuperFastMode","Unceasing Turn Reminder"],"gold_per_floor":[111,186,204,204,219,219,245,287,287,287,318,318,347,394,394,526,526,536,536,536,548,599,628,628,657,657,657,675,694,694,272,272,367,367,443,343,10,52,65,99,99,129,179,189,189,189,216,216,216,216],"floor_reached":51,"language":"ENG","playtime":3418,"items_purged":["Strike_P","Strike_P"],"score":1233,"play_id":"1bac6fcf-b553-48a7-9b0b-1a1bf15f3812","local_time":"20210126134941","is_ascension_mode":true,"campfire_choices":[{"data":"SignatureMove","floor":6,"key":"SMITH"},{"data":"Wish","floor":10,"key":"SMITH"},{"data":"Eruption","floor":12,"key":"SMITH"},{"data":"Omniscience","floor":15,"key":"SMITH"},{"floor":24,"key":"REST"},{"data":"ConjureBlade","floor":27,"key":"SMITH"},{"data":"Scrawl","floor":30,"key":"SMITH"},{"data":"Meditate","floor":32,"key":"SMITH"},{"data":"MentalFortress","floor":41,"key":"SMITH"},{"data":"MentalFortress","floor":46,"key":"SMITH"},{"data":"CutThroughFate","floor":49,"key":"SMITH"}],"circlet_count":0,"master_deck":["Defend_P","Defend_P","Defend_P","Defend_P","Eruption+1","Vigilance","Evaluate","SignatureMove+1","Wish+1","Sanctity","Adaptation","Omniscience+1","BowlingBash","ConjureBlade+1","EmptyFist+1","RitualDagger","Meditate+1","Scrawl+1","CutThroughFate+1","Evaluate+1","Crescendo+1","EmptyMind+1","MentalFortress+1","ClearTheMind+1","Evaluate+1","FlurryOfBlows","Wish+1","FlyingSleeves+1","MentalFortress+1","EmptyBody+1","Adaptation+1","Omniscience+1","Dark Shackles+1","Deep Breath+1","Deep Breath+1"],"relics":["Runic Dome","Nunchaku","Toy Ornithopter","TeardropLocket","Boot","VioletLotus","Strawberry","Toxic Egg 2","WingedGreaves","Eternal Feather","Medical Kit","SlaversCollar","Kunai","GoldenEye","Bronze Scales","MealTicket","White Beast Statue"],"acts_visited":["Exordium","TheCity","TheBeyond"],"potions_floor_usage":[7,8,11,14,21,23,40,42,50],"damage_taken":[{"damage":2,"enemies":"Jaw Worm","floor":1,"turns":2},{"damage":3,"enemies":"Small Slimes","floor":3,"turns":4},{"damage":0,"enemies":"Cultist","floor":5,"turns":2},{"damage":0,"enemies":"Gremlin Nob","floor":7,"turns":3},{"damage":6,"enemies":"3 Louse","floor":8,"turns":4},{"damage":7,"enemies":"3 Sentries","floor":11,"turns":7},{"damage":0,"enemies":"Gremlin Nob","floor":13,"turns":2},{"damage":0,"enemies":"Blue Slaver","floor":14,"turns":3},{"damage":37,"enemies":"Hexaghost","floor":16,"turns":10},{"damage":4,"enemies":"Shell Parasite","floor":18,"turns":5},{"damage":5,"enemies":"3 Byrds","floor":21,"turns":4},{"damage":27,"enemies":"Book of Stabbing","floor":23,"turns":5},{"damage":28,"enemies":"Gremlin Leader","floor":25,"turns":3},{"damage":0,"enemies":"Snecko","floor":28,"turns":3},{"damage":0,"enemies":"Centurion and Healer","floor":29,"turns":4},{"damage":14,"enemies":"Champ","floor":33,"turns":5},{"damage":0,"enemies":"3 Shapes","floor":35,"turns":2},{"damage":0,"enemies":"Orb Walker","floor":38,"turns":1},{"damage":0,"enemies":"Maw","floor":39,"turns":4},{"damage":45,"enemies":"Nemesis","floor":40,"turns":3},{"damage":2,"enemies":"Giant Head","floor":42,"turns":4},{"damage":0,"enemies":"Jaw Worm Horde","floor":44,"turns":1},{"damage":9,"enemies":"Reptomancer","floor":47,"turns":3},{"damage":24,"enemies":"Time Eater","floor":50,"turns":6}],"seed_played":"-3705760672793197673","potions_obtained":[{"floor":3,"key":"AttackPotion"},{"floor":4,"key":"SneckoOil"},{"floor":4,"key":"SteroidPotion"},{"floor":5,"key":"Fire Potion"},{"floor":8,"key":"Strength Potion"},{"floor":11,"key":"DistilledChaos"},{"floor":18,"key":"SkillPotion"},{"floor":21,"key":"Energy Potion"},{"floor":28,"key":"SkillPotion"},{"floor":33,"key":"Dexterity Potion"},{"floor":42,"key":"SpeedPotion"},{"floor":47,"key":"SpeedPotion"}],"is_trial":false,"path_per_floor":["M","?","M","?","M","R","E","M","T","R","E","R","E","M","R","B",null,"M","?","?","M","T","E","R","E","T","R","M","M","R","$","R","B",null,"M","$","$","M","M","E","R","E","T","M","?","R","E","?","R","B",null],"character_chosen":"WATCHER","items_purchased":["Medical Kit","MentalFortress","ClearTheMind+1","Evaluate+1","FlurryOfBlows","Kunai","MentalFortress"],"campfire_rested":1,"item_purchase_floors":[31,31,31,31,31,37,37],"current_hp_per_floor":[63,52,49,49,49,49,49,43,43,43,41,41,41,46,46,9,56,52,46,46,46,53,31,54,26,26,38,38,38,53,53,68,54,73,73,73,73,73,73,33,51,54,54,54,44,65,56,56,77,55],"gold":216,"neow_bonus":"BOSS_RELIC","is_daily":false,"chose_seed":false,"campfire_upgraded":10,"win_rate":0.0,"timestamp":1611690581,"path_taken":["M","?","M","?","M","R","E","M","T","R","E","R","E","M","R","BOSS","M","?","?","M","?","E","R","E","T","R","M","M","R","$","R","BOSS","M","$","$","M","M","E","R","E","T","M","?","R","E","?","R","BOSS"],"items_purchased_type":["Relic","Card","Card","Card","Card","Relic","Card"],"build_version":"2020-12-22","purchased_purges":2,"victory":true,"max_hp_per_floor":[72,72,72,72,72,72,72,72,72,72,72,72,72,72,72,72,72,72,72,72,72,79,79,79,79,79,79,79,79,79,79,79,79,79,79,79,79,79,79,79,79,79,79,79,79,79,79,79,79,79],"relic_stats":{"Nunchaku":[18],"counters":[24,90],"Bronze Scales":[33],"Eternal Feather":102,"MealTicket":0,"VioletLotus":[27],"Kunai":[12],"Boot":[24],"Medical Kit":[1],"GoldenEye":[8],"obtain_stats":[{"Eternal Feather":26,"TeardropLocket":11,"Boot":13,"Medical Kit":31,"GoldenEye":40,"White Beast Statue":47,"Runic Dome":0,"SlaversCollar":34,"Nunchaku":7,"Strawberry":22,"Bronze Scales":42,"MealTicket":43,"VioletLotus":17,"WingedGreaves":25,"Kunai":37,"PureWater":0,"Toxic Egg 2":23,"Toy Ornithopter":9},{"Eternal Feather":13,"TeardropLocket":6,"Boot":7,"Medical Kit":15,"GoldenEye":20,"White Beast Statue":23,"Runic Dome":0,"SlaversCollar":16,"Nunchaku":4,"Strawberry":11,"Bronze Scales":21,"MealTicket":21,"VioletLotus":9,"WingedGreaves":13,"Kunai":17,"PureWater":0,"Toxic Egg 2":12,"Toy Ornithopter":5},{"Eternal Feather":54,"TeardropLocket":22,"Boot":24,"Medical Kit":61,"GoldenEye":76,"White Beast Statue":84,"Runic Dome":0,"SlaversCollar":66,"Nunchaku":11,"Strawberry":46,"Bronze Scales":80,"MealTicket":80,"VioletLotus":37,"WingedGreaves":54,"Kunai":68,"PureWater":0,"Toxic Egg 2":51,"Toy Ornithopter":15}],"Toy Ornithopter":32},"card_choices":[{"not_picked":["WindmillStrike","FlurryOfBlows"],"picked":"Evaluate","floor":1},{"not_picked":["Crescendo","Collect"],"picked":"SignatureMove","floor":3},{"not_picked":["SashWhip","EmptyBody"],"picked":"Consecrate","floor":5},{"not_picked":["Vengeance","SandsOfTime"],"picked":"Wish","floor":7},{"not_picked":["Protect","Halt"],"picked":"Sanctity","floor":8},{"not_picked":["ThirdEye","PathToVictory"],"picked":"Adaptation","floor":11},{"not_picked":["EmptyBody","Worship"],"picked":"Omniscience","floor":13},{"not_picked":["FlurryOfBlows","Evaluate"],"picked":"BowlingBash","floor":14},{"not_picked":["Judgement","Establishment"],"picked":"ConjureBlade","floor":16},{"not_picked":["JustLucky","SignatureMove"],"picked":"EmptyFist+1","floor":18},{"not_picked":["FlyingSleeves","Consecrate"],"picked":"CutThroughFate","floor":21},{"not_picked":["Ragnarok","Swivel+1"],"picked":"Evaluate+1","floor":23},{"not_picked":["Sanctity+1","Pray+1"],"picked":"Crescendo+1","floor":25},{"not_picked":["ReachHeaven","PathToVictory+1"],"picked":"EmptyMind+1","floor":28},{"not_picked":["JustLucky","WheelKick","FollowUp"],"picked":"SKIP","floor":29},{"not_picked":["MasterReality","DevaForm"],"picked":"Wish+1","floor":33},{"not_picked":["CarveReality","BowlingBash+1"],"picked":"FlyingSleeves+1","floor":35},{"not_picked":["FlyingSleeves+1","Protect+1"],"picked":"EmptyBody+1","floor":38},{"not_picked":["WaveOfTheHand+1","CutThroughFate+1"],"picked":"Adaptation+1","floor":39},{"not_picked":["BowlingBash","Tantrum"],"picked":"Omniscience+1","floor":40},{"not_picked":["Collect+1","Protect+1","WindmillStrike"],"picked":"SKIP","floor":42},{"not_picked":["FlyingSleeves+1","Prostrate+1","ForeignInfluence+1"],"picked":"SKIP","floor":44},{"not_picked":["Purity+1","Mind Blast"],"picked":"Dark Shackles+1","floor":45},{"not_picked":["PanicButton+1","Transmutation+1"],"picked":"Deep Breath+1","floor":45},{"not_picked":["Magnetism","Discovery+1"],"picked":"Deep Breath+1","floor":45},{"not_picked":["Consecrate+1","EmptyBody+1","FlyingSleeves"],"picked":"SKIP","floor":47}],"player_experience":278473,"relics_obtained":[{"floor":7,"key":"Nunchaku"},{"floor":9,"key":"Toy Ornithopter"},{"floor":11,"key":"TeardropLocket"},{"floor":13,"key":"Boot"},{"floor":22,"key":"Strawberry"},{"floor":23,"key":"Toxic Egg 2"},{"floor":25,"key":"WingedGreaves"},{"floor":26,"key":"Eternal Feather"},{"floor":40,"key":"GoldenEye"},{"floor":42,"key":"Bronze Scales"},{"floor":43,"key":"MealTicket"},{"floor":47,"key":"White Beast Statue"}],"event_choices":[{"damage_healed":0,"gold_gain":75,"player_choice":"Gather Gold","damage_taken":11,"max_hp_gain":0,"max_hp_loss":0,"event_name":"World of Goop","floor":2,"gold_loss":0},{"damage_healed":0,"gold_gain":0,"player_choice":"Got Potions","damage_taken":0,"max_hp_gain":0,"max_hp_loss":0,"event_name":"Lab","floor":4,"gold_loss":0},{"damage_healed":0,"gold_gain":0,"player_choice":"Joined the Cult","damage_taken":6,"max_hp_gain":0,"max_hp_loss":0,"event_name":"Nest","floor":19,"gold_loss":0,"cards_obtained":["RitualDagger"]},{"damage_healed":0,"gold_gain":0,"cards_transformed":["Strike_P","Strike_P"],"player_choice":"Became Test Subject","damage_taken":0,"max_hp_gain":0,"max_hp_loss":0,"event_name":"Drug Dealer","floor":20,"gold_loss":0,"cards_obtained":["Meditate","Scrawl"]},{"damage_healed":0,"gold_gain":0,"player_choice":"Memory 3","damage_taken":10,"max_hp_gain":0,"max_hp_loss":0,"event_name":"SensoryStone","floor":45,"gold_loss":0},{"cards_removed":["Consecrate"],"damage_healed":0,"gold_gain":0,"player_choice":"Removed Attack","damage_taken":0,"max_hp_gain":0,"max_hp_loss":0,"event_name":"Falling","floor":48,"gold_loss":0}],"is_beta":false,"boss_relics":[{"not_picked":["Fusion Hammer","Calling Bell"],"picked":"VioletLotus"},{"not_picked":["SacredBark","Empty Cage"],"picked":"SlaversCollar"}],"items_purged_floors":[31,36],"is_endless":false,"potions_floor_spawned":[3,5,8,11,18,21,28,33,42,47],"ascension_level":9}}