{"host":"8f5cu9y0fpol72qs","time":1611643397,"event":{"mods":["AlwaysNeverKeys","BaseMod","Colored Map","Colored Powertips","Curses Come First","Highlight Path","Key Reminder","Minty Spire (QoL Compilation)","StSLib"],"gold_per_floor":[112,128,146,156,168,168,168,168],"floor_reached":7,"language":"ENG","playtime":388,"items_purged":[],"score":79,"play_id":"4692594c-256c-4984-aeaf-7c2bea9288f2","local_time":"20210125224317","is_ascension_mode":true,"campfire_choices":[{"data":"Infinite Blades","floor":6.0,"key":"SMITH"}],"circlet_count":0,"master_deck":["AscendersBane","Strike_G","Strike_G","Strike_G","Strike_G","Strike_G","Defend_G","Defend_G","Defend_G","Defend_G","Defend_G","Survivor","Neutralize","Dodge and Roll","Backstab","Backflip","Infinite Blades+1","PiercingWail"],"relics":["Ring of the Snake"],"acts_visited":["Exordium"],"potions_floor_usage":[7],"damage_taken":[{"damage":0.0,"enemies":"Small Slimes","floor":1.0,"turns":5.0},{"damage":3.0,"enemies":"Cultist","floor":2.0,"turns":5.0},{"damage":2.0,"enemies":"Jaw Worm","floor":3.0,"turns":4.0},{"damage":0.0,"enemies":"Blue Slaver","floor":4.0,"turns":4.0},{"damage":24.0,"enemies":"Exordium Thugs","floor":5.0,"turns":8.0},{"damage":51,"enemies":"Lagavulin","floor":7,"turns":11}],"seed_played":"5929876631142552614","potions_obtained":[{"floor":2.0,"key":"ColorlessPotion"},{"floor":3.0,"key":"PowerPotion"},{"floor":4.0,"key":"Regen Potion"}],"is_trial":false,"path_per_floor":["M","M","M","M","M","R","E"],"character_chosen":"THE_SILENT","items_purchased":[],"campfire_rested":0,"item_purchase_floors":[],"current_hp_per_floor":[65,62,60,60,51,51,0,0],"gold":168,"neow_bonus":"TEN_PERCENT_HP_BONUS","is_daily":false,"chose_seed":false,"campfire_upgraded":1,"win_rate":0.0,"timestamp":1611643397,"path_taken":["M","M","M","M","M","R","E"],"items_purchased_type":[],"build_version":"2020-12-22","purchased_purges":0,"victory":false,"max_hp_per_floor":[72,72,72,72,72,72,72,72],"card_choices":[{"not_picked":["Deflect","Bane"],"picked":"Dodge and Roll","floor":1.0},{"not_picked":["Dagger Throw","Bane"],"picked":"Backstab","floor":2.0},{"not_picked":["Cloak And Dagger","Sucker Punch"],"picked":"Backflip","floor":3.0},{"not_picked":["Finisher","Heel Hook"],"picked":"Infinite Blades","floor":4.0},{"not_picked":["Deflect","Infinite Blades"],"picked":"PiercingWail","floor":5.0}],"player_experience":911868,"relics_obtained":[],"event_choices":[],"is_beta":false,"boss_relics":[],"items_purged_floors":[],"is_endless":false,"potions_floor_spawned":[2,3,4],"killed_by":"Lagavulin","ascension_level":15}}