{"host":"fjjc8m05dtccy69s","time":1611622825,"event":{"mods":["AchievementEnabler","BaseMod","Better Note","Better Third Choice","BetterRewards","Card Forge","CatGirl Mod","Colored Map","Conspire","Defuse TimeMaze Blight","Displayed Cursed Tome","Infinite Spire","Marisa????????","Minty Spire (QoL Compilation)","Permanent Neow","Remilia??????","Replay The Spire","Spikes Relics","StSLib","The Animator","The Servant 0.9.4","Useless Jewels Mod","Waifu the Spire","??????REMEMod"],"gold_per_floor":[118,138,148,148,148,148,172,190,217,234,246,24,36,65,65,169,169,180,180,255,268,281,281,281],"floor_reached":23,"language":"ENG","playtime":2047,"items_purged":[],"score":195,"play_id":"80b93df3-da1b-4e1f-9f31-814a10183a78","local_time":"20210125190025","is_ascension_mode":false,"campfire_choices":[{"floor":6,"key":"RECALL"}],"circlet_count":0,"master_deck":["theCatGirl:Strike","theCatGirl:Strike","theCatGirl:Strike","theCatGirl:Strike+1","theCatGirl:Defend","theCatGirl:Defend","theCatGirl:Defend","theCatGirl:Defend","theCatGirl:ClawStrike","theCatGirl:Evasion","REME_PuzzleBox","CurseOfTheBell","Cloak And Dagger+1","Sabotage+1","Cold Snap","animator:ChaikaBohdan","Poisoned Stab+1","Inflame","Iron Wave","animator:Hans","Accuracy","Run Through+1","animator:Raven","animator:Millim","Deadly Poison"],"relics":["Hammer of Thor","Seething Fire","Anvil of the Gods","REME_ComplimentaryCards","Calling Bell","ScarletDevilRocket","Gremlin Horn","theCatGirl:MonsterGuide","conspire:TopHat","Lee\u0027s Waffle","GiantMaggot","infinitespire:Cupcake","Dream Catcher"],"acts_visited":["Exordium","TheCity"],"potions_floor_usage":[14,23],"damage_taken":[{"damage":4,"enemies":"2 Louse","floor":1,"turns":3},{"damage":8,"enemies":"Small Slimes","floor":2,"turns":5},{"damage":9,"enemies":"Jaw Worm","floor":3,"turns":6},{"damage":11,"enemies":"Large Slime","floor":8,"turns":7},{"damage":4,"enemies":"Exordium Wildlife","floor":10,"turns":4},{"damage":2,"enemies":"3 Louse","floor":11,"turns":4},{"damage":3,"enemies":"conspire:2 RoseBushes","floor":13,"turns":3},{"damage":22,"enemies":"Gremlin Nob","floor":14,"turns":4},{"damage":69,"enemies":"Fading Forest","floor":16,"turns":11},{"damage":3,"enemies":"Spheric Guardian","floor":18,"turns":3},{"damage":1,"enemies":"3 Byrds","floor":21,"turns":3},{"damage":11,"enemies":"Snecko","floor":22,"turns":4},{"damage":51,"enemies":"REME_1_Revenger","floor":23,"turns":4}],"seed_played":"-9085389374095047521","potions_obtained":[{"floor":2,"key":"Energy Potion"},{"floor":8,"key":"Elixir"},{"floor":10,"key":"PowerPotion"},{"floor":20,"key":"Dexterity Potion"},{"floor":21,"key":"SkillPotion"}],"is_trial":false,"path_per_floor":["M","M","M","?","?","R","T","M","T","M","M","$","M","E","R_BF","B",null,"M","?","?","M","M","E"],"character_chosen":"THE_CATGIRL","items_purchased":["Lee\u0027s Waffle","Inflame"],"campfire_rested":0,"item_purchase_floors":[12,12],"current_hp_per_floor":[66,58,49,49,35,35,35,24,24,20,18,77,74,52,75,6,77,74,74,44,46,35,0,0],"gold":281,"neow_bonus":"BOSS_RELIC","is_daily":false,"chose_seed":false,"campfire_upgraded":0,"win_rate":0.0,"timestamp":1611622825,"path_taken":["M","M","M","?","?","R","?","M","T","M","?","$","M","E","R_BF","BOSS","M","?","?","M","M","E"],"items_purchased_type":["Relic","Card"],"build_version":"2020-12-22","purchased_purges":0,"victory":false,"max_hp_per_floor":[70,70,70,70,70,70,70,70,70,70,70,77,77,77,77,77,77,77,77,77,80,80,80,80],"card_choices":[{"not_picked":["theCatGirl:ShockedWitness","Rearm","Heatsinks"],"picked":"SKIP","floor":1},{"not_picked":["SporeBomb","animator:Tatsumaki"],"picked":"Cloak And Dagger","floor":2},{"not_picked":["Clash","animator:TsurugaMeisai"],"picked":"Sabotage","floor":3},{"not_picked":["SprinkleStarSeal","animator:Albedo"],"picked":"Cold Snap","floor":8},{"not_picked":["ReplaySort","animator:Geryuganshoop"],"picked":"animator:ChaikaBohdan","floor":10},{"not_picked":["BlazeAway","Capacitor"],"picked":"Poisoned Stab","floor":11},{"not_picked":["GearUp","Pommel Strike"],"picked":"Iron Wave","floor":13},{"not_picked":["ShootTheMoon","Robbery","theCatGirl:ElegantStrike"],"picked":"SKIP","floor":14},{"not_picked":["Demonic Infusion","Creative AI"],"picked":"animator:Hans","floor":16},{"not_picked":["Dagger Spray+1","animator:Priestess"],"picked":"Accuracy","floor":18},{"not_picked":["animator:Demiurge","animator:Priestess"],"picked":"Run Through+1","floor":20},{"not_picked":["Clothesline","FairyDestructionRay"],"picked":"animator:Raven","floor":20},{"not_picked":["animator:KyokoSakura","Alleviate"],"picked":"animator:Millim","floor":21},{"not_picked":["Fusion","animator:Sloth"],"picked":"Deadly Poison","floor":22}],"player_experience":307415,"relics_obtained":[{"floor":0,"key":"ScarletDevilRocket"},{"floor":0,"key":"Gremlin Horn"},{"floor":0,"key":"theCatGirl:MonsterGuide"},{"floor":9,"key":"conspire:TopHat"},{"floor":14,"key":"GiantMaggot"},{"floor":20,"key":"Dream Catcher"}],"event_choices":[{"damage_healed":49,"gold_gain":0,"player_choice":"Upgrade","damage_taken":14,"max_hp_gain":0,"max_hp_loss":70,"event_name":"betterThird:BetterShining","floor":5,"gold_loss":0,"cards_upgraded":["theCatGirl:Strike","Sabotage"]},{"cards_removed":["REME_PuzzleBox"],"damage_healed":0,"gold_gain":0,"player_choice":"Give","damage_taken":0,"max_hp_gain":0,"max_hp_loss":0,"event_name":"betterNote:BetterNote","floor":19,"gold_loss":0,"cards_obtained":["None"]}],"is_beta":false,"boss_relics":[{"not_picked":["REME_DuelDisc","Runic Pyramid"],"picked":"infinitespire:Cupcake"}],"items_purged_floors":[],"is_endless":false,"potions_floor_spawned":[2,8,10,21],"killed_by":"REME_1_Revenger","ascension_level":0}}