{"host":"wvwkddos141hgtsy","time":1611650051,"event":{"mods":["AchievementEnabler","Act Like it!","Aspiration","Bard","BaseMod","Beaked The Cultist","Better Altar","Better Match","Better Note","Better Sensory Stone","Better Skull","Better Third Choice","BetterRewards","CCEM2","Clawfect","Colored Map","Conspire","Downfall","GifTheSpireLib","Googly Eyes","Halation","Hallownest","Hermit","Highlight Path","Hubris","Hunter ??","Infinite Spire","Jedi Mod","Jorbs\u0027s Wanderer Trilogy","Mad Scientist","Marisa????????","Mimic Mod","Minty Spire (QoL Compilation)","Permanent Neow","Replay The Spire","Shade Mod","Shop Mod","Spicy Shops","StSLib","Stuff the Spire","The Administrix","The Blackbeard","The Bug Knight","The Construct","The Cursed","The Disciple","The Gatherer","The Hierophant","The IronCluck","The Jungle","The Mystic","The Necromancer","The Problem Sleuth","The Runesmith","The Servant 0.9.4","The Spell Scribe","The Witch","Unceasing Turn Reminder","[IsaacMod]????","everything is the same but u backflip on backflip","slay the spire mod where everything is the same but ironclad has a cowboy hat"],"gold_per_floor":[115,36,46,61,61,86,97,115,151,169,169,186,210,252,252,360,360,379,257,257,257,287,322,337,354,354,369,385,402,425,451,451,559,559,583,609,609,609,625,249,286,322,322,372,372,372,401,444,444,469],"floor_reached":51,"language":"ENG","playtime":4666,"items_purged":["Defend_B","hermit:Defend_Hermit","hermit:FromBeyond"],"score":826,"play_id":"95250fad-1e24-472b-90be-7cc820d03924","local_time":"20210126033411","is_ascension_mode":false,"campfire_choices":[{"floor":15,"key":"REST"},{"floor":32,"key":"REST"},{"floor":45,"key":"REST"},{"data":"hermit:Roughhouse","floor":49,"key":"SMITH"}],"circlet_count":0,"master_deck":["hermit:Strike_Hermit","hermit:Strike_Hermit","hermit:Strike_Hermit","hermit:Strike_Hermit","hermit:Defend_Hermit","hermit:Defend_Hermit","hermit:Snapshot","Secret Weapon","hermit:Dive","hermit:ItchyTrigger","hermit:WideOpen+1","hermit:Combo","hermit:CursedWeapon","hermit:BigShot","hermit:Scavenge","hermit:BigShot","hermit:Scavenge","hermit:Roughhouse+1","hermit:Deadeye+1","hermit:GoldenBullet+1","hermit:BigShot","hermit:Scavenge","hermit:Magnum+1","hermit:FlashPowder+1","hermit:Coalescence+1","hermit:Showdown","hermit:Scavenge","hermit:Scavenge","hermit:Vantage+1"],"relics":["StuffTheSpire:OccultApparatus","HushsDoor","Leech","Counterbalance","BookOfRevelations","Smiling Mask","SteamSale","hubris:VirtuousBlindfold","Habit","hubris:CuriousFeather","Mummified Hand","Astrolabe","halation:PinkSoulGem","Gremlin Food","Quantum Egg","NineVolt","Meat on the Bone","Bronze Scales","hubris:Towel","CCEMRelics:GlassOfMilk"],"acts_visited":["Hallownest:Greenpath","Hallownest:Greenpath","Hallownest:KingdomsEdge"],"potions_floor_usage":[8,23,28,30,33,50],"damage_taken":[{"damage":10,"enemies":"Hallownest:monsterHuskGuard","floor":1,"turns":4},{"damage":3,"enemies":"Hallownest:2_Baldur","floor":3,"turns":3},{"damage":1,"enemies":"Hallownest:2_Tiktiks_and_1_Crawlid","floor":4,"turns":2},{"damage":0,"enemies":"Hallownest:monsterAspidMother","floor":5,"turns":3},{"damage":18,"enemies":"Hallownest:eliteVengeflyKing","floor":6,"turns":9},{"damage":0,"enemies":"Hallownest:MossCreep_and_Mosskin","floor":7,"turns":7},{"damage":9,"enemies":"Hallownest:Guard_and_Warrior","floor":8,"turns":5},{"damage":6,"enemies":"Hallownest:2_Tiktiks_1_Baldur_1_Crawlid","floor":9,"turns":3},{"damage":14,"enemies":"Hallownest:2_Tiktiks_1_Baldur_1_Crawlid","floor":10,"turns":3},{"damage":7,"enemies":"Hallownest:monsterAspidMother","floor":11,"turns":3},{"damage":8,"enemies":"Hallownest:Guard_and_Warrior","floor":12,"turns":6},{"damage":3,"enemies":"Hallownest:2_Tiktiks_1_Baldur_1_Crawlid","floor":13,"turns":4},{"damage":5,"enemies":"Hallownest:eliteMossKnight","floor":14,"turns":9},{"damage":39,"enemies":"Hallownest:BossFalseKnight","floor":16,"turns":8},{"damage":2,"enemies":"theJungle:MUSHROOMGANG","floor":18,"turns":4},{"damage":0,"enemies":"theJungle:Flameango_and_Byrd","floor":22,"turns":4},{"damage":25,"enemies":"theJungle:MamaSnecko","floor":23,"turns":5},{"damage":8,"enemies":"theJungle:JungleHuntersEncounter","floor":24,"turns":4},{"damage":20,"enemies":"theJungle:2_Snecko_Cultists","floor":25,"turns":4},{"damage":20,"enemies":"theJungle:Snecko_Cultist_And_Trap","floor":27,"turns":4},{"damage":0,"enemies":"theJungle:SlimyTreeVines","floor":28,"turns":4},{"damage":1,"enemies":"theJungle:2_Snecko_Cultists","floor":29,"turns":3},{"damage":14,"enemies":"Snake Plant","floor":30,"turns":2},{"damage":3,"enemies":"theJungle:SlimyTreeVines","floor":31,"turns":3},{"damage":0,"enemies":"theJungle:QueenSpyder","floor":33,"turns":7},{"damage":28,"enemies":"Hallownest:Shield_Heavy","floor":35,"turns":4},{"damage":19,"enemies":"Hallownest:2_Littles","floor":36,"turns":5},{"damage":9,"enemies":"Hallownest:monsterPrimalAspid","floor":39,"turns":3},{"damage":24,"enemies":"Hallownest:2_Wing_and_1_Kings","floor":41,"turns":7},{"damage":8,"enemies":"Hallownest:2_Wandering_and_1_Horned","floor":42,"turns":6},{"damage":2,"enemies":"Hallownest:eliteHiveKnight","floor":44,"turns":5},{"damage":0,"enemies":"Hallownest:2_Soldiers_and_1_Guardian","floor":47,"turns":3},{"damage":8,"enemies":"Hallownest:eliteCollector","floor":48,"turns":6},{"damage":86,"enemies":"Hallownest:BossHollowKnight","floor":50,"turns":8}],"seed_played":"-1723627471686895457","potions_obtained":[{"floor":6,"key":"Dexterity Potion"},{"floor":8,"key":"FairyPotion"},{"floor":10,"key":"conspire:TimeTravelPotion"},{"floor":23,"key":"Strength Potion"},{"floor":24,"key":"Reflective Coating"},{"floor":29,"key":"PowerPotion"},{"floor":30,"key":"BlessingOfTheForge"},{"floor":35,"key":"jedi:holywater"},{"floor":44,"key":"conspire:TimeTravelPotion"}],"is_trial":false,"path_per_floor":["M","$","M","M","M","E","M","M","MIM","M","M","M","M","E","R","B",null,"M","$","?","?","M","E","M","M","T","M","M","M","M","M","R","B",null,"M","M","?","?","M","$","M","M","T","E","R","?","M","E","R_BF","B",null],"character_chosen":"HERMIT","items_purchased":["Counterbalance","Habit","Gremlin Food","Quantum Egg","NineVolt","hermit:Scavenge"],"campfire_rested":3,"item_purchase_floors":[2,19,40,40,40,40],"current_hp_per_floor":[65,65,64,64,66,54,60,55,51,39,34,32,32,33,55,22,75,75,75,75,60,63,67,62,45,45,28,36,37,24,23,45,51,75,49,34,49,49,42,42,24,21,21,35,57,57,60,57,57,32],"gold":469,"neow_bonus":"RANDOM_COLORLESS_2","is_daily":false,"chose_seed":false,"campfire_upgraded":1,"win_rate":0.0,"timestamp":1611650051,"path_taken":["M","$","M","M","M","E","M","M","MIM","M","M","M","M","E","R","BOSS","M","$","?","?","M","E","M","M","T","M","M","M","M","M","R","BOSS","M","M","?","?","M","$","M","?","T","E","R","?","M","E","R_BF","BOSS"],"items_purchased_type":["Relic","Relic","Relic","Relic","Relic","Card"],"build_version":"2020-12-22","purchased_purges":3,"victory":true,"max_hp_per_floor":[75,75,75,75,75,75,75,75,75,75,75,75,75,75,75,75,75,75,75,75,75,75,75,75,75,75,75,75,75,75,75,75,75,75,75,75,75,75,75,75,75,75,75,75,75,75,75,75,75,75],"card_choices":[{"not_picked":["Violence","ReplayTheSpireMod:Brewmster"],"picked":"Secret Weapon","floor":0},{"not_picked":["hermit:Grudge","hermit:Desperado"],"picked":"hermit:Dive","floor":1},{"not_picked":["hermit:PistolWhip","hermit:Misfire"],"picked":"hermit:ItchyTrigger","floor":3},{"not_picked":["hermit:Misfire","hermit:Gestalt"],"picked":"hermit:WideOpen","floor":4},{"not_picked":["hermit:BodyArmor","hermit:Feint"],"picked":"hermit:Combo","floor":5},{"not_picked":["hermit:HoleUp","hermit:Dissolve"],"picked":"hermit:CursedWeapon","floor":6},{"not_picked":["hermit:Quickdraw","hermit:HoleUp"],"picked":"hermit:BigShot","floor":7},{"not_picked":["hermit:Feint","hermit:Spite","hermit:WideOpen"],"picked":"SKIP","floor":8},{"not_picked":["hermit:NoHoldsBarred","hermit:Gestalt"],"picked":"hermit:Scavenge","floor":9},{"not_picked":["hermit:Roulette","hermit:Manifest"],"picked":"hermit:BigShot","floor":10},{"not_picked":["hermit:Quickdraw","hermit:Snipe","hermit:WideOpen"],"picked":"SKIP","floor":11},{"not_picked":["hermit:Gestalt","hermit:Malice","hermit:Feint"],"picked":"SKIP","floor":12},{"not_picked":["hermit:FatalDesire","hermit:Maintenance"],"picked":"hermit:Scavenge","floor":13},{"not_picked":["hermit:ItchyTrigger","hermit:LoneWolf","hermit:Cheat"],"picked":"SKIP","floor":14},{"not_picked":["hermit:Reprieve","hermit:Purgatory"],"picked":"hermit:Roughhouse","floor":16},{"not_picked":["hermit:BigShot","hermit:Roulette","hermit:Glare"],"picked":"SKIP","floor":18},{"not_picked":["hermit:HighCaliber","hermit:Headshot"],"picked":"hermit:Deadeye+1","floor":22},{"not_picked":["hermit:BigShot","hermit:BodyArmor","hermit:Ricochet+1"],"picked":"SKIP","floor":23},{"not_picked":["hermit:Manifest+1","hermit:Shortfuse"],"picked":"hermit:GoldenBullet+1","floor":24},{"not_picked":["hermit:Horror","hermit:Headshot","hermit:Misfire"],"picked":"SKIP","floor":25},{"not_picked":["hermit:Manifest","hermit:Glare"],"picked":"hermit:BigShot","floor":27},{"not_picked":["hermit:ShadowCloak","hermit:Feint"],"picked":"hermit:Scavenge","floor":28},{"not_picked":["hermit:Feint","hermit:Snipe","hermit:ItchyTrigger+1"],"picked":"SKIP","floor":29},{"not_picked":["hermit:NoHoldsBarred","hermit:BodyArmor","hermit:Manifest+1"],"picked":"SKIP","floor":30},{"not_picked":["hermit:DeadMansHand","hermit:Shortfuse+1","hermit:Grudge+1"],"picked":"SKIP","floor":31},{"not_picked":["hermit:OverwhelmingPower","hermit:RoundhouseKick"],"picked":"hermit:FromBeyond","floor":33},{"not_picked":["hermit:Misfire+1","hermit:Glare","hermit:SprayPray+1"],"picked":"SKIP","floor":35},{"not_picked":["hermit:Manifest+1","hermit:Desperado","hermit:BodyArmor"],"picked":"SKIP","floor":36},{"not_picked":["hermit:Midnight+1","hermit:Headshot"],"picked":"hermit:Showdown","floor":39},{"not_picked":["hermit:Ricochet+1","hermit:FlashPowder+1","hermit:ItchyTrigger"],"picked":"SKIP","floor":41},{"not_picked":["hermit:Determination","hermit:FromBeyond"],"picked":"hermit:Vantage+1","floor":42},{"not_picked":["hermit:TakeCover+1","hermit:Feint+1","hermit:Desperado"],"picked":"SKIP","floor":44},{"not_picked":["hermit:Enervate+1","hermit:Misfire","hermit:SprayPray+1"],"picked":"SKIP","floor":47},{"not_picked":["hermit:Gambit","hermit:Showdown+1","hermit:Misfire"],"picked":"SKIP","floor":48}],"player_experience":422387,"relics_obtained":[{"floor":6,"key":"BookOfRevelations"},{"floor":9,"key":"Smiling Mask"},{"floor":14,"key":"SteamSale"},{"floor":23,"key":"hubris:CuriousFeather"},{"floor":26,"key":"Mummified Hand"},{"floor":43,"key":"Meat on the Bone"},{"floor":44,"key":"Bronze Scales"},{"floor":48,"key":"CCEMRelics:GlassOfMilk"}],"event_choices":[],"is_beta":false,"boss_relics":[{"not_picked":["halation:ForbiddenBikini","aspiration:RunicSpoon"],"picked":"hubris:VirtuousBlindfold"},{"not_picked":[]},{"not_picked":["ReplayTheSpireMod:DimensionalGlitch","jedi:hotpepper"],"picked":"Astrolabe"},{"not_picked":[]}],"items_purged_floors":[19,40,40],"is_endless":false,"potions_floor_spawned":[6,8,10,12,13,16,23,24,27,29,30,35,39,44,48],"ascension_level":0}}