{"host":"52m1o8iwwagurbjs","time":1611694879,"event":{"mods":["AchievementEnabler","BaseMod","Bestiary","Colored Powertips","GifTheSpireLib","Minty Spire (QoL Compilation)","Quick Restart","RNG Fix","Relic Stats","StSLib"],"gold_per_floor":[118,118,133,133,149,149,177,177,177,191,191,217,217,251,251,346,346,364,289,289,306,319,319,351,351,351,382,396,40,55,86,86,183,183,200,200,210,64,64,90,90,140,164,177,177,177,203,217,217,217,217,217,12,45,45,45],"floor_reached":55,"language":"ENG","playtime":2866,"items_purged":["Strike_B"],"score":841,"play_id":"686e2570-0bfe-4d04-bb2b-012447677278","local_time":"20210126160119","is_ascension_mode":true,"campfire_choices":[{"data":"Rebound","floor":6.0,"key":"SMITH"},{"data":"Consume","floor":8.0,"key":"SMITH"},{"data":"Reinforced Body","floor":11.0,"key":"SMITH"},{"floor":13.0,"key":"REST"},{"data":"Capacitor","floor":15.0,"key":"SMITH"},{"data":"Electrodynamics","floor":23.0,"key":"SMITH"},{"floor":25.0,"key":"REST"},{"floor":32.0,"key":"REST"},{"floor":41.0,"key":"RECALL"},{"data":"Defend_B","floor":46.0,"key":"PURGE"},{"data":"Defend_B","floor":49.0,"key":"PURGE"},{"data":"Defend_B","floor":52.0,"key":"PURGE"}],"circlet_count":0,"master_deck":["Strike_B","Defend_B","Zap","Dualcast","Cold Snap+1","Rebound+1","White Noise","Consume+1","Reinforced Body+1","Capacitor+1","Coolheaded","Electrodynamics+1","Ball Lightning+1","Heatsinks","Chill+1","Steam+1","Conserve Battery","Static Discharge+1","FTL","Lockon","White Noise","Fission","Flash of Steel","Turbo","Double Energy+1","White Noise+1"],"relics":["Snecko Eye","InkBottle","Centennial Puzzle","Bottled Lightning","Happy Flower","SlaversCollar","Cables","Strawberry","Orichalcum","White Beast Statue","Bottled Tornado","Ornamental Fan","Fusion Hammer","OrangePellets","Symbiotic Virus","Peace Pipe","Potion Belt","Frozen Eye","Letter Opener"],"acts_visited":[],"potions_floor_usage":[],"damage_taken":[{"damage":0.0,"enemies":"2 Louse","floor":1.0,"turns":4.0},{"damage":2.0,"enemies":"Small Slimes","floor":3.0,"turns":2.0},{"damage":0.0,"enemies":"Cultist","floor":5.0,"turns":5.0},{"damage":24.0,"enemies":"Lagavulin","floor":7.0,"turns":6.0},{"damage":1.0,"enemies":"Exordium Wildlife","floor":10.0,"turns":4.0},{"damage":12.0,"enemies":"Gremlin Nob","floor":12.0,"turns":4.0},{"damage":0.0,"enemies":"Lagavulin","floor":14.0,"turns":5.0},{"damage":6.0,"enemies":"The Guardian","floor":16.0,"turns":13.0},{"damage":2.0,"enemies":"Chosen","floor":18.0,"turns":5.0},{"damage":8.0,"enemies":"2 Thieves","floor":21.0,"turns":2.0},{"damage":17.0,"enemies":"Snake Plant","floor":22.0,"turns":4.0},{"damage":13.0,"enemies":"Gremlin Leader","floor":24.0,"turns":5.0},{"damage":3.0,"enemies":"Slavers","floor":27.0,"turns":4.0},{"damage":0.0,"enemies":"Cultist and Chosen","floor":28.0,"turns":4.0},{"damage":7.0,"enemies":"Centurion and Healer","floor":30.0,"turns":8.0},{"damage":10.0,"enemies":"Gremlin Leader","floor":31.0,"turns":7.0},{"damage":6.0,"enemies":"Collector","floor":33.0,"turns":8.0},{"damage":5.0,"enemies":"3 Shapes","floor":35.0,"turns":2.0},{"damage":9.0,"enemies":"Orb Walker","floor":37.0,"turns":3.0},{"damage":5.0,"enemies":"Giant Head","floor":40.0,"turns":16.0},{"damage":0.0,"enemies":"Mind Bloom Boss Battle","floor":42.0,"turns":6.0},{"damage":5.0,"enemies":"3 Darklings","floor":44.0,"turns":4.0},{"damage":20.0,"enemies":"Nemesis","floor":47.0,"turns":7.0},{"damage":1.0,"enemies":"Transient","floor":48.0,"turns":5.0},{"damage":38.0,"enemies":"Awakened One","floor":50.0,"turns":10.0},{"damage":0.0,"enemies":"Shield and Spear","floor":54.0,"turns":6.0},{"damage":94,"enemies":"The Heart","floor":55,"turns":8}],"seed_played":"-4354527772166449830","potions_obtained":[{"floor":10.0,"key":"Dexterity Potion"},{"floor":12.0,"key":"Strength Potion"},{"floor":16.0,"key":"Block Potion"},{"floor":21.0,"key":"LiquidMemories"},{"floor":22.0,"key":"LiquidBronze"},{"floor":24.0,"key":"EssenceOfDarkness"},{"floor":28.0,"key":"EssenceOfSteel"},{"floor":30.0,"key":"GamblersBrew"},{"floor":31.0,"key":"ColorlessPotion"},{"floor":33.0,"key":"SpeedPotion"},{"floor":35.0,"key":"DuplicationPotion"},{"floor":37.0,"key":"Block Potion"},{"floor":40.0,"key":"PotionOfCapacity"},{"floor":42.0,"key":"GamblersBrew"},{"floor":44.0,"key":"Energy Potion"},{"floor":47.0,"key":"Fruit Juice"},{"floor":48.0,"key":"FearPotion"},{"floor":54.0,"key":"Dexterity Potion"}],"is_trial":false,"path_per_floor":["M","?","M","?","M","R","E","R","T","M","R","E","R","E","R","B",null,"M","?","T","M","M","R","E","R","T","E","M","$","M","E","R","B",null,"M","?","M","$","?","E","R","?","T","M","?","R","E","M","R","B",null,"R","$","E","B"],"character_chosen":"DEFECT","items_purchased":["Bottled Tornado","FTL","OrangePellets","Frozen Eye","PowerPotion"],"campfire_rested":3,"item_purchase_floors":[29,29,38,53,53],"current_hp_per_floor":[75,75,73,73,73,73,49,49,49,48,48,36,58,58,58,52,75,73,73,73,65,48,48,42,66,66,63,63,63,56,46,70,64,82,77,77,68,68,68,63,63,63,63,58,58,58,38,42,42,4,83,83,83,83,0,0],"gold":45,"neow_bonus":"BOSS_RELIC","is_daily":false,"chose_seed":false,"campfire_upgraded":5,"win_rate":0.0,"timestamp":1611694879,"path_taken":["M","?","M","?","M","R","E","R","T","?","R","E","R","E","R","BOSS","M","?","?","?","M","R","E","R","T","E","M","$","M","E","R","BOSS","M","?","M","$","?","E","R","?","T","M","?","R","E","M","R","BOSS","R","$","E","BOSS"],"items_purchased_type":["Relic","Card","Relic","Relic","Potion"],"build_version":"2020-12-22","purchased_purges":1,"victory":false,"max_hp_per_floor":[75,75,75,75,75,75,75,75,75,75,75,75,75,75,75,75,75,75,75,75,75,75,75,82,82,82,82,82,82,82,82,82,82,82,82,82,82,82,82,82,82,82,82,82,78,78,78,83,83,83,83,83,83,83,83,83],"relic_stats":{"Peace Pipe":0,"OrangePellets":[5],"Centennial Puzzle":[3],"Happy Flower":[3],"counters":[1,8],"Ornamental Fan":[8],"Snecko Eye":[1,3,4,1],"Letter Opener":[20],"Orichalcum":[0],"obtain_stats":[{"Potion Belt":0,"Happy Flower":0,"Letter Opener":0,"Orichalcum":0,"Bottled Tornado":0,"White Beast Statue":0,"Cables":0,"Peace Pipe":0,"SlaversCollar":0,"OrangePellets":0,"Frozen Eye":0,"Centennial Puzzle":0,"Ornamental Fan":0,"Strawberry":0,"Snecko Eye":0,"Fusion Hammer":0,"Bottled Lightning":0,"Symbiotic Virus":0,"InkBottle":0},{"Potion Belt":0,"Happy Flower":0,"Letter Opener":0,"Orichalcum":0,"Bottled Tornado":0,"White Beast Statue":0,"Cables":0,"Peace Pipe":0,"SlaversCollar":0,"OrangePellets":0,"Frozen Eye":0,"Centennial Puzzle":0,"Ornamental Fan":0,"Strawberry":0,"Snecko Eye":0,"Fusion Hammer":0,"Bottled Lightning":0,"Symbiotic Virus":0,"InkBottle":0},{"Potion Belt":0,"Happy Flower":0,"Letter Opener":0,"Orichalcum":0,"Bottled Tornado":0,"White Beast Statue":0,"Cables":0,"Peace Pipe":0,"SlaversCollar":0,"OrangePellets":0,"Frozen Eye":0,"Centennial Puzzle":0,"Ornamental Fan":0,"Strawberry":0,"Snecko Eye":0,"Fusion Hammer":0,"Bottled Lightning":0,"Symbiotic Virus":0,"InkBottle":0}],"InkBottle":[4],"Cables":[9,6,2,1,0]},"card_choices":[{"not_picked":["Streamline","Stack"],"picked":"Cold Snap","floor":1.0},{"not_picked":["Barrage","Storm"],"picked":"Rebound","floor":3.0},{"not_picked":["Reinforced Body","Leap"],"picked":"White Noise","floor":5.0},{"not_picked":["Redo","Reboot"],"picked":"Consume","floor":7.0},{"not_picked":["Consume","Go for the Eyes","Reinforced Body"],"picked":"SKIP","floor":10.0},{"not_picked":["Consume","Go for the Eyes"],"picked":"Reinforced Body","floor":10.0},{"not_picked":["Cold Snap","Rip and Tear"],"picked":"Capacitor","floor":12.0},{"not_picked":["Loop","Reinforced Body"],"picked":"Coolheaded","floor":14.0},{"not_picked":["Buffer","Core Surge"],"picked":"Electrodynamics","floor":16.0},{"not_picked":["Go for the Eyes","Sweeping Beam"],"picked":"Ball Lightning+1","floor":18.0},{"not_picked":["Redo+1","Turbo"],"picked":"Heatsinks","floor":21.0},{"not_picked":["Sunder","Barrage+1"],"picked":"Chill+1","floor":22.0},{"not_picked":["Hologram","Multi-Cast"],"picked":"Steam+1","floor":24.0},{"not_picked":["Ball Lightning","Cold Snap"],"picked":"Conserve Battery","floor":27.0},{"not_picked":["Sweeping Beam+1","Darkness"],"picked":"Static Discharge+1","floor":28.0},{"not_picked":["Rebound","Heatsinks"],"picked":"Lockon","floor":30.0},{"not_picked":["Go for the Eyes","Scrape"],"picked":"White Noise","floor":31.0},{"not_picked":["Meteor Strike","Hyperbeam"],"picked":"Fission","floor":33.0},{"not_picked":["Rip and Tear","Steam+1","Static Discharge"],"picked":"SKIP","floor":35.0},{"not_picked":["Impatience","Deep Breath"],"picked":"Flash of Steel","floor":36.0},{"not_picked":["Sweeping Beam","Gash+1"],"picked":"Turbo","floor":37.0},{"not_picked":["Ball Lightning+1","Reprogram","Barrage"],"picked":"SKIP","floor":40.0},{"not_picked":["Leap+1","Cold Snap"],"picked":"Double Energy+1","floor":44.0},{"not_picked":["Auto Shields","Lockon+1","Rebound+1"],"picked":"SKIP","floor":47.0},{"not_picked":["Stack","Cold Snap","Genetic Algorithm"],"picked":"SKIP","floor":48.0},{"not_picked":["Ball Lightning","Skim"],"picked":"White Noise+1","floor":54.0}],"player_experience":1206156,"relics_obtained":[{"floor":7.0,"key":"InkBottle"},{"floor":9.0,"key":"Centennial Puzzle"},{"floor":12.0,"key":"Bottled Lightning"},{"floor":14.0,"key":"Happy Flower"},{"floor":20.0,"key":"Cables"},{"floor":24.0,"key":"Strawberry"},{"floor":26.0,"key":"Orichalcum"},{"floor":27.0,"key":"White Beast Statue"},{"floor":31.0,"key":"Ornamental Fan"},{"floor":40.0,"key":"Symbiotic Virus"},{"floor":42.0,"key":"Peace Pipe"},{"floor":47.0,"key":"Potion Belt"},{"floor":54.0,"key":"Letter Opener"}],"event_choices":[{"damage_healed":0.0,"max_hp_gain":0.0,"max_hp_loss":0.0,"gold_gain":0.0,"event_name":"Living Wall","player_choice":"Grow","floor":2.0,"gold_loss":0.0,"damage_taken":0.0,"cards_upgraded":["Cold Snap"]},{"damage_healed":0.0,"max_hp_gain":0.0,"max_hp_loss":0.0,"gold_gain":0.0,"event_name":"NoteForYourself","player_choice":"Ignored","floor":4.0,"gold_loss":0.0,"damage_taken":0.0},{"cards_removed":["Strike_B"],"damage_healed":0.0,"max_hp_gain":0.0,"max_hp_loss":0.0,"gold_gain":0.0,"event_name":"Beggar","player_choice":"Gave Gold","floor":19.0,"gold_loss":75.0,"damage_taken":0.0},{"damage_healed":0.0,"max_hp_gain":0.0,"max_hp_loss":0.0,"gold_gain":0.0,"event_name":"SensoryStone","player_choice":"Memory 1","floor":36.0,"gold_loss":0.0,"damage_taken":0.0},{"cards_removed":["Strike_B"],"damage_healed":0.0,"max_hp_gain":0.0,"max_hp_loss":0.0,"gold_gain":0.0,"event_name":"Falling","player_choice":"Removed Attack","floor":39.0,"gold_loss":0.0,"damage_taken":0.0},{"damage_healed":0.0,"max_hp_gain":0.0,"max_hp_loss":0.0,"gold_gain":0.0,"event_name":"MindBloom","player_choice":"Fight","floor":42.0,"gold_loss":0.0,"damage_taken":0.0},{"damage_healed":0.0,"max_hp_gain":0.0,"max_hp_loss":4.0,"gold_gain":0.0,"event_name":"Winding Halls","player_choice":"Max HP","floor":45.0,"gold_loss":0.0,"damage_taken":0.0}],"is_beta":false,"boss_relics":[{"not_picked":["Ectoplasm","Velvet Choker"],"picked":"SlaversCollar"},{"not_picked":["Empty Cage","Philosopher\u0027s Stone"],"picked":"Fusion Hammer"}],"items_purged_floors":[29],"is_endless":false,"potions_floor_spawned":[10,12,16,21,22,24,28,30,31,33,35,37,40,42,44,47,48,54],"killed_by":"The Heart","ascension_level":1}}