{"host":"684z1xpuwaoqmmh1","time":1611668513,"event":{"mods":["BaseMod","Downfall","Hermit","Jorbs\u0027s Wanderer Trilogy","Marisa????????","Minty Spire (QoL Compilation)","Robot Space Explorer","Shade Mod","StSLib","The Bug Knight","The Cursed","The Dragon Tamer","The Hayseed","The Hierophant","The Marked","The Mystic","The Runesmith","The Senshi"],"gold_per_floor":[99,118,132,132,150,60,60,60,93,93,107,7,21,6,26,131,131,131,144,156,256,183,213,213,113,113,142,242,277,277,296,311,414,414,314,331,341,391,208,208,235,262,262,296,296,296,311,339,353,353,353,381,25,25,25,25],"floor_reached":57,"language":"ENG","playtime":5574,"items_purged":["downfall:Malfunctioning","bronze:Strike","bronze:Strike","bronze:Optimize"],"score":1444,"play_id":"48762e88-4937-45ea-9102-3edaede4709c","local_time":"20210126154153","is_ascension_mode":true,"campfire_choices":[{"data":"bronze:Goto","floor":1.0,"key":"SMITH"},{"floor":8.0,"key":"RECALL"},{"data":"bronze:Library","floor":10.0,"key":"SMITH"},{"data":"bronze:Virus","floor":12.0,"key":"SMITH"},{"data":"bronze:HardenedForm","floor":18,"key":"SMITH"},{"data":"bronze:Mutator","floor":25,"key":"SMITH"},{"data":"bronze:HardenedForm","floor":35,"key":"SMITH"},{"data":"bronze:RecursiveStrike","floor":40,"key":"SMITH"},{"data":"Deep Breath","floor":43,"key":"SMITH"},{"data":"bronze:OilSpill","floor":45,"key":"SMITH"},{"data":"expansioncontent:StudyTheSpire","floor":54,"key":"SMITH"}],"circlet_count":0,"master_deck":["bronze:Strike+1","bronze:Strike+1","bronze:Defend+1","bronze:Defend","bronze:Defend","bronze:Defend","bronze:Replicate+1","bronze:Goto+1","Deep Breath+1","bronze:OilSpill+1","bronze:DelayedSlice+1","bronze:Library+1","bronze:BugBarrage","bronze:BuggyMess+1","bronze:Virus+1","bronze:Branch","bronze:Refactor+1","bronze:HardenedForm+1","bronze:Flail+1","bronze:Frontload+1","bronze:Constructor+1","bronze:RecursiveStrike+1","bronze:Mutator+1","bronze:Backtrace+1","bronze:DecaBeam+1","bronze:Return+1","bronze:Fortify+1","bronze:ChildClass+1","bronze:Constructor+1","bronze:HardenedForm+1","bronze:ForceShield+1","bronze:Boost+1","bronze:Terminator+1","bronze:Turbo+1","bronze:BronzeOrb+1","bronze:ItsAFeature","expansioncontent:StudyTheSpire+1","expansioncontent:DashGenerateEvil+1"],"relics":["bronze:BronzeCore","Toxic Egg 2","Centennial Puzzle","downfall:HeartBlessingRed","sneckomod:SneckoTalon","Potion Belt","Oddly Smooth Stone","Blood Vial","WingedGreaves","downfall:HeartBlessingBlue","Molten Egg 2","The Courier","Busted Crown","downfall:HeartBlessingGreen","Membership Card","Juzu Bracelet","Bottled Lightning","hexamod:BolsterEngine","Ice Cream","Boot","Shuriken"],"acts_visited":["Exordium","TheCity","TheBeyond","TheEnding"],"potions_floor_usage":[16,21,21,27,28,32,33,33,44,47,56,56,56,56],"damage_taken":[{"damage":0.0,"enemies":"Small Slimes","floor":2.0,"turns":3.0},{"damage":2.0,"enemies":"Jaw Worm","floor":3.0,"turns":3.0},{"damage":0.0,"enemies":"Cultist","floor":5.0,"turns":2.0},{"damage":0.0,"enemies":"downfall:FleeingMerchant","floor":6.0,"turns":4.0},{"damage":2.0,"enemies":"Lagavulin","floor":9.0,"turns":6.0},{"damage":0.0,"enemies":"3 Louse","floor":11.0,"turns":2.0},{"damage":0.0,"enemies":"Large Slime","floor":13.0,"turns":3.0},{"damage":5,"enemies":"downfall:FleeingMerchant","floor":14,"turns":4},{"damage":0,"enemies":"Gremlin Gang","floor":15,"turns":3},{"damage":22,"enemies":"SI_SHIV_ARCHETYPE","floor":16,"turns":8},{"damage":7,"enemies":"Chosen","floor":19,"turns":3},{"damage":0,"enemies":"Spheric Guardian","floor":20,"turns":2},{"damage":0,"enemies":"downfall:LadyInBlue","floor":21,"turns":6},{"damage":0,"enemies":"downfall:FleeingMerchant","floor":22,"turns":4},{"damage":22,"enemies":"Book of Stabbing","floor":23,"turns":6},{"damage":25,"enemies":"Gremlin Leader","floor":27,"turns":5},{"damage":8,"enemies":"Gremlin Leader","floor":28,"turns":4},{"damage":18,"enemies":"Book of Stabbing","floor":29,"turns":5},{"damage":0,"enemies":"3 Cultists","floor":31,"turns":3},{"damage":3,"enemies":"Shelled Parasite and Fungi","floor":32,"turns":3},{"damage":25,"enemies":"IC_MUSHROOM_ARCHETYPE","floor":33,"turns":6},{"damage":4,"enemies":"3 Shapes","floor":36,"turns":4},{"damage":6,"enemies":"3 Darklings","floor":37,"turns":6},{"damage":0,"enemies":"3 Darklings","floor":38,"turns":7},{"damage":2,"enemies":"Reptomancer","floor":42,"turns":5},{"damage":1,"enemies":"Nemesis","floor":44,"turns":6},{"damage":0,"enemies":"Transient","floor":47,"turns":5},{"damage":33,"enemies":"Reptomancer","floor":48,"turns":5},{"damage":0,"enemies":"Sphere and 2 Shapes","floor":49,"turns":4},{"damage":2,"enemies":"WA_ARCHETYPE_DIVINITY","floor":50,"turns":11},{"damage":13,"enemies":"downfall:CharBossMerchant","floor":52,"turns":8},{"damage":11,"enemies":"downfall:NeowBoss","floor":55,"turns":13},{"damage":5,"enemies":"downfall:NeowBossFinal","floor":56,"turns":7}],"seed_played":"4395019975188952510","potions_obtained":[{"floor":2.0,"key":"Fire Potion"},{"floor":3.0,"key":"CultistPotion"},{"floor":9.0,"key":"SneckoOil"},{"floor":11.0,"key":"Guardian:BlockOnCardUsePotion"},{"floor":20,"key":"sneckomod:MuddlingPotion"},{"floor":21,"key":"Regen Potion"},{"floor":21,"key":"CultistPotion"},{"floor":21,"key":"Fire Potion"},{"floor":23,"key":"Fruit Juice"},{"floor":27,"key":"AttackPotion"},{"floor":31,"key":"EssenceOfSteel"},{"floor":32,"key":"FairyPotion"},{"floor":37,"key":"AttackPotion"},{"floor":38,"key":"Block Potion"},{"floor":44,"key":"EssenceOfSteel"},{"floor":49,"key":"SteroidPotion"}],"is_trial":false,"path_per_floor":["R","M","M","?","M","$","T","R","E","R","M","R","M","$","M","B",null,"R","M","M","?","$","E","T","R","$","E","?","E","?","M","M","B",null,"R","M","M","?","$","R","T","E","R","E","R","?","M","E","M","B",null,"E","$","R","B","B",null],"character_chosen":"THE_AUTOMATON","items_purchased":["Oddly Smooth Stone","Blood Vial","Membership Card","Shuriken","bronze:BronzeOrb+1","bronze:ItsAFeature","expansioncontent:StudyTheSpire","expansioncontent:DashGenerateEvil+1"],"campfire_rested":0,"item_purchase_floors":[22,22,39,53,53,53,53,53],"current_hp_per_floor":[70,70,68,68,68,68,68,68,66,66,66,66,66,61,61,39,70,70,63,63,63,63,43,43,53,53,35,41,25,25,27,26,3,85,85,81,77,79,79,79,79,79,79,80,80,80,82,51,53,53,85,72,72,72,63,60],"gold":25,"neow_bonus":"RANDOM_COLORLESS","is_daily":false,"chose_seed":false,"campfire_upgraded":10,"win_rate":0.0,"timestamp":1611668513,"path_taken":["R","M","M","?","M","$","T","R","E","R","M","R","M","$","M","BOSS","R","M","M","?","$","E","T","R","?","E","?","E","?","M","M","BOSS","R","M","?","?","$","R","T","E","R","E","R","?","M","E","M","BOSS","E","$","R","BOSS","BOSS"],"items_purchased_type":["Relic","Relic","Relic","Relic","Card","Card","Card","Card"],"build_version":"2020-12-22","purchased_purges":4,"victory":true,"max_hp_per_floor":[70,70,70,70,70,70,70,70,70,70,70,70,70,70,70,70,70,70,70,70,70,70,70,70,80,80,85,85,85,85,85,85,85,85,85,85,85,85,85,85,85,85,85,85,85,85,85,85,85,85,85,85,85,85,85,85],"card_choices":[{"not_picked":["Purity","Mind Blast"],"picked":"Deep Breath","floor":0.0},{"not_picked":["bronze:ForceShield","bronze:Deprecate"],"picked":"bronze:OilSpill","floor":2.0},{"not_picked":["bronze:BugBarrage","bronze:Shield"],"picked":"bronze:DelayedSlice","floor":3.0},{"not_picked":["bronze:BitShift","bronze:Constructor"],"picked":"bronze:Library","floor":5.0},{"not_picked":["bronze:Shield","bronze:CutThrough"],"picked":"bronze:BugBarrage","floor":6.0},{"not_picked":["bronze:BitShift+1","bronze:BugBarrage"],"picked":"bronze:BuggyMess+1","floor":9.0},{"not_picked":["bronze:Repair+1","bronze:DelayedGuard+1"],"picked":"bronze:Virus","floor":11.0},{"not_picked":["bronze:Backtrace","bronze:BugBarrage"],"picked":"bronze:Optimize","floor":13.0},{"not_picked":["bronze:WildBeam","bronze:Separator"],"picked":"bronze:Branch","floor":14},{"not_picked":["bronze:FineTuning+1","bronze:BugBarrage"],"picked":"bronze:Refactor+1","floor":15},{"not_picked":["bronze:FindAndReplace+1","bronze:TinkerersToolbox+1"],"picked":"bronze:HardenedForm","floor":16},{"not_picked":["bronze:BuggyMess+1","bronze:Branch"],"picked":"bronze:Flail","floor":19},{"not_picked":["bronze:Shield+1","bronze:BuggyMess+1"],"picked":"bronze:Frontload+1","floor":20},{"not_picked":["bronze:InfiniteBeams","bronze:DelayedSlice"],"picked":"bronze:Constructor+1","floor":21},{"not_picked":["bronze:BronzeOrb+1","bronze:Overload+1"],"picked":"bronze:RecursiveStrike","floor":22},{"not_picked":["bronze:Optimize+1","bronze:Branch+1"],"picked":"bronze:Mutator","floor":23},{"not_picked":["bronze:BugBarrage+1","bronze:Overheat+1"],"picked":"bronze:Backtrace+1","floor":27},{"not_picked":[],"picked":"bronze:DecaBeam+1","floor":28},{"not_picked":["bronze:Frontload+1","bronze:Shell+1"],"picked":"bronze:Return+1","floor":28},{"not_picked":["bronze:Iterate+1","bronze:Overheat+1"],"picked":"bronze:Fortify+1","floor":29},{"not_picked":["bronze:WildBeam+1","bronze:Boost+1"],"picked":"bronze:ChildClass+1","floor":31},{"not_picked":["bronze:Optimize","bronze:Invalidate+1"],"picked":"bronze:Constructor+1","floor":32},{"not_picked":["bronze:SpaghettiCode+1","bronze:AlphaBuild+1"],"picked":"bronze:HardenedForm","floor":33},{"not_picked":[],"picked":"bronze:ForceShield+1","floor":36},{"not_picked":["bronze:WhirlingStrike+1"],"picked":"SKIP","floor":37},{"not_picked":["bronze:Shield+1"],"picked":"SKIP","floor":42},{"not_picked":[],"picked":"bronze:Boost+1","floor":44},{"not_picked":["bronze:Overload+1"],"picked":"SKIP","floor":47},{"not_picked":["bronze:OilSpill+1"],"picked":"SKIP","floor":48},{"not_picked":[],"picked":"bronze:Terminator+1","floor":49},{"not_picked":[],"picked":"bronze:Turbo+1","floor":52}],"player_experience":2954974,"relics_obtained":[{"floor":7.0,"key":"Toxic Egg 2"},{"floor":9.0,"key":"Centennial Puzzle"},{"floor":21,"key":"Potion Belt"},{"floor":23,"key":"WingedGreaves"},{"floor":27,"key":"Molten Egg 2"},{"floor":29,"key":"The Courier"},{"floor":41,"key":"Juzu Bracelet"},{"floor":42,"key":"Bottled Lightning"},{"floor":44,"key":"hexamod:BolsterEngine"},{"floor":48,"key":"Ice Cream"},{"floor":52,"key":"Boot"}],"event_choices":[],"is_beta":false,"boss_relics":[{"not_picked":["Calling Bell","bronze:MakeshiftBattery"],"picked":"sneckomod:SneckoTalon"},{"not_picked":["theSenshi:MoonKaleidoScopeRelic","SlaversCollar"],"picked":"Busted Crown"}],"items_purged_floors":[6,22,39,53],"is_endless":false,"potions_floor_spawned":[2,3,9,11,13,20,21,23,27,31,32,37,38,44,49,52],"ascension_level":3}}