{"host":"gobyjzz6xbwq9f9i","time":1611625985,"event":{"mods":["AchievementEnabler","BaseMod","Bestiary","Colored Map","Minty Spire (QoL Compilation)"],"gold_per_floor":[116,128,139,314,325,325,1,32,56,56,70,102,2,21,21,116,116,133,152,169,169,186,186,214,214,237,237,250,250,279,294,294,397,397,417,433,433,20,38,38,38,68,68,68,79,107,107,137,137,137],"floor_reached":51,"language":"ENG","playtime":2295,"items_purged":["Doubt","Strike_R"],"score":1268,"play_id":"651910c6-8731-44e0-ac8e-df60ef72c21e","local_time":"20210125175305","is_ascension_mode":true,"campfire_choices":[{"data":"Clothesline","floor":6,"key":"SMITH"},{"data":"Immolate","floor":10,"key":"SMITH"},{"data":"True Grit","floor":15,"key":"SMITH"},{"data":"Cleave","floor":23,"key":"SMITH"},{"data":"Disarm","floor":25,"key":"SMITH"},{"data":"Inflame","floor":27,"key":"SMITH"},{"data":"Limit Break","floor":32,"key":"SMITH"},{"data":"Trip","floor":40,"key":"SMITH"},{"data":"Spot Weakness","floor":49,"key":"SMITH"}],"circlet_count":0,"master_deck":["AscendersBane","Defend_R","Defend_R","Defend_R","Defend_R","Bash","Thunderclap","Cleave+1","True Grit+1","Clothesline+1","Immolate+1","Dark Shackles","Feed","Pummel","Limit Break+1","Disarm+1","Wild Strike+1","Inflame+1","Battle Trance+1","Burning Pact","Bite","Bite","Bite","Bite","Metallicize","Reaper","Shrug It Off+1","Uppercut+1","Trip+1","Spot Weakness+1","Feel No Pain+1","True Grit+1","Inflame"],"relics":["Burning Blood","Nunchaku","Bag of Marbles","Blood Vial","Velvet Choker","Dream Catcher","Juzu Bracelet","Vajra","Runic Pyramid","Incense Burner","Mango","Calipers","Red Skull","Blue Candle"],"acts_visited":["Exordium","TheCity","TheBeyond"],"potions_floor_usage":[4,16,16,30,30,38,50],"damage_taken":[{"damage":6,"enemies":"Cultist","floor":1,"turns":4},{"damage":0,"enemies":"2 Louse","floor":2,"turns":2},{"damage":0,"enemies":"Small Slimes","floor":3,"turns":2},{"damage":14,"enemies":"Looter","floor":5,"turns":5},{"damage":11,"enemies":"3 Sentries","floor":8,"turns":4},{"damage":2,"enemies":"Exordium Thugs","floor":11,"turns":2},{"damage":28,"enemies":"Lagavulin","floor":12,"turns":9},{"damage":0,"enemies":"Lots of Slimes","floor":14,"turns":1},{"damage":62,"enemies":"The Guardian","floor":16,"turns":16},{"damage":3,"enemies":"Chosen","floor":18,"turns":4},{"damage":3,"enemies":"3 Byrds","floor":19,"turns":5},{"damage":0,"enemies":"Snecko","floor":20,"turns":3},{"damage":45,"enemies":"Sentry and Sphere","floor":22,"turns":5},{"damage":0,"enemies":"Gremlin Leader","floor":24,"turns":3},{"damage":12,"enemies":"Cultist and Chosen","floor":28,"turns":5},{"damage":2,"enemies":"Slavers","floor":30,"turns":3},{"damage":0,"enemies":"Snake Plant","floor":31,"turns":4},{"damage":42,"enemies":"Champ","floor":33,"turns":11},{"damage":14,"enemies":"Orb Walker","floor":35,"turns":4},{"damage":17,"enemies":"3 Shapes","floor":36,"turns":4},{"damage":35,"enemies":"Jaw Worm Horde","floor":39,"turns":5},{"damage":52,"enemies":"Giant Head","floor":42,"turns":9},{"damage":1,"enemies":"Sphere and 2 Shapes","floor":45,"turns":3},{"damage":38,"enemies":"Nemesis","floor":46,"turns":7},{"damage":42,"enemies":"Reptomancer","floor":48,"turns":8},{"damage":48,"enemies":"Donu and Deca","floor":50,"turns":6}],"seed_played":"7431811128012476809","potions_obtained":[{"floor":2,"key":"Fruit Juice"},{"floor":5,"key":"Fire Potion"},{"floor":11,"key":"SpeedPotion"},{"floor":14,"key":"SkillPotion"},{"floor":16,"key":"Weak Potion"},{"floor":18,"key":"LiquidMemories"},{"floor":30,"key":"SpeedPotion"},{"floor":31,"key":"SkillPotion"},{"floor":35,"key":"LiquidMemories"},{"floor":42,"key":"SneckoOil"},{"floor":46,"key":"FearPotion"}],"is_trial":false,"path_per_floor":["M","M","M","?","M","R","$","E","T","R","M","E","$","M","R","B",null,"M","M","M","?","M","R","E","R","T","R","M","?","E","M","R","B",null,"M","M","?","$","M","R","$","E","T","?","M","E","?","E","R","B",null],"character_chosen":"IRONCLAD","items_purchased":["Immolate","Dark Shackles","Incense Burner","Fruit Juice"],"campfire_rested":0,"item_purchase_floors":[7,7,38,38],"current_hp_per_floor":[80,86,88,93,85,85,85,80,80,80,87,68,68,79,79,28,86,94,102,113,113,75,75,83,83,83,83,82,81,84,87,87,67,82,87,86,86,91,88,88,88,113,113,112,112,113,113,110,110,79],"gold":137,"neow_bonus":"TEN_PERCENT_HP_BONUS","is_daily":false,"chose_seed":false,"campfire_upgraded":9,"win_rate":0.0,"timestamp":1611625985,"path_taken":["M","M","M","?","M","R","$","E","T","R","M","E","$","M","R","BOSS","M","M","M","?","M","R","E","R","T","R","M","?","E","M","R","BOSS","M","M","?","$","M","R","$","E","T","?","M","E","?","E","R","BOSS"],"items_purchased_type":["Card","Card","Relic","Potion"],"build_version":"2020-12-22","purchased_purges":2,"victory":true,"max_hp_per_floor":[88,88,88,93,93,93,93,93,93,93,96,99,99,102,102,105,105,108,111,114,114,114,114,114,114,114,114,117,81,84,87,87,87,87,90,93,93,98,101,101,101,118,118,112,112,115,115,118,118,121],"card_choices":[{"not_picked":["Armaments","Heavy Blade"],"picked":"Thunderclap","floor":1},{"not_picked":["Flex","Rage"],"picked":"Cleave","floor":2},{"not_picked":["Armaments","Clash"],"picked":"True Grit","floor":3},{"not_picked":["Headbutt","Thunderclap"],"picked":"Clothesline","floor":5},{"not_picked":["Seeing Red","Sword Boomerang"],"picked":"Feed","floor":8},{"not_picked":["Evolve","Perfected Strike","Rupture"],"picked":"SKIP","floor":11},{"not_picked":["Reckless Charge","Rage","Heavy Blade"],"picked":"SKIP","floor":12},{"not_picked":["Infernal Blade","Sentinel"],"picked":"Pummel","floor":14},{"not_picked":["Barricade","Berserk"],"picked":"Limit Break","floor":16},{"not_picked":["Clothesline","Infernal Blade+1"],"picked":"Disarm","floor":18},{"not_picked":["Hemokinesis","Sentinel"],"picked":"Wild Strike+1","floor":19},{"not_picked":["Intimidate","Evolve+1"],"picked":"Inflame","floor":20},{"not_picked":["Perfected Strike","Thunderclap","Body Slam"],"picked":"SKIP","floor":22},{"not_picked":["Barricade","True Grit"],"picked":"Battle Trance+1","floor":24},{"not_picked":["Reckless Charge","Havoc"],"picked":"Burning Pact","floor":28},{"not_picked":["Wild Strike","Headbutt"],"picked":"Metallicize","floor":30},{"not_picked":["Seeing Red","Spot Weakness","Clothesline"],"picked":"SKIP","floor":31},{"not_picked":["Berserk","Offering"],"picked":"Reaper","floor":33},{"not_picked":["Feel No Pain","Perfected Strike+1"],"picked":"Shrug It Off+1","floor":35},{"not_picked":["Armaments","Body Slam"],"picked":"Uppercut+1","floor":36},{"not_picked":["Enlightenment","PanicButton"],"picked":"Trip","floor":37},{"not_picked":["Clash+1","Anger+1","Rampage"],"picked":"SKIP","floor":39},{"not_picked":["Offering","Sword Boomerang"],"picked":"Spot Weakness","floor":42},{"not_picked":["Sentinel","Perfected Strike+1"],"picked":"Feel No Pain+1","floor":45},{"not_picked":["Uppercut+1","Shrug It Off+1"],"picked":"True Grit+1","floor":46},{"not_picked":["Cleave","Shrug It Off"],"picked":"Inflame","floor":48}],"player_experience":1165715,"relics_obtained":[{"floor":8,"key":"Nunchaku"},{"floor":9,"key":"Bag of Marbles"},{"floor":12,"key":"Blood Vial"},{"floor":24,"key":"Dream Catcher"},{"floor":26,"key":"Juzu Bracelet"},{"floor":30,"key":"Vajra"},{"floor":42,"key":"Mango"},{"floor":43,"key":"Calipers"},{"floor":46,"key":"Red Skull"},{"floor":48,"key":"Blue Candle"}],"event_choices":[{"damage_healed":0,"gold_gain":175,"player_choice":"AGREE","damage_taken":0,"max_hp_gain":0,"max_hp_loss":0,"event_name":"Liars Game","floor":4,"gold_loss":0,"cards_obtained":["Doubt"]},{"damage_healed":0,"gold_gain":0,"player_choice":"Bought 0 Potions","damage_taken":0,"max_hp_gain":0,"max_hp_loss":0,"event_name":"The Woman in Blue","floor":21,"gold_loss":0},{"damage_healed":0,"gold_gain":0,"player_choice":"Became a vampire","damage_taken":0,"max_hp_gain":0,"max_hp_loss":36,"event_name":"Vampires","floor":29,"gold_loss":0,"cards_obtained":["Bite","Bite","Bite","Bite","Bite"]},{"damage_healed":0,"gold_gain":0,"player_choice":"Memory 1","damage_taken":0,"max_hp_gain":0,"max_hp_loss":0,"event_name":"SensoryStone","floor":37,"gold_loss":0},{"damage_healed":0,"gold_gain":0,"player_choice":"Max HP","damage_taken":0,"max_hp_gain":0,"max_hp_loss":6,"event_name":"Winding Halls","floor":44,"gold_loss":0},{"cards_removed":["Bite"],"damage_healed":0,"gold_gain":0,"player_choice":"Removed Attack","damage_taken":0,"max_hp_gain":0,"max_hp_loss":0,"event_name":"Falling","floor":47,"gold_loss":0}],"is_beta":false,"boss_relics":[{"not_picked":["Black Blood","Philosopher\u0027s Stone"],"picked":"Velvet Choker"},{"not_picked":["Fusion Hammer","Empty Cage"],"picked":"Runic Pyramid"}],"items_purged_floors":[7,13],"is_endless":false,"potions_floor_spawned":[2,5,11,14,16,18,20,30,31,33,35,42,46],"ascension_level":10}}