{"host":"9slw7l0ws16384qq","time":1611633375,"event":{"mods":["A Penny For Your Troubles","BaseMod","Clockwork Mod","Colored Map","Evolution","Hermit","Hubris","Minty Spire (QoL Compilation)","Replay The Spire","Shedinja","StS++","StSLib","The Dragon Tamer","The Marked"],"gold_per_floor":[117,80,91,101,49,49,76,76,127,127,127,81,93,93,93,196,196,206,254,268,268,278,278,300,300,300,300,300,412,438,1,1,119,119,123,123],"floor_reached":35,"language":"FRA","playtime":1948,"items_purged":[],"score":501,"play_id":"d9f9d467-40e9-4341-817a-5f5aa189510b","local_time":"20210126045615","is_ascension_mode":false,"campfire_choices":[{"data":"Shedinja:Mimic","floor":6,"key":"SMITH"},{"data":"Shedinja:FocusSash","floor":8,"key":"SMITH"},{"data":"Shedinja:FocusSash","floor":11,"key":"SMITH"},{"data":"Shedinja:MindReader","floor":15,"key":"SMITH"},{"data":"Shedinja:Protect","floor":23,"key":"SMITH"},{"data":"Shedinja:Mimic","floor":25,"key":"SMITH"},{"data":"Shedinja:SafetyGoggles","floor":27,"key":"SMITH"},{"data":"ReplayUltimateDefense","floor":32,"key":"SMITH"}],"circlet_count":0,"master_deck":["Shedinja:NightSlash","Shedinja:NightSlash","Shedinja:NightSlash","Shedinja:NightSlash","Shedinja:NightSlash","Shedinja:Endure","Shedinja:Endure","Shedinja:Endure","Shedinja:Endure","Shedinja:Endure","Shedinja:FocusSash+1","Shedinja:FocusSash+1","Shedinja:Mimic+1","Shedinja:RockyHelmet+1","Shedinja:ArtifactCard","Shedinja:GigaDrain","Shedinja:Mimic+1","Shedinja:XScissor","Shedinja:MindReader+1","Shedinja:Elixir+1","Shedinja:Protect+1","Shedinja:Ether","Shedinja:Absorb","Shedinja:Absorb","Shedinja:Absorb","Shedinja:PhantomForce","Shedinja:Thief+1","Shedinja:SafetyGoggles+1","Shedinja:RockyHelmet","ReplayUltimateDefense+1","Shedinja:Protect"],"relics":["Shedinja:WonderGuard","EVO:Axolotl","Oddly Smooth Stone","Art of War","Gremlin Food","Sozu","Tiny Chest","hubris:SlimyHat","Gambling Chip","StrikeDummy","Bag of Marbles","hubris:TinFlute","StSpp:PileOfSugar"],"acts_visited":["Exordium","TheCity","TheBeyond"],"potions_floor_usage":[29,29],"damage_taken":[{"damage":0,"enemies":"Cultist","floor":1,"turns":5},{"damage":0,"enemies":"Small Slimes","floor":3,"turns":4},{"damage":0,"enemies":"Jaw Worm","floor":4,"turns":5},{"damage":0,"enemies":"Replay:BlueRogue","floor":7,"turns":11},{"damage":0,"enemies":"Looter","floor":13,"turns":3},{"damage":0,"enemies":"Hexaghost","floor":16,"turns":10},{"damage":0,"enemies":"Shell Parasite","floor":18,"turns":7},{"damage":0,"enemies":"Spheric Guardian","floor":20,"turns":6},{"damage":0,"enemies":"Centurion and Healer","floor":22,"turns":10},{"damage":0,"enemies":"Cultist and Chosen","floor":24,"turns":8},{"damage":0,"enemies":"Colosseum Slavers","floor":29,"turns":6},{"damage":0,"enemies":"Colosseum Nobs","floor":29,"turns":8},{"damage":0,"enemies":"Champ","floor":33,"turns":26},{"damage":30,"enemies":"3 Shapes","floor":35,"turns":7}],"seed_played":"-6394191550942181501","potions_obtained":[{"floor":3,"key":"SkillPotion"},{"floor":7,"key":"AttackPotion"},{"floor":13,"key":"Explosive Potion"}],"is_trial":false,"path_per_floor":["M","$","M","M","$","R","E","R","T","?","R","$","M","?","R","B",null,"M","?","M","?","M","R","M","R","T","R","?","?","T","$","R","B",null,"M"],"character_chosen":"THE_DEFAULT","items_purchased":["Shedinja:RockyHelmet+1","Shedinja:Mimic","Shedinja:RockyHelmet","ReplayUltimateDefense","hubris:TinFlute"],"campfire_rested":0,"item_purchase_floors":[2,5,12,31,31],"current_hp_per_floor":[1,1,1,1,1,1,1,1,1,1,1,1,1,1,1,1,1,1,1,1,1,1,1,1,1,1,1,1,1,1,1,1,1,1,0,0],"gold":123,"neow_bonus":"RANDOM_COMMON_RELIC","is_daily":false,"chose_seed":false,"campfire_upgraded":8,"win_rate":0.0,"timestamp":1611633375,"path_taken":["M","$","M","M","$","R","E","R","T","?","R","$","M","?","R","BOSS","M","?","M","?","M","R","M","R","T","R","?","?","?","$","R","BOSS","M"],"items_purchased_type":["Card","Card","Card","Card","Relic"],"build_version":"2020-12-22","purchased_purges":0,"victory":false,"max_hp_per_floor":[1,1,1,1,1,1,1,1,1,1,1,1,1,1,1,1,1,1,1,1,1,1,1,1,1,1,1,1,1,1,1,1,1,1,1,1],"card_choices":[{"not_picked":["Shedinja:Facade","Shedinja:SafetyGoggles"],"picked":"Shedinja:Mimic","floor":1},{"not_picked":["Shedinja:PowerBracer","Shedinja:Trick"],"picked":"Shedinja:ArtifactCard","floor":3},{"not_picked":["Shedinja:StruggleBug","Shedinja:Ether"],"picked":"Shedinja:GigaDrain","floor":4},{"not_picked":["Shedinja:Agility","Shedinja:Ether"],"picked":"Shedinja:XScissor","floor":7},{"not_picked":["Shedinja:HoneClaws","Shedinja:Trick"],"picked":"Shedinja:MindReader","floor":13},{"not_picked":["Shedinja:Toxic","Shedinja:Rest"],"picked":"Shedinja:Protect","floor":16},{"not_picked":["Shedinja:ShadowClaw","Shedinja:Facade"],"picked":"Shedinja:Ether","floor":18},{"not_picked":["Shedinja:WillOWisp","Shedinja:Round"],"picked":"Shedinja:Absorb","floor":19},{"not_picked":["Shedinja:StruggleBug+1","Shedinja:PowerBracer+1"],"picked":"Shedinja:Absorb","floor":19},{"not_picked":["Shedinja:PowerBracer+1","Shedinja:Ether"],"picked":"Shedinja:Absorb","floor":20},{"not_picked":["Shedinja:FinalGambit","Shedinja:ShadowClaw+1"],"picked":"Shedinja:Thief+1","floor":22},{"not_picked":["Shedinja:Round","Shedinja:Absorb"],"picked":"Shedinja:SafetyGoggles","floor":24},{"not_picked":["Shedinja:HoneClaws","Shedinja:StruggleBug"],"picked":"Shedinja:RockyHelmet","floor":29},{"not_picked":["Shedinja:FinalGambit","Shedinja:PhantomForce"],"picked":"Shedinja:Protect","floor":33}],"player_experience":1843821,"relics_obtained":[{"floor":7,"key":"Art of War"},{"floor":9,"key":"Gremlin Food"},{"floor":19,"key":"Tiny Chest"},{"floor":26,"key":"hubris:SlimyHat"},{"floor":29,"key":"Gambling Chip"},{"floor":29,"key":"StrikeDummy"},{"floor":30,"key":"Bag of Marbles"}],"event_choices":[{"damage_healed":0,"gold_gain":0,"player_choice":"Ignored","damage_taken":0,"max_hp_gain":0,"max_hp_loss":0,"event_name":"Liars Game","floor":10,"gold_loss":0},{"damage_healed":0,"gold_gain":0,"player_choice":"Read","damage_taken":0,"max_hp_gain":0,"max_hp_loss":0,"event_name":"The Library","floor":21,"gold_loss":0,"cards_obtained":["Shedinja:PhantomForce"]},{"damage_healed":0,"gold_gain":0,"player_choice":"Ignored","damage_taken":0,"max_hp_gain":0,"max_hp_loss":0,"event_name":"Beggar","floor":28,"gold_loss":0},{"damage_healed":0,"gold_gain":0,"player_choice":"Fight","damage_taken":0,"max_hp_gain":0,"max_hp_loss":0,"event_name":"Colosseum","floor":29,"gold_loss":0},{"damage_healed":0,"gold_gain":0,"player_choice":"Fought Nobs","damage_taken":0,"max_hp_gain":0,"max_hp_loss":0,"event_name":"Colosseum","floor":29,"gold_loss":0}],"is_beta":false,"boss_relics":[{"not_picked":["Snecko Eye","Runic Dome"],"picked":"Sozu"},{"not_picked":["hubris:HollowSoul","Astrolabe"],"picked":"StSpp:PileOfSugar"}],"items_purged_floors":[],"is_endless":false,"potions_floor_spawned":[3,7,13,22,24,33],"killed_by":"3 Shapes","ascension_level":0}}