{"host":"jwbw4f4imxd0v0b0","time":1611622772,"event":{"mods":["BaseMod","Colored Map","Highlight Path","Minty Spire (QoL Compilation)","Relic Stats","StSLib"],"gold_per_floor":[363,378,17,17,92,92,121,97,151,183,183,210,223,9,9,112,112,129,129,142,241,166,166,201,201,227,262,262,281,311,311,311,408,408,418,418,418,468,468,468,275,300,300,4,33,52,79,89,89,89,89,89,89,116,116],"floor_reached":56,"language":"ENG","playtime":5005,"items_purged":["Shame","Strike_B","Strike_B","Strike_B+1"],"score":1832,"play_id":"6f6db847-ee29-462d-ac93-6afe3825cdd4","local_time":"20210125185932","is_ascension_mode":true,"campfire_choices":[{"data":"Barrage","floor":6.0,"key":"SMITH"},{"floor":11,"key":"REST"},{"data":"Ball Lightning","floor":15,"key":"SMITH"},{"data":"Seek","floor":23,"key":"SMITH"},{"data":"Double Energy","floor":25,"key":"SMITH"},{"data":"Core Surge","floor":32,"key":"SMITH"},{"data":"Conserve Battery","floor":40,"key":"SMITH"},{"floor":49,"key":"RECALL"},{"data":"Zap","floor":52,"key":"SMITH"}],"circlet_count":0,"master_deck":["Defend_B","Defend_B+1","Defend_B","Defend_B","Zap+1","Dualcast+1","Barrage+1","Double Energy+1","Echo Form","Cold Snap+1","BootSequence+1","Conserve Battery+1","Seek+1","Ball Lightning+1","Coolheaded+1","Fission+1","Hologram+1","Meteor Strike+1","Core Surge+1","Steam+1","Hologram+1","Tempest+1","Echo Form","CurseOfTheBell","Secret Technique+1","Reinforced Body+1","Echo Form","Glacier+1","Tempest+1","Double Energy+1","Fission+1","Biased Cognition"],"relics":["Cracked Core","HornCleat","Juzu Bracelet","Ancient Tea Set","Toxic Egg 2","Eternal Feather","Coffee Dripper","Enchiridion","Blood Vial","PreservedInsect","Molten Egg 2","Anchor","Calling Bell","Oddly Smooth Stone","Mercury Hourglass","Incense Burner","Calipers","Whetstone","OrangePellets","War Paint","Akabeko","Vajra"],"acts_visited":["Exordium","TheCity","TheBeyond","TheEnding"],"potions_floor_usage":[12,18,27,33,55,55],"damage_taken":[{"damage":0.0,"enemies":"Small Slimes","floor":1.0,"turns":2.0},{"damage":7.0,"enemies":"Jaw Worm","floor":2.0,"turns":2.0},{"damage":13.0,"enemies":"3 Sentries","floor":7.0,"turns":7.0},{"damage":1,"enemies":"Lagavulin","floor":10,"turns":5},{"damage":4,"enemies":"3 Sentries","floor":12,"turns":6},{"damage":0,"enemies":"Cultist","floor":13,"turns":3},{"damage":30,"enemies":"Slime Boss","floor":16,"turns":6},{"damage":4,"enemies":"3 Byrds","floor":18,"turns":5},{"damage":0,"enemies":"Spheric Guardian","floor":20,"turns":4},{"damage":4,"enemies":"Book of Stabbing","floor":24,"turns":4},{"damage":0,"enemies":"Gremlin Leader","floor":27,"turns":4},{"damage":0,"enemies":"Snake Plant","floor":29,"turns":4},{"damage":5,"enemies":"Slavers","floor":30,"turns":2},{"damage":56,"enemies":"Champ","floor":33,"turns":10},{"damage":2,"enemies":"3 Darklings","floor":35,"turns":5},{"damage":0,"enemies":"Mind Bloom Boss Battle","floor":38,"turns":6},{"damage":0,"enemies":"Giant Head","floor":42,"turns":9},{"damage":0,"enemies":"Nemesis","floor":45,"turns":7},{"damage":0,"enemies":"3 Shapes","floor":46,"turns":4},{"damage":0,"enemies":"Giant Head","floor":47,"turns":9},{"damage":0,"enemies":"Spire Growth","floor":48,"turns":3},{"damage":13,"enemies":"Time Eater","floor":50,"turns":7},{"damage":0,"enemies":"Shield and Spear","floor":54,"turns":2},{"damage":0,"enemies":"The Heart","floor":55,"turns":9}],"seed_played":"-2912242533329189118","potions_obtained":[{"floor":1.0,"key":"EssenceOfDarkness"},{"floor":7.0,"key":"Energy Potion"},{"floor":13,"key":"SkillPotion"},{"floor":24,"key":"Weak Potion"},{"floor":28,"key":"Block Potion"},{"floor":28,"key":"EssenceOfDarkness"},{"floor":33,"key":"Swift Potion"},{"floor":42,"key":"FocusPotion"},{"floor":47,"key":"PotionOfCapacity"}],"is_trial":false,"path_per_floor":["M","M","$","?","?","R","E","$","T","E","R","E","M","$","R","B",null,"M","?","M","?","?","R","E","R","T","E","?","M","E","?","R","B",null,"M","?","?","?","?","R","$","E","T","$","E","M","E","M","R","B",null,"R","$","E","B",null],"character_chosen":"DEFECT","items_purchased":["Echo Form","Cold Snap","BootSequence","Conserve Battery","Ball Lightning","Hologram+1","Meteor Strike","Glacier+1","OrangePellets"],"campfire_rested":1,"item_purchase_floors":[3,3,3,3,8,14,14,41,44],"current_hp_per_floor":[68,61,61,58,47,47,34,34,34,33,55,51,51,51,63,33,65,61,45,45,45,45,57,53,65,65,67,67,69,66,66,75,19,61,61,61,61,63,63,75,75,75,75,75,75,75,75,75,75,62,72,75,75,75,75],"gold":116,"neow_bonus":"TWO_FIFTY_GOLD","is_daily":false,"chose_seed":false,"campfire_upgraded":7,"win_rate":0.0,"timestamp":1611622772,"path_taken":["M","M","$","?","?","R","E","?","T","E","R","E","M","$","R","BOSS","M","?","M","?","?","R","E","R","T","E","?","M","E","?","R","BOSS","M","?","?","?","?","R","$","E","T","$","E","M","E","M","R","BOSS","R","$","E","BOSS"],"items_purchased_type":["Card","Card","Card","Card","Card","Card","Card","Card","Relic"],"build_version":"2020-12-22","purchased_purges":4,"victory":true,"max_hp_per_floor":[75,75,75,75,75,75,75,75,75,75,75,75,75,75,75,75,75,75,75,75,75,75,75,75,75,75,75,75,75,75,75,75,75,75,75,75,75,75,75,75,75,75,75,75,75,75,75,75,75,75,75,75,75,75,75],"relic_stats":{"Blood Vial":10,"OrangePellets":[6],"counters":[24,125],"Eternal Feather":60,"PreservedInsect":453,"Juzu Bracelet":2,"Whetstone":["Strike_B","Cold Snap"],"War Paint":["Defend_B","Dualcast"],"obtain_stats":[{"Calipers":38,"Enchiridion":19,"Oddly Smooth Stone":34,"Vajra":54,"Eternal Feather":12,"PreservedInsect":26,"Juzu Bracelet":7,"Incense Burner":34,"Whetstone":42,"War Paint":45,"Ancient Tea Set":9,"Akabeko":47,"Mercury Hourglass":34,"Blood Vial":24,"Calling Bell":34,"OrangePellets":44,"Anchor":30,"HornCleat":4,"Molten Egg 2":27,"Coffee Dripper":17,"Toxic Egg 2":10,"Cracked Core":0},{"Calipers":16,"Enchiridion":8,"Oddly Smooth Stone":14,"Vajra":23,"Eternal Feather":5,"PreservedInsect":10,"Juzu Bracelet":3,"Incense Burner":14,"Whetstone":17,"War Paint":18,"Ancient Tea Set":3,"Akabeko":20,"Mercury Hourglass":14,"Blood Vial":10,"Calling Bell":14,"OrangePellets":17,"Anchor":13,"HornCleat":2,"Molten Egg 2":11,"Coffee Dripper":7,"Toxic Egg 2":4,"Cracked Core":0},{"Calipers":75,"Enchiridion":36,"Oddly Smooth Stone":64,"Vajra":116,"Eternal Feather":22,"PreservedInsect":44,"Juzu Bracelet":11,"Incense Burner":64,"Whetstone":84,"War Paint":91,"Ancient Tea Set":11,"Akabeko":104,"Mercury Hourglass":64,"Blood Vial":44,"Calling Bell":64,"OrangePellets":84,"Anchor":54,"HornCleat":4,"Molten Egg 2":48,"Coffee Dripper":31,"Toxic Egg 2":16,"Cracked Core":0}],"Mercury Hourglass":[210]},"card_choices":[{"not_picked":["Conserve Battery","Rebound"],"picked":"Barrage","floor":1.0},{"not_picked":["Barrage","Aggregate"],"picked":"Double Energy","floor":2.0},{"not_picked":["Melter","Stack"],"picked":"Seek","floor":7.0},{"not_picked":["Barrage","Rip and Tear"],"picked":"Coolheaded+1","floor":10},{"not_picked":["Ball Lightning","Gash","Sunder"],"picked":"SKIP","floor":12},{"not_picked":["Conserve Battery+1","Chill+1"],"picked":"Fission+1","floor":13},{"not_picked":["Fission+1","Thunder Strike"],"picked":"Core Surge","floor":16},{"not_picked":["Gash","Streamline+1"],"picked":"Steam+1","floor":18},{"not_picked":["Auto Shields+1","Turbo+1","Conserve Battery+1"],"picked":"SKIP","floor":20},{"not_picked":["BootSequence+1","Streamline","Barrage"],"picked":"SKIP","floor":24},{"not_picked":["Core Surge+1","Storm+1"],"picked":"Hologram+1","floor":27},{"not_picked":["Go for the Eyes+1","Loop+1"],"picked":"Tempest+1","floor":29},{"not_picked":["Melter+1","Sweeping Beam+1","Steam+1"],"picked":"SKIP","floor":30},{"not_picked":["Reboot+1","Electrodynamics"],"picked":"Echo Form","floor":33},{"not_picked":["Gash+1","Cold Snap+1","Streamline+1"],"picked":"SKIP","floor":35},{"not_picked":["Impatience+1","Master of Strategy+1"],"picked":"Secret Technique+1","floor":36},{"not_picked":["Stack+1","Gash+1"],"picked":"Reinforced Body+1","floor":38},{"not_picked":["Force Field+1","Barrage+1","Streamline+1"],"picked":"SKIP","floor":42},{"not_picked":["Doom and Gloom+1","Genetic Algorithm+1"],"picked":"Tempest+1","floor":45},{"not_picked":["Coolheaded+1","Sweeping Beam+1","Streamline+1"],"picked":"SKIP","floor":46},{"not_picked":["Redo+1","Compile Driver+1"],"picked":"Double Energy+1","floor":47},{"not_picked":["Sweeping Beam+1","Ball Lightning+1"],"picked":"Fission+1","floor":48},{"not_picked":["Barrage+1","Go for the Eyes+1"],"picked":"Biased Cognition","floor":54}],"player_experience":1144254,"relics_obtained":[{"floor":7.0,"key":"Juzu Bracelet"},{"floor":9.0,"key":"Ancient Tea Set"},{"floor":10,"key":"Toxic Egg 2"},{"floor":12,"key":"Eternal Feather"},{"floor":19,"key":"Enchiridion"},{"floor":24,"key":"Blood Vial"},{"floor":26,"key":"PreservedInsect"},{"floor":27,"key":"Molten Egg 2"},{"floor":30,"key":"Anchor"},{"floor":34,"key":"Oddly Smooth Stone"},{"floor":34,"key":"Mercury Hourglass"},{"floor":34,"key":"Incense Burner"},{"floor":38,"key":"Calipers"},{"floor":42,"key":"Whetstone"},{"floor":45,"key":"War Paint"},{"floor":47,"key":"Akabeko"},{"floor":54,"key":"Vajra"}],"event_choices":[{"damage_healed":0.0,"max_hp_gain":0.0,"max_hp_loss":0.0,"gold_gain":0.0,"event_name":"Scrap Ooze","player_choice":"Success","floor":4.0,"gold_loss":0.0,"damage_taken":3.0,"relics_obtained":["HornCleat"]},{"damage_healed":0.0,"max_hp_gain":0.0,"max_hp_loss":0.0,"gold_gain":75.0,"event_name":"World of Goop","player_choice":"Gather Gold","floor":5.0,"gold_loss":0.0,"damage_taken":11.0},{"damage_healed":0,"gold_gain":0,"player_choice":"Obtained Book","damage_taken":16,"max_hp_gain":0,"max_hp_loss":0,"event_name":"Cursed Tome","floor":19,"gold_loss":0},{"damage_healed":0,"gold_gain":99,"player_choice":"Stole From Cult","damage_taken":0,"max_hp_gain":0,"max_hp_loss":0,"event_name":"Nest","floor":21,"gold_loss":0},{"cards_removed":["Strike_B"],"damage_healed":0,"gold_gain":0,"player_choice":"Gave Gold","damage_taken":0,"max_hp_gain":0,"max_hp_loss":0,"event_name":"Beggar","floor":22,"gold_loss":75},{"damage_healed":0,"gold_gain":0,"player_choice":"Got Potions","damage_taken":0,"max_hp_gain":0,"max_hp_loss":0,"event_name":"Lab","floor":28,"gold_loss":0},{"damage_healed":0,"gold_gain":0,"player_choice":"Upgraded","damage_taken":0,"max_hp_gain":0,"max_hp_loss":0,"event_name":"Upgrade Shrine","floor":31,"gold_loss":0,"cards_upgraded":["Meteor Strike"]},{"damage_healed":0,"gold_gain":0,"player_choice":"Memory 1","damage_taken":0,"max_hp_gain":0,"max_hp_loss":0,"event_name":"SensoryStone","floor":36,"gold_loss":0},{"damage_healed":0,"gold_gain":0,"player_choice":"Upgraded","damage_taken":0,"max_hp_gain":0,"max_hp_loss":0,"event_name":"Upgrade Shrine","floor":37,"gold_loss":0,"cards_upgraded":["BootSequence"]},{"damage_healed":0,"gold_gain":0,"player_choice":"Fight","damage_taken":0,"max_hp_gain":0,"max_hp_loss":0,"event_name":"MindBloom","floor":38,"gold_loss":0},{"damage_healed":0,"gold_gain":0,"player_choice":"Copied","damage_taken":0,"max_hp_gain":0,"max_hp_loss":0,"event_name":"Duplicator","floor":39,"gold_loss":0,"cards_obtained":["Echo Form"]}],"is_beta":false,"boss_relics":[{"not_picked":["Astrolabe","Busted Crown"],"picked":"Coffee Dripper"},{"not_picked":["Empty Cage","Philosopher\u0027s Stone"],"picked":"Calling Bell"}],"items_purged_floors":[3,14,41,44],"is_endless":false,"potions_floor_spawned":[1,7,13,24,30,33,42,46,47,48],"ascension_level":7}}