{"host":"d4km6p8r92tm3vpl","time":1611695853,"event":{"mods":["AchievementEnabler","BaseMod","Colored Map","Colored Powertips","DeckTracker","Minty Spire (QoL Compilation)","Relic Stats","StSLib"],"gold_per_floor":[114,114,133,133,148,148,174,194,194,194,227,227,237,254,254,352,352,363,46,46,62,73,73,100,100,127,227,261,261,287,325,337,449,461,487,511,432,463,490,537,573,620,632,644,700,712,744,776,788,800,812,824,120,162,162,162],"floor_reached":55,"language":"ENG","playtime":2524,"items_purged":["Strike_G"],"score":1362,"play_id":"d02ac20f-6046-4223-9062-c168d5b173b3","local_time":"20210126161733","is_ascension_mode":true,"campfire_choices":[{"data":"Neutralize","floor":6.0,"key":"SMITH"},{"data":"Blade Dance","floor":10.0,"key":"SMITH"},{"data":"After Image","floor":12.0,"key":"SMITH"},{"data":"Deadly Poison","floor":15.0,"key":"SMITH"},{"data":"Infinite Blades","floor":23.0,"key":"SMITH"},{"data":"Adrenaline","floor":25.0,"key":"SMITH"},{"data":"Blade Dance","floor":29.0,"key":"SMITH"},{"data":"Choke","floor":32.0,"key":"SMITH"},{"data":"PiercingWail","floor":44.0,"key":"SMITH"},{"floor":46.0,"key":"RECALL"},{"data":"Blade Dance","floor":49,"key":"SMITH"},{"data":"Blur","floor":52,"key":"SMITH"}],"circlet_count":0,"master_deck":["AscendersBane","Strike_G","Strike_G","Strike_G","Strike_G","Defend_G","Defend_G","Defend_G","Defend_G","Defend_G","Survivor","Neutralize+1","Slice","Backstab","Deadly Poison+1","Deadly Poison","Blade Dance+1","After Image+1","Choke+1","Noxious Fumes","Tools of the Trade","Blur+1","Infinite Blades","Blade Dance+1","Infinite Blades+1","Adrenaline+1","Finisher+1","Riddle With Holes","A Thousand Cuts+1","Leg Sweep+1","Terror","Prepared+1","Caltrops+1","PiercingWail+1","Escape Plan","Slice","Blade Dance+1","Blur","Caltrops+1","Underhanded Strike","Cloak And Dagger"],"relics":["Ring of the Snake","Art of War","Omamori","Shuriken","Pantograph","Sozu","Eternal Feather","Pen Nib","WingedGreaves","Ornamental Fan","Frozen Egg 2","MawBank","MealTicket","WristBlade","Ancient Tea Set","Letter Opener","Nunchaku","Toy Ornithopter","CeramicFish","Akabeko","OrangePellets","FossilizedHelix","Snake Skull"],"acts_visited":["Exordium","TheCity","TheBeyond","TheEnding"],"potions_floor_usage":[],"damage_taken":[{"damage":1.0,"enemies":"Cultist","floor":1.0,"turns":6.0},{"damage":0.0,"enemies":"Jaw Worm","floor":3.0,"turns":4.0},{"damage":3.0,"enemies":"2 Louse","floor":5.0,"turns":3.0},{"damage":21.0,"enemies":"Gremlin Nob","floor":7.0,"turns":4.0},{"damage":1.0,"enemies":"Looter","floor":8.0,"turns":3.0},{"damage":17.0,"enemies":"Lagavulin","floor":11.0,"turns":5.0},{"damage":20.0,"enemies":"Lots of Slimes","floor":13.0,"turns":6.0},{"damage":12.0,"enemies":"Exordium Thugs","floor":14.0,"turns":5.0},{"damage":9.0,"enemies":"Hexaghost","floor":16.0,"turns":7.0},{"damage":5.0,"enemies":"Shell Parasite","floor":18.0,"turns":4.0},{"damage":6.0,"enemies":"3 Byrds","floor":21.0,"turns":5.0},{"damage":5.0,"enemies":"Shelled Parasite and Fungi","floor":22.0,"turns":5.0},{"damage":9.0,"enemies":"Book of Stabbing","floor":24.0,"turns":5.0},{"damage":17.0,"enemies":"Colosseum Slavers","floor":27.0,"turns":5.0},{"damage":4.0,"enemies":"Colosseum Nobs","floor":27.0,"turns":4.0},{"damage":3.0,"enemies":"Gremlin Leader","floor":28.0,"turns":6.0},{"damage":18.0,"enemies":"Slavers","floor":30.0,"turns":4.0},{"damage":8.0,"enemies":"Book of Stabbing","floor":31.0,"turns":4.0},{"damage":36.0,"enemies":"Automaton","floor":33.0,"turns":7.0},{"damage":2.0,"enemies":"Orb Walker","floor":35.0,"turns":3.0},{"damage":0.0,"enemies":"3 Darklings","floor":36.0,"turns":3.0},{"damage":6.0,"enemies":"Spire Growth","floor":38.0,"turns":3.0},{"damage":10.0,"enemies":"Sphere and 2 Shapes","floor":39.0,"turns":7.0},{"damage":6.0,"enemies":"Reptomancer","floor":40.0,"turns":3.0},{"damage":24.0,"enemies":"Nemesis","floor":42.0,"turns":5.0},{"damage":0.0,"enemies":"Reptomancer","floor":45.0,"turns":3.0},{"damage":0.0,"enemies":"Transient","floor":47.0,"turns":5.0},{"damage":22.0,"enemies":"Writhing Mass","floor":48.0,"turns":6.0},{"damage":55,"enemies":"Donu and Deca","floor":50,"turns":7},{"damage":32,"enemies":"Shield and Spear","floor":54,"turns":5},{"damage":64,"enemies":"The Heart","floor":55,"turns":5}],"seed_played":"4893452033658237887","potions_obtained":[{"floor":1.0,"key":"AttackPotion"},{"floor":2.0,"key":"FairyPotion"},{"floor":13.0,"key":"SteroidPotion"},{"floor":16.0,"key":"Weak Potion"}],"is_trial":false,"path_per_floor":["M","?","M","$","M","R","E","M","T","R","E","R","M","M","R","B",null,"M","$","?","M","M","R","E","R","T","?","E","R","E","E","R","B",null,"M","M","?","M","M","E","T","E","T","R","E","R","M","M","R","B",null,"R","$","E","B"],"character_chosen":"THE_SILENT","items_purchased":["Eternal Feather","Infinite Blades","OrangePellets","Blur","FossilizedHelix","Caltrops+1","Underhanded Strike"],"campfire_rested":0,"item_purchase_floors":[19,19,53,53,53,53,53],"current_hp_per_floor":[62,62,62,62,59,59,38,37,37,37,20,20,21,9,9,25,59,54,54,54,48,43,58,49,64,64,43,40,55,37,29,44,33,61,59,59,59,53,43,37,37,13,13,34,34,55,55,33,54,15,56,70,70,38,0,0],"gold":162,"neow_bonus":"RANDOM_COMMON_RELIC","is_daily":false,"chose_seed":false,"campfire_upgraded":11,"win_rate":0.0,"timestamp":1611695853,"path_taken":["M","?","M","?","M","R","E","M","T","R","E","R","M","M","R","BOSS","M","$","?","M","M","R","E","R","T","?","E","R","E","E","R","BOSS","M","M","?","?","M","E","?","E","T","R","E","R","?","M","R","BOSS","R","$","E","BOSS"],"items_purchased_type":["Relic","Card","Relic","Card","Relic","Card","Card"],"build_version":"2020-12-22","purchased_purges":1,"victory":false,"max_hp_per_floor":[70,70,70,70,70,70,70,70,70,70,70,70,70,70,70,70,70,70,70,70,70,70,70,70,70,70,70,70,70,70,70,70,70,70,70,70,70,70,70,70,70,70,70,70,70,70,70,70,70,70,70,70,70,70,70,70],"relic_stats":{"counters":[31,147],"CeramicFish":63,"Eternal Feather":137,"Pen Nib":[32],"Snake Skull":[3],"Letter Opener":[70],"MawBank":276,"Sozu":11,"OrangePellets":[3],"Nunchaku":[13],"Shuriken":[109],"Ornamental Fan":[292],"Pantograph":91,"MealTicket":0,"Art of War":[11],"obtain_stats":[{"CeramicFish":43,"Eternal Feather":19,"Pen Nib":24,"Snake Skull":54,"Omamori":7,"Letter Opener":40,"Frozen Egg 2":28,"MawBank":30,"Ancient Tea Set":37,"Akabeko":45,"Sozu":17,"OrangePellets":53,"Nunchaku":41,"WristBlade":34,"Shuriken":9,"Ornamental Fan":27,"Pantograph":11,"MealTicket":31,"WingedGreaves":27,"Art of War":0,"Toy Ornithopter":42,"FossilizedHelix":53,"Ring of the Snake":0},{"CeramicFish":25,"Eternal Feather":10,"Pen Nib":13,"Snake Skull":30,"Omamori":4,"Letter Opener":24,"Frozen Egg 2":16,"MawBank":17,"Ancient Tea Set":21,"Akabeko":26,"Sozu":9,"OrangePellets":29,"Nunchaku":24,"WristBlade":19,"Shuriken":5,"Ornamental Fan":15,"Pantograph":6,"MealTicket":18,"WingedGreaves":15,"Art of War":0,"Toy Ornithopter":25,"FossilizedHelix":29,"Ring of the Snake":0},{"CeramicFish":116,"Eternal Feather":47,"Pen Nib":62,"Snake Skull":142,"Omamori":17,"Letter Opener":111,"Frozen Egg 2":77,"MawBank":81,"Ancient Tea Set":98,"Akabeko":119,"Sozu":43,"OrangePellets":137,"Nunchaku":111,"WristBlade":92,"Shuriken":20,"Ornamental Fan":71,"Pantograph":25,"MealTicket":85,"WingedGreaves":71,"Art of War":0,"Toy Ornithopter":116,"FossilizedHelix":137,"Ring of the Snake":0}],"Toy Ornithopter":0,"Ring of the Snake":[62]},"card_choices":[{"not_picked":["Endless Agony","Acrobatics"],"picked":"Slice","floor":1.0},{"not_picked":["Calculated Gamble","Finisher"],"picked":"Backstab","floor":3.0},{"not_picked":["Tools of the Trade","Escape Plan"],"picked":"Deadly Poison","floor":5.0},{"not_picked":["Sucker Punch","Deflect"],"picked":"Deadly Poison","floor":7.0},{"not_picked":["Choke","Slice"],"picked":"Blade Dance","floor":8.0},{"not_picked":["Distraction","Blur"],"picked":"After Image","floor":11.0},{"not_picked":["Deflect","Endless Agony"],"picked":"Choke","floor":13.0},{"not_picked":["Flying Knee","Dash"],"picked":"Noxious Fumes","floor":14.0},{"not_picked":["A Thousand Cuts","Burst"],"picked":"Tools of the Trade","floor":16.0},{"not_picked":["Dagger Throw","Quick Slash"],"picked":"Blur","floor":18.0},{"not_picked":["Sucker Punch","Flechettes"],"picked":"Blade Dance","floor":21.0},{"not_picked":["Flying Knee+1","Calculated Gamble"],"picked":"Infinite Blades","floor":22.0},{"not_picked":["Sucker Punch","Flechettes+1"],"picked":"Adrenaline","floor":24.0},{"not_picked":["Prepared","Slice"],"picked":"Finisher+1","floor":27.0},{"not_picked":["Tactician","Cloak And Dagger"],"picked":"Riddle With Holes","floor":28.0},{"not_picked":["Masterful Stab","Bane","Dodge and Roll"],"picked":"SKIP","floor":30.0},{"not_picked":["Acrobatics","Deadly Poison","Doppelganger"],"picked":"SKIP","floor":31.0},{"not_picked":["Bullet Time","Wraith Form v2+1"],"picked":"A Thousand Cuts+1","floor":33.0},{"not_picked":["Flying Knee","Finisher+1"],"picked":"Leg Sweep+1","floor":35.0},{"not_picked":["All Out Attack","Bane","Riddle With Holes"],"picked":"SKIP","floor":36.0},{"not_picked":["Riddle With Holes","PiercingWail+1"],"picked":"Terror","floor":38.0},{"not_picked":["Slice+1","Dagger Spray"],"picked":"Prepared+1","floor":39.0},{"not_picked":["Acrobatics","Backflip"],"picked":"Caltrops+1","floor":40.0},{"not_picked":["Sucker Punch","Slice+1"],"picked":"PiercingWail","floor":42.0},{"not_picked":["Underhanded Strike","Storm of Steel"],"picked":"Escape Plan","floor":45.0},{"not_picked":["Slice","All Out Attack","Flying Knee"],"picked":"SKIP","floor":47.0},{"not_picked":["All Out Attack","Flying Knee"],"picked":"Slice","floor":47.0},{"not_picked":["Dagger Spray","Reflex"],"picked":"Blade Dance","floor":48.0},{"not_picked":["Escape Plan","Bane"],"picked":"Cloak And Dagger","floor":54}],"player_experience":831580,"relics_obtained":[{"floor":7.0,"key":"Omamori"},{"floor":9.0,"key":"Shuriken"},{"floor":11.0,"key":"Pantograph"},{"floor":24.0,"key":"Pen Nib"},{"floor":27.0,"key":"WingedGreaves"},{"floor":27.0,"key":"Ornamental Fan"},{"floor":28.0,"key":"Frozen Egg 2"},{"floor":30.0,"key":"MawBank"},{"floor":31.0,"key":"MealTicket"},{"floor":40.0,"key":"Letter Opener"},{"floor":41.0,"key":"Nunchaku"},{"floor":42.0,"key":"Toy Ornithopter"},{"floor":43.0,"key":"CeramicFish"},{"floor":45.0,"key":"Akabeko"},{"floor":54,"key":"Snake Skull"}],"event_choices":[{"damage_healed":0.0,"max_hp_gain":0.0,"max_hp_loss":0.0,"gold_gain":0.0,"event_name":"Lab","player_choice":"Got Potions","floor":2.0,"gold_loss":0.0,"damage_taken":0.0},{"damage_healed":0.0,"max_hp_gain":0.0,"max_hp_loss":0.0,"gold_gain":0.0,"event_name":"Vampires","player_choice":"Ignored","floor":20.0,"gold_loss":0.0,"damage_taken":0.0},{"damage_healed":0.0,"max_hp_gain":0.0,"max_hp_loss":0.0,"gold_gain":0.0,"event_name":"Colosseum","player_choice":"Fight","floor":27.0,"gold_loss":0.0,"damage_taken":0.0},{"damage_healed":0.0,"max_hp_gain":0.0,"max_hp_loss":0.0,"gold_gain":0.0,"event_name":"Colosseum","player_choice":"Fought Nobs","floor":27.0,"gold_loss":0.0,"damage_taken":0.0},{"damage_healed":0.0,"max_hp_gain":0.0,"max_hp_loss":0.0,"gold_gain":0.0,"event_name":"WeMeetAgain","player_choice":"Paid Gold","floor":37.0,"gold_loss":91.0,"damage_taken":0.0,"relics_obtained":["Ancient Tea Set"]}],"is_beta":false,"boss_relics":[{"not_picked":["Fusion Hammer","Runic Dome"],"picked":"Sozu"},{"not_picked":["Philosopher\u0027s Stone","Calling Bell"],"picked":"WristBlade"}],"items_purged_floors":[53],"is_endless":false,"potions_floor_spawned":[1,5,13,16,22,27,28,30,31,33,35,36,40,47,48,54],"killed_by":"The Heart","ascension_level":12}}