{"host":"ga4s3hj9m6nkn6gp","time":1611696377,"event":{"mods":["AchievementEnabler","BaseMod","Bestiary","Colored Powertips","Highlight Path","Minty Spire (QoL Compilation)","Relic Stats","everything is the same but u backflip on backflip"],"gold_per_floor":[110,110,110,129,147,147,182,182,182,197,224,224,239,189,189,189,189],"floor_reached":16,"language":"ENG","playtime":508,"items_purged":["Strike_R"],"score":198,"play_id":"2ee9e3f3-f939-46b5-98c7-1a520c579e90","local_time":"20210126222617","is_ascension_mode":true,"campfire_choices":[{"data":"Spot Weakness","floor":6,"key":"SMITH"},{"data":"Pommel Strike","floor":8,"key":"SMITH"},{"data":"Whirlwind","floor":15,"key":"SMITH"}],"circlet_count":0,"master_deck":["AscendersBane","Strike_R","Strike_R","Defend_R","Defend_R","Defend_R","Defend_R","Bash","Clothesline","Spot Weakness+1","Pommel Strike+1","Barricade","True Grit","Whirlwind+1","Battle Trance"],"relics":["Burning Blood","NeowsBlessing","Du-Vu Doll","Smiling Mask","White Beast Statue","Potion Belt"],"acts_visited":["Exordium"],"potions_floor_usage":[16],"damage_taken":[{"damage":0,"enemies":"Jaw Worm","floor":1,"turns":1},{"damage":0,"enemies":"Cultist","floor":4,"turns":1},{"damage":0,"enemies":"Small Slimes","floor":5,"turns":1},{"damage":35,"enemies":"3 Sentries","floor":7,"turns":8},{"damage":8,"enemies":"Red Slaver","floor":10,"turns":5},{"damage":23,"enemies":"Lagavulin","floor":11,"turns":5},{"damage":0,"enemies":"2 Fungi Beasts","floor":13,"turns":2},{"damage":20,"enemies":"The Guardian","floor":16,"turns":10}],"seed_played":"-2348362934368463861","potions_obtained":[{"floor":1,"key":"SteroidPotion"},{"floor":4,"key":"Ancient Potion"},{"floor":11,"key":"EssenceOfSteel"},{"floor":13,"key":"FearPotion"}],"is_trial":false,"path_per_floor":["M","?","?","M","M","R","E","R","T","M","E","?","M","$","R","B"],"character_chosen":"IRONCLAD","items_purchased":[],"campfire_rested":0,"item_purchase_floors":[],"current_hp_per_floor":[74,56,56,62,68,68,39,39,39,37,20,13,19,19,19,0,0],"gold":189,"neow_bonus":"THREE_ENEMY_KILL","is_daily":false,"chose_seed":false,"campfire_upgraded":3,"win_rate":0.0,"timestamp":1611696377,"path_taken":["M","?","?","?","M","R","E","R","T","M","E","?","M","$","R","BOSS"],"items_purchased_type":[],"build_version":"2020-12-22","purchased_purges":1,"victory":false,"max_hp_per_floor":[75,75,75,75,75,75,75,75,75,75,75,75,75,75,75,75,75],"relic_stats":{"counters":[8,33],"Smiling Mask":25,"obtain_stats":[{"Du-Vu Doll":2,"Potion Belt":11,"NeowsBlessing":0,"Smiling Mask":7,"Burning Blood":0,"White Beast Statue":9},{"Du-Vu Doll":1,"Potion Belt":6,"NeowsBlessing":0,"Smiling Mask":4,"Burning Blood":0,"White Beast Statue":4},{"Du-Vu Doll":1,"Potion Belt":21,"NeowsBlessing":0,"Smiling Mask":11,"Burning Blood":0,"White Beast Statue":11}],"Burning Blood":42},"card_choices":[{"not_picked":["Second Wind","Blood for Blood"],"picked":"Clothesline","floor":1},{"not_picked":["Rampage","Armaments"],"picked":"Spot Weakness","floor":4},{"not_picked":["Spot Weakness","Clothesline"],"picked":"Pommel Strike","floor":5},{"not_picked":["Armaments","Clothesline"],"picked":"Barricade","floor":7},{"not_picked":["Seeing Red","Body Slam"],"picked":"True Grit","floor":10},{"not_picked":["Reckless Charge","Spot Weakness"],"picked":"Whirlwind","floor":11},{"not_picked":["Evolve","Power Through"],"picked":"Battle Trance","floor":13}],"player_experience":699612,"relics_obtained":[{"floor":7,"key":"Smiling Mask"},{"floor":9,"key":"White Beast Statue"},{"floor":11,"key":"Potion Belt"}],"event_choices":[{"damage_healed":0,"gold_gain":0,"player_choice":"Success","damage_taken":18,"relics_obtained":["Du-Vu Doll"],"max_hp_gain":0,"max_hp_loss":0,"event_name":"Scrap Ooze","floor":2,"gold_loss":0},{"cards_removed":["Strike_R"],"damage_healed":0,"gold_gain":0,"player_choice":"Purged","damage_taken":0,"max_hp_gain":0,"max_hp_loss":0,"event_name":"Purifier","floor":3,"gold_loss":0},{"cards_removed":["Strike_R"],"damage_healed":0,"gold_gain":0,"player_choice":"Card Removal","damage_taken":7,"max_hp_gain":0,"max_hp_loss":0,"event_name":"Golden Wing","floor":12,"gold_loss":0}],"is_beta":false,"boss_relics":[],"items_purged_floors":[14],"is_endless":false,"potions_floor_spawned":[1,4,10,11,13],"killed_by":"The Guardian","ascension_level":16}}