{"host":"x3xr1fzypq6qqz5s","time":1611683957,"event":{"mods":["BaseMod","Better Vampires","Colored Powertips","DeckTracker","Highlight Path","Minty Spire (QoL Compilation)","Quick Restart","Rare Cards Sparkle","Relic Stats"],"gold_per_floor":[112,127,127,127,48,91,91,107,131,147,172,247,247,316,316,447,447,470,491,348,366,366,366,390,390,390],"floor_reached":25,"language":"ZHS","playtime":2085,"items_purged":["Strike_G"],"score":303,"play_id":"d2e7d6ed-1fcc-4b09-bb74-796a19d57cbd","local_time":"20210127015917","is_ascension_mode":false,"campfire_choices":[{"data":"Well Laid Plans","floor":7,"key":"SMITH"},{"data":"Cloak And Dagger","floor":13,"key":"SMITH"},{"floor":15,"key":"REST"},{"floor":23,"key":"REST"}],"circlet_count":0,"master_deck":["Defend_G","Defend_G","Defend_G","Defend_G","Survivor","Neutralize","Choke","Cloak And Dagger+1","Iron Wave","Well Laid Plans+1","Storm of Steel","Masterful Stab","Phantasmal Killer","Blade Dance","Footwork","Bite","Bite","Bite","Bite"],"relics":["Ring of the Snake","NeowsBlessing","Golden Idol","Vajra","Happy Flower","Omamori","SlaversCollar"],"acts_visited":["Exordium","TheCity"],"potions_floor_usage":[16],"damage_taken":[{"damage":0,"enemies":"Jaw Worm","floor":1,"turns":1},{"damage":0,"enemies":"Small Slimes","floor":2,"turns":1},{"damage":0,"enemies":"Gremlin Nob","floor":6,"turns":1},{"damage":0,"enemies":"Cultist","floor":8,"turns":3},{"damage":0,"enemies":"Exordium Wildlife","floor":10,"turns":3},{"damage":0,"enemies":"3 Louse","floor":11,"turns":3},{"damage":27,"enemies":"Lagavulin Event","floor":14,"turns":7},{"damage":0,"enemies":"The Guardian","floor":16,"turns":11},{"damage":3,"enemies":"Chosen","floor":18,"turns":4},{"damage":5,"enemies":"Shell Parasite","floor":19,"turns":3},{"damage":35,"enemies":"Shelled Parasite and Fungi","floor":21,"turns":5},{"damage":19,"enemies":"Snake Plant","floor":24,"turns":4},{"damage":17,"enemies":"Sentry and Sphere","floor":25,"turns":4}],"seed_played":"6697530528645882449","potions_obtained":[{"floor":1,"key":"Ancient Potion"},{"floor":6,"key":"Swift Potion"},{"floor":11,"key":"Dexterity Potion"},{"floor":21,"key":"Swift Potion"},{"floor":24,"key":"Dexterity Potion"}],"is_trial":false,"path_per_floor":["M","M","?","?","$","E","R","M","T","M","M","?","R","?","R","B",null,"M","M","$","M","?","R","M","M"],"character_chosen":"THE_SILENT","items_purchased":["Well Laid Plans","Footwork"],"campfire_rested":2,"item_purchase_floors":[5,20],"current_hp_per_floor":[70,70,53,53,53,53,53,53,53,53,53,42,42,15,36,36,70,67,62,62,27,27,42,25,12,12],"gold":390,"neow_bonus":"THREE_ENEMY_KILL","is_daily":false,"chose_seed":false,"campfire_upgraded":2,"win_rate":0.0,"timestamp":1611683957,"path_taken":["M","M","?","?","$","E","R","M","T","M","?","?","R","?","R","BOSS","M","M","$","M","?","R","M","M"],"items_purchased_type":["Card","Card"],"build_version":"2020-12-22","purchased_purges":1,"victory":false,"max_hp_per_floor":[70,70,70,70,70,70,70,70,70,70,70,70,70,70,70,70,70,70,70,70,70,53,53,53,53,53],"relic_stats":{"Happy Flower":[14],"counters":[13,50],"Golden Idol":84,"obtain_stats":[{"SlaversCollar":17,"NeowsBlessing":0,"Happy Flower":9,"Golden Idol":3,"Vajra":6,"Omamori":14,"Ring of the Snake":0},{"SlaversCollar":8,"NeowsBlessing":0,"Happy Flower":4,"Golden Idol":2,"Vajra":3,"Omamori":7,"Ring of the Snake":0},{"SlaversCollar":30,"NeowsBlessing":0,"Happy Flower":6,"Golden Idol":2,"Vajra":3,"Omamori":19,"Ring of the Snake":0}],"Ring of the Snake":[26]},"card_choices":[{"not_picked":["Tactician","Caltrops"],"picked":"Choke","floor":1},{"not_picked":["Dagger Spray","PiercingWail"],"picked":"Cloak And Dagger","floor":2},{"not_picked":["Distraction","PiercingWail"],"picked":"Storm of Steel","floor":6},{"not_picked":["Underhanded Strike","Dodge and Roll","Expertise"],"picked":"SKIP","floor":8},{"not_picked":["Outmaneuver","Deadly Poison","Sucker Punch"],"picked":"SKIP","floor":10},{"not_picked":["Outmaneuver","Deadly Poison","Sucker Punch"],"picked":"SKIP","floor":10},{"not_picked":["Dodge and Roll","Prepared"],"picked":"Masterful Stab","floor":11},{"not_picked":["Doppelganger","Venomology"],"picked":"Phantasmal Killer","floor":16},{"not_picked":["Sucker Punch+1","Flying Knee+1"],"picked":"Blade Dance","floor":18},{"not_picked":["Outmaneuver","Dagger Throw","Backflip"],"picked":"SKIP","floor":19},{"not_picked":["Dodge and Roll","Backflip","Flying Knee"],"picked":"SKIP","floor":21},{"not_picked":["Crippling Poison","Outmaneuver","Backflip+1"],"picked":"SKIP","floor":24}],"player_experience":640253,"relics_obtained":[{"floor":6,"key":"Vajra"},{"floor":9,"key":"Happy Flower"},{"floor":14,"key":"Omamori"}],"event_choices":[{"damage_healed":0,"gold_gain":0,"player_choice":"Take Damage","damage_taken":17,"relics_obtained":["Golden Idol"],"max_hp_gain":0,"max_hp_loss":0,"event_name":"Golden Idol","floor":3,"gold_loss":0},{"cards_removed":["Defend_G"],"damage_healed":0,"gold_gain":0,"player_choice":"Took Card","damage_taken":0,"max_hp_gain":0,"max_hp_loss":0,"event_name":"NoteForYourself","floor":4,"gold_loss":0,"cards_obtained":["Iron Wave"]},{"damage_healed":0,"gold_gain":75,"player_choice":"Gather Gold","damage_taken":11,"max_hp_gain":0,"max_hp_loss":0,"event_name":"World of Goop","floor":12,"gold_loss":0},{"damage_healed":0,"gold_gain":0,"player_choice":"Searched \u00272\u0027 times","damage_taken":0,"max_hp_gain":0,"max_hp_loss":0,"event_name":"Dead Adventurer","floor":14,"gold_loss":0},{"damage_healed":0,"gold_gain":0,"player_choice":"Became a vampire","damage_taken":0,"max_hp_gain":0,"max_hp_loss":17,"event_name":"Vampires","floor":22,"gold_loss":0,"cards_obtained":["Bite","Bite","Bite","Bite"]}],"is_beta":false,"boss_relics":[{"not_picked":["Philosopher\u0027s Stone","Velvet Choker"],"picked":"SlaversCollar"}],"items_purged_floors":[20],"is_endless":false,"potions_floor_spawned":[1,6,11,21,24],"killed_by":"Sentry and Sphere","ascension_level":0}}