{"host":"gln8pem4hnwuntpa","time":1611697170,"event":{"mods":["BaseMod","Lobotomy","Minty Spire (QoL Compilation)","Quick Restart","Replay The Spire","StSLib"],"gold_per_floor":[114,114,1,1,76,76,101,116,170,170,19,19,31,48,48,147,147,164,164,164,164,164,164,183,183,183],"floor_reached":25,"language":"ZHS","playtime":1299,"items_purged":["Defend_B"],"score":209,"play_id":"02e6d52e-a166-4278-80b3-7d7c2212e51e","local_time":"20210127053930","is_ascension_mode":true,"campfire_choices":[{"floor":6,"key":"RECALL"},{"floor":10,"key":"REST"},{"data":"Seek","floor":15,"key":"SMITH"},{"data":"Chill","floor":23,"key":"SMITH"}],"circlet_count":0,"master_deck":["Strike_B","Strike_B","Defend_B","Defend_B","Zap","Dualcast","VoidDream","FIFO Queue","BasicCrystalCard","Chill+1","UniverseFragment","White Noise+1","OSAHOGD","Seek+1","PunishingBird","CurseOfTheBell","MHz","Rainbow","Porccubus","ReplayTheSpireMod:Calculation Training","ShyLook","Cold Snap"],"relics":["Cracked Core","CogitoBucket","MealTicket","Orichalcum","TheAbacus","Replay:Grab Bag","Coffee Dripper","SlaversCollar","Calling Bell","Smiling Mask","Snack Pack","FossilizedHelix","BehaviorAdjustment","Enchiridion"],"acts_visited":["Exordium","TheCity"],"potions_floor_usage":[22],"damage_taken":[{"damage":7,"enemies":"Small Slimes","floor":1,"turns":3},{"damage":14,"enemies":"Gremlin Nob","floor":7,"turns":6},{"damage":4,"enemies":"Cultist","floor":8,"turns":5},{"damage":0,"enemies":"2 Louse","floor":13,"turns":2},{"damage":1,"enemies":"Large Slime","floor":14,"turns":6},{"damage":53,"enemies":"Slime Boss","floor":16,"turns":13},{"damage":3,"enemies":"Spheric Guardian","floor":18,"turns":6},{"damage":23,"enemies":"3 Byrds","floor":22,"turns":7},{"damage":16,"enemies":"Snecko","floor":24,"turns":7},{"damage":19,"enemies":"Centurion and Healer","floor":25,"turns":7}],"seed_played":"3051344929469788785","potions_obtained":[{"floor":13,"key":"Dexterity Potion"},{"floor":16,"key":"FearPotion"},{"floor":18,"key":"Adrenaline Potion"}],"is_trial":false,"path_per_floor":["M","?","$","?","?","R","E","M","T","R","$","?","M","M","R","B",null,"M","?","?","?","M","R","M","M"],"character_chosen":"DEFECT","items_purchased":["Chill","TheAbacus"],"campfire_rested":1,"item_purchase_floors":[3,11],"current_hp_per_floor":[68,68,68,61,54,54,40,36,36,58,73,73,73,72,72,19,75,72,56,56,56,35,35,19,0,0],"gold":183,"neow_bonus":"","is_daily":false,"chose_seed":false,"campfire_upgraded":2,"win_rate":0.0,"timestamp":1611697170,"path_taken":["M","?","?","?","?","R","E","?","T","R","$","?","?","M","R","BOSS","M","?","?","?","?","R","M","M"],"items_purchased_type":["Card","Relic"],"build_version":"2020-12-22","purchased_purges":1,"victory":false,"max_hp_per_floor":[75,75,75,75,75,75,75,75,75,75,75,75,75,75,75,75,75,75,75,75,75,75,75,75,75,75],"card_choices":[{"not_picked":["Scorched","MeatLantern"],"picked":"VoidDream","floor":1},{"not_picked":["Compile Driver","Rebound"],"picked":"FIFO Queue","floor":1},{"not_picked":["WallGazer","LaLuna"],"picked":"UniverseFragment","floor":7},{"not_picked":["FIFO Queue","Ball Lightning"],"picked":"White Noise","floor":7},{"not_picked":["Rudolta","MeatLantern"],"picked":"OSAHOGD","floor":8},{"not_picked":["Aggregate","Scrape","Undo"],"picked":"SKIP","floor":8},{"not_picked":["Stack","Doom and Gloom","Buffer"],"picked":"SKIP","floor":13},{"not_picked":["Sunder","Turbo"],"picked":"Seek","floor":14},{"not_picked":["WallGazer","Wellcheers"],"picked":"PunishingBird","floor":16},{"not_picked":["Wellcheers","ShyLook"],"picked":"MHz","floor":18},{"not_picked":["Turbo+1","Leap+1"],"picked":"Rainbow","floor":18},{"not_picked":["BlackSwan","Murderer"],"picked":"Porccubus","floor":22},{"not_picked":["BasicCrystalCard","Conserve Battery"],"picked":"ReplayTheSpireMod:Calculation Training","floor":22},{"not_picked":["GalaxyChild","LittleHelper"],"picked":"ShyLook","floor":24},{"not_picked":["Rebound","ReplaySolidLightProjector"],"picked":"Cold Snap","floor":24}],"player_experience":107812,"relics_obtained":[{"floor":7,"key":"MealTicket"},{"floor":9,"key":"Orichalcum"},{"floor":17,"key":"Smiling Mask"},{"floor":17,"key":"Snack Pack"},{"floor":17,"key":"FossilizedHelix"},{"floor":19,"key":"Enchiridion"}],"event_choices":[{"damage_healed":0,"gold_gain":0,"cards_transformed":["Strike_B"],"player_choice":"Transformed","damage_taken":0,"max_hp_gain":0,"max_hp_loss":0,"event_name":"Transmorgrifier","floor":2,"gold_loss":0,"cards_obtained":["BasicCrystalCard"]},{"cards_removed":["Defend_B"],"damage_healed":0,"gold_gain":0,"player_choice":"Card Removal","damage_taken":7,"max_hp_gain":0,"max_hp_loss":0,"event_name":"Golden Wing","floor":4,"gold_loss":0},{"damage_healed":0,"gold_gain":75,"player_choice":"Touch","damage_taken":7,"max_hp_gain":0,"max_hp_loss":0,"event_name":"FaceTrader","floor":5,"gold_loss":0},{"damage_healed":0,"gold_gain":0,"player_choice":"Upgraded","damage_taken":0,"max_hp_gain":0,"max_hp_loss":0,"event_name":"Upgrade Shrine","floor":12,"gold_loss":0,"cards_upgraded":["White Noise"]},{"damage_healed":0,"gold_gain":0,"player_choice":"Obtained Book","damage_taken":16,"max_hp_gain":0,"max_hp_loss":0,"event_name":"Cursed Tome","floor":19,"gold_loss":0},{"damage_healed":0,"gold_gain":0,"player_choice":"Ignored","damage_taken":0,"max_hp_gain":0,"max_hp_loss":0,"event_name":"Vampires","floor":20,"gold_loss":0},{"cards_removed":["Strike_B"],"damage_healed":0,"gold_gain":0,"player_choice":"Purged","damage_taken":0,"max_hp_gain":0,"max_hp_loss":0,"event_name":"Purifier","floor":21,"gold_loss":0}],"is_beta":false,"boss_relics":[{"not_picked":["Astrolabe","Replay:Bronze Core"],"picked":"Replay:Grab Bag"},{"not_picked":["Cursed Key","Runic Dome"],"picked":"Coffee Dripper"},{"not_picked":["Velvet Choker","Philosopher\u0027s Stone"],"picked":"SlaversCollar"},{"not_picked":["Ring of Chaos","SacredBark"],"picked":"Calling Bell"}],"items_purged_floors":[3],"is_endless":false,"potions_floor_spawned":[13,16,18,24],"killed_by":"Centurion and Healer","ascension_level":1}}