{"host":"c3lc60y5x60jlt1y","time":1611680072,"event":{"mods":["AchievementEnabler","BaseMod","Bestiary","Colored Map","Minty Spire (QoL Compilation)","Quick Restart","StSLib","ojb\u0027s Info Mod"],"gold_per_floor":[111,58,8,18,18,46,46,61,137,166,166,166,1,29,29,29,29],"floor_reached":16,"language":"ENG","playtime":1008,"items_purged":[],"score":307,"play_id":"99fdedf9-3c4c-43bc-b182-717fac202a7b","local_time":"20210126185432","is_ascension_mode":true,"campfire_choices":[{"data":"Feed","floor":7,"key":"SMITH"},{"data":"Berserk","floor":12,"key":"SMITH"},{"data":"Body Slam","floor":15,"key":"SMITH"}],"circlet_count":0,"master_deck":["AscendersBane","Strike_R","Strike_R","Strike_R","Strike_R","Defend_R","Defend_R","Defend_R","Defend_R","Bash","Body Slam+1","Twin Strike","Flex","Feed+1","Pummel","Fire Breathing","Berserk+1","Spot Weakness"],"relics":["Burning Blood","NeowsBlessing","Strawberry","Bag of Preparation","Sundial","Pear","Bag of Marbles","Frozen Egg 2"],"acts_visited":["Exordium"],"potions_floor_usage":[10,14],"damage_taken":[{"damage":0,"enemies":"2 Louse","floor":1,"turns":1},{"damage":0,"enemies":"Cultist","floor":4,"turns":1},{"damage":0,"enemies":"Lagavulin","floor":6,"turns":1},{"damage":17,"enemies":"Small Slimes","floor":8,"turns":4},{"damage":55,"enemies":"3 Sentries","floor":10,"turns":9},{"damage":10,"enemies":"Lagavulin","floor":14,"turns":5},{"damage":57,"enemies":"The Guardian","floor":16,"turns":6}],"seed_played":"8112033547933729611","potions_obtained":[{"floor":6,"key":"BloodPotion"},{"floor":10,"key":"PowerPotion"}],"is_trial":false,"path_per_floor":["M","?","$","M","?","E","R","M","T","E","?","R","$","E","R","B"],"character_chosen":"IRONCLAD","items_purchased":["Twin Strike","Bag of Marbles"],"campfire_rested":0,"item_purchase_floors":[3,13],"current_hp_per_floor":[74,81,81,82,82,82,82,75,75,57,57,57,57,53,53,0,0],"gold":29,"neow_bonus":"THREE_ENEMY_KILL","is_daily":false,"chose_seed":false,"campfire_upgraded":3,"win_rate":0.0,"timestamp":1611680072,"path_taken":["M","?","$","?","?","E","R","M","T","E","?","R","?","E","R","BOSS"],"items_purchased_type":["Card","Relic"],"build_version":"2020-12-22","purchased_purges":0,"victory":false,"max_hp_per_floor":[75,82,82,82,82,82,82,86,86,100,100,100,100,100,100,100,100],"card_choices":[{"not_picked":["Iron Wave","True Grit"],"picked":"Body Slam","floor":1},{"not_picked":["Havoc","Burning Pact"],"picked":"Flex","floor":4},{"not_picked":["Headbutt","Dropkick"],"picked":"Feed","floor":6},{"not_picked":["Dropkick","Twin Strike"],"picked":"Pummel","floor":8},{"not_picked":["Disarm","Flex"],"picked":"Fire Breathing","floor":10},{"not_picked":["Anger","Cleave"],"picked":"Spot Weakness","floor":14}],"player_experience":8590937,"relics_obtained":[{"floor":6,"key":"Bag of Preparation"},{"floor":9,"key":"Sundial"},{"floor":10,"key":"Pear"},{"floor":14,"key":"Frozen Egg 2"}],"event_choices":[{"damage_healed":0,"gold_gain":0,"player_choice":"Paid Gold","damage_taken":0,"relics_obtained":["Strawberry"],"max_hp_gain":0,"max_hp_loss":0,"event_name":"WeMeetAgain","floor":2,"gold_loss":53},{"damage_healed":0,"gold_gain":0,"player_choice":"Ignored","damage_taken":0,"max_hp_gain":0,"max_hp_loss":0,"event_name":"Liars Game","floor":5,"gold_loss":0},{"damage_healed":0,"gold_gain":0,"cards_transformed":["Strike_R"],"player_choice":"Change","damage_taken":0,"max_hp_gain":0,"max_hp_loss":0,"event_name":"Living Wall","floor":11,"gold_loss":0,"cards_obtained":["Berserk"]}],"is_beta":false,"boss_relics":[],"items_purged_floors":[],"is_endless":false,"potions_floor_spawned":[6,10],"killed_by":"The Guardian","ascension_level":20}}