{"host":"ew66i0vuc7r9fnl7","time":1611674584,"event":{"mods":["Arknights The Spire","BaseMod","DeckTracker","Minty Spire (QoL Compilation)","StSLib"],"gold_per_floor":[112,112,129,129,143,143,143,143,196,216,226,255,275,293,293,293,293],"floor_reached":16,"language":"KOR","playtime":381,"items_purged":[],"score":104,"play_id":"ddc81a67-c1a4-4927-8f26-3240959158cd","local_time":"20210127002304","is_ascension_mode":false,"campfire_choices":[{"data":"ats:Emotion Absorption","floor":6,"key":"SMITH"},{"data":"ats:Poison Spread","floor":8,"key":"SMITH"},{"data":"ats:Armor Crushing Shot","floor":15,"key":"SMITH"}],"circlet_count":0,"master_deck":["ats:Strike S","ats:Armor Crushing Shot+1","ats:Defend","ats:Defend","ats:Defend","ats:Defend","ats:Emotion Absorption+1","ats:Chain Hook","ats:Powerful Strike","ats:Poison Spread+1","ats:Assault Order","ats:Hook Shot"],"relics":["ats:Sanity","NeowsBlessing","ats:Originium","Mango"],"acts_visited":["Exordium"],"potions_floor_usage":[],"damage_taken":[{"damage":0,"enemies":"Small Slimes","floor":1,"turns":1},{"damage":0,"enemies":"Cultist","floor":3,"turns":1},{"damage":0,"enemies":"Jaw Worm","floor":5,"turns":1},{"damage":23,"enemies":"Lots of Slimes","floor":10,"turns":4},{"damage":8,"enemies":"3 Louse","floor":11,"turns":2},{"damage":22,"enemies":"Gremlin Nob","floor":12,"turns":4},{"damage":3,"enemies":"2 Fungi Beasts","floor":13,"turns":3},{"damage":7,"enemies":"Blue Slaver","floor":14,"turns":3},{"damage":12,"enemies":"Hexaghost","floor":16,"turns":4}],"seed_played":"8550965948884594244","potions_obtained":[{"floor":1,"key":"PowerPotion"},{"floor":3,"key":"DuplicationPotion"},{"floor":5,"key":"Strength Potion"}],"is_trial":false,"path_per_floor":["M","?","M","?","M","R","?","R","T","M","M","E","M","M","R","B"],"character_chosen":"DOCTOR_CLASS","items_purchased":[],"campfire_rested":0,"item_purchase_floors":[],"current_hp_per_floor":[72,65,65,65,65,65,65,65,65,42,34,26,23,16,16,4,4],"gold":293,"neow_bonus":"THREE_ENEMY_KILL","is_daily":false,"chose_seed":false,"campfire_upgraded":3,"win_rate":0.0,"timestamp":1611674584,"path_taken":["M","?","M","?","?","R","?","R","T","M","M","E","M","M","R","BOSS"],"items_purchased_type":[],"build_version":"2020-12-22","purchased_purges":0,"victory":false,"max_hp_per_floor":[72,72,72,72,72,72,72,72,72,72,72,86,86,86,86,86,86],"card_choices":[{"not_picked":["ats:Cat Scratch","ats:Serious Mode"],"picked":"ats:Chain Hook","floor":1},{"not_picked":["ats:Explosion Area Strengthen","ats:Absolute Focus"],"picked":"ats:Powerful Strike","floor":3},{"not_picked":["ats:Encircling Forest","ats:Guard Mode"],"picked":"ats:Poison Spread","floor":5},{"not_picked":["ats:Apocalypse","ats:Leaping Hammer","ats:Cat Scratch"],"picked":"SKIP","floor":10},{"not_picked":["ats:Poison Spread","ats:Curse Doll"],"picked":"ats:Assault Order","floor":11},{"not_picked":["ats:Calcification","ats:Cat Scratch","ats:Collapsing Strike"],"picked":"SKIP","floor":12},{"not_picked":["ats:Calcification","ats:Cat Scratch","ats:Collapsing Strike"],"picked":"SKIP","floor":12},{"not_picked":["ats:Assault Order","ats:Blood Oath"],"picked":"ats:Hook Shot","floor":13},{"not_picked":["ats:Apocalypse","ats:Sunburst","ats:Thermite Blade"],"picked":"SKIP","floor":14}],"player_experience":622853,"relics_obtained":[{"floor":12,"key":"ats:Originium"},{"floor":12,"key":"Mango"}],"event_choices":[{"cards_removed":["ats:Strike V"],"damage_healed":0,"gold_gain":0,"player_choice":"Card Removal","damage_taken":7,"max_hp_gain":0,"max_hp_loss":0,"event_name":"Golden Wing","floor":2,"gold_loss":0},{"cards_removed":["ats:Strike C"],"damage_healed":0,"gold_gain":0,"player_choice":"Purged","damage_taken":0,"max_hp_gain":0,"max_hp_loss":0,"event_name":"Purifier","floor":4,"gold_loss":0},{"cards_removed":["ats:Strike G"],"damage_healed":0,"gold_gain":0,"player_choice":"Offered Basic","damage_taken":0,"max_hp_gain":0,"max_hp_loss":0,"event_name":"Bonfire Elementals","floor":7,"gold_loss":0}],"is_beta":false,"boss_relics":[],"items_purged_floors":[],"is_endless":false,"potions_floor_spawned":[1,3,5,14],"killed_by":"Hexaghost","ascension_level":0}}