{"host":"8a3jzv7qxg3y7b6t","time":1611643239,"event":{"mods":["BaseMod","Better Third Choice","Downfall","Hermit","Minty Spire (QoL Compilation)","Relic Stats","StSLib","The Bug Knight","The Cursed"],"gold_per_floor":[118,218,235,410,410,439,458,474,474,486,511,511,522,555,555,657,657,676,688,702,183,197,231,156,167,192,192,219,219,246,123,123,224,224,240,258,114,114,124,124,152,0,54,54,80,80,80,96,96,96,96,96,56,82,82],"floor_reached":56,"language":"ENG","playtime":2663,"items_purged":["Normality"],"score":1779,"play_id":"0a9e6fce-4cbc-4172-b4e7-94f96cdebc86","local_time":"20210125224039","is_ascension_mode":true,"campfire_choices":[{"floor":12.0,"key":"RECALL"},{"data":"Accuracy","floor":15.0,"key":"SMITH"},{"data":"Caltrops","floor":29.0,"key":"SMITH"},{"data":"Caltrops","floor":32.0,"key":"SMITH"},{"data":"Riddle With Holes","floor":40.0,"key":"SMITH"},{"data":"Panacea","floor":44.0,"key":"SMITH"},{"data":"Skewer","floor":46.0,"key":"SMITH"},{"data":"Dash","floor":49.0,"key":"SMITH"},{"data":"Envenom","floor":52.0,"key":"SMITH"}],"circlet_count":0,"master_deck":["Strike_G","Strike_G","Strike_G","Strike_G","Defend_G","Defend_G","Defend_G","Defend_G","Defend_G","Survivor","Neutralize","Dodge and Roll","downfall:Icky","downfall:Bewildered","Die Die Die","downfall:Malfunctioning","Clumsy","Riddle With Holes+1","Doubt","Dagger Spray","Masterful Stab","Dagger Throw","Slice","Die Die Die","Accuracy+1","Corpse Explosion","Cloak And Dagger","Crippling Poison","Caltrops+1","Crippling Poison","Blade Dance","Slice+1","Clumsy","Footwork","Cloak And Dagger","Caltrops+1","Envenom+1","Slice+1","Slice","Panacea+1","Dagger Spray","Dash+1","Skewer+1","Dagger Spray","Accuracy","Noxious Fumes+1"],"relics":["Ring of the Serpent","Du-Vu Doll","Bronze Scales","Gremlin Horn","MealTicket","Paper Crane","Coffee Dripper","HollowMod:JonisBlessing","White Beast Statue","Mummified Hand","Toy Ornithopter","Ginger","Thread and Needle","Vajra","Dream Catcher","Red Mask","Bag of Marbles","Letter Opener","Anchor"],"acts_visited":["Exordium","TheCity","TheBeyond","TheEnding"],"potions_floor_usage":[55],"damage_taken":[{"damage":2.0,"enemies":"Cultist","floor":1.0,"turns":4.0},{"damage":7.0,"enemies":"Jaw Worm","floor":3.0,"turns":2.0},{"damage":10.0,"enemies":"3 Sentries","floor":6.0,"turns":6.0},{"damage":0.0,"enemies":"2 Louse","floor":7.0,"turns":1.0},{"damage":3.0,"enemies":"Blue Slaver","floor":8.0,"turns":3.0},{"damage":0.0,"enemies":"Large Slime","floor":10.0,"turns":2.0},{"damage":0.0,"enemies":"Lagavulin","floor":11.0,"turns":2.0},{"damage":0.0,"enemies":"Looter","floor":13.0,"turns":1.0},{"damage":0.0,"enemies":"Gremlin Nob","floor":14.0,"turns":2.0},{"damage":28.0,"enemies":"Hexaghost","floor":16.0,"turns":7.0},{"damage":12.0,"enemies":"Chosen","floor":18.0,"turns":3.0},{"damage":0.0,"enemies":"3 Byrds","floor":19.0,"turns":1.0},{"damage":25.0,"enemies":"Sentry and Sphere","floor":20.0,"turns":4.0},{"damage":0.0,"enemies":"Centurion and Healer","floor":22.0,"turns":2.0},{"damage":0.0,"enemies":"Gremlin Leader","floor":23.0,"turns":4.0},{"damage":0.0,"enemies":"Snake Plant","floor":25.0,"turns":2.0},{"damage":1.0,"enemies":"Book of Stabbing","floor":28.0,"turns":3.0},{"damage":0.0,"enemies":"Slavers","floor":30.0,"turns":2.0},{"damage":0.0,"enemies":"Automaton","floor":33.0,"turns":9.0},{"damage":0.0,"enemies":"Orb Walker","floor":35.0,"turns":3.0},{"damage":8.0,"enemies":"3 Darklings","floor":36.0,"turns":3.0},{"damage":21.0,"enemies":"Transient","floor":39.0,"turns":5.0},{"damage":0.0,"enemies":"Reptomancer","floor":41.0,"turns":4.0},{"damage":0.0,"enemies":"HollowMod:StalkingDevout","floor":45.0,"turns":5.0},{"damage":0.0,"enemies":"4 Shapes","floor":48.0,"turns":2.0},{"damage":19.0,"enemies":"Time Eater","floor":50.0,"turns":9.0},{"damage":59.0,"enemies":"Shield and Spear","floor":54.0,"turns":5.0},{"damage":90,"enemies":"The Heart","floor":55,"turns":8}],"seed_played":"3235888643997447221","potions_obtained":[{"floor":3.0,"key":"Guardian:BlockOnCardUsePotion"},{"floor":6.0,"key":"ColorlessPotion"},{"floor":13.0,"key":"LiquidBronze"},{"floor":14.0,"key":"Guardian:BlockOnCardUsePotion"},{"floor":18.0,"key":"Dexterity Potion"},{"floor":22.0,"key":"FairyPotion"},{"floor":23.0,"key":"sneckomod:MuddlingPotion"},{"floor":25.0,"key":"FairyPotion"},{"floor":28.0,"key":"Regen Potion"},{"floor":35.0,"key":"CultistPotion"}],"is_trial":false,"path_per_floor":["M","?","M","?","?","E","M","M","T","M","E","R","M","E","R","B",null,"M","M","M","$","M","E","?","M","T","?","E","R","E","$","R","B",null,"M","M","$","?","M","R","E","?","T","R","E","R","$","M","R","B",null,"R","$","E","B",null],"character_chosen":"THE_SILENT","items_purchased":["HollowMod:JonisBlessing","White Beast Statue","Caltrops","Cloak And Dagger","Caltrops","Vajra","Accuracy"],"campfire_rested":0,"item_purchase_floors":[21,21,21,31,31,37,53],"current_hp_per_floor":[75,80,73,73,70,60,60,57,57,57,57,57,57,57,57,29,82,70,70,45,60,60,60,60,60,60,60,59,59,59,74,74,74,82,82,74,82,82,61,61,61,61,61,61,61,61,76,76,76,57,82,82,82,23,17],"gold":82,"neow_bonus":"TEN_PERCENT_HP_BONUS","is_daily":false,"chose_seed":false,"campfire_upgraded":8,"win_rate":0.0,"timestamp":1611643239,"path_taken":["M","?","M","?","?","E","M","M","T","M","E","R","?","E","R","BOSS","M","M","M","$","M","E","?","M","T","?","E","R","E","$","R","BOSS","M","M","?","?","M","R","E","?","T","R","E","R","?","M","R","BOSS","R","$","E","BOSS"],"items_purchased_type":["Relic","Relic","Card","Card","Card","Relic","Card"],"build_version":"2020-12-22","purchased_purges":1,"victory":true,"max_hp_per_floor":[77,82,82,82,82,82,82,82,82,82,82,82,82,82,82,82,82,82,82,82,82,82,82,82,82,82,82,82,82,82,82,82,82,82,82,82,82,82,82,82,82,82,82,82,82,82,82,82,82,82,82,82,82,82,82],"relic_stats":{"Dream Catcher":0,"Gremlin Horn":[23,23],"counters":[28,104],"Mummified Hand":[51],"Bronze Scales":[317],"MealTicket":53,"Ginger":[9],"Letter Opener":[33],"obtain_stats":[{"Gremlin Horn":6,"HollowMod:JonisBlessing":21,"Vajra":37,"Thread and Needle":30,"Ginger":28,"Letter Opener":45,"Paper Crane":14,"White Beast Statue":21,"Du-Vu Doll":2,"Dream Catcher":41,"Anchor":54,"Mummified Hand":23,"Bronze Scales":5,"MealTicket":11,"Coffee Dripper":17,"Red Mask":42,"Bag of Marbles":43,"Toy Ornithopter":26,"Ring of the Serpent":34,"Ring of the Snake":0},{"Gremlin Horn":3,"HollowMod:JonisBlessing":13,"Vajra":21,"Thread and Needle":18,"Ginger":17,"Letter Opener":24,"Paper Crane":9,"White Beast Statue":13,"Du-Vu Doll":1,"Dream Catcher":23,"Anchor":27,"Mummified Hand":15,"Bronze Scales":2,"MealTicket":7,"Coffee Dripper":10,"Red Mask":23,"Bag of Marbles":23,"Toy Ornithopter":16,"Ring of the Serpent":19,"Ring of the Snake":0},{"Gremlin Horn":12,"HollowMod:JonisBlessing":38,"Vajra":66,"Thread and Needle":51,"Ginger":49,"Letter Opener":80,"Paper Crane":23,"White Beast Statue":38,"Du-Vu Doll":4,"Dream Catcher":75,"Anchor":96,"Mummified Hand":44,"Bronze Scales":6,"MealTicket":20,"Coffee Dripper":30,"Red Mask":75,"Bag of Marbles":75,"Toy Ornithopter":46,"Ring of the Serpent":60,"Ring of the Snake":0}],"Toy Ornithopter":0},"card_choices":[{"not_picked":["Backflip","Bouncing Flask"],"picked":"Dodge and Roll","floor":1.0},{"not_picked":["Acrobatics","Quick Slash"],"picked":"Riddle With Holes","floor":3.0},{"not_picked":["PiercingWail","Predator"],"picked":"Dagger Spray","floor":6.0},{"not_picked":["Quick Slash","Bane"],"picked":"Masterful Stab","floor":7.0},{"not_picked":["Deadly Poison","Bane"],"picked":"Dagger Throw","floor":8.0},{"not_picked":["Blur","Finisher"],"picked":"Slice","floor":10.0},{"not_picked":["Deadly Poison","Deflect"],"picked":"Die Die Die","floor":11.0},{"not_picked":["Dagger Throw","Backflip","Dodge and Roll"],"picked":"SKIP","floor":13.0},{"not_picked":["Dagger Throw","Eviscerate"],"picked":"Accuracy","floor":14.0},{"not_picked":["Tools of the Trade","Adrenaline"],"picked":"Corpse Explosion","floor":16.0},{"not_picked":["Tactician","Poisoned Stab"],"picked":"Cloak And Dagger","floor":18.0},{"not_picked":["Bane","Concentrate","Heel Hook"],"picked":"SKIP","floor":19.0},{"not_picked":["Sucker Punch","Prepared"],"picked":"Crippling Poison","floor":20.0},{"not_picked":["Slice","Acrobatics+1"],"picked":"Crippling Poison","floor":22.0},{"not_picked":["Deflect","Bane"],"picked":"Blade Dance","floor":23.0},{"not_picked":["Bane+1","Dagger Throw"],"picked":"Slice+1","floor":25.0},{"not_picked":["Underhanded Strike","Escape Plan","Eviscerate"],"picked":"SKIP","floor":28.0},{"not_picked":["Malaise","Bane+1"],"picked":"Footwork","floor":30.0},{"not_picked":["Adrenaline","Phantasmal Killer"],"picked":"Envenom","floor":33.0},{"not_picked":["Deadly Poison","Backflip+1"],"picked":"Slice+1","floor":35.0},{"not_picked":["Acrobatics","Blade Dance"],"picked":"Slice","floor":36.0},{"not_picked":["Discovery","Master of Strategy"],"picked":"Panacea","floor":38.0},{"not_picked":["Quick Slash","Concentrate"],"picked":"Dagger Spray","floor":39.0},{"not_picked":["Backflip","Distraction"],"picked":"Dash","floor":41.0},{"not_picked":["Cloak And Dagger+1","Flying Knee"],"picked":"Skewer","floor":45.0},{"not_picked":["Outmaneuver","All Out Attack+1"],"picked":"Dagger Spray","floor":48.0},{"not_picked":["Poisoned Stab","Wraith Form v2"],"picked":"Noxious Fumes+1","floor":54.0}],"player_experience":626004,"relics_obtained":[{"floor":6.0,"key":"Gremlin Horn"},{"floor":11.0,"key":"MealTicket"},{"floor":14.0,"key":"Paper Crane"},{"floor":23.0,"key":"Mummified Hand"},{"floor":26.0,"key":"Toy Ornithopter"},{"floor":28.0,"key":"Ginger"},{"floor":30.0,"key":"Thread and Needle"},{"floor":41.0,"key":"Dream Catcher"},{"floor":43.0,"key":"Bag of Marbles"},{"floor":45.0,"key":"Letter Opener"},{"floor":54.0,"key":"Anchor"}],"event_choices":[{"damage_healed":0.0,"max_hp_gain":0.0,"max_hp_loss":0.0,"gold_gain":175.0,"event_name":"betterThird:BetterSerpent","player_choice":"AGREE","floor":4.0,"gold_loss":0.0,"damage_taken":235.0},{"damage_healed":0.0,"max_hp_gain":0.0,"max_hp_loss":0.0,"gold_gain":0.0,"event_name":"betterThird:BetterScrap","player_choice":"Relic ","floor":5.0,"gold_loss":0.0,"damage_taken":3.0,"cards_obtained":["FTL"]},{"cards_removed":["Strike_G"],"damage_healed":0.0,"max_hp_gain":0.0,"max_hp_loss":0.0,"gold_gain":0.0,"event_name":"Beggar","player_choice":"Gave Gold","floor":24.0,"gold_loss":75.0,"damage_taken":0.0},{"damage_healed":0.0,"max_hp_gain":0.0,"max_hp_loss":0.0,"gold_gain":0.0,"event_name":"Duplicator","player_choice":"Copied","floor":27.0,"gold_loss":0.0,"damage_taken":0.0,"cards_obtained":["Clumsy"]},{"damage_healed":0.0,"max_hp_gain":0.0,"max_hp_loss":0.0,"gold_gain":0.0,"event_name":"SensoryStone","player_choice":"Memory 1","floor":38.0,"gold_loss":0.0,"damage_taken":0.0},{"damage_healed":0.0,"max_hp_gain":0.0,"max_hp_loss":0.0,"gold_gain":0.0,"event_name":"Tomb of Lord Red Mask","player_choice":"Paid","floor":42.0,"gold_loss":152.0,"damage_taken":0.0,"relics_obtained":["Red Mask"]}],"is_beta":false,"boss_relics":[{"not_picked":["Astrolabe","bronze:MakeshiftBattery"],"picked":"Coffee Dripper"},{"not_picked":["Tiny House","Pandora\u0027s Box"],"picked":"Ring of the Serpent"}],"items_purged_floors":[21],"is_endless":false,"potions_floor_spawned":[3,6,13,14,18,22,23,25,28,30,33,35,36,39,41,45,48,54],"ascension_level":2}}