{"host":"l4jj3li0klahglqo","time":1611629786,"event":{"mods":["BaseMod","Conspire","Hubris","Infinite Spire","Minty Spire (QoL Compilation)","Quick Restart","Replay The Spire","Shop Mod","StSLib","The Animator"],"gold_per_floor":[113,126,143,158,158,158,158],"floor_reached":6,"language":"ENG","playtime":326,"items_purged":[],"score":55,"play_id":"24e598bc-d98f-4d19-8c3d-8b24f7c46987","local_time":"20210125205626","is_ascension_mode":true,"campfire_choices":[],"circlet_count":0,"master_deck":["Strike_R","Strike_R","Strike_R","Strike_R","Strike_R","Defend_R","Defend_R","Defend_R","Defend_R","Bash","Replay:Undeath\u0027s Touch","ReplayTheSpireMod:Corrosion Curse","Inflame","Sword Boomerang"],"relics":["Burning Blood","hubris:MysteriousPyramids"],"acts_visited":["Exordium"],"potions_floor_usage":[3,4],"damage_taken":[{"damage":4,"enemies":"Small Slimes","floor":1,"turns":4},{"damage":24,"enemies":"Jaw Worm","floor":2,"turns":5},{"damage":0,"enemies":"Cultist","floor":3,"turns":4},{"damage":13,"enemies":"Large Slime","floor":4,"turns":6},{"damage":19,"enemies":"Replay:BlueRogue","floor":6,"turns":4}],"seed_played":"3940631161570685334","potions_obtained":[{"floor":1,"key":"Energy Potion"},{"floor":2,"key":"Energy Potion"}],"is_trial":false,"path_per_floor":["M","M","M","M","?","E"],"character_chosen":"IRONCLAD","items_purchased":[],"campfire_rested":0,"item_purchase_floors":[],"current_hp_per_floor":[82,64,70,63,45,26,26],"gold":158,"neow_bonus":"TEN_PERCENT_HP_BONUS","is_daily":false,"chose_seed":false,"campfire_upgraded":0,"win_rate":0.0,"timestamp":1611629786,"path_taken":["M","M","M","M","?","E"],"items_purchased_type":[],"build_version":"2020-12-22","purchased_purges":0,"victory":false,"max_hp_per_floor":[88,88,88,88,88,88,88],"card_choices":[{"not_picked":["ReplayReversal","Massacre"],"picked":"Replay:Undeath\u0027s Touch","floor":1},{"not_picked":["Massacre","Fire Breathing"],"picked":"ReplayTheSpireMod:Corrosion Curse","floor":2},{"not_picked":["Replay:Undeath\u0027s Touch","Body Slam"],"picked":"Inflame","floor":3},{"not_picked":["Pommel Strike","Shrug It Off"],"picked":"Sword Boomerang","floor":4}],"player_experience":1186001,"relics_obtained":[],"event_choices":[{"damage_healed":0,"gold_gain":0,"player_choice":"Success","damage_taken":18,"relics_obtained":["hubris:MysteriousPyramids"],"max_hp_gain":0,"max_hp_loss":0,"event_name":"Scrap Ooze","floor":5,"gold_loss":0}],"is_beta":false,"boss_relics":[],"items_purged_floors":[],"is_endless":false,"potions_floor_spawned":[1,2],"killed_by":"Replay:BlueRogue","ascension_level":9}}