{"host":"4atjpfa3b4v97p31","time":1611648901,"event":{"mods":["AchievementEnabler","Act Like it!","BaseMod","BetterRewards","Colored Map","Downfall","Friendly Minions","Minty Spire (QoL Compilation)","Shop Mod","StSLib","The Animator"],"gold_per_floor":[99,109,259,259,270,287,287,304,204,100,100,110,20,20,36,139,139,139,139,149,163,181,181,181,181],"floor_reached":23,"language":"ZHS","playtime":1609,"items_purged":["downfall:Malfunctioning"],"score":185,"play_id":"5cbe2a84-dd8e-411d-a46e-a5a232d1104a","local_time":"20210126161501","is_ascension_mode":false,"campfire_choices":[{"floor":1.0,"key":"RECALL"},{"data":"champ:GutPunch","floor":9.0,"key":"SMITH"},{"data":"expansioncontent:Chronoboost","floor":11.0,"key":"SMITH"},{"data":"champ:ShieldWall","floor":18.0,"key":"SMITH"}],"circlet_count":0,"master_deck":["champ:Strike","champ:Strike","champ:Strike","champ:Strike","champ:Defend","champ:Defend","champ:Defend","champ:Defend","champ:Execute+1","champ:Taunt+1","champ:StanceDance+1","downfall:Icky","champ:Backstep","champ:GutPunch+1","champ:Endure","champ:RapidStrikes","expansioncontent:Chronoboost+1","champ:ShieldWall+1","champ:Encircle","champ:LastStand","champ:FlashCut","champ:DefensiveShout","champ:CrookedStrike+1"],"relics":["champ:ChampionCrown","Shuriken","downfall:HeartBlessingRed","Black Star"],"acts_visited":["Exordium","TheCity"],"potions_floor_usage":[20,23],"damage_taken":[{"damage":10.0,"enemies":"Cultist","floor":2.0,"turns":3.0},{"damage":10.0,"enemies":"2 Louse","floor":5.0,"turns":3.0},{"damage":10.0,"enemies":"Jaw Worm","floor":6.0,"turns":2.0},{"damage":19.0,"enemies":"Gremlin Gang","floor":8.0,"turns":5.0},{"damage":15.0,"enemies":"downfall:FleeingMerchant","floor":10.0,"turns":4.0},{"damage":18.0,"enemies":"Red Slaver","floor":12.0,"turns":3.0},{"damage":15.0,"enemies":"downfall:FleeingMerchant","floor":13.0,"turns":4.0},{"damage":10.0,"enemies":"Blue Slaver","floor":15.0,"turns":2.0},{"damage":58.0,"enemies":"SI_SHIV_ARCHETYPE","floor":16.0,"turns":7.0},{"damage":0.0,"enemies":"3 Byrds","floor":19.0,"turns":1.0},{"damage":5,"enemies":"Chosen","floor":20,"turns":2},{"damage":13,"enemies":"Snecko","floor":21,"turns":5},{"damage":44,"enemies":"Snake Plant","floor":22,"turns":5},{"damage":65,"enemies":"Book of Stabbing","floor":23,"turns":7}],"seed_played":"-9162579518327962142","potions_obtained":[{"floor":2.0,"key":"SmokeBomb"},{"floor":12.0,"key":"Energy Potion"},{"floor":15.0,"key":"FearPotion"},{"floor":16.0,"key":"SteroidPotion"},{"floor":22,"key":"Weak Potion"}],"is_trial":false,"path_per_floor":["R","M","?","?","M","M","T","M","R","$","R","M","$","?","M","B",null,"R","M","M","M","M","E"],"character_chosen":"THE_CHAMP","items_purchased":["expansioncontent:Chronoboost"],"campfire_rested":0,"item_purchase_floors":[10],"current_hp_per_floor":[99,99,99,99,99,99,99,95,95,95,95,87,87,87,87,69,99,99,99,94,91,67,12,12,12],"gold":181,"neow_bonus":"TEN_PERCENT_HP_BONUS","is_daily":false,"chose_seed":false,"campfire_upgraded":3,"win_rate":0.0,"timestamp":1611648901,"path_taken":["R","M","?","?","?","?","T","M","R","$","R","M","?","?","M","BOSS","R","M","M","M","?","E"],"items_purchased_type":["Card"],"build_version":"2020-12-22","purchased_purges":1,"victory":false,"max_hp_per_floor":[99,99,99,99,99,99,99,99,99,99,99,99,99,99,99,99,99,99,99,99,99,99,99,99,99],"card_choices":[{"not_picked":["champ:PreemptiveStrike","champ:GutPunch"],"picked":"champ:StanceDance","floor":2.0},{"not_picked":["champ:CrookedStrike","champ:FanOfKnives"],"picked":"champ:Backstep","floor":5.0},{"not_picked":["champ:Encircle","champ:Parry"],"picked":"champ:GutPunch","floor":6.0},{"not_picked":["champ:Shatter","champ:DefensiveShout"],"picked":"champ:Endure","floor":8.0},{"not_picked":["champ:Haymaker","champ:FalseCounter"],"picked":"champ:RapidStrikes","floor":10.0},{"not_picked":["champ:FaceSlap","champ:StanceDance"],"picked":"champ:ShieldWall","floor":12.0},{"not_picked":["champ:CrownThrow","champ:FlashCut","champ:TornadoPunch"],"picked":"SKIP","floor":13.0},{"not_picked":["champ:GutPunch","champ:CrownThrow"],"picked":"champ:Encircle","floor":15.0},{"not_picked":["champ:IgnorePain","champ:SwordThrow"],"picked":"champ:LastStand","floor":16.0},{"not_picked":["champ:Backstep+1","champ:Shatter"],"picked":"champ:FlashCut","floor":20},{"not_picked":["champ:SetATrap","champ:Haymaker"],"picked":"champ:DefensiveShout","floor":21},{"not_picked":["champ:FlashCut+1","champ:EnGarde"],"picked":"champ:CrookedStrike+1","floor":22}],"player_experience":789277,"relics_obtained":[{"floor":7.0,"key":"Shuriken"}],"event_choices":[{"damage_healed":0.0,"max_hp_gain":0.0,"max_hp_loss":0.0,"gold_gain":0.0,"event_name":"NoteForYourself","player_choice":"Ignored","floor":14.0,"gold_loss":0.0,"damage_taken":0.0}],"is_beta":false,"boss_relics":[{"not_picked":["Philosopher\u0027s Stone","Cursed Key"],"picked":"Black Star"}],"items_purged_floors":[13],"is_endless":false,"potions_floor_spawned":[2,12,15,16,19,22],"killed_by":"Book of Stabbing","ascension_level":0}}