{"host":"1v40mr5lzhkzagea","time":1611670871,"event":{"mods":["Arknights The Spire","BaseMod","Dota2Spire","Downfall","Hunter 猎人","Lobotomy","Minty Spire (QoL Compilation)","Replay The Spire","Robot Space Explorer","Spicy Shops","StSLib","TestMod","The Blackbeard","The Construct","The Marked","[IsaacMod]以撒尖塔"],"gold_per_floor":[99,118,43,62,62,89,89,100,118,68,79,79,29,45,61,166,166,16,35,20,30,30,44,44,44,63,75,95,22,22,39,51,156,156,6,25,42,42,42,42,121,137,41,57,67,119,138,156,171,171,171,171],"floor_reached":50,"language":"ZHS","playtime":2493,"items_purged":[],"score":506,"play_id":"17499d82-3758-4dae-bab0-6c4b58706de2","local_time":"20210126222111","is_ascension_mode":false,"campfire_choices":[{"floor":1,"key":"RECALL"},{"floor":10,"key":"REST"},{"data":"Slimebound:Split","floor":13,"key":"SMITH"},{"data":"Slimebound:MassRepurpose","floor":30,"key":"SMITH"},{"data":"Slimebound:GoopSpray","floor":35,"key":"SMITH"},{"floor":40,"key":"REST"}],"circlet_count":0,"master_deck":["Slimebound:Strike_Slimebound","Slimebound:Strike_Slimebound","Slimebound:Strike_Slimebound","Slimebound:Tackle","Slimebound:Defend_Slimebound","Slimebound:Defend_Slimebound","Slimebound:Defend_Slimebound","Slimebound:Defend_Slimebound","Slimebound:Split+1","Slimebound:CorrosiveSpit","Delirium","Slimebound:SplitMire","Slimebound:SlimeSpikes+1","Slimebound:MassRepurpose+1","Slimebound:SplitBruiser","Slimebound:SplitBruiser","Slimebound:RainOfGoop","Slimebound:GoopSpray+1","Slimebound:MegaLick","Slimebound:MassFeed","Slimebound:Nibble","Slimebound:PressTheAttack","Slimebound:LeadByExample","Slimebound:MassRepurpose","Slimebound:FirmFortitude","Writhe","Slimebound:RollThrough+1","Slimebound:SlimeTap","Slimebound:AcidTongue+1","Slimebound:Schlurp+1","Slimebound:LeechingTouch+1","Slimebound:Prepare","Slimebound:SelfFormingGoo","Slimebound:GoopSpray+1","Slimebound:SlimeSpikes+1","Slimebound:Equalize+1","testmod-HeadAttack","Slimebound:Repurpose","Slimebound:LivingWall","Slimebound:GoopTackle+1","Slimebound:PressTheAttack","Slimebound:FormOfPuddle","Slimebound:SlimeSpikes+1"],"relics":["Slimebound:AbsorbEndCombat","testmod-TestBox","HowToJump","testmod-Laevatain","Slimebound:GreedOozeRelic","BFFS","Letter Opener","Empty Cage","MyShadow","GuppysTail","downfall:HeartBlessingRed","ReplayTheSpireMod:Ninjato","Dota2Spire:BattleFury","Lee\u0027s Waffle","Ring of Chaos","downfall:HeartBlessingBlue","testmod-TestBox","GnawedLeaf","Dead Branch"],"acts_visited":["Exordium","TheCity","TheBeyond"],"potions_floor_usage":[6,6,16,16,26,27,28,33,33,42,50,50,50,50,50],"damage_taken":[{"damage":9,"enemies":"Jaw Worm","floor":2,"turns":2},{"damage":1,"enemies":"Cultist","floor":4,"turns":3},{"damage":28,"enemies":"3 Sentries","floor":6,"turns":7},{"damage":0,"enemies":"Small Slimes","floor":8,"turns":3},{"damage":5,"enemies":"Gremlin Gang","floor":9,"turns":3},{"damage":6,"enemies":"Exordium Wildlife","floor":11,"turns":3},{"damage":13,"enemies":"Lots of Slimes","floor":14,"turns":3},{"damage":0,"enemies":"Large Slime","floor":15,"turns":3},{"damage":6,"enemies":"DF_ARCHETYPE_STREAMLINE","floor":16,"turns":6},{"damage":0,"enemies":"Shell Parasite","floor":19,"turns":3},{"damage":2,"enemies":"downfall:FleeingMerchant","floor":20,"turns":4},{"damage":1,"enemies":"Chosen","floor":21,"turns":3},{"damage":0,"enemies":"Shelled Parasite and Fungi","floor":23,"turns":2},{"damage":0,"enemies":"Snake Plant","floor":26,"turns":2},{"damage":15,"enemies":"Centurion and Healer","floor":27,"turns":3},{"damage":11,"enemies":"Sentry and Sphere","floor":28,"turns":3},{"damage":8,"enemies":"downfall:FleeingMerchant","floor":29,"turns":4},{"damage":8,"enemies":"Snecko","floor":31,"turns":3},{"damage":9,"enemies":"Shelled Parasite and Fungi","floor":32,"turns":2},{"damage":33,"enemies":"IC_MUSHROOM_ARCHETYPE","floor":33,"turns":5},{"damage":21,"enemies":"3 Darklings","floor":36,"turns":4},{"damage":3,"enemies":"3 Shapes","floor":37,"turns":2},{"damage":22,"enemies":"Maw","floor":42,"turns":6},{"damage":13,"enemies":"3 Darklings","floor":44,"turns":3},{"damage":17,"enemies":"Transient","floor":45,"turns":5},{"damage":32,"enemies":"2 Orb Walkers","floor":46,"turns":4},{"damage":5,"enemies":"4 Shapes","floor":47,"turns":2},{"damage":25,"enemies":"Sphere and 2 Shapes","floor":48,"turns":4},{"damage":0,"enemies":"Maw","floor":49,"turns":5},{"damage":67,"enemies":"SI_POISON_ARCHETYPE","floor":50,"turns":4}],"seed_played":"-3069038283188922884","potions_obtained":[{"floor":2,"key":"testmod-SpacePotion"},{"floor":5,"key":"Slimebound:ThreeZeroPotion"},{"floor":5,"key":"testmod-SpacePotion"},{"floor":9,"key":"LifebloodPotion"},{"floor":11,"key":"Dexterity Potion"},{"floor":16,"key":"AttackPotion"},{"floor":21,"key":"Fruit Juice"},{"floor":23,"key":"EssenceOfSteel"},{"floor":27,"key":"LiquidBronze"},{"floor":32,"key":"construct:ShiftPotion"},{"floor":33,"key":"bronze:BurnAndBuffPotion"},{"floor":36,"key":"BlessingOfTheForge"},{"floor":47,"key":"champ:CounterPotion"},{"floor":48,"key":"DistilledChaos"},{"floor":49,"key":"SteroidPotion"}],"is_trial":false,"path_per_floor":["R","M","?","M","?","E","T","M","M","R","M","?","R","M","M","B",null,"R","M","$","M","?","M","T","?","M","M","M","$","R","M","M","B",null,"R","M","M","$","?","R","T","M","$","M","M","?","M","M","M","B"],"character_chosen":"SLIMEBOUND","items_purchased":["MyShadow","GuppysTail","Dota2Spire:BattleFury","Lee\u0027s Waffle","testmod-HeadAttack"],"campfire_rested":2,"item_purchase_floors":[17,17,29,29,43],"current_hp_per_floor":[71,62,62,63,63,41,41,43,40,61,57,57,57,44,46,48,49,49,49,49,49,49,49,49,49,49,47,40,61,61,57,52,27,61,71,55,54,54,54,71,71,57,57,64,63,39,54,35,49,0,0,0],"gold":171,"neow_bonus":"TEN_PERCENT_HP_BONUS","is_daily":false,"chose_seed":false,"campfire_upgraded":3,"win_rate":0.0,"timestamp":1611670871,"path_taken":["R","M","?","M","?","E","T","?","M","R","M","?","R","M","M","BOSS","R","M","$","M","?","M","T","?","M","M","M","$","R","M","M","BOSS","R","M","M","$","?","R","T","M","$","M","?","?","M","M","M","BOSS"],"items_purchased_type":["Relic","Relic","Relic","Relic","Card"],"build_version":"2020-12-22","purchased_purges":0,"victory":false,"max_hp_per_floor":[71,71,71,71,71,71,71,71,71,71,71,71,71,71,71,71,49,49,49,49,49,49,49,49,49,49,54,54,61,61,61,61,61,61,71,71,71,71,71,71,71,71,71,71,71,71,71,71,71,71,71,71],"card_choices":[{"not_picked":[],"picked":"ChaosCard","floor":0},{"not_picked":["Slimebound:MegaLick","Slimebound:ProtectTheBoss"],"picked":"Slimebound:SplitMire","floor":2},{"not_picked":["Slimebound:SamplingLick","Bomb"],"picked":"Slimebound:SlimeSpikes","floor":4},{"not_picked":["Slimebound:SlimeSpikes","Slimebound:LeechLife"],"picked":"Slimebound:MassRepurpose","floor":6},{"not_picked":["Slimebound:BestDefense","Slimebound:Dissolve"],"picked":"Slimebound:SplitBruiser","floor":8},{"not_picked":["Slimebound:LeechEnergy","Slimebound:Schlurp"],"picked":"Slimebound:SplitBruiser","floor":9},{"not_picked":["Slimebound:Grow","Slimebound:FinishingTackle"],"picked":"Slimebound:RainOfGoop","floor":11},{"not_picked":["Slimebound:SplitMire","Slimebound:SlimeTap"],"picked":"Slimebound:GoopSpray","floor":14},{"not_picked":["Slimebound:LeechEnergy","Slimebound:SplitMire"],"picked":"Slimebound:MegaLick","floor":15},{"not_picked":["Slimebound:MinionMaster","Slimebound:SelfFormingGoo"],"picked":"Slimebound:MassFeed","floor":16},{"not_picked":["Slimebound:MegaLick","Slimebound:SlimeSpikes"],"picked":"Slimebound:Nibble","floor":19},{"not_picked":["Slimebound:SamplingLick","Slimebound:SlimeSpikes"],"picked":"Slimebound:PressTheAttack","floor":20},{"not_picked":["Slimebound:SplitLeeching+1","Slimebound:SplitAcid"],"picked":"Slimebound:LeadByExample","floor":21},{"not_picked":["Slimebound:LeechEnergy","Slimebound:SamplingLick"],"picked":"Slimebound:FirmFortitude","floor":23},{"not_picked":["Slimebound:SplitMire","Slimebound:Grow"],"picked":"Slimebound:RollThrough+1","floor":26},{"not_picked":["Slimebound:ComboTackle","Slimebound:Prepare"],"picked":"Slimebound:SlimeTap","floor":27},{"not_picked":["Slimebound:HauntingLick+1","Slimebound:LivingWall"],"picked":"Slimebound:AcidTongue+1","floor":28},{"not_picked":["Slimebound:ItLooksTasty","Slimebound:SplitAcid+1"],"picked":"Slimebound:Schlurp+1","floor":29},{"not_picked":["Slimebound:Prepare","Slimebound:SplitMire"],"picked":"Slimebound:LeechingTouch+1","floor":31},{"not_picked":["Slimebound:LeechEnergy","Slimebound:RejuvenatingLick"],"picked":"Slimebound:Prepare","floor":32},{"not_picked":["Slimebound:MinionMaster","Slimebound:WasteNot"],"picked":"Slimebound:SelfFormingGoo","floor":33},{"not_picked":["Slimebound:LeechEnergy","Slimebound:FinishingTackle"],"picked":"Slimebound:GoopSpray+1","floor":36},{"not_picked":["Slimebound:ViciousTackle+1","Slimebound:FinishingTackle"],"picked":"Slimebound:SlimeSpikes+1","floor":37},{"not_picked":["Slimebound:Grow","Slimebound:ItLooksTasty+1"],"picked":"Slimebound:Equalize+1","floor":42},{"not_picked":["Slimebound:Replication+1","Slimebound:LeechingTouch+1"],"picked":"Slimebound:Repurpose","floor":44},{"not_picked":["Slimebound:SlimeBrawl+1","Slimebound:SamplingLick+1"],"picked":"Slimebound:LivingWall","floor":45},{"not_picked":["Slimebound:FinishingTackle","Slimebound:SlimeSlap"],"picked":"Slimebound:GoopTackle+1","floor":46},{"not_picked":["Slimebound:FinishingTackle","Slimebound:LeechEnergy"],"picked":"Slimebound:PressTheAttack","floor":47},{"not_picked":["Slimebound:SlimeBarrage+1","Slimebound:ComboTackle"],"picked":"Slimebound:FormOfPuddle","floor":48},{"not_picked":["Slimebound:LivingWall+1","Slimebound:LeechEnergy"],"picked":"Slimebound:SlimeSpikes+1","floor":49}],"player_experience":69884,"relics_obtained":[{"floor":6,"key":"BFFS"},{"floor":7,"key":"Letter Opener"},{"floor":41,"key":"GnawedLeaf"},{"floor":46,"key":"Dead Branch"}],"event_choices":[{"damage_healed":0,"gold_gain":0,"player_choice":"Got Potions","damage_taken":0,"max_hp_gain":0,"max_hp_loss":0,"event_name":"Lab","floor":5,"gold_loss":0},{"damage_healed":0,"gold_gain":0,"player_choice":"Swap Relic","damage_taken":0,"relics_obtained":["testmod-TestBox"],"max_hp_gain":0,"max_hp_loss":0,"event_name":"给自己的盒子","floor":39,"relics_lost":["HushsDoor"],"gold_loss":0},{"damage_healed":0,"gold_gain":0,"player_choice":"Fight","damage_taken":0,"max_hp_gain":0,"max_hp_loss":0,"event_name":"Mysterious Sphere","floor":46,"gold_loss":0}],"is_beta":false,"boss_relics":[{"not_picked":["Cursed Key","Replay:Wanted Poster"],"picked":"Empty Cage"},{"not_picked":[]},{"not_picked":["Philosopher\u0027s Stone","Busted Crown"],"picked":"Ring of Chaos"},{"not_picked":[]}],"items_purged_floors":[],"is_endless":false,"potions_floor_spawned":[2,9,11,16,21,23,27,32,33,36,47,48,49],"killed_by":"SI_POISON_ARCHETYPE","ascension_level":0}}