{"host":"qq27suot6m8koe0b","time":1611672046,"event":{"mods":["Act Like it!","BaseMod","CapriCore","Downfall","GifTheSpireLib","Minty Spire (QoL Compilation)","StSLib"],"gold_per_floor":[99,99,274,78,78,112,112,127,137,156,41,74,74,99,119,119,119,119],"floor_reached":16,"language":"ZHS","playtime":538,"items_purged":["Regret","Doubt"],"score":143,"play_id":"d7b55c83-4767-4ec8-abeb-17c3cd3d976b","local_time":"20210126224046","is_ascension_mode":false,"campfire_choices":[{"floor":1,"key":"RECALL"},{"data":"bronze:Verify","floor":13,"key":"SMITH"}],"circlet_count":0,"master_deck":["bronze:Strike","bronze:Strike","bronze:Strike","bronze:Strike","bronze:Defend","bronze:Defend","bronze:Defend","bronze:Defend","bronze:Replicate","bronze:Goto","bronze:AlphaBuild","bronze:BronzeOrb","bronze:DelayedSlice","bronze:GetLatest","bronze:Verify+1","bronze:ForceShield","bronze:WhirlingStrike","bronze:Terminator","bronze:ClassDefault+1","bronze:DigitalCarnage","bronze:AlphaBuild"],"relics":["bronze:BronzeCore","downfall:HeartsMalice","Shovel","StrikeDummy","Frozen Egg 2","Toxic Egg 2","InkBottle"],"acts_visited":["Exordium"],"potions_floor_usage":[14],"damage_taken":[{"damage":0,"enemies":"downfall:FleeingMerchant","floor":4,"turns":1},{"damage":0,"enemies":"Jaw Worm","floor":5,"turns":1},{"damage":0,"enemies":"Gremlin Nob","floor":6,"turns":1},{"damage":0,"enemies":"Small Slimes","floor":8,"turns":2},{"damage":5,"enemies":"Cultist","floor":9,"turns":4},{"damage":7,"enemies":"Exordium Thugs","floor":10,"turns":4},{"damage":5,"enemies":"downfall:FleeingMerchant","floor":11,"turns":4},{"damage":30,"enemies":"Lagavulin","floor":12,"turns":6},{"damage":51,"enemies":"Gremlin Nob","floor":14,"turns":5},{"damage":5,"enemies":"Red Slaver","floor":15,"turns":3},{"damage":17,"enemies":"SI_SHIV_ARCHETYPE","floor":16,"turns":6}],"seed_played":"1739836857207541054","potions_obtained":[{"floor":6,"key":"FairyPotion"},{"floor":8,"key":"ColorlessPotion"},{"floor":9,"key":"SmokeBomb"},{"floor":10,"key":"FairyPotion"},{"floor":14,"key":"bronze:BuildAFunctionPotion"}],"is_trial":false,"path_per_floor":["R","?","?","$","M","E","T","M","M","M","$","E","R","E","M","B"],"character_chosen":"THE_AUTOMATON","items_purchased":["bronze:BronzeOrb","bronze:DelayedSlice"],"campfire_rested":0,"item_purchase_floors":[4,4],"current_hp_per_floor":[70,70,70,70,70,70,70,70,65,58,53,23,23,21,16,0,0,0],"gold":119,"neow_bonus":"THREE_ENEMY_KILL","is_daily":false,"chose_seed":false,"campfire_upgraded":1,"win_rate":0.0,"timestamp":1611672046,"path_taken":["R","?","?","$","M","E","T","M","?","M","?","E","R","E","M","BOSS"],"items_purchased_type":["Card","Card"],"build_version":"2020-12-22","purchased_purges":2,"victory":false,"max_hp_per_floor":[70,70,70,70,70,70,70,70,70,70,70,70,70,70,70,70,70,70],"card_choices":[{"not_picked":["bronze:Turbo","bronze:Branch"],"picked":"bronze:AlphaBuild","floor":4},{"not_picked":["bronze:InfiniteBeams","bronze:ForLoop"],"picked":"bronze:GetLatest","floor":5},{"not_picked":["bronze:Refactor","bronze:MaxOutput"],"picked":"bronze:Verify","floor":6},{"not_picked":["bronze:BitShift","bronze:CutThrough","bronze:BugBarrage"],"picked":"SKIP","floor":8},{"not_picked":["bronze:Turbo","bronze:ForceShield","bronze:Safeguard"],"picked":"SKIP","floor":9},{"not_picked":["bronze:Turbo","bronze:Safeguard"],"picked":"bronze:ForceShield","floor":9},{"not_picked":["bronze:DelayedGuard","bronze:BitShift"],"picked":"bronze:WhirlingStrike","floor":10},{"not_picked":["bronze:BuggyMess","bronze:FineTuning"],"picked":"bronze:Terminator","floor":11},{"not_picked":["bronze:BitShift+1","bronze:CutThrough"],"picked":"bronze:ClassDefault+1","floor":12},{"not_picked":["bronze:WhirlingStrike","bronze:ItsAFeature+1"],"picked":"bronze:DigitalCarnage","floor":14},{"not_picked":["bronze:Deprecate+1","bronze:ClassDefault+1"],"picked":"bronze:AlphaBuild","floor":15}],"player_experience":371961,"relics_obtained":[{"floor":6,"key":"StrikeDummy"},{"floor":7,"key":"Frozen Egg 2"},{"floor":12,"key":"Toxic Egg 2"},{"floor":14,"key":"InkBottle"}],"event_choices":[{"damage_healed":0,"gold_gain":0,"player_choice":"Box","damage_taken":0,"relics_obtained":["Shovel"],"max_hp_gain":0,"max_hp_loss":0,"event_name":"Big Fish","floor":2,"gold_loss":0,"cards_obtained":["Regret"]}],"is_beta":false,"boss_relics":[],"items_purged_floors":[4,11],"is_endless":false,"potions_floor_spawned":[6,8,9,10,14],"killed_by":"SI_SHIV_ARCHETYPE","ascension_level":0}}