{"host":"o0df4zrtlkp0p8rf","time":1611645412,"event":{"mods":["2.2 Compatiblity","Act Like it!","Arknights The Spire","Astrologer","BaseMod","Bestiary","Better Third Choice","BetterRewards","Colored Map","Conspire","Downfall","Duelist Mod","Energized Spire","GifTheSpireLib","Halation","Hermit","Highlight Path","Hubris","Infinite Spire","Mimic Mod","Minty Spire (QoL Compilation)","Rare Cards Sparkle","Reliquary","Replay The Spire","Robot Space Explorer","Shop Mod","Small Relic Pack","Spire Arcade","StSLib","Stuff the Spire","The Accelerator","The Bug Knight","The Cursed","The Disciple","The Forsaken","The Hierophant","The Jungle","The Marked","The Necromancer","The Runesmith"],"gold_per_floor":[118,137,137,137,158,199,218,231,231,231,245,258,276,315,315,459,459,488,527,527,527,553,614,614,669,692,692,692,692,692,390,390,517,517,574,574,611,611,611,611,672,701,725,725,789,789,789,816,816,949,949,949,949],"floor_reached":52,"language":"ENG","playtime":2517,"items_purged":[],"score":707,"play_id":"03f694a5-8a7c-47b8-9a7f-8eacd02bf012","local_time":"20210125231652","is_ascension_mode":false,"campfire_choices":[{"data":"Pot Of Greed","floor":10,"key":"SMITH"},{"floor":15,"key":"REST"},{"floor":24,"key":"REST"},{"floor":27,"key":"REST"},{"data":"hubris:Fate","floor":30,"key":"SMITH"},{"data":"RobotSpaceExplorer:PlasmaMissile","floor":32,"key":"SMITH"},{"floor":40,"key":"REST"},{"floor":46,"key":"REST"},{"data":"RobotSpaceExplorer:Blaster","floor":49,"key":"SMITH"}],"circlet_count":0,"master_deck":["RobotSpaceExplorer:Strike","RobotSpaceExplorer:Strike","RobotSpaceExplorer:Strike","RobotSpaceExplorer:Strike","RobotSpaceExplorer:Defend","RobotSpaceExplorer:Defend","RobotSpaceExplorer:Defend","RobotSpaceExplorer:Defend","RobotSpaceExplorer:Scan","RobotSpaceExplorer:MiniLasers","RobotSpaceExplorer:SurgingShield","RobotSpaceExplorer:MiniDrones","RobotSpaceExplorer:PlasmaMissile+1","RobotSpaceExplorer:StunGrenade","Pot Of Greed+1","Pot Of Greed","RobotSpaceExplorer:Blaster+1","RobotSpaceExplorer:Ammunition","RobotSpaceExplorer:ShovelStrike","RobotSpaceExplorer:ScrapToss","RobotSpaceExplorer:Reload","RobotSpaceExplorer:DoubleFind","RobotSpaceExplorer:HighVoltage","RobotSpaceExplorer:Calculate+1","RobotSpaceExplorer:Pulsar+1","hubris:Fate+1","Pot Of Greed","RobotSpaceExplorer:PowerCollector","RobotSpaceExplorer:TurboDodge","sneckomod:UnknownClassHIEROPHANT_GOLD_COLOR+1","RobotSpaceExplorer:TrailblazerForm","RobotSpaceExplorer:DualCore","RobotSpaceExplorer:LaserBurst+1","RobotSpaceExplorer:DualCore","Parasite","RobotSpaceExplorer:SurgingStrike","RobotSpaceExplorer:BlastShield","CurseOfTheBell"],"relics":["RobotSpaceExplorer:RoboCore","NeowsBlessing","Golden Idol","Grinning Jar","StuffTheSpire:CocoNut","Replay:Bandana","StuffTheSpire:Kangaroo","Replay:Blank Codex","BranchBurnRelic","hubris:TenFootPole","Regal Pillow","hubris:SlimyHat","MerchantsRug","StuffTheSpire:GreaterSneckoEye","relicPack:DSword","RobotSpaceExplorer:BottledGravity","Garlic","Pen Nib","Calling Bell","hubris:DisguiseKit","ReplayFunnel","infinitespire:CursedDice"],"acts_visited":["Exordium","TheCity","TheBeyond","Exordium"],"potions_floor_usage":[6,6,14,14,16,23,23,25,42,42,45],"damage_taken":[{"damage":0.0,"enemies":"Jaw Worm","floor":1.0,"turns":1.0},{"damage":0.0,"enemies":"2 Louse","floor":2.0,"turns":1.0},{"damage":0.0,"enemies":"Cultist","floor":5.0,"turns":1.0},{"damage":15,"enemies":"Gremlin Nob","floor":6,"turns":4},{"damage":5,"enemies":"Gremlin Gang","floor":7,"turns":4},{"damage":1,"enemies":"2 Fungi Beasts","floor":8,"turns":2},{"damage":8,"enemies":"Large Slime","floor":11,"turns":4},{"damage":0,"enemies":"3 Louse","floor":12,"turns":2},{"damage":7,"enemies":"Looter","floor":13,"turns":2},{"damage":14,"enemies":"Lagavulin","floor":14,"turns":5},{"damage":0,"enemies":"Slime Boss","floor":16,"turns":5},{"damage":25,"enemies":"2 Thieves","floor":18,"turns":3},{"damage":19,"enemies":"3 Byrds","floor":19,"turns":5},{"damage":5,"enemies":"Snake Plant","floor":22,"turns":2},{"damage":0,"enemies":"Gremlin Leader","floor":23,"turns":5},{"damage":29,"enemies":"Nightmare","floor":25,"turns":6},{"damage":11,"enemies":"conspire:MysteriousRune","floor":33,"turns":9},{"damage":27,"enemies":"3 Darklings","floor":35,"turns":4},{"damage":12,"enemies":"3 Shapes","floor":37,"turns":3},{"damage":59,"enemies":"Nightmare","floor":41,"turns":5},{"damage":0,"enemies":"Writhing Mass","floor":42,"turns":4},{"damage":0,"enemies":"Transient","floor":45,"turns":5},{"damage":0,"enemies":"Maw","floor":48,"turns":1},{"damage":0,"enemies":"hubris:GrandSnecko","floor":50,"turns":2},{"damage":0,"enemies":"Small Slimes","floor":52,"turns":1}],"seed_played":"-8354127651270106261","potions_obtained":[{"floor":2.0,"key":"Dexterity Potion"},{"floor":5.0,"key":"FearPotion"},{"floor":8,"key":"Weak Potion"},{"floor":12,"key":"Block Potion"},{"floor":13,"key":"RobotSpaceExplorer:PlasmaFlask"},{"floor":14,"key":"BlessingOfTheForge"},{"floor":22,"key":"SneckoOil"},{"floor":23,"key":"Adrenaline Potion"},{"floor":33,"key":"Dexterity Potion"},{"floor":37,"key":"Weak Potion"},{"floor":41,"key":"Swift Potion"},{"floor":42,"key":"Ancient Potion"}],"is_trial":false,"path_per_floor":["M","M","?","?","M","E","M","M","T","R","M","M","M","E","R","B",null,"M","M","?","AVR","M","E","R","NM","T","R","?","?","R","$","R","B",null,"M","?","M","?","T","R","NM","M","T","$","M","R","?","M","R","B",null,"M"],"character_chosen":"RobotSpaceExplorer","items_purchased":["hubris:SlimyHat","MerchantsRug"],"campfire_rested":5,"item_purchase_floors":[31,31],"current_hp_per_floor":[75,75,75,57,57,42,37,36,43,43,35,35,28,14,38,38,82,57,38,22,22,17,17,41,28,28,67,67,67,67,67,67,71,82,55,45,33,16,16,55,12,12,12,12,19,58,58,58,58,65,82,82,82],"gold":949,"neow_bonus":"THREE_ENEMY_KILL","is_daily":false,"chose_seed":false,"campfire_upgraded":4,"win_rate":0.0,"timestamp":1611645412,"path_taken":["M","M","?","?","M","E","M","?","T","R","M","?","?","E","R","BOSS","M","M","?","AVR","M","E","R","NM","T","R","?","?","R","?","R","BOSS","M","?","M","?","?","R","NM","?","T","?","?","R","?","M","R","BOSS","M"],"items_purchased_type":["Relic","Relic"],"build_version":"2020-12-22","purchased_purges":0,"victory":false,"max_hp_per_floor":[75,75,75,75,75,75,75,75,82,82,82,82,82,82,82,82,82,82,82,82,82,82,82,82,82,82,82,82,82,82,82,82,82,82,82,82,82,82,82,82,82,82,82,82,82,82,82,82,82,82,82,82,82],"card_choices":[{"not_picked":["RobotSpaceExplorer:MiniDrones","RobotSpaceExplorer:SlimeMissile"],"picked":"RobotSpaceExplorer:SurgingShield","floor":1.0},{"not_picked":["RobotSpaceExplorer:ShovelStrike","RobotSpaceExplorer:GlueShot"],"picked":"RobotSpaceExplorer:MiniDrones","floor":2.0},{"not_picked":["RobotSpaceExplorer:Counterblock","RobotSpaceExplorer:ImprovisedAttack"],"picked":"RobotSpaceExplorer:StunGrenade","floor":5.0},{"not_picked":["RobotSpaceExplorer:DoubleFind","RobotSpaceExplorer:Exploration"],"picked":"RobotSpaceExplorer:Blaster","floor":6},{"not_picked":["RobotSpaceExplorer:Probe","RobotSpaceExplorer:Electroshield"],"picked":"RobotSpaceExplorer:Ammunition","floor":7},{"not_picked":["RobotSpaceExplorer:SelfCleaning","RobotSpaceExplorer:MakeshiftVolley"],"picked":"RobotSpaceExplorer:ShovelStrike","floor":8},{"not_picked":["RobotSpaceExplorer:SlimeMissile","RobotSpaceExplorer:ShockKick"],"picked":"RobotSpaceExplorer:ScrapToss","floor":11},{"not_picked":["RobotSpaceExplorer:StarLightning","RobotSpaceExplorer:MiniDrones"],"picked":"RobotSpaceExplorer:Reload","floor":12},{"not_picked":["RobotSpaceExplorer:ScrapToss","RobotSpaceExplorer:LaserBurst"],"picked":"RobotSpaceExplorer:DoubleFind","floor":13},{"not_picked":["RobotSpaceExplorer:ScrapToss","RobotSpaceExplorer:ScrapShield","RobotSpaceExplorer:Ammunition"],"picked":"SKIP","floor":14},{"not_picked":["RobotSpaceExplorer:Wormhole","RobotSpaceExplorer:DroneSwarm"],"picked":"RobotSpaceExplorer:HighVoltage","floor":16},{"not_picked":["RobotSpaceExplorer:SurgingStrike","RobotSpaceExplorer:SlimeMissile"],"picked":"RobotSpaceExplorer:Calculate+1","floor":18},{"not_picked":["RobotSpaceExplorer:StunGrenade+1","RobotSpaceExplorer:Electroshield"],"picked":"RobotSpaceExplorer:Pulsar+1","floor":19},{"not_picked":["RobotSpaceExplorer:SlimeMissile","RobotSpaceExplorer:Electropulse"],"picked":"RobotSpaceExplorer:PowerCollector","floor":22},{"not_picked":["RobotSpaceExplorer:FranticSearch","RobotSpaceExplorer:ScrapToss"],"picked":"RobotSpaceExplorer:TurboDodge","floor":23},{"not_picked":["RobotSpaceExplorer:PowerGlove","RobotSpaceExplorer:MetalStrike","RobotSpaceExplorer:ShovelStrike"],"picked":"SKIP","floor":25},{"not_picked":["RobotSpaceExplorer:ChargingLaser","RobotSpaceExplorer:Multitool"],"picked":"RobotSpaceExplorer:TrailblazerForm","floor":33},{"not_picked":["RobotSpaceExplorer:SurgingShield+1","RobotSpaceExplorer:SurgingStrike+1"],"picked":"RobotSpaceExplorer:DualCore","floor":35},{"not_picked":["RobotSpaceExplorer:Ammunition+1","RobotSpaceExplorer:ShockKick+1"],"picked":"RobotSpaceExplorer:LaserBurst+1","floor":37},{"not_picked":["RobotSpaceExplorer:SurgingStrike+1","RobotSpaceExplorer:GlueSpray"],"picked":"RobotSpaceExplorer:DualCore","floor":41},{"not_picked":["RobotSpaceExplorer:FrostMissile+1","RobotSpaceExplorer:PlasmaMissile"],"picked":"RobotSpaceExplorer:SurgingStrike","floor":42},{"not_picked":["RobotSpaceExplorer:ScrapMissile","RobotSpaceExplorer:MiniDrones","RobotSpaceExplorer:ImprovisedAttack"],"picked":"SKIP","floor":45},{"not_picked":["RobotSpaceExplorer:SurgingShield","RobotSpaceExplorer:MetalStrike+1","RobotSpaceExplorer:SlimeMissile+1"],"picked":"SKIP","floor":48},{"not_picked":["RobotSpaceExplorer:ChargingLaser","RobotSpaceExplorer:DroneSwarm"],"picked":"RobotSpaceExplorer:BlastShield","floor":50}],"player_experience":168769,"relics_obtained":[{"floor":6,"key":"Grinning Jar"},{"floor":9,"key":"StuffTheSpire:CocoNut"},{"floor":14,"key":"Replay:Bandana"},{"floor":20,"key":"Replay:Blank Codex"},{"floor":23,"key":"Dead Branch"},{"floor":25,"key":"hubris:TenFootPole"},{"floor":26,"key":"Regal Pillow"},{"floor":36,"key":"StuffTheSpire:GreaterSneckoEye"},{"floor":39,"key":"RobotSpaceExplorer:BottledGravity"},{"floor":41,"key":"Garlic"},{"floor":43,"key":"Pen Nib"},{"floor":51,"key":"hubris:DisguiseKit"},{"floor":51,"key":"ReplayFunnel"},{"floor":51,"key":"infinitespire:CursedDice"}],"event_choices":[{"damage_healed":0.0,"max_hp_gain":0.0,"max_hp_loss":0.0,"gold_gain":0.0,"event_name":"Golden Idol","player_choice":"Take Damage","floor":4.0,"gold_loss":0.0,"damage_taken":18.0,"relics_obtained":["Golden Idol"]},{"damage_healed":0,"gold_gain":0,"player_choice":"Obtained Book","damage_taken":16,"max_hp_gain":0,"max_hp_loss":0,"event_name":"Cursed Tome","floor":20,"gold_loss":0},{"damage_healed":0,"gold_gain":0,"player_choice":"Ignored","damage_taken":0,"max_hp_gain":0,"max_hp_loss":0,"event_name":"Vampires","floor":28,"gold_loss":0},{"damage_healed":0,"gold_gain":0,"player_choice":"Read","damage_taken":0,"max_hp_gain":0,"max_hp_loss":0,"event_name":"The Library","floor":29,"gold_loss":0,"cards_obtained":["sneckomod:UnknownClassHIEROPHANT_GOLD_COLOR"]},{"damage_healed":0,"gold_gain":0,"player_choice":"Forge","damage_taken":0,"max_hp_gain":0,"max_hp_loss":0,"event_name":"Accursed Blacksmith","floor":47,"gold_loss":0,"cards_upgraded":["sneckomod:UnknownClassHIEROPHANT_GOLD_COLOR"]}],"is_beta":false,"boss_relics":[{"not_picked":["SlaversCollar","energizedSpire:OgreHead"],"picked":"StuffTheSpire:Kangaroo"},{"not_picked":["energizedSpire:DeadBattery","ReplayTheSpireMod:DimensionalGlitch","StuffTheSpire:RunicHypercube"]},{"not_picked":["Cursed Key","Snecko Eye"],"picked":"Calling Bell"}],"items_purged_floors":[],"is_endless":true,"potions_floor_spawned":[2,5,8,12,13,14,22,23,33,37,41,42],"killed_by":"Small Slimes","ascension_level":0}}