{"host":"mr1ctipv0dcr6y8g","time":1611699263,"event":{"mods":["BaseMod","DeckTracker","Energized Spire","Minty Spire (QoL Compilation)","Shop Mod","StSLib"],"gold_per_floor":[110,110,285,285,125,159,180,180,180,216,234,278,278,307,307,441,441,470,216,396,429,95,145,145,145,169,218,251,251,293,336,336,475,475,508,533,533,131,203,246,282,631,658,658,682,682,317,350,350,350,350,350,9,61,61],"floor_reached":56,"language":"ENG","playtime":7081,"items_purged":["Doubt","Dagger Throw","Blade Dance","Infinite Blades","Slice"],"score":1550,"play_id":"deb6ac48-ba39-4300-a858-e8f99442cc57","local_time":"20210126151423","daily_mods":["Draft","Heirloom","Time Dilation","Flight"],"is_ascension_mode":false,"campfire_choices":[{"data":"Blur","floor":8,"key":"SMITH"},{"floor":15,"key":"REST"},{"data":"Blur","floor":24,"key":"SMITH"},{"data":"Caltrops","floor":25,"key":"SMITH"},{"data":"Noxious Fumes","floor":29,"key":"SMITH"},{"floor":32,"key":"REST"},{"data":"Crippling Poison","floor":44,"key":"SMITH"},{"data":"Tools of the Trade","floor":46,"key":"SMITH"},{"floor":49,"key":"RECALL"},{"data":"Noxious Fumes","floor":52,"key":"SMITH"}],"circlet_count":0,"master_deck":["Prepared","Deflect","Blur+1","Blur+1","Endless Agony","Noxious Fumes+1","Bouncing Flask","Cloak And Dagger","Deflect","Crippling Poison+1","PiercingWail","PiercingWail","Deadly Poison","Caltrops+1","Tools of the Trade+1","Reflex+1","Deflect+1","Deadly Poison+1","Dodge and Roll+1","Glass Knife+1","Noxious Fumes+1","Master of Strategy+1","Backstab+1","Leg Sweep+1","Escape Plan+1","Underhanded Strike+1","Blur+1","Backflip+1","Slice+1","Bullet Time+1","Underhanded Strike+1","Reflex+1","Deadly Poison+1","Escape Plan+1","Concentrate+1","Noxious Fumes+1","Tactician+1","Leg Sweep+1","Discovery+1","Tools of the Trade"],"relics":["Ring of the Snake","Pocketwatch","Golden Idol","Toxic Egg 2","Molten Egg 2","Toy Ornithopter","CeramicFish","TungstenRod","Odd Mushroom","energizedSpire:SpiderWeb","Toolbox","Bronze Scales","Ginger","Omamori","Mercury Hourglass","Potion Belt","Happy Flower","energizedSpire:MagnifyingGlass","Matryoshka","StoneCalendar","Incense Burner","Akabeko","Old Coin","Anchor","Strange Spoon","Membership Card","Pen Nib"],"acts_visited":["Exordium","TheCity","TheBeyond","TheEnding"],"potions_floor_usage":[12,23,33,40,41,54,55,55],"damage_taken":[{"damage":0,"enemies":"Jaw Worm","floor":1,"turns":2},{"damage":14,"enemies":"Gremlin Nob","floor":6,"turns":4},{"damage":0,"enemies":"2 Louse","floor":7,"turns":3},{"damage":5,"enemies":"Lagavulin","floor":10,"turns":5},{"damage":0,"enemies":"Small Slimes","floor":11,"turns":3},{"damage":0,"enemies":"Gremlin Nob","floor":12,"turns":3},{"damage":2,"enemies":"The Mushroom Lair","floor":14,"turns":3},{"damage":4,"enemies":"Hexaghost","floor":16,"turns":7},{"damage":0,"enemies":"Spheric Guardian","floor":18,"turns":3},{"damage":4,"enemies":"Chosen","floor":21,"turns":4},{"damage":0,"enemies":"Book of Stabbing","floor":23,"turns":5},{"damage":0,"enemies":"Gremlin Leader","floor":27,"turns":5},{"damage":0,"enemies":"Centurion and Healer","floor":28,"turns":4},{"damage":16,"enemies":"Slavers","floor":30,"turns":3},{"damage":0,"enemies":"Book of Stabbing","floor":31,"turns":4},{"damage":2,"enemies":"Collector","floor":33,"turns":7},{"damage":0,"enemies":"Orb Walker","floor":35,"turns":4},{"damage":20,"enemies":"3 Darklings","floor":36,"turns":5},{"damage":0,"enemies":"Mind Bloom Boss Battle","floor":39,"turns":6},{"damage":0,"enemies":"Reptomancer","floor":40,"turns":5},{"damage":9,"enemies":"Nemesis","floor":41,"turns":5},{"damage":0,"enemies":"Giant Head","floor":42,"turns":7},{"damage":6,"enemies":"Maw","floor":45,"turns":6},{"damage":0,"enemies":"Sphere and 2 Shapes","floor":48,"turns":4},{"damage":0,"enemies":"Awakened One","floor":50,"turns":10},{"damage":4,"enemies":"Shield and Spear","floor":54,"turns":6},{"damage":70,"enemies":"The Heart","floor":55,"turns":9}],"seed_played":"-5378100626830099628","potions_obtained":[{"floor":1,"key":"LiquidMemories"},{"floor":10,"key":"Swift Potion"},{"floor":14,"key":"BlessingOfTheForge"},{"floor":21,"key":"SkillPotion"},{"floor":27,"key":"Weak Potion"},{"floor":36,"key":"GhostInAJar"},{"floor":39,"key":"GamblersBrew"},{"floor":41,"key":"Energy Potion"},{"floor":45,"key":"FearPotion"},{"floor":48,"key":"Energy Potion"}],"is_trial":true,"path_per_floor":["M","?","?","?","$","E","M","R","T","E","M","E","?","?","R","B",null,"M","$","?","M","$","E","R","R","T","E","M","R","E","E","R","B",null,"M","M","?","$","?","E","E","E","T","R","M","R","$","M","R","B",null,"R","$","E","B",null],"character_chosen":"THE_SILENT","items_purchased":["Deadly Poison","Caltrops","Master of Strategy+1","Toolbox","Bronze Scales","Leg Sweep+1","Deadly Poison+1","Matryoshka","Noxious Fumes","Strange Spoon","Leg Sweep+1","Membership Card","Discovery+1"],"campfire_rested":2,"item_purchase_floors":[5,5,19,22,22,22,38,38,47,47,53,53,53],"current_hp_per_floor":[70,70,70,53,53,39,39,39,39,34,34,39,32,30,51,47,70,70,70,54,50,50,55,55,55,55,55,55,55,39,39,60,63,70,70,50,50,50,50,55,51,51,51,51,45,45,45,45,45,45,70,70,70,66,6],"gold":61,"neow_bonus":"","is_daily":false,"chose_seed":false,"campfire_upgraded":7,"win_rate":0.0,"timestamp":1611699263,"path_taken":["M","?","?","?","?","E","?","R","T","E","M","E","?","?","R","BOSS","M","$","?","M","$","E","R","R","T","E","M","R","E","E","R","BOSS","M","?","?","$","?","E","E","E","T","R","M","R","$","M","R","BOSS","R","$","E","BOSS"],"items_purchased_type":["Card","Card","Card","Relic","Relic","Card","Card","Relic","Card","Relic","Card","Relic","Card"],"build_version":"2020-12-22","purchased_purges":5,"victory":true,"max_hp_per_floor":[70,70,70,70,70,70,70,70,70,70,70,70,70,70,70,70,70,70,70,70,70,70,70,70,70,70,70,70,70,70,70,70,70,70,70,70,70,70,70,70,70,70,70,70,70,70,70,70,70,70,70,70,70,70,70],"card_choices":[{"not_picked":["Endless Agony","PiercingWail"],"picked":"Prepared","floor":0},{"not_picked":["Dagger Throw","Caltrops"],"picked":"Deflect","floor":0},{"not_picked":["Slice","Dagger Spray"],"picked":"Blur","floor":0},{"not_picked":["Poisoned Stab","Catalyst"],"picked":"Blur","floor":0},{"not_picked":["Cloak And Dagger","Quick Slash"],"picked":"Blade Dance","floor":0},{"not_picked":["Distraction","Flying Knee"],"picked":"Endless Agony","floor":0},{"not_picked":["Dodge and Roll","Quick Slash"],"picked":"Noxious Fumes","floor":0},{"not_picked":["Bane","Skewer"],"picked":"Bouncing Flask","floor":0},{"not_picked":["Endless Agony","Dagger Throw"],"picked":"Cloak And Dagger","floor":0},{"not_picked":["Prepared","Predator"],"picked":"Deflect","floor":0},{"not_picked":["Bane","Quick Slash"],"picked":"Crippling Poison","floor":0},{"not_picked":["Expertise","Finisher"],"picked":"PiercingWail","floor":0},{"not_picked":["Dagger Spray","Terror"],"picked":"PiercingWail","floor":0},{"not_picked":["Dagger Spray","Flying Knee"],"picked":"Dagger Throw","floor":0},{"not_picked":["Finisher","Predator"],"picked":"Slice","floor":0},{"not_picked":["Acrobatics","Finisher"],"picked":"Infinite Blades","floor":1},{"not_picked":["Eviscerate","Footwork"],"picked":"Tools of the Trade","floor":6},{"not_picked":["Quick Slash","Finisher"],"picked":"Reflex+1","floor":7},{"not_picked":["Acrobatics+1","Deadly Poison+1"],"picked":"Deflect+1","floor":10},{"not_picked":["Prepared+1","Acrobatics+1"],"picked":"Deadly Poison+1","floor":11},{"not_picked":["Finisher+1","Outmaneuver+1"],"picked":"Dodge and Roll+1","floor":12},{"not_picked":["Night Terror+1","Unload+1"],"picked":"Glass Knife+1","floor":16},{"not_picked":["Skewer+1","PiercingWail+1"],"picked":"Noxious Fumes","floor":18},{"not_picked":["Dagger Spray+1","PiercingWail+1"],"picked":"Backstab+1","floor":21},{"not_picked":["Masterful Stab+1","Dagger Throw+1"],"picked":"Escape Plan+1","floor":23},{"not_picked":["Underhanded Strike+1","Flying Knee+1","Endless Agony+1"],"picked":"SKIP","floor":27},{"not_picked":["Flying Knee+1","Endless Agony+1"],"picked":"Underhanded Strike+1","floor":27},{"not_picked":["Backflip+1","Well Laid Plans+1"],"picked":"Blur+1","floor":28},{"not_picked":["Expertise+1","Setup+1"],"picked":"Backflip+1","floor":30},{"not_picked":["Grand Finale+1","Setup+1"],"picked":"Slice+1","floor":31},{"not_picked":["Night Terror+1","Tools of the Trade"],"picked":"Bullet Time+1","floor":33},{"not_picked":["Acrobatics+1","Bouncing Flask+1"],"picked":"Underhanded Strike+1","floor":35},{"not_picked":["PiercingWail+1","Quick Slash+1"],"picked":"Reflex+1","floor":36},{"not_picked":["Expertise+1","Acrobatics+1"],"picked":"Escape Plan+1","floor":39},{"not_picked":["Storm of Steel+1","Distraction+1","Reflex+1"],"picked":"SKIP","floor":40},{"not_picked":["Expertise+1","Terror+1","Backstab+1"],"picked":"SKIP","floor":41},{"not_picked":["Dodge and Roll+1","Quick Slash+1"],"picked":"Concentrate+1","floor":42},{"not_picked":["Prepared+1","Eviscerate+1","Dodge and Roll+1"],"picked":"SKIP","floor":45},{"not_picked":["PiercingWail+1","Crippling Poison+1"],"picked":"Tactician+1","floor":48},{"not_picked":["Endless Agony+1","Flying Knee+1"],"picked":"Tools of the Trade","floor":54}],"player_experience":1259249,"relics_obtained":[{"floor":6,"key":"Toxic Egg 2"},{"floor":9,"key":"Molten Egg 2"},{"floor":10,"key":"Toy Ornithopter"},{"floor":12,"key":"CeramicFish"},{"floor":14,"key":"Odd Mushroom"},{"floor":23,"key":"Ginger"},{"floor":26,"key":"Omamori"},{"floor":27,"key":"Mercury Hourglass"},{"floor":30,"key":"Potion Belt"},{"floor":31,"key":"Happy Flower"},{"floor":39,"key":"StoneCalendar"},{"floor":40,"key":"Incense Burner"},{"floor":41,"key":"Akabeko"},{"floor":42,"key":"Old Coin"},{"floor":43,"key":"Anchor"},{"floor":54,"key":"Pen Nib"}],"event_choices":[{"damage_healed":0,"gold_gain":0,"player_choice":"Grow","damage_taken":0,"max_hp_gain":0,"max_hp_loss":0,"event_name":"Living Wall","floor":2,"gold_loss":0,"cards_upgraded":["Noxious Fumes"]},{"damage_healed":0,"gold_gain":175,"player_choice":"AGREE","damage_taken":0,"max_hp_gain":0,"max_hp_loss":0,"event_name":"Liars Game","floor":3,"gold_loss":0,"cards_obtained":["Doubt"]},{"damage_healed":0,"gold_gain":0,"player_choice":"Take Damage","damage_taken":17,"relics_obtained":["Golden Idol"],"max_hp_gain":0,"max_hp_loss":0,"event_name":"Golden Idol","floor":4,"gold_loss":0},{"damage_healed":0,"gold_gain":0,"player_choice":"Success","damage_taken":7,"relics_obtained":["TungstenRod"],"max_hp_gain":0,"max_hp_loss":0,"event_name":"Scrap Ooze","floor":13,"gold_loss":0},{"damage_healed":0,"gold_gain":0,"player_choice":"Fought Mushrooms","damage_taken":0,"max_hp_gain":0,"max_hp_loss":0,"event_name":"Mushrooms","floor":14,"gold_loss":0},{"damage_healed":0,"gold_gain":180,"player_choice":"GOLD GOLD ","damage_taken":19,"max_hp_gain":0,"max_hp_loss":0,"event_name":"Knowing Skull","floor":20,"potions_obtained":[],"gold_loss":0,"cards_obtained":[]},{"damage_healed":0,"gold_gain":0,"player_choice":"Memory 1","damage_taken":0,"max_hp_gain":0,"max_hp_loss":0,"event_name":"SensoryStone","floor":37,"gold_loss":0},{"damage_healed":0,"gold_gain":0,"player_choice":"Fight","damage_taken":0,"max_hp_gain":0,"max_hp_loss":0,"event_name":"MindBloom","floor":39,"gold_loss":0}],"is_beta":false,"boss_relics":[{"not_picked":["energizedSpire:StickyHand","Velvet Choker"],"picked":"energizedSpire:SpiderWeb"},{"not_picked":["Philosopher\u0027s Stone","Fusion Hammer"],"picked":"energizedSpire:MagnifyingGlass"}],"items_purged_floors":[5,19,38,47,53],"is_endless":false,"potions_floor_spawned":[1,10,14,21,27,36,39,41,45,48],"ascension_level":0}}