{"host":"5fpb1gzflhq9886n","time":1611629006,"event":{"mods":["AchievementEnabler","BaseMod","Colored Map","Colored Powertips","Minty Spire (QoL Compilation)","Permanent Neow"],"gold_per_floor":[115,115,40,60,60,60,91,91,91,117,117,137,137,137,137,256,256,270,288,288,288,105,146,146,161,161,204,92,217,217,233,233,361,361,385,385,410,425,438,438,474,124,148,148,188,188,41,41,41,41,41,41,41,82,82,82],"floor_reached":55,"language":"ENG","playtime":3406,"items_purged":["Decay"],"score":940,"play_id":"99dee747-727e-4ea9-bc64-6e5ab4b6391d","local_time":"20210125214326","is_ascension_mode":true,"campfire_choices":[{"data":"Riddle With Holes","floor":6.0,"key":"SMITH"},{"floor":11.0,"key":"REST"},{"floor":15.0,"key":"RECALL"},{"floor":24.0,"key":"REST"},{"floor":30.0,"key":"REST"},{"floor":32.0,"key":"REST"},{"floor":40.0,"key":"REST"},{"data":"Catalyst","floor":44.0,"key":"SMITH"},{"data":"Bouncing Flask","floor":46.0,"key":"SMITH"},{"data":"Bouncing Flask","floor":49.0,"key":"SMITH"},{"data":"Noxious Fumes","floor":52.0,"key":"SMITH"}],"circlet_count":0,"master_deck":["Strike_G","Strike_G","Strike_G","Strike_G+1","Strike_G+1","Defend_G","Defend_G","Defend_G","Defend_G","Defend_G","Survivor","Neutralize","Riddle With Holes+1","Terror+1","Writhe","Predator","Dagger Spray","Malaise","Acrobatics+1","Bouncing Flask+1","Noxious Fumes+1","Catalyst+1","Well Laid Plans","Crippling Poison","Shame","Outmaneuver+1","Backstab","Bouncing Flask+1","Wraith Form v2+1","Dagger Spray","Glass Knife","Predator+1","Deadly Poison","Clumsy","PiercingWail+1"],"relics":["Cursed Key","Bag of Preparation","InkBottle","Meat on the Bone","Golden Idol","Snake Skull","Sozu","MutagenicStrength","OrangePellets","MealTicket","Vajra","Paper Crane","Pocketwatch","HornCleat","Runic Pyramid","Juzu Bracelet","Oddly Smooth Stone","Strawberry","Whetstone","Medical Kit","Question Card","Happy Flower"],"acts_visited":["Exordium","TheCity","TheBeyond","TheEnding"],"potions_floor_usage":[],"damage_taken":[{"damage":0.0,"enemies":"Cultist","floor":1.0,"turns":4.0},{"damage":2.0,"enemies":"Jaw Worm","floor":4.0,"turns":3.0},{"damage":6.0,"enemies":"Gremlin Nob","floor":7.0,"turns":3.0},{"damage":16.0,"enemies":"Lagavulin","floor":10.0,"turns":6.0},{"damage":0.0,"enemies":"2 Louse","floor":12.0,"turns":2.0},{"damage":40.0,"enemies":"Slime Boss","floor":16.0,"turns":9.0},{"damage":9.0,"enemies":"Shell Parasite","floor":18.0,"turns":3.0},{"damage":0.0,"enemies":"3 Byrds","floor":19.0,"turns":4.0},{"damage":46.0,"enemies":"Slavers","floor":23.0,"turns":6.0},{"damage":13.0,"enemies":"3 Cultists","floor":25.0,"turns":5.0},{"damage":23.0,"enemies":"Gremlin Leader","floor":27.0,"turns":5.0},{"damage":0.0,"enemies":"Colosseum Slavers","floor":29.0,"turns":3.0},{"damage":22.0,"enemies":"Colosseum Nobs","floor":29.0,"turns":5.0},{"damage":0.0,"enemies":"Snake Plant","floor":31.0,"turns":3.0},{"damage":14.0,"enemies":"Champ","floor":33.0,"turns":6.0},{"damage":6.0,"enemies":"Orb Walker","floor":35.0,"turns":2.0},{"damage":17.0,"enemies":"3 Darklings","floor":37.0,"turns":4.0},{"damage":0.0,"enemies":"Maw","floor":38.0,"turns":6.0},{"damage":11.0,"enemies":"Sphere and 2 Shapes","floor":39.0,"turns":4.0},{"damage":11.0,"enemies":"Nemesis","floor":41.0,"turns":5.0},{"damage":0.0,"enemies":"Reptomancer","floor":45.0,"turns":5.0},{"damage":51.0,"enemies":"Donu and Deca","floor":50.0,"turns":11.0},{"damage":23.0,"enemies":"Shield and Spear","floor":54.0,"turns":7.0},{"damage":49,"enemies":"The Heart","floor":55,"turns":5}],"seed_played":"1615952228553058061","potions_obtained":[{"floor":1.0,"key":"Strength Potion"},{"floor":4.0,"key":"Block Potion"},{"floor":10.0,"key":"SkillPotion"}],"is_trial":false,"path_per_floor":["M","?","$","M","?","R","E","?","T","E","R","M","?","T","R","B",null,"M","M","?","?","$","E","R","M","T","E","$","?","R","M","R","B",null,"M","?","M","M","M","R","E","$","T","R","E","R","$","?","R","B",null,"R","$","E","B"],"character_chosen":"THE_SILENT","items_purchased":["Terror","Catalyst","OrangePellets","Backstab","Deadly Poison","Oddly Smooth Stone","Strawberry","Medical Kit"],"campfire_rested":5,"item_purchase_floors":[3,22,22,28,42,42,42,47],"current_hp_per_floor":[70,70,70,68,68,68,62,62,62,46,67,67,65,65,65,37,65,56,56,56,56,56,22,41,40,40,29,44,34,53,53,65,51,65,59,59,42,42,43,62,51,72,72,72,72,72,72,72,72,33,72,72,72,49,0,0],"gold":82,"neow_bonus":"BOSS_RELIC","is_daily":false,"chose_seed":false,"campfire_upgraded":5,"win_rate":0.0,"timestamp":1611629006,"path_taken":["M","?","?","M","?","R","E","?","T","E","R","?","?","?","R","BOSS","M","M","?","?","?","E","R","?","T","E","$","?","R","M","R","BOSS","M","?","M","M","?","R","E","?","T","R","E","R","$","?","R","BOSS","R","$","E","BOSS"],"items_purchased_type":["Card","Card","Relic","Card","Card","Relic","Relic","Relic"],"build_version":"2020-12-22","purchased_purges":1,"victory":false,"max_hp_per_floor":[70,70,70,70,70,70,70,70,70,70,70,70,65,65,65,65,65,65,65,65,65,65,65,65,65,65,65,65,65,65,65,65,65,65,65,65,65,65,65,65,65,72,72,72,72,72,72,72,72,72,72,72,72,72,72,72],"card_choices":[{"not_picked":["Setup","Acrobatics"],"picked":"Riddle With Holes","floor":1.0},{"not_picked":["Escape Plan","Terror","Setup"],"picked":"SKIP","floor":4.0},{"not_picked":["Escape Plan","Masterful Stab","Distraction"],"picked":"SKIP","floor":7.0},{"not_picked":["Masterful Stab","Outmaneuver"],"picked":"Predator","floor":10.0},{"not_picked":["Caltrops","Calculated Gamble"],"picked":"Dagger Spray","floor":12.0},{"not_picked":["Grand Finale","Venomology"],"picked":"Malaise","floor":16.0},{"not_picked":["Cloak And Dagger","All Out Attack"],"picked":"Acrobatics+1","floor":18.0},{"not_picked":["Cloak And Dagger","Underhanded Strike"],"picked":"Bouncing Flask","floor":19.0},{"not_picked":["Acrobatics","Dagger Throw"],"picked":"Well Laid Plans","floor":23.0},{"not_picked":["Accuracy","Sucker Punch"],"picked":"Crippling Poison","floor":25.0},{"not_picked":["Quick Slash","Malaise"],"picked":"Outmaneuver+1","floor":27.0},{"not_picked":["Outmaneuver","Sucker Punch"],"picked":"Bouncing Flask","floor":31.0},{"not_picked":["Grand Finale","Storm of Steel"],"picked":"Wraith Form v2","floor":33.0},{"not_picked":["Masterful Stab","Acrobatics+1"],"picked":"Dodge and Roll+1","floor":35.0},{"not_picked":["Sucker Punch","PiercingWail"],"picked":"Dagger Spray","floor":37.0},{"not_picked":["Backflip+1","Reflex+1"],"picked":"Glass Knife","floor":38.0},{"not_picked":["Dodge and Roll","Dagger Spray+1"],"picked":"Predator+1","floor":39.0},{"not_picked":["Backstab","Expertise","Acrobatics+1"],"picked":"SKIP","floor":41.0},{"not_picked":["Cloak And Dagger","Quick Slash"],"picked":"PiercingWail+1","floor":45.0},{"not_picked":["Heel Hook+1","Prepared+1","Acrobatics","Dagger Spray"],"picked":"SKIP","floor":54.0}],"player_experience":769003,"relics_obtained":[{"floor":7.0,"key":"Bag of Preparation"},{"floor":9.0,"key":"InkBottle"},{"floor":10.0,"key":"Meat on the Bone"},{"floor":14.0,"key":"Snake Skull"},{"floor":23.0,"key":"MealTicket"},{"floor":26.0,"key":"Vajra"},{"floor":27.0,"key":"Paper Crane"},{"floor":29.0,"key":"Pocketwatch"},{"floor":29.0,"key":"HornCleat"},{"floor":41.0,"key":"Juzu Bracelet"},{"floor":45.0,"key":"Whetstone"},{"floor":54.0,"key":"Happy Flower"}],"event_choices":[{"damage_healed":0.0,"max_hp_gain":0.0,"max_hp_loss":0.0,"gold_gain":0.0,"event_name":"The Cleric","player_choice":"Leave","floor":2.0,"gold_loss":0.0,"damage_taken":0.0},{"damage_healed":0.0,"max_hp_gain":0.0,"max_hp_loss":0.0,"gold_gain":0.0,"event_name":"Living Wall","player_choice":"Grow","floor":5.0,"gold_loss":0.0,"damage_taken":0.0,"cards_upgraded":["Terror"]},{"damage_healed":0.0,"max_hp_gain":0.0,"max_hp_loss":0.0,"gold_gain":0.0,"event_name":"Liars Game","player_choice":"Ignored","floor":8.0,"gold_loss":0.0,"damage_taken":0.0},{"damage_healed":0.0,"max_hp_gain":0.0,"max_hp_loss":5.0,"gold_gain":0.0,"event_name":"Golden Idol","player_choice":"Lose Max HP","floor":13.0,"gold_loss":0.0,"damage_taken":0.0,"relics_obtained":["Golden Idol"]},{"damage_healed":0.0,"max_hp_gain":0.0,"max_hp_loss":0.0,"gold_gain":0.0,"event_name":"The Library","player_choice":"Read","floor":20.0,"gold_loss":0.0,"damage_taken":0.0,"cards_obtained":["Noxious Fumes"]},{"damage_healed":0.0,"max_hp_gain":0.0,"max_hp_loss":0.0,"gold_gain":0.0,"event_name":"Drug Dealer","player_choice":"Inject Mutagens","floor":21.0,"gold_loss":0.0,"damage_taken":0.0,"relics_obtained":["MutagenicStrength"]},{"damage_healed":0.0,"max_hp_gain":0.0,"max_hp_loss":0.0,"gold_gain":0.0,"event_name":"Colosseum","player_choice":"Fight","floor":29.0,"gold_loss":0.0,"damage_taken":0.0},{"damage_healed":0.0,"max_hp_gain":0.0,"max_hp_loss":0.0,"gold_gain":0.0,"event_name":"Colosseum","player_choice":"Fought Nobs","floor":29.0,"gold_loss":0.0,"damage_taken":0.0},{"damage_healed":0.0,"max_hp_gain":0.0,"max_hp_loss":0.0,"gold_gain":0.0,"event_name":"Upgrade Shrine","player_choice":"Upgraded","floor":36.0,"gold_loss":0.0,"damage_taken":0.0,"cards_upgraded":["Wraith Form v2"]},{"cards_removed":["Dodge and Roll"],"damage_healed":0.0,"max_hp_gain":0.0,"max_hp_loss":0.0,"gold_gain":0.0,"event_name":"WeMeetAgain","player_choice":"Gave Card","floor":48.0,"gold_loss":0.0,"damage_taken":0.0,"relics_obtained":["Question Card"]}],"is_beta":false,"boss_relics":[{"not_picked":["Astrolabe","Runic Dome"],"picked":"Sozu"},{"not_picked":["WristBlade","Tiny House"],"picked":"Runic Pyramid"}],"items_purged_floors":[28],"is_endless":false,"potions_floor_spawned":[1,4,10,12,19,23,27,29,33,35,37,41,54],"killed_by":"The Heart","ascension_level":4}}