{"host":"pec1bvkeldr5yzx1","time":1611648471,"event":{"mods":["ATMod(°¢èªMod)","AchievementEnabler","Act Like it!","Aspiration","BaseMod","Better Altar","Better Match","Better Sensory Stone","Better Skull","Better Vampires","BetterRewards","Conspire","Dota2Spire","Energized Spire","Friendly Minions","GifTheSpireLib","Hubris","Minty Spire (QoL Compilation)","Replay The Spire","Spicy Shops","StSLib","Stuff the Spire","SuperFastMode","óô»ðÖ¸ÄÏ"],"gold_per_floor":[111,111,125,125,138,173,220,239,239,239,239,239,239,264,264,389,389,389],"floor_reached":17,"language":"ZHS","playtime":625,"items_purged":[],"score":332,"play_id":"96e64788-545a-46dd-9090-1e9a7f9cf8e2","local_time":"20210126160751","is_ascension_mode":true,"campfire_choices":[{"floor":11,"key":"REST"},{"floor":13,"key":"RECALL"},{"floor":15,"key":"REST"}],"circlet_count":0,"master_deck":["Strike_R","Strike_R","Strike_R","Strike_R","Strike_R","Defend_R","Defend_R","Defend_R","Defend_R","Bash","AT_ChampionStep","Flex+1","StuffTheSpire:RockThrow","AT_IchimonjiDouble","Panache","Berserk","Run Through","Heavy Blade","Pommel Strike","StuffTheSpire:RagingBull","Warcry","StuffTheSpire:CuriosityCurse","StuffTheSpire:Injection","Offering","AbeCurse"],"relics":["Burning Blood","AT_ATBox","Dota2Spire:DrumOfEndurance","Tiny Chest","Omamori","Dota2Spire:AssaultCuirass","ReplayTheSpireMod:CursedCoin","aspiration:DSix","Golden Idol","AT_EbonyIvory","hubris:DeckOfHolding","hubris:DisguiseKit","Abe\u0027s Treasure"],"acts_visited":["Exordium","TheCity"],"potions_floor_usage":[6,16],"damage_taken":[{"damage":4.0,"enemies":"Jaw Worm","floor":1.0,"turns":3.0},{"damage":0.0,"enemies":"2 Louse","floor":3.0,"turns":4.0},{"damage":0.0,"enemies":"Cultist","floor":5.0,"turns":2.0},{"damage":19,"enemies":"3 Sentries","floor":6,"turns":6},{"damage":6,"enemies":"3 Louse","floor":8,"turns":3},{"damage":5,"enemies":"2 Fungi Beasts","floor":14,"turns":3},{"damage":50,"enemies":"Hexaghost","floor":16,"turns":6}],"seed_played":"-16335615679548103","potions_obtained":[{"floor":1.0,"key":"Elixir"},{"floor":3.0,"key":"Weak Potion"},{"floor":8,"key":"FearPotion"},{"floor":16,"key":"Adrenaline Potion"}],"is_trial":false,"path_per_floor":["M","?","M","?","M","E","T","M","T","?","R","?","R","M","R","B",null],"character_chosen":"IRONCLAD","items_purchased":["Dota2Spire:DrumOfEndurance","Flex","StuffTheSpire:RockThrow","AT_IchimonjiDouble","Tiny Chest","Omamori","Panache","ReplayTheSpireMod:CursedCoin","aspiration:DSix","Berserk"],"campfire_rested":2,"item_purchase_floors":[0,0,0,0,0,0,0,0,0,0],"current_hp_per_floor":[28,8,14,14,20,7,7,7,7,7,31,31,31,32,56,12,63,63],"gold":389,"neow_bonus":"","is_daily":false,"chose_seed":false,"campfire_upgraded":0,"win_rate":0.0,"timestamp":1611648471,"path_taken":["M","?","M","?","?","E","?","M","T","?","R","?","R","M","R","BOSS"],"items_purchased_type":["Relic","Card","Card","Card","Relic","Relic","Card","Relic","Relic","Card"],"build_version":"2020-12-22","purchased_purges":0,"victory":false,"max_hp_per_floor":[80,80,80,80,80,80,80,80,80,80,80,80,80,80,80,80,80,80],"card_choices":[{"not_picked":["Massacre","Flex"],"picked":"Run Through","floor":1.0},{"not_picked":["Iron Wave","Hemokinesis"],"picked":"Heavy Blade","floor":3.0},{"not_picked":["StuffTheSpire:TitanForm","StuffTheSpire:RockThrow"],"picked":"Pommel Strike","floor":5.0},{"not_picked":["StuffTheSpire:Incineration","Run Through"],"picked":"StuffTheSpire:RagingBull","floor":6},{"not_picked":["Abandon","Life Link"],"picked":"Warcry","floor":8},{"not_picked":["StuffTheSpire:BloodClot","Run Through","AT_IchimonjiDouble"],"picked":"StuffTheSpire:Injection","floor":14},{"not_picked":["Eclipse","Immolate","Corpse Explosion"],"picked":"Offering","floor":16}],"player_experience":110608,"relics_obtained":[{"floor":6,"key":"AT_EbonyIvory"},{"floor":9,"key":"hubris:DeckOfHolding"}],"event_choices":[{"damage_healed":0.0,"max_hp_gain":0.0,"max_hp_loss":0.0,"gold_gain":0.0,"event_name":"Golden Idol","player_choice":"Take Damage","floor":2.0,"gold_loss":0.0,"damage_taken":20.0,"relics_obtained":["Golden Idol"]},{"damage_healed":0.0,"max_hp_gain":0.0,"max_hp_loss":0.0,"gold_gain":0.0,"event_name":"Wheel of Change","player_choice":"Cursed","floor":4.0,"gold_loss":0.0,"damage_taken":0.0,"cards_obtained":["Decay"]},{"damage_healed":0,"gold_gain":0,"player_choice":"Upgraded","damage_taken":0,"max_hp_gain":0,"max_hp_loss":0,"event_name":"Upgrade Shrine","floor":12,"gold_loss":0,"cards_upgraded":["Flex"]}],"is_beta":false,"boss_relics":[{"not_picked":["aspiration:PoetsPen_weak","hubris:TerracottaHorce"],"picked":"Abe\u0027s Treasure"}],"items_purged_floors":[],"is_endless":false,"potions_floor_spawned":[1,3,8,16],"ascension_level":6}}