{"host":"yd6hhqps9de4qmof","time":1611658615,"event":{"mods":["BaseMod","Downfall","Hermit","Highlight Path","Jorbs\u0027s Wanderer Trilogy","Minty Spire (QoL Compilation)","Relic Stats","Robot Space Explorer","Shade Mod","StSLib","The Cursed","The Disciple","The Marked","The Servant 0.9.4"],"gold_per_floor":[113,73,89,104,104,104,145,171,171,215,243,243,270,284,284,393,402,404,435,360,389,398,398,441,475,475,475,475],"floor_reached":27,"language":"ENG","playtime":1447,"items_purged":[],"score":296,"play_id":"efdcee5b-5c4f-4545-b177-272e2c932958","local_time":"20210126115655","is_ascension_mode":true,"campfire_choices":[{"floor":6,"key":"RECALL"},{"floor":12,"key":"REST"},{"floor":15,"key":"REST"},{"floor":23,"key":"REST"}],"circlet_count":0,"master_deck":["RobotSpaceExplorer:Strike","RobotSpaceExplorer:Strike","RobotSpaceExplorer:Defend","RobotSpaceExplorer:Defend","RobotSpaceExplorer:Defend","RobotSpaceExplorer:Defend","RobotSpaceExplorer:Scan","RobotSpaceExplorer:MiniLasers","RobotSpaceExplorer:MiniBoosters","RobotSpaceExplorer:StarLightning","RobotSpaceExplorer:Electroshield","RobotSpaceExplorer:ScrapToss","RobotSpaceExplorer:Discharger","RobotSpaceExplorer:ScrapToss","RobotSpaceExplorer:SurgingStrike","RobotSpaceExplorer:ShockKick","RobotSpaceExplorer:HighVoltage","CurseOfTheBell","RobotSpaceExplorer:MiniDrones","RobotSpaceExplorer:FrostMissile+1","RobotSpaceExplorer:JunkDive","RobotSpaceExplorer:ScrapShield","RobotSpaceExplorer:Smokescreen+1","RobotSpaceExplorer:JunkDive+1","downfall:Bewildered","RobotSpaceExplorer:Fix+1","RobotSpaceExplorer:Pulsar","RobotSpaceExplorer:SelfCleaning"],"relics":["Fusion Hammer","CeramicFish","Bottled Lightning","Shovel","Calling Bell","Toy Ornithopter","Sundial","Prayer Wheel","sneckomod:BabySnecko","Ginger","Oddly Smooth Stone"],"acts_visited":["Exordium","TheCity"],"potions_floor_usage":[3,7,16,16,24,24,27],"damage_taken":[{"damage":0,"enemies":"Small Slimes","floor":1,"turns":4},{"damage":0,"enemies":"Cultist","floor":3,"turns":3},{"damage":2,"enemies":"2 Louse","floor":4,"turns":3},{"damage":28,"enemies":"3 Sentries","floor":7,"turns":11},{"damage":2,"enemies":"Gremlin Gang","floor":8,"turns":6},{"damage":1,"enemies":"Lagavulin","floor":10,"turns":9},{"damage":3,"enemies":"Blue Slaver","floor":11,"turns":3},{"damage":5,"enemies":"Looter","floor":13,"turns":4},{"damage":7,"enemies":"Large Slime","floor":14,"turns":5},{"damage":3,"enemies":"Slime Boss","floor":16,"turns":7},{"damage":18,"enemies":"2 Thieves","floor":18,"turns":4},{"damage":6,"enemies":"Shell Parasite","floor":19,"turns":5},{"damage":16,"enemies":"Shelled Parasite and Fungi","floor":21,"turns":10},{"damage":14,"enemies":"Slavers","floor":24,"turns":4},{"damage":26,"enemies":"Centurion and Healer","floor":25,"turns":6},{"damage":46,"enemies":"Masked Bandits","floor":27,"turns":4}],"seed_played":"2120799601727347016","potions_obtained":[{"floor":2,"key":"LiquidMemories"},{"floor":2,"key":"LiquidMemories"},{"floor":2,"key":"SteroidPotion"},{"floor":4,"key":"EssenceOfSteel"},{"floor":8,"key":"GamblersBrew"},{"floor":10,"key":"FearPotion"},{"floor":11,"key":"Energy Potion"},{"floor":21,"key":"AttackPotion"},{"floor":25,"key":"champ:CounterPotion"}],"is_trial":false,"path_per_floor":["M","?","M","M","?","R","E","M","T","E","M","R","M","M","R","B",null,"M","M","?","M","?","R","E","M","T","?"],"character_chosen":"RobotSpaceExplorer","items_purchased":[],"campfire_rested":3,"item_purchase_floors":[],"current_hp_per_floor":[75,75,75,73,73,73,45,43,43,42,39,61,56,49,71,68,75,57,51,51,35,35,57,53,33,33,0,0],"gold":475,"neow_bonus":"BOSS_RELIC","is_daily":false,"chose_seed":false,"campfire_upgraded":0,"win_rate":0.0,"timestamp":1611658615,"path_taken":["M","?","M","?","?","R","E","M","T","E","?","R","M","M","R","BOSS","M","M","?","M","?","R","E","M","T","?"],"items_purchased_type":[],"build_version":"2020-12-22","purchased_purges":0,"victory":false,"max_hp_per_floor":[75,75,75,75,75,75,75,75,75,75,75,75,75,75,75,75,75,75,75,75,75,75,75,75,75,75,75,75],"relic_stats":{"Shovel":0,"counters":[16,88],"Sundial":[2],"CeramicFish":153,"Prayer Wheel":4,"Ginger":[9],"obtain_stats":[{"Calling Bell":17,"sneckomod:BabySnecko":22,"Shovel":10,"Sundial":17,"CeramicFish":7,"Oddly Smooth Stone":26,"RobotSpaceExplorer:RoboCore":0,"Prayer Wheel":17,"Fusion Hammer":0,"Bottled Lightning":9,"Ginger":24,"Toy Ornithopter":17},{"Calling Bell":10,"sneckomod:BabySnecko":13,"Shovel":6,"Sundial":10,"CeramicFish":4,"Oddly Smooth Stone":15,"RobotSpaceExplorer:RoboCore":0,"Prayer Wheel":10,"Fusion Hammer":0,"Bottled Lightning":5,"Ginger":14,"Toy Ornithopter":10},{"Calling Bell":55,"sneckomod:BabySnecko":74,"Shovel":36,"Sundial":55,"CeramicFish":21,"Oddly Smooth Stone":84,"RobotSpaceExplorer:RoboCore":0,"Prayer Wheel":55,"Fusion Hammer":0,"Bottled Lightning":27,"Ginger":78,"Toy Ornithopter":55}],"Toy Ornithopter":15},"card_choices":[{"not_picked":["RobotSpaceExplorer:Pulsar","RobotSpaceExplorer:ImprovisedAttack"],"picked":"RobotSpaceExplorer:MiniBoosters","floor":1},{"not_picked":["RobotSpaceExplorer:PlasmaMissile","RobotSpaceExplorer:Pulsar"],"picked":"RobotSpaceExplorer:StarLightning","floor":3},{"not_picked":["RobotSpaceExplorer:SurgingStrike","RobotSpaceExplorer:Counterblock"],"picked":"RobotSpaceExplorer:Electroshield","floor":4},{"not_picked":["RobotSpaceExplorer:MiniBoosters","RobotSpaceExplorer:ShockKick"],"picked":"RobotSpaceExplorer:ScrapToss","floor":7},{"not_picked":["RobotSpaceExplorer:JunkDive","RobotSpaceExplorer:ScrapShield"],"picked":"RobotSpaceExplorer:Discharger","floor":8},{"not_picked":["RobotSpaceExplorer:PlasmaMissile","RobotSpaceExplorer:Probe"],"picked":"RobotSpaceExplorer:ScrapToss","floor":10},{"not_picked":["RobotSpaceExplorer:Reload","RobotSpaceExplorer:TurboDodge"],"picked":"RobotSpaceExplorer:SurgingStrike","floor":11},{"not_picked":["RobotSpaceExplorer:LaserBurst","RobotSpaceExplorer:MetalStrike"],"picked":"RobotSpaceExplorer:ShockKick","floor":13},{"not_picked":["RobotSpaceExplorer:StunGrenade","RobotSpaceExplorer:DoubleBlock","RobotSpaceExplorer:MetalStrike"],"picked":"SKIP","floor":14},{"not_picked":["RobotSpaceExplorer:Arsenal","RobotSpaceExplorer:Blaster"],"picked":"RobotSpaceExplorer:HighVoltage","floor":16},{"not_picked":["RobotSpaceExplorer:SelfCleaning","RobotSpaceExplorer:IronShell"],"picked":"RobotSpaceExplorer:MiniDrones","floor":18},{"not_picked":["RobotSpaceExplorer:ScrapMissile","RobotSpaceExplorer:LaserBurst"],"picked":"RobotSpaceExplorer:FrostMissile+1","floor":18},{"not_picked":["RobotSpaceExplorer:SwiftStep","RobotSpaceExplorer:MakeshiftVolley+1"],"picked":"RobotSpaceExplorer:JunkDive","floor":19},{"not_picked":["RobotSpaceExplorer:Counterblock","RobotSpaceExplorer:Jetpack"],"picked":"RobotSpaceExplorer:ScrapShield","floor":19},{"not_picked":["RobotSpaceExplorer:SlimeMissile","RobotSpaceExplorer:ImprovisedAttack"],"picked":"RobotSpaceExplorer:Smokescreen+1","floor":21},{"not_picked":["RobotSpaceExplorer:Reload","RobotSpaceExplorer:StunGrenade"],"picked":"RobotSpaceExplorer:JunkDive+1","floor":21},{"not_picked":["RobotSpaceExplorer:ShockKick","RobotSpaceExplorer:Probe"],"picked":"RobotSpaceExplorer:Fix+1","floor":24},{"not_picked":["RobotSpaceExplorer:Counterblock","RobotSpaceExplorer:ImprovisedAttack"],"picked":"RobotSpaceExplorer:Pulsar","floor":25},{"not_picked":["RobotSpaceExplorer:StarDust","RobotSpaceExplorer:SurgingStrike"],"picked":"RobotSpaceExplorer:SelfCleaning","floor":25}],"player_experience":1180633,"relics_obtained":[{"floor":7,"key":"CeramicFish"},{"floor":9,"key":"Bottled Lightning"},{"floor":10,"key":"Shovel"},{"floor":17,"key":"Toy Ornithopter"},{"floor":17,"key":"Sundial"},{"floor":17,"key":"Prayer Wheel"},{"floor":24,"key":"Ginger"},{"floor":26,"key":"Oddly Smooth Stone"}],"event_choices":[{"damage_healed":0,"gold_gain":0,"player_choice":"Bought 3 Potions","damage_taken":0,"max_hp_gain":0,"max_hp_loss":0,"event_name":"The Woman in Blue","floor":2,"gold_loss":0},{"cards_removed":["RobotSpaceExplorer:Strike"],"damage_healed":0,"gold_gain":0,"player_choice":"Offered Basic","damage_taken":0,"max_hp_gain":0,"max_hp_loss":0,"event_name":"Bonfire Elementals","floor":5,"gold_loss":0},{"cards_removed":["RobotSpaceExplorer:Strike"],"damage_healed":0,"gold_gain":0,"player_choice":"Gave Gold","damage_taken":0,"max_hp_gain":0,"max_hp_loss":0,"event_name":"Beggar","floor":20,"gold_loss":75},{"damage_healed":0,"gold_gain":0,"player_choice":"Fought Bandits","damage_taken":0,"max_hp_gain":0,"max_hp_loss":0,"event_name":"Masked Bandits","floor":27,"gold_loss":0}],"is_beta":false,"boss_relics":[{"not_picked":["Philosopher\u0027s Stone","Tiny House"],"picked":"Calling Bell"}],"items_purged_floors":[],"is_endless":false,"potions_floor_spawned":[4,8,10,11,13,14,21,25],"killed_by":"Masked Bandits","ascension_level":4}}