{"host":"njo8qgvy2a57fcny","time":1611643086,"event":{"mods":["Aspiration","BaseMod","BetterRewards","CCEM","Colored Map","Colored Powertips","Conspire","Custom Start","Downfall","Energized Spire","GifTheSpireLib","Halation","Hermit","Hubris","Infinite Spire","Jedi Mod","Jorbs\u0027s Wanderer Trilogy","Mimic Mod","Minty Spire (QoL Compilation)","Quick Restart","Random Character Button","Random Character Mod","Rare Cards Sparkle","Relic Sorter","Replay The Spire","Shop Mod","StSLib","Stuff the Spire","The Animator","The Jungle","The Runesmith","The Servant 0.9.4","Unceasing Turn Reminder","thorton"],"gold_per_floor":[99,99,113,113,135,147,180,2,2,20,20,45,63,91,104,175,175,175,193,208,158,158,158,158],"floor_reached":22,"language":"ENG","playtime":1498,"items_purged":[],"score":413,"play_id":"0f239f10-abac-455c-baef-fceb7cfd7a3c","local_time":"20210126173806","is_ascension_mode":true,"campfire_choices":[{"data":"Metamorphosis","floor":1,"key":"SMITH"},{"floor":11,"key":"REST"},{"data":"Slimebound:MassRepurpose","floor":18,"key":"SMITH"}],"circlet_count":0,"master_deck":["AscendersBane","Slimebound:Strike_Slimebound","Slimebound:Strike_Slimebound","Slimebound:Strike_Slimebound","Slimebound:Tackle","Slimebound:Defend_Slimebound","Slimebound:Defend_Slimebound","Slimebound:Defend_Slimebound","Slimebound:Defend_Slimebound","Slimebound:Split","Slimebound:CorrosiveSpit","Metamorphosis+1","Slimebound:GoopSpray","Slimebound:MegaLick","Regret","Slimebound:LeadByExample","Slimebound:LeechLife","Slimebound:TongueLash","Slimebound:LeechingTouch","Slimebound:GoopSpray","Slimebound:LeadByExample","ReplayTheSpireMod:Private Reserves+1","Slimebound:GoopSpray","ReplayUltimateDefense+1","Slimebound:SlimeBarrage","Replay:BasicMightCard+1","Slimebound:GoopSpray","Slimebound:MassRepurpose+1","Slimebound:SpikyOuterGoop","Slimebound:RollThrough"],"relics":["Slimebound:AbsorbEndCombat","StuffTheSpire:RedRose","conspire:GiftBox","StuffTheSpire:Barrel","jedi:crownofsimplicity","CCEMRelics:FestiveHat","Bag of Preparation","Ring of Chaos"],"acts_visited":["Exordium","TheCity"],"potions_floor_usage":[7,12,14,14,19],"damage_taken":[{"damage":7,"enemies":"2 Louse","floor":3,"turns":3},{"damage":6,"enemies":"Small Slimes","floor":6,"turns":4},{"damage":18,"enemies":"Jaw Worm","floor":7,"turns":6},{"damage":14,"enemies":"downfall:FleeingMerchant","floor":8,"turns":4},{"damage":8,"enemies":"Jaw Worm","floor":10,"turns":2},{"damage":30,"enemies":"Gremlin Nob","floor":12,"turns":4},{"damage":0,"enemies":"Red Slaver","floor":13,"turns":4},{"damage":8,"enemies":"3 Sentries","floor":14,"turns":6},{"damage":5,"enemies":"Large Slime","floor":15,"turns":5},{"damage":61,"enemies":"WA_ARCHETYPE_RETAIN","floor":16,"turns":7},{"damage":40,"enemies":"Shell Parasite","floor":19,"turns":5},{"damage":10,"enemies":"3 Byrds","floor":20,"turns":4},{"damage":36,"enemies":"Cultist and Chosen","floor":22,"turns":3}],"seed_played":"-4840415428811611713","potions_obtained":[{"floor":6,"key":"Swift Potion"},{"floor":10,"key":"jedi:StrikingPotion"},{"floor":12,"key":"LiquidMemories"},{"floor":13,"key":"Adrenaline Potion"},{"floor":16,"key":"Adrenaline Potion"}],"is_trial":false,"path_per_floor":["R","?","M","?","?","M","MIM","$","?","M","R","E","M","E","M","B",null,"R","M","M","?","M"],"character_chosen":"SLIMEBOUND","items_purchased":["jedi:crownofsimplicity"],"campfire_rested":1,"item_purchase_floors":[8],"current_hp_per_floor":[53,53,50,50,33,37,27,19,19,19,35,19,29,43,51,18,45,45,11,5,34,0,0,0],"gold":158,"neow_bonus":"RANDOM_COLORLESS_2","is_daily":false,"chose_seed":false,"campfire_upgraded":2,"win_rate":0.0,"timestamp":1611643086,"path_taken":["R","?","M","?","?","?","MIM","$","?","M","R","E","M","E","M","BOSS","R","M","M","?","M"],"items_purchased_type":["Relic"],"build_version":"2020-12-22","purchased_purges":0,"victory":false,"max_hp_per_floor":[54,54,54,54,54,54,54,54,54,54,54,54,54,54,54,54,54,54,54,54,54,54,54,54],"card_choices":[{"not_picked":["Magnetism","Mayhem"],"picked":"Metamorphosis","floor":0},{"not_picked":["Slimebound:FormOfPuddle","Slimebound:PressTheAttack"],"picked":"Slimebound:MegaLick","floor":3},{"not_picked":["Slimebound:SplitBruiser","Slimebound:PressTheAttack"],"picked":"Slimebound:LeadByExample","floor":5},{"not_picked":["Slimebound:DuplicatedForm","Slimebound:MinionMaster"],"picked":"Slimebound:LeechLife","floor":5},{"not_picked":["Slimebound:SplitBruiser","Slimebound:RollThrough"],"picked":"Slimebound:TongueLash","floor":6},{"not_picked":["Slimebound:BestDefense","Slimebound:GoopSpray"],"picked":"Slimebound:LeechingTouch","floor":7},{"not_picked":["Slimebound:TongueLash","Slimebound:ProtectTheBoss","Slimebound:GoopTackle"],"picked":"SKIP","floor":8},{"not_picked":["Slimebound:SlimeTap","Slimebound:AcidTongue"],"picked":"Slimebound:GoopSpray","floor":10},{"not_picked":["Slimebound:RollThrough","Slimebound:SplitLeeching"],"picked":"Slimebound:LeadByExample","floor":12},{"not_picked":["Replay:Parry+1","Deep Breath+1"],"picked":"ReplayTheSpireMod:Private Reserves+1","floor":13},{"not_picked":["Slimebound:FinishingTackle","Slimebound:RollThrough"],"picked":"Slimebound:GoopSpray","floor":13},{"not_picked":["Forethought+1","Swift Strike+1"],"picked":"ReplayUltimateDefense+1","floor":14},{"not_picked":["Slimebound:PressTheAttack","Slimebound:SlimeSlap"],"picked":"Slimebound:SlimeBarrage","floor":14},{"not_picked":["hubris:Insight+1","Replay:Bootleg Shield Generator+1"],"picked":"Replay:BasicMightCard+1","floor":15},{"not_picked":["Slimebound:BestDefense","Slimebound:FormOfPuddle"],"picked":"Slimebound:GoopSpray","floor":15},{"not_picked":["Slimebound:Overexert","Slimebound:WasteNot"],"picked":"Slimebound:MassRepurpose","floor":16},{"not_picked":["Slimebound:HauntingLick","Slimebound:SplitLeeching"],"picked":"Slimebound:SpikyOuterGoop","floor":19},{"not_picked":["Slimebound:RainOfGoop+1","Slimebound:FormOfPuddle"],"picked":"Slimebound:RollThrough","floor":20}],"player_experience":717765,"relics_obtained":[{"floor":5,"key":"conspire:GiftBox"},{"floor":7,"key":"StuffTheSpire:Barrel"},{"floor":12,"key":"CCEMRelics:FestiveHat"},{"floor":14,"key":"Bag of Preparation"}],"event_choices":[],"is_beta":false,"boss_relics":[{"not_picked":["Sozu","Replay:Wanted Poster"],"picked":"Ring of Chaos"}],"items_purged_floors":[],"is_endless":false,"potions_floor_spawned":[6,10,12,13,16],"killed_by":"Cultist and Chosen","ascension_level":20}}