{"host":"pi8b3ffzwvxqztac","time":1611676579,"event":{"mods":["BaseMod","Colored Map","Downfall","Minty Spire (QoL Compilation)","StSLib"],"gold_per_floor":[119,134,146,159,159,159,193,193,216,216,229,244,260,270,270,375,425,436,446,126,126,162,162,162,162,162,162,195,195,195],"floor_reached":29,"language":"ENG","playtime":1127,"items_purged":["Regret"],"score":297,"play_id":"e64965ef-33fe-49ae-9b85-b301fed1e3d6","local_time":"20210127045619","is_ascension_mode":true,"campfire_choices":[{"data":"Zap","floor":6,"key":"SMITH"},{"data":"Dualcast","floor":8,"key":"SMITH"},{"data":"Defragment","floor":10,"key":"SMITH"},{"data":"Creative AI","floor":15,"key":"SMITH"},{"data":"Rainbow","floor":23,"key":"SMITH"},{"data":"Defragment","floor":25,"key":"SMITH"},{"data":"Redo","floor":27,"key":"SMITH"}],"circlet_count":0,"master_deck":["Strike_B","Strike_B+1","Strike_B","Strike_B","Defend_B","Defend_B","Defend_B","Defend_B","Zap+1","Dualcast+1","Cold Snap","Melter","Defragment+1","Reinforced Body","Self Repair","Redo+1","Creative AI+1","Rainbow+1","Leap","Turbo+1","Defragment+1","Leap","Self Repair+1","Go for the Eyes"],"relics":["Cracked Core","champ:DuelingGlove","hexamod:BolsterEngine","PreservedInsect","Tiny House","Lee\u0027s Waffle","Potion Belt","Regal Pillow","StoneCalendar"],"acts_visited":["Exordium","TheCity"],"potions_floor_usage":[12,12,13,16,18,22,22,28],"damage_taken":[{"damage":7,"enemies":"Small Slimes","floor":1,"turns":3},{"damage":2,"enemies":"2 Louse","floor":2,"turns":2},{"damage":2,"enemies":"Cultist","floor":3,"turns":3},{"damage":10,"enemies":"Blue Slaver","floor":4,"turns":5},{"damage":21,"enemies":"Lagavulin","floor":7,"turns":5},{"damage":1,"enemies":"3 Louse","floor":11,"turns":4},{"damage":0,"enemies":"Lots of Slimes","floor":12,"turns":2},{"damage":3,"enemies":"Looter","floor":13,"turns":3},{"damage":7,"enemies":"Gremlin Gang","floor":14,"turns":5},{"damage":9,"enemies":"The Guardian","floor":16,"turns":11},{"damage":0,"enemies":"Spheric Guardian","floor":18,"turns":2},{"damage":20,"enemies":"Shell Parasite","floor":19,"turns":4},{"damage":40,"enemies":"3 Cultists","floor":22,"turns":8},{"damage":30,"enemies":"Gremlin Leader","floor":28,"turns":9},{"damage":41,"enemies":"Chosen and Byrds","floor":29,"turns":4}],"seed_played":"7936497682144918263","potions_obtained":[{"floor":4,"key":"Explosive Potion"},{"floor":11,"key":"Guardian:BlockOnCardUsePotion"},{"floor":12,"key":"ColorlessPotion"},{"floor":13,"key":"DistilledChaos"},{"floor":14,"key":"champ:CounterPotion"},{"floor":16,"key":"ColorlessPotion"},{"floor":17,"key":"champ:CounterPotion"},{"floor":19,"key":"LiquidBronze"}],"is_trial":false,"path_per_floor":["M","M","M","M","?","R","E","R","T","R","M","M","M","M","R","B",null,"M","M","$","?","M","R","?","R","T","R","E","M"],"character_chosen":"DEFECT","items_purchased":["Defragment","Lee\u0027s Waffle","Leap"],"campfire_rested":0,"item_purchase_floors":[20,20,20],"current_hp_per_floor":[68,66,64,54,59,59,38,38,38,38,44,51,55,55,55,53,85,85,65,92,74,41,41,41,41,41,41,28,0,0],"gold":195,"neow_bonus":"ONE_RARE_RELIC","is_daily":false,"chose_seed":false,"campfire_upgraded":7,"win_rate":0.0,"timestamp":1611676579,"path_taken":["M","M","M","M","?","R","E","R","T","R","M","M","M","M","R","BOSS","M","M","$","?","M","R","?","R","T","R","E","?"],"items_purchased_type":["Card","Relic","Card"],"build_version":"2020-12-22","purchased_purges":1,"victory":false,"max_hp_per_floor":[75,75,75,75,80,80,80,80,80,80,80,80,80,80,80,80,85,85,85,92,97,97,97,97,97,97,97,97,97,97],"card_choices":[{"not_picked":["Loop","Streamline"],"picked":"Cold Snap","floor":1},{"not_picked":["Coolheaded","Go for the Eyes"],"picked":"Melter","floor":2},{"not_picked":["Conserve Battery","Redo"],"picked":"Defragment","floor":3},{"not_picked":["Reprogram","Amplify"],"picked":"Reinforced Body","floor":4},{"not_picked":["Reinforced Body","Chill"],"picked":"Self Repair","floor":7},{"not_picked":["Barrage","Tempest","FTL"],"picked":"SKIP","floor":11},{"not_picked":["Steam","Rebound","Blizzard"],"picked":"SKIP","floor":12},{"not_picked":["Steam","Blizzard"],"picked":"Redo","floor":13},{"not_picked":["Recycle","Sweeping Beam"],"picked":"Creative AI","floor":14},{"not_picked":["All For One","Multi-Cast"],"picked":"Rainbow","floor":16},{"not_picked":["Beam Cell","Genetic Algorithm"],"picked":"Leap","floor":17},{"not_picked":["Undo","Genetic Algorithm"],"picked":"Turbo+1","floor":18},{"not_picked":["Redo","Streamline"],"picked":"Defragment","floor":19},{"not_picked":["BootSequence","Force Field"],"picked":"Self Repair+1","floor":22},{"not_picked":["Barrage+1","Compile Driver"],"picked":"Go for the Eyes","floor":28}],"player_experience":624737,"relics_obtained":[{"floor":7,"key":"hexamod:BolsterEngine"},{"floor":9,"key":"PreservedInsect"},{"floor":26,"key":"Regal Pillow"},{"floor":28,"key":"StoneCalendar"}],"event_choices":[{"damage_healed":0,"gold_gain":0,"player_choice":"Donut","damage_taken":0,"max_hp_gain":5,"max_hp_loss":0,"event_name":"Big Fish","floor":5,"gold_loss":0},{"damage_healed":0,"gold_gain":0,"player_choice":"Shed Blood","damage_taken":23,"max_hp_gain":5,"max_hp_loss":0,"event_name":"Forgotten Altar","floor":21,"gold_loss":0},{"cards_removed":["Defragment"],"damage_healed":0,"gold_gain":0,"player_choice":"Gave Card","damage_taken":0,"relics_obtained":["Potion Belt"],"max_hp_gain":0,"max_hp_loss":0,"event_name":"WeMeetAgain","floor":24,"gold_loss":0}],"is_beta":false,"boss_relics":[{"not_picked":["Fusion Hammer","SacredBark"],"picked":"Tiny House"}],"items_purged_floors":[20],"is_endless":false,"potions_floor_spawned":[4,11,12,13,14,16,19],"killed_by":"Chosen and Byrds","ascension_level":2}}