{"host":"df48i9djcn92c5sx","time":1611640216,"event":{"mods":["Act Like it!","Arknights The Spire","BaseMod","Decade(王小明)","Downfall","Gensokyo","Marisa（F雨　魔理沙）","Minty Spire (QoL Compilation)","READ ME - Guardian Mod","READ ME - Snecko Mod","Reimu（博丽灵梦）","Remilia（蕾米莉亚）","Shop Mod","StSLib","The Jungle","The Servant 0.9.4"],"gold_per_floor":[114,132,144,157,257,257,270,212,236,236,236,246,246,278,278,278,278],"floor_reached":16,"language":"ZHS","playtime":419,"items_purged":[],"score":130,"play_id":"fd99f638-5e6a-487b-94c2-01d481de46a1","local_time":"20210126135016","is_ascension_mode":true,"campfire_choices":[{"data":"KidneyShot","floor":6,"key":"SMITH"},{"data":"Moonlight","floor":11,"key":"SMITH"},{"data":"Ricochet","floor":13,"key":"SMITH"},{"data":"Deny","floor":15,"key":"SMITH"}],"circlet_count":0,"master_deck":["Strike_S","Strike_S","Strike_S","Strike_S","Defend_S","Defend_S","Defend_S","Defend_S","KidneyShot+1","Exchange","Desolation","Rearm","Ricochet+1","Moonlight+1","Clumsy","Deny+1"],"relics":["Uniform","NeowsBlessing","Anchor","Gensokyo:NagashiBinaDoll","Centennial Puzzle"],"acts_visited":["Exordium"],"potions_floor_usage":[7,16,16],"damage_taken":[{"damage":0,"enemies":"Gensokyo:2_Kodama","floor":1,"turns":1},{"damage":0,"enemies":"Gensokyo:3_Fairies","floor":2,"turns":2},{"damage":0,"enemies":"Gensokyo:Gryphon","floor":3,"turns":1},{"damage":15,"enemies":"Gensokyo:VengefulSpirit","floor":4,"turns":7},{"damage":8,"enemies":"Gensokyo:3_Kodama","floor":7,"turns":5},{"damage":4,"enemies":"Gensokyo:CorruptedTreant","floor":12,"turns":2},{"damage":26,"enemies":"Gensokyo:Cirno","floor":14,"turns":5},{"damage":36,"enemies":"Gensokyo:Yukari","floor":16,"turns":6}],"seed_played":"4328909583507271502","potions_obtained":[{"floor":1,"key":"bronze:BurnAndBuffPotion"},{"floor":2,"key":"CultistPotion"},{"floor":14,"key":"GamblersBrew"}],"is_trial":false,"path_per_floor":["M","M","M","M","?","R","M","?","T","?","R","M","R","E","R","B"],"character_chosen":"THE_SERVANT","items_purchased":[],"campfire_rested":0,"item_purchase_floors":[],"current_hp_per_floor":[59,59,59,44,44,44,36,65,65,65,65,61,61,35,35,0,0],"gold":278,"neow_bonus":"THREE_ENEMY_KILL","is_daily":false,"chose_seed":false,"campfire_upgraded":4,"win_rate":0.0,"timestamp":1611640216,"path_taken":["M","M","M","M","?","R","M","?","T","?","R","M","R","E","R","BOSS"],"items_purchased_type":[],"build_version":"2020-12-22","purchased_purges":0,"victory":false,"max_hp_per_floor":[65,65,65,65,65,65,65,65,65,65,65,65,65,65,65,65,65],"card_choices":[{"not_picked":["Spin","FastForward"],"picked":"Desolation","floor":1},{"not_picked":["Unruled","WasteNot","Defy"],"picked":"SKIP","floor":2},{"not_picked":["Starlight","DoubleEdge"],"picked":"Rearm","floor":3},{"not_picked":["Revamp","Foresight"],"picked":"Ricochet","floor":4},{"not_picked":["ShatteredReality","Read"],"picked":"Moonlight","floor":7},{"not_picked":["DoubleEdge","Replace","StarChef"],"picked":"SKIP","floor":12},{"not_picked":["Advance","Defy"],"picked":"Deny","floor":14}],"player_experience":1488613,"relics_obtained":[{"floor":9,"key":"Anchor"},{"floor":14,"key":"Centennial Puzzle"}],"event_choices":[],"is_beta":false,"boss_relics":[],"items_purged_floors":[],"is_endless":false,"potions_floor_spawned":[1,2,14],"killed_by":"Gensokyo:Yukari","ascension_level":6}}