{"host":"hwrdjx5eod2cxh09","time":1611686592,"event":{"mods":["AchievementEnabler","BaseMod","Bestiary","Minty Spire (QoL Compilation)","Relic Stats"],"gold_per_floor":[109,128,128,140,152,152,166,166,190,203,63,63,76,26,26,124,124,134,59,59,59,48,48,48,64,64,84,104,114,114,132,132,228,228,247,261,261,161,161,161,171,185,259,259,276,276,286,161,161,161],"floor_reached":51,"language":"ENG","playtime":2120,"items_purged":["Strike_R","Barricade+1","Strike_R"],"score":645,"play_id":"4b90e217-19c6-4eac-b881-654da0e5591a","local_time":"20210127034312","is_ascension_mode":false,"campfire_choices":[{"data":"Sword Boomerang","floor":6.0,"key":"SMITH"},{"data":"Carnage","floor":8.0,"key":"SMITH"},{"data":"Entrench","floor":15,"key":"SMITH"},{"data":"Berserk","floor":23,"key":"SMITH"},{"data":"Entrench","floor":30,"key":"SMITH"},{"data":"Barricade","floor":32,"key":"SMITH"},{"data":"Offering","floor":40,"key":"SMITH"},{"data":"Pommel Strike","floor":44,"key":"SMITH"},{"data":"Shrug It Off","floor":49,"key":"SMITH"}],"circlet_count":0,"master_deck":["Defend_R","Defend_R","Defend_R","Defend_R","Bash","Spot Weakness","Sword Boomerang+1","Shockwave+1","Reaper","Entrench+1","Berserk+1","Flame Barrier","Reaper","Pommel Strike+1","Whirlwind","Entrench+1","Ghostly Armor+1","Offering+1","Battle Trance+1","Pommel Strike+1","Shrug It Off+1"],"relics":["Coffee Dripper"],"acts_visited":["Exordium","TheCity","TheBeyond"],"potions_floor_usage":[41,41,50,50,50],"damage_taken":[{"damage":1.0,"enemies":"Cultist","floor":1.0,"turns":3.0},{"damage":4.0,"enemies":"Small Slimes","floor":2.0,"turns":4.0},{"damage":0.0,"enemies":"2 Louse","floor":4.0,"turns":2.0},{"damage":16.0,"enemies":"Lots of Slimes","floor":5.0,"turns":4.0},{"damage":0.0,"enemies":"Exordium Wildlife","floor":7.0,"turns":2.0},{"damage":5.0,"enemies":"Looter","floor":10.0,"turns":2.0},{"damage":4,"enemies":"Blue Slaver","floor":13,"turns":3},{"damage":28,"enemies":"The Guardian","floor":16,"turns":8},{"damage":19,"enemies":"Spheric Guardian","floor":18,"turns":4},{"damage":25,"enemies":"2 Thieves","floor":22,"turns":5},{"damage":19,"enemies":"Shelled Parasite and Fungi","floor":25,"turns":4},{"damage":33,"enemies":"3 Cultists","floor":27,"turns":6},{"damage":25,"enemies":"Cultist and Chosen","floor":28,"turns":8},{"damage":14,"enemies":"Centurion and Healer","floor":29,"turns":8},{"damage":7,"enemies":"Snecko","floor":31,"turns":7},{"damage":59,"enemies":"Automaton","floor":33,"turns":12},{"damage":6,"enemies":"3 Shapes","floor":35,"turns":6},{"damage":11,"enemies":"3 Darklings","floor":36,"turns":6},{"damage":20,"enemies":"4 Shapes","floor":41,"turns":7},{"damage":23,"enemies":"Transient","floor":42,"turns":5},{"damage":13,"enemies":"Spire Growth","floor":45,"turns":5},{"damage":42,"enemies":"Sphere and 2 Shapes","floor":47,"turns":6},{"damage":59,"enemies":"Awakened One","floor":50,"turns":16}],"seed_played":"-3789012404716713532","potions_obtained":[{"floor":1.0,"key":"PowerPotion"},{"floor":2.0,"key":"Strength Potion"},{"floor":4.0,"key":"SteroidPotion"},{"floor":10.0,"key":"EssenceOfSteel"},{"floor":28,"key":"LiquidMemories"},{"floor":33,"key":"DuplicationPotion"},{"floor":41,"key":"EssenceOfSteel"},{"floor":47,"key":"Regen Potion"}],"is_trial":false,"path_per_floor":["M","M","?","M","M","R","M","R","T","M","$","?","M","?","R","B",null,"M","$","?","$","M","R","?","M","T","M","M","M","R","M","R","B",null,"M","M","?","$","?","R","M","M","T","R","M","?","M","$","R","B",null],"character_chosen":"IRONCLAD","items_purchased":["Reaper"],"campfire_rested":0,"item_purchase_floors":[11],"current_hp_per_floor":[79,75,75,75,59,59,59,59,59,54,54,54,57,57,57,39,80,64,64,64,64,67,67,67,73,73,47,35,52,52,55,55,20,80,80,80,80,80,76,76,73,60,60,60,62,62,30,30,30,64],"gold":161,"neow_bonus":"BOSS_RELIC","is_daily":false,"chose_seed":false,"campfire_upgraded":9,"win_rate":0.0,"timestamp":1611686592,"path_taken":["M","M","?","M","M","R","?","R","T","M","$","?","?","?","R","BOSS","M","$","?","$","?","R","?","M","T","M","M","M","R","M","R","BOSS","M","M","?","$","?","R","M","M","T","R","?","?","M","$","R","BOSS"],"items_purchased_type":["Card"],"build_version":"2020-12-22","purchased_purges":3,"victory":true,"max_hp_per_floor":[80,80,80,80,80,80,80,80,80,80,80,80,80,80,80,80,80,80,80,80,80,80,80,80,80,80,80,80,80,80,80,80,80,80,80,80,80,80,76,76,76,76,76,76,76,76,76,76,76,76],"relic_stats":{"counters":[23,133],"obtain_stats":[{"Coffee Dripper":0,"Burning Blood":0},{"Coffee Dripper":0,"Burning Blood":0},{"Coffee Dripper":0,"Burning Blood":0}]},"card_choices":[{"not_picked":["Infernal Blade","Ghostly Armor"],"picked":"Spot Weakness","floor":1.0},{"not_picked":["Blood for Blood","Dropkick"],"picked":"Sword Boomerang","floor":2.0},{"not_picked":["Searing Blow","Rampage","Thunderclap"],"picked":"SKIP","floor":4.0},{"not_picked":["Combust","Havoc","Infernal Blade"],"picked":"SKIP","floor":5.0},{"not_picked":["Anger","Seeing Red"],"picked":"Carnage","floor":7.0},{"not_picked":["Anger","Warcry"],"picked":"Shockwave","floor":10.0},{"not_picked":["Flame Barrier","Infernal Blade"],"picked":"Entrench","floor":13},{"not_picked":["Reaper","Impervious"],"picked":"Berserk","floor":16},{"not_picked":["Clash","Flex"],"picked":"Flame Barrier","floor":18},{"not_picked":["Twin Strike","Rupture"],"picked":"Pommel Strike","floor":22},{"not_picked":["Havoc","Rampage"],"picked":"Ghostly Armor+1","floor":25},{"not_picked":["Iron Wave","Thunderclap","Rampage+1"],"picked":"SKIP","floor":27},{"not_picked":["Body Slam","Heavy Blade"],"picked":"Barricade","floor":28},{"not_picked":["Headbutt","Iron Wave","Flex"],"picked":"SKIP","floor":29},{"not_picked":["Twin Strike","Headbutt","Iron Wave"],"picked":"SKIP","floor":31},{"not_picked":["Immolate","Limit Break"],"picked":"Offering","floor":33},{"not_picked":["Headbutt+1","Havoc+1","Heavy Blade+1"],"picked":"SKIP","floor":35},{"not_picked":["Clothesline+1","Anger"],"picked":"Battle Trance+1","floor":36},{"not_picked":["Headbutt+1","Warcry+1","Iron Wave"],"picked":"SKIP","floor":41},{"not_picked":["Intimidate+1","Battle Trance+1"],"picked":"Pommel Strike+1","floor":42},{"not_picked":["Cleave+1","Sword Boomerang+1","Heavy Blade"],"picked":"SKIP","floor":45},{"not_picked":["Hemokinesis+1","Blood for Blood"],"picked":"Shrug It Off","floor":47}],"player_experience":320029,"relics_obtained":[],"event_choices":[{"damage_healed":0.0,"max_hp_gain":0.0,"max_hp_loss":0.0,"gold_gain":0.0,"event_name":"Match and Keep!","player_choice":"0 cards matched","floor":3.0,"gold_loss":0.0,"damage_taken":0.0,"cards_obtained":[]},{"damage_healed":0.0,"max_hp_gain":0.0,"max_hp_loss":0.0,"gold_gain":0.0,"event_name":"Accursed Blacksmith","player_choice":"Forge","floor":12.0,"gold_loss":0.0,"damage_taken":0.0,"cards_upgraded":["Shockwave"]},{"cards_removed":["Strike_R"],"damage_healed":0,"gold_gain":0,"player_choice":"Card Removal","damage_taken":0,"max_hp_gain":0,"max_hp_loss":0,"event_name":"The Cleric","floor":14,"gold_loss":50},{"damage_healed":0,"gold_gain":0,"player_choice":"Copied","damage_taken":0,"max_hp_gain":0,"max_hp_loss":0,"event_name":"Duplicator","floor":20,"gold_loss":0,"cards_obtained":["Reaper"]},{"damage_healed":0,"gold_gain":0,"cards_transformed":["Strike_R","Strike_R"],"player_choice":"Became Test Subject","damage_taken":0,"max_hp_gain":0,"max_hp_loss":0,"event_name":"Drug Dealer","floor":24,"gold_loss":0,"cards_obtained":["Whirlwind","Entrench"]},{"damage_healed":0,"gold_gain":0,"player_choice":"Ignored","damage_taken":0,"max_hp_gain":0,"max_hp_loss":0,"event_name":"Mysterious Sphere","floor":37,"gold_loss":0},{"damage_healed":0,"gold_gain":0,"player_choice":"Max HP","damage_taken":0,"max_hp_gain":0,"max_hp_loss":4,"event_name":"Winding Halls","floor":39,"gold_loss":0},{"cards_removed":["Carnage"],"damage_healed":0,"gold_gain":0,"player_choice":"Removed Attack","damage_taken":0,"max_hp_gain":0,"max_hp_loss":0,"event_name":"Falling","floor":46,"gold_loss":0}],"is_beta":false,"boss_relics":[{"not_picked":["Velvet Choker","Sozu","Runic Pyramid"]},{"not_picked":["Cursed Key","Snecko Eye","Empty Cage"]}],"items_purged_floors":[19,38,48],"is_endless":false,"potions_floor_spawned":[1,2,4,10,13,18,22,28,33,35,36,41,47],"ascension_level":0}}