{"host":"mg3e76uznu9x14du","time":1611634012,"event":{"mods":["BaseMod","Colored Map","Downfall","Minty Spire (QoL Compilation)","Permanent Neow","Relic Stats","StSLib","Waifu the Spire","everything is the same but u backflip on backflip"],"gold_per_floor":[99,116,291,291,291,308,308,334,334,360,379,74,87,100,111,111,111,111],"floor_reached":16,"language":"ENG","playtime":631,"items_purged":[],"score":129,"play_id":"2aca54a6-3879-43ad-9781-8db701dda1dc","local_time":"20210125230652","is_ascension_mode":true,"campfire_choices":[{"data":"champ:Taunt","floor":1,"key":"SMITH"},{"data":"champ:EndlessRage","floor":9,"key":"SMITH"}],"circlet_count":0,"master_deck":["champ:Strike","champ:Strike","champ:Strike","champ:Defend","champ:Defend","champ:Defend","champ:Defend","champ:Execute","champ:Taunt+1","champ:FaceSlap","Doubt","champ:DeathBlow","champ:EndlessRage+1","champ:FancyFootwork","champ:BringItOn","champ:Encircle","champ:ShieldWall","champ:ShieldSlam","champ:DefensiveShout"],"relics":["champ:ChampionCrown","Guardian:PocketSentry","Pantograph","PreservedInsect","Lantern","hexamod:CandleOfCauterizing","champ:GladiatorsBookOfMartialProwess"],"acts_visited":["Exordium"],"potions_floor_usage":[10,13,16],"damage_taken":[{"damage":21,"enemies":"Jaw Worm","floor":2,"turns":4},{"damage":0,"enemies":"2 Louse","floor":6,"turns":2},{"damage":35,"enemies":"Lagavulin","floor":8,"turns":5},{"damage":55,"enemies":"3 Sentries","floor":10,"turns":5},{"damage":14,"enemies":"Cultist","floor":11,"turns":3},{"damage":20,"enemies":"downfall:FleeingMerchant","floor":12,"turns":4},{"damage":29,"enemies":"Large Slime","floor":13,"turns":4},{"damage":20,"enemies":"Red Slaver","floor":14,"turns":3},{"damage":29,"enemies":"Gremlin Gang","floor":15,"turns":4},{"damage":51,"enemies":"IC_STATUS_ARCHETYPE","floor":16,"turns":4}],"seed_played":"-8286542797491686743","potions_obtained":[{"floor":2,"key":"ColorlessPotion"},{"floor":8,"key":"bronze:BurnAndBuffPotion"},{"floor":10,"key":"Energy Potion"}],"is_trial":false,"path_per_floor":["R","M","?","?","?","M","T","E","R","E","M","$","M","M","M","B"],"character_chosen":"THE_CHAMP","items_purchased":["champ:GladiatorsBookOfMartialProwess"],"campfire_rested":0,"item_purchase_floors":[12],"current_hp_per_floor":[90,79,79,72,72,72,72,67,67,42,38,38,29,29,10,0,0,0],"gold":111,"neow_bonus":"RANDOM_COMMON_RELIC","is_daily":false,"chose_seed":false,"campfire_upgraded":2,"win_rate":0.0,"timestamp":1611634012,"path_taken":["R","M","?","?","?","M","T","E","R","E","M","$","M","M","M","BOSS"],"items_purchased_type":["Relic"],"build_version":"2020-12-22","purchased_purges":0,"victory":false,"max_hp_per_floor":[90,90,90,90,90,90,90,90,90,90,90,90,90,90,90,90,90,90],"relic_stats":{"counters":[10,35],"Pantograph":25,"PreservedInsect":161,"obtain_stats":[{"Lantern":8,"hexamod:CandleOfCauterizing":10,"Pantograph":4,"champ:ChampionCrown":0,"PreservedInsect":7,"Guardian:PocketSentry":0,"champ:GladiatorsBookOfMartialProwess":12},{"Lantern":3,"hexamod:CandleOfCauterizing":4,"Pantograph":1,"champ:ChampionCrown":0,"PreservedInsect":2,"Guardian:PocketSentry":0,"champ:GladiatorsBookOfMartialProwess":6},{"Lantern":10,"hexamod:CandleOfCauterizing":15,"Pantograph":4,"champ:ChampionCrown":0,"PreservedInsect":5,"Guardian:PocketSentry":0,"champ:GladiatorsBookOfMartialProwess":22}]},"card_choices":[{"not_picked":["champ:Duel","champ:SwordSigil"],"picked":"champ:FaceSlap","floor":2},{"not_picked":["champ:TornadoPunch","champ:CrownThrow"],"picked":"champ:DeathBlow","floor":6},{"not_picked":["champ:DefensiveStyle","champ:DefensiveShout"],"picked":"champ:EndlessRage","floor":8},{"not_picked":["champ:TornadoPunch","champ:ShieldThrow"],"picked":"champ:FancyFootwork","floor":10},{"not_picked":["champ:FlashCut","champ:Haymaker"],"picked":"champ:BringItOn","floor":11},{"not_picked":["champ:ShieldSigil","champ:RapidStrikes"],"picked":"champ:Encircle","floor":12},{"not_picked":["champ:IronFortress","champ:FlashCut"],"picked":"champ:ShieldWall","floor":13},{"not_picked":["champ:FancyFootwork","champ:ShieldSigil"],"picked":"champ:ShieldSlam","floor":14},{"not_picked":["champ:Shatter","champ:GladiatorStyle"],"picked":"champ:DefensiveShout","floor":15}],"player_experience":494310,"relics_obtained":[{"floor":7,"key":"PreservedInsect"},{"floor":8,"key":"Lantern"},{"floor":10,"key":"hexamod:CandleOfCauterizing"}],"event_choices":[{"damage_healed":0,"gold_gain":0,"player_choice":"Success","damage_taken":7,"relics_obtained":["Pantograph"],"max_hp_gain":0,"max_hp_loss":0,"event_name":"Scrap Ooze","floor":4,"gold_loss":0}],"is_beta":false,"boss_relics":[],"items_purged_floors":[],"is_endless":false,"potions_floor_spawned":[2,8,10],"killed_by":"IC_STATUS_ARCHETYPE","ascension_level":3}}