{"host":"t0dtoggyaif518ut","time":1611665350,"event":{"mods":["AchievementEnabler","BaseMod","Best Route Mod","Bestiary","Better Altar","Better Match","Better Note","Better Sensory Stone","Better Silent Start","Better Skull","Better Third Choice","Better Vampires","Block Reminder","Colored Powertips","Dark Map","Displayed Cursed Tome","Energized Spire","Evolution","Gold Saver","Ironclad Rager","Minty Spire (QoL Compilation)","Practice Mode","Quick Restart","RNG Fix","Random Character Button","Relic Stats","Retaliation","Reworked Bosses","StSLib","Treasure Hunter"],"gold_per_floor":[776,951,967,979,979,979,1010,1010,1063,1063,1063,1063,1063,353,353,432,432,450,17,36,51,51,84,84,31,85,85,98,98,98,98],"floor_reached":30,"language":"RUS","playtime":1684,"items_purged":["Doubt"],"score":453,"play_id":"715eca19-e739-4fb5-8e2e-036772a811f6","local_time":"20210126194910","is_ascension_mode":true,"campfire_choices":[{"data":"Rampage","floor":6,"key":"SMITH"},{"data":"Twin Strike","floor":8,"key":"SMITH"},{"data":"Shrug It Off","floor":10,"key":"SMITH"},{"data":"TH:CursedSword","floor":12,"key":"SMITH"},{"floor":15,"key":"REST"},{"data":"Berserk","floor":24,"key":"SMITH"},{"data":"Armaments","floor":27,"key":"SMITH"},{"floor":29,"key":"REST"}],"circlet_count":0,"master_deck":["AscendersBane","Sword Boomerang","Sword Boomerang","Sword Boomerang","Sword Boomerang","Sword Boomerang","Defend_R","Defend_R","Defend_R","Defend_R","Bash","Twin Strike+1","Shrug It Off+1","Rampage+1","TH:ArmorSpikes","TH:CursedSword+1","Shrug It Off","Cleave","TH:ArmorSpikes","Berserk+1","DDmod:SpikedSkill","Battle Trance","Shrug It Off","TH:CursedSword","Armaments+1","TH:ArmorSpikes","DDmod:RapidStrikeAttack"],"relics":["Black Blood","EVO:Axolotl","DDmod:BarbedSlagRelic","Shuriken","Ancient Tea Set","Orichalcum","Pen Nib","ClockworkSouvenir","Chemical X","Meat on the Bone","NlothsMask","Potion Belt"],"acts_visited":["Exordium","TheCity"],"potions_floor_usage":[7,14,23,28,28],"damage_taken":[{"damage":7,"enemies":"Jaw Worm","floor":1,"turns":2},{"damage":7,"enemies":"Small Slimes","floor":3,"turns":3},{"damage":7,"enemies":"2 Louse","floor":4,"turns":3},{"damage":29,"enemies":"3 Sentries","floor":7,"turns":9},{"damage":18,"enemies":"Slime Boss","floor":16,"turns":8},{"damage":31,"enemies":"Chosen","floor":18,"turns":6},{"damage":18,"enemies":"Shell Parasite","floor":20,"turns":5},{"damage":34,"enemies":"Centurion and Healer","floor":21,"turns":8},{"damage":46,"enemies":"Gremlin Leader","floor":23,"turns":6},{"damage":29,"enemies":"Snecko","floor":28,"turns":5},{"damage":68,"enemies":"Slavers","floor":30,"turns":4}],"seed_played":"-1123501402645325724","potions_obtained":[{"floor":3,"key":"SkillPotion"},{"floor":16,"key":"SpeedPotion"},{"floor":20,"key":"PowerPotion"},{"floor":23,"key":"SkillPotion"}],"is_trial":false,"path_per_floor":["M","?","M","M","?","R","E","R","T","R","?","R","?","$","R","B",null,"M","$","M","M","?","E","R","$","T","R","M","R","E"],"character_chosen":"IRONCLAD","items_purchased":["Orichalcum","Pen Nib","ClockworkSouvenir","Shrug It Off","Fruit Juice","Cleave","Battle Trance","Chemical X","Meat on the Bone","Armaments"],"campfire_rested":2,"item_purchase_floors":[14,14,14,14,14,14,19,19,19,25],"current_hp_per_floor":[79,79,78,77,77,77,54,54,54,54,59,59,50,55,84,72,92,73,73,67,57,57,35,35,35,35,35,30,59,0,0],"gold":98,"neow_bonus":"TEN_PERCENT_HP_BONUS","is_daily":false,"chose_seed":false,"campfire_upgraded":6,"win_rate":0.0,"timestamp":1611665350,"path_taken":["M","?","?","M","?","R","E","R","T","R","?","R","?","?","R","BOSS","M","$","M","?","?","E","R","$","T","R","?","R","E"],"items_purchased_type":["Relic","Relic","Relic","Card","Potion","Card","Card","Relic","Relic","Card"],"build_version":"2020-12-22","purchased_purges":1,"victory":false,"max_hp_per_floor":[88,88,88,88,88,88,88,88,88,88,93,93,93,98,98,98,98,98,98,98,98,98,98,98,98,98,98,98,98,98,98],"relic_stats":{"counters":[11,59],"Shuriken":[6],"Black Blood":90,"Pen Nib":[6],"Chemical X":[1],"Orichalcum":[96],"obtain_stats":[{"Potion Belt":23,"Black Blood":17,"Pen Nib":14,"EVO:Axolotl":0,"Orichalcum":14,"Ancient Tea Set":9,"Burning Blood":0,"ClockworkSouvenir":14,"Shuriken":7,"Chemical X":19,"DDmod:BarbedSlagRelic":5,"Meat on the Bone":19,"NlothsMask":22},{"Potion Belt":9,"Black Blood":5,"Pen Nib":4,"EVO:Axolotl":0,"Orichalcum":4,"Ancient Tea Set":4,"Burning Blood":0,"ClockworkSouvenir":4,"Shuriken":4,"Chemical X":6,"DDmod:BarbedSlagRelic":3,"Meat on the Bone":6,"NlothsMask":8},{"Potion Belt":50,"Black Blood":25,"Pen Nib":17,"EVO:Axolotl":0,"Orichalcum":17,"Ancient Tea Set":17,"Burning Blood":0,"ClockworkSouvenir":17,"Shuriken":17,"Chemical X":31,"DDmod:BarbedSlagRelic":8,"Meat on the Bone":31,"NlothsMask":44}],"Meat on the Bone":36},"card_choices":[{"not_picked":["Dual Wield","Sword Boomerang"],"picked":"Twin Strike","floor":1},{"not_picked":["Sword Boomerang","Flame Barrier"],"picked":"Shrug It Off","floor":3},{"not_picked":["Fire Breathing","DDmod:CallousedSkill"],"picked":"Rampage","floor":4},{"not_picked":["TH:CursedSword"],"picked":"TH:ArmorSpikes","floor":7},{"not_picked":["DDmod:UnstoppableAttack","Thunderclap","Exhume"],"picked":"SKIP","floor":7},{"not_picked":["TH:Mimic"],"picked":"TH:CursedSword","floor":9},{"not_picked":["TH:DeckOfManyThings"],"picked":"TH:ArmorSpikes","floor":16},{"not_picked":["DDmod:PlatedThornsSkill","DDmod:RechargeSkill"],"picked":"Berserk","floor":16},{"not_picked":["Shockwave+1","Inflame"],"picked":"DDmod:SpikedSkill","floor":18},{"not_picked":["DDmod:EasePowerCard","Iron Wave","Heavy Blade"],"picked":"SKIP","floor":20},{"not_picked":["Pommel Strike","Uppercut"],"picked":"Shrug It Off","floor":21},{"not_picked":["TH:BikiniMail"],"picked":"TH:CursedSword","floor":23},{"not_picked":["Pommel Strike+1","Body Slam","Inflame+1"],"picked":"SKIP","floor":23},{"not_picked":["TH:EnergyPotion"],"picked":"TH:ArmorSpikes","floor":26},{"not_picked":["Infernal Blade","Armaments"],"picked":"DDmod:RapidStrikeAttack","floor":28}],"player_experience":289015,"relics_obtained":[{"floor":7,"key":"Shuriken"},{"floor":9,"key":"Ancient Tea Set"},{"floor":23,"key":"Potion Belt"}],"event_choices":[{"damage_healed":0,"gold_gain":175,"player_choice":"AGREE","damage_taken":776,"max_hp_gain":0,"max_hp_loss":0,"event_name":"betterThird:BetterSerpent","floor":2,"gold_loss":0},{"damage_healed":0,"gold_gain":0,"player_choice":"Donut","damage_taken":0,"max_hp_gain":5,"max_hp_loss":0,"event_name":"Big Fish","floor":11,"gold_loss":0},{"damage_healed":0,"gold_gain":0,"player_choice":"Damaged","damage_taken":9,"max_hp_gain":0,"max_hp_loss":0,"event_name":"Wheel of Change","floor":13,"gold_loss":0},{"damage_healed":0,"gold_gain":0,"player_choice":"Trade","damage_taken":0,"relics_obtained":["NlothsMask"],"max_hp_gain":0,"max_hp_loss":0,"event_name":"FaceTrader","floor":22,"gold_loss":0}],"is_beta":false,"boss_relics":[{"not_picked":["Snecko Eye","Sozu"],"picked":"Black Blood"}],"items_purged_floors":[14],"is_endless":false,"potions_floor_spawned":[3,16,20,21,23],"killed_by":"Slavers","ascension_level":13}}