{"host":"ckaco0f0uooj3awm","time":1611653770,"event":{"mods":["AchievementEnabler","BaseMod","Bestiary","Block Reminder","Colored Map","Colored Powertips","Highlight Path","Minty Spire (QoL Compilation)","Permanent Neow","Relic Stats"],"gold_per_floor":[362,21,21,21,96,121,121,141,213,241,241,206,264,278,278,373,373,357,377,377,7,20,20,50,50,74,107,123,123,162,261,261,261,261],"floor_reached":33,"language":"ENG","playtime":4766,"items_purged":["Strike_G"],"score":411,"play_id":"69a689fc-a90a-48d6-87f8-48fe2fa40103","local_time":"20210126103610","is_ascension_mode":true,"campfire_choices":[{"floor":7,"key":"REST"},{"data":"Strike_G","floor":11,"key":"PURGE"},{"floor":15,"key":"REST"},{"data":"Strike_G","floor":23,"key":"PURGE"},{"data":"Strike_G","floor":25,"key":"PURGE"},{"floor":29,"key":"REST"},{"floor":32,"key":"REST"}],"circlet_count":0,"master_deck":["Defend_G","Defend_G+1","Defend_G","Defend_G","Defend_G","Survivor","Neutralize+1","Flying Knee","Footwork","Flying Knee","Flying Knee","PiercingWail","Deadly Poison","Bouncing Flask","Noxious Fumes","Burst","Noxious Fumes+1","Crippling Poison+1","Poisoned Stab","Crippling Poison","Acrobatics","Flying Knee+1","Dagger Throw+1","Deflect","Poisoned Stab+1","Endless Agony"],"relics":["Ring of the Snake","Matryoshka","Peace Pipe","Boot","Pear","Ginger","Prayer Wheel","Runic Dome","Tiny Chest","Lantern","Bronze Scales","Potion Belt","Centennial Puzzle","CeramicFish"],"acts_visited":["Exordium","TheCity"],"potions_floor_usage":[13,18,19,33],"damage_taken":[{"damage":0.0,"enemies":"Small Slimes","floor":1.0,"turns":3.0},{"damage":23,"enemies":"3 Sentries","floor":6,"turns":14},{"damage":2,"enemies":"Jaw Worm","floor":8,"turns":3},{"damage":17,"enemies":"Gremlin Nob","floor":10,"turns":5},{"damage":23,"enemies":"Lagavulin Event","floor":13,"turns":7},{"damage":0,"enemies":"2 Louse","floor":14,"turns":3},{"damage":22,"enemies":"Hexaghost","floor":16,"turns":8},{"damage":15,"enemies":"2 Thieves","floor":18,"turns":4},{"damage":1,"enemies":"Shell Parasite","floor":19,"turns":4},{"damage":2,"enemies":"Chosen and Byrds","floor":22,"turns":4},{"damage":21,"enemies":"Slavers","floor":24,"turns":4},{"damage":7,"enemies":"Gremlin Leader","floor":27,"turns":5},{"damage":2,"enemies":"Snecko","floor":28,"turns":4},{"damage":21,"enemies":"Book of Stabbing","floor":30,"turns":5},{"damage":57,"enemies":"Collector","floor":33,"turns":7}],"seed_played":"7356715519417697705","potions_obtained":[{"floor":8,"key":"LiquidMemories"},{"floor":13,"key":"Energy Potion"},{"floor":16,"key":"SneckoOil"},{"floor":19,"key":"Strength Potion"},{"floor":22,"key":"Weak Potion"},{"floor":24,"key":"BlessingOfTheForge"}],"is_trial":false,"path_per_floor":["M","$","?","?","?","E","R","M","T","E","R","?","?","M","R","B",null,"M","M","?","$","M","R","E","R","T","E","M","R","E","?","R","B"],"character_chosen":"THE_SILENT","items_purchased":["Matryoshka","Footwork","Tiny Chest","Lantern"],"campfire_rested":4,"item_purchase_floors":[2,2,21,21],"current_hp_per_floor":[49,49,35,35,24,1,22,20,30,13,13,33,10,10,34,12,63,48,47,47,47,45,45,24,24,24,17,15,39,18,18,42,0,0],"gold":261,"neow_bonus":"TWO_FIFTY_GOLD","is_daily":false,"chose_seed":false,"campfire_upgraded":0,"win_rate":0.0,"timestamp":1611653770,"path_taken":["M","$","?","?","?","E","R","M","T","E","R","?","?","?","R","BOSS","M","M","?","?","M","R","E","R","T","E","M","R","E","?","R","BOSS"],"items_purchased_type":["Relic","Card","Relic","Relic"],"build_version":"2020-12-22","purchased_purges":1,"victory":false,"max_hp_per_floor":[70,70,70,70,70,70,70,70,80,80,80,80,80,80,80,80,80,80,80,80,80,80,80,80,80,80,80,80,80,80,80,80,80,80],"relic_stats":{"Peace Pipe":5,"Centennial Puzzle":[9],"counters":[15,80],"Bronze Scales":[60],"CeramicFish":9,"Prayer Wheel":5,"Tiny Chest":0,"Ginger":[7],"Boot":[21],"obtain_stats":[{"Potion Belt":26,"Lantern":21,"Pear":9,"CeramicFish":30,"Ginger":10,"Boot":9,"Peace Pipe":6,"Runic Dome":17,"Centennial Puzzle":27,"Matryoshka":2,"Bronze Scales":24,"Prayer Wheel":13,"Tiny Chest":21,"Ring of the Snake":0},{"Potion Belt":11,"Lantern":9,"Pear":3,"CeramicFish":14,"Ginger":4,"Boot":3,"Peace Pipe":2,"Runic Dome":7,"Centennial Puzzle":12,"Matryoshka":1,"Bronze Scales":11,"Prayer Wheel":4,"Tiny Chest":9,"Ring of the Snake":0},{"Potion Belt":59,"Lantern":51,"Pear":20,"CeramicFish":73,"Ginger":25,"Boot":20,"Peace Pipe":17,"Runic Dome":43,"Centennial Puzzle":64,"Matryoshka":3,"Bronze Scales":59,"Prayer Wheel":25,"Tiny Chest":51,"Ring of the Snake":0}],"Ring of the Snake":[30]},"card_choices":[{"not_picked":["Caltrops","Finisher"],"picked":"Flying Knee","floor":1},{"not_picked":["Choke","Dodge and Roll"],"picked":"Flying Knee","floor":6},{"not_picked":["Acrobatics","Tactician"],"picked":"Flying Knee","floor":8},{"not_picked":["Flechettes","Flying Knee"],"picked":"PiercingWail","floor":10},{"not_picked":["Slice","Sucker Punch"],"picked":"Deadly Poison","floor":13},{"not_picked":["Flying Knee","Malaise"],"picked":"Bouncing Flask","floor":14},{"not_picked":["Blur","Prepared"],"picked":"Noxious Fumes","floor":14},{"not_picked":["Die Die Die","Storm of Steel"],"picked":"Burst","floor":16},{"not_picked":["Backstab","Masterful Stab+1"],"picked":"Noxious Fumes+1","floor":18},{"not_picked":["Footwork","Well Laid Plans"],"picked":"Crippling Poison+1","floor":18},{"not_picked":["Finisher+1","Slice"],"picked":"Poisoned Stab","floor":19},{"not_picked":["Blade Dance+1","Accuracy"],"picked":"Crippling Poison","floor":19},{"not_picked":["Flechettes","Infinite Blades+1"],"picked":"Flying Knee+1","floor":22},{"not_picked":["Sucker Punch","Poisoned Stab"],"picked":"Dagger Throw+1","floor":22},{"not_picked":["Distraction","Flying Knee","Acrobatics+1"],"picked":"SKIP","floor":24},{"not_picked":["Deadly Poison","Prepared"],"picked":"Deflect","floor":27},{"not_picked":["Reflex","Expertise"],"picked":"Poisoned Stab+1","floor":28},{"not_picked":["Slice+1","Underhanded Strike","Heel Hook"],"picked":"SKIP","floor":28},{"not_picked":["PiercingWail","Finisher"],"picked":"Endless Agony","floor":30}],"player_experience":256124,"relics_obtained":[{"floor":6,"key":"Peace Pipe"},{"floor":9,"key":"Boot"},{"floor":9,"key":"Pear"},{"floor":10,"key":"Ginger"},{"floor":24,"key":"Bronze Scales"},{"floor":26,"key":"Potion Belt"},{"floor":27,"key":"Centennial Puzzle"},{"floor":30,"key":"CeramicFish"}],"event_choices":[{"damage_healed":0,"gold_gain":0,"player_choice":"Entered Light","damage_taken":14,"max_hp_gain":0,"max_hp_loss":0,"event_name":"Shining Light","floor":3,"gold_loss":0,"cards_upgraded":["Neutralize","Defend_G"]},{"damage_healed":0,"gold_gain":0,"player_choice":"Ignored","damage_taken":0,"max_hp_gain":0,"max_hp_loss":0,"event_name":"Liars Game","floor":4,"gold_loss":0},{"damage_healed":0,"gold_gain":75,"player_choice":"Gather Gold","damage_taken":11,"max_hp_gain":0,"max_hp_loss":0,"event_name":"World of Goop","floor":5,"gold_loss":0},{"damage_healed":20,"gold_gain":0,"player_choice":"Healed","damage_taken":0,"max_hp_gain":0,"max_hp_loss":0,"event_name":"The Cleric","floor":12,"gold_loss":35},{"damage_healed":0,"gold_gain":0,"player_choice":"Searched \u00272\u0027 times","damage_taken":0,"relics_obtained":["Prayer Wheel"],"max_hp_gain":0,"max_hp_loss":0,"event_name":"Dead Adventurer","floor":13,"gold_loss":0},{"damage_healed":0,"gold_gain":0,"cards_transformed":["Strike_G"],"player_choice":"Transformed","damage_taken":0,"max_hp_gain":0,"max_hp_loss":0,"event_name":"Transmorgrifier","floor":20,"gold_loss":0,"cards_obtained":["Acrobatics"]},{"damage_healed":0,"gold_gain":99,"player_choice":"Stole From Cult","damage_taken":0,"max_hp_gain":0,"max_hp_loss":0,"event_name":"Nest","floor":31,"gold_loss":0}],"is_beta":false,"boss_relics":[{"not_picked":["Empty Cage","Ring of the Serpent"],"picked":"Runic Dome"}],"items_purged_floors":[21],"is_endless":false,"potions_floor_spawned":[8,13,16,19,22,24],"killed_by":"Collector","ascension_level":5}}