{"host":"cxn6tbf67hppzwy1","time":1611663212,"event":{"mods":["BaseMod","Minty Spire (QoL Compilation)","MostiFishMod","Replay The Spire","Shop Mod","StSLib","Waifu the Spire","[IsaacMod]ÒÔÈö¼âËþ","¡¾ÒÅÎï¿¨ÅÆ¡¿REMEMod"],"gold_per_floor":[113,127,127,127,52,52,83,101,124,155,155,205,205,222,222,320,320,336,336,350,363,22,48,98,98,98,109,109,122,150,169,169,264,264,275,275,150,162,162,162,182,193,193,218,255,290,303,322,322,322,322,322,22,57,57],"floor_reached":56,"language":"ZHS","playtime":1671,"items_purged":["Strike_P","Strike_P","Defend_P","Defend_P","Defend_P","Strike_P"],"score":1984,"play_id":"935d601d-e4ae-4188-85e0-ad8ad8c8af49","local_time":"20210126201332","is_ascension_mode":true,"campfire_choices":[{"data":"Eruption","floor":6.0,"key":"SMITH"},{"data":"SignatureMove","floor":11.0,"key":"SMITH"},{"data":"TalkToTheHand","floor":13.0,"key":"SMITH"},{"floor":15.0,"key":"RECALL"},{"data":"Ragnarok","floor":25.0,"key":"SMITH"},{"data":"Pray","floor":28.0,"key":"SMITH"},{"data":"Omniscience","floor":32.0,"key":"SMITH"},{"data":"MostiFishMod:KamiSmash","floor":40.0,"key":"SMITH"},{"data":"Madness","floor":49.0,"key":"SMITH"},{"data":"Madness","floor":52.0,"key":"SMITH"}],"circlet_count":0,"master_deck":["Strike_P","Defend_P","Eruption+1","Vigilance","SignatureMove+1","Sanctity","TalkToTheHand+1","MostiFishMod:StarOceanP","CurseOfTheBell","Ragnarok+1","Pray+1","Omniscience+1","MostiFishMod:KamiSmash+1","Madness+1","Madness+1"],"relics":["PureWater","REME_ComplimentaryCards","DaveBox","HushsDoor","TheBible","BirthdayGift-Tetrahedron","NeowsBlessing","SynthV:TestCard","Lantern","SharpPlug","Bag of Marbles","ReplayTheSpireMod:Ninjato","GuppysPaw","HowToJump","Calling Bell","Omamori","Replay:WaspNest","DaCapo","DeathBook","Shuriken","Meat on the Bone","Strawberry","Question Card","Replay:Bottled Steam","Sozu","PreservedInsect","ForgetMeNow","Blood Vial","Anchor","Replay:Accelerometer","BirthdayGift-Tetrahedron"],"acts_visited":["Exordium","TheCity","TheBeyond","TheEnding"],"potions_floor_usage":[],"damage_taken":[{"damage":0.0,"enemies":"Cultist","floor":1.0,"turns":1.0},{"damage":0.0,"enemies":"Jaw Worm","floor":2.0,"turns":1.0},{"damage":0.0,"enemies":"Gremlin Nob","floor":7.0,"turns":1.0},{"damage":3.0,"enemies":"2 Louse","floor":8.0,"turns":2.0},{"damage":4.0,"enemies":"Lagavulin","floor":10.0,"turns":3.0},{"damage":6.0,"enemies":"Hiden Room Battle","floor":12.0,"turns":2.0},{"damage":0.0,"enemies":"Large Slime","floor":14.0,"turns":1.0},{"damage":4.0,"enemies":"Slime Boss","floor":16.0,"turns":3.0},{"damage":0.0,"enemies":"Shell Parasite","floor":18.0,"turns":1.0},{"damage":0.0,"enemies":"3 Byrds","floor":20.0,"turns":1.0},{"damage":0.0,"enemies":"Snake Plant","floor":21.0,"turns":2.0},{"damage":2.0,"enemies":"Slavers","floor":23.0,"turns":2.0},{"damage":0.0,"enemies":"Hiden Room Battle","floor":24.0,"turns":1.0},{"damage":0.0,"enemies":"Sentry and Sphere","floor":27.0,"turns":1.0},{"damage":0.0,"enemies":"Shelled Parasite and Fungi","floor":29.0,"turns":1.0},{"damage":0.0,"enemies":"Gremlin Leader","floor":30.0,"turns":1.0},{"damage":0.0,"enemies":"Snecko","floor":31.0,"turns":1.0},{"damage":0.0,"enemies":"Champ","floor":33.0,"turns":3.0},{"damage":0.0,"enemies":"3 Shapes","floor":35.0,"turns":1.0},{"damage":0.0,"enemies":"Orb Walker","floor":38.0,"turns":1.0},{"damage":0.0,"enemies":"Jaw Worm Horde","floor":41.0,"turns":2.0},{"damage":0.0,"enemies":"3 Darklings","floor":42.0,"turns":1.0},{"damage":0.0,"enemies":"Nemesis","floor":44.0,"turns":1.0},{"damage":0.0,"enemies":"Reptomancer","floor":46.0,"turns":1.0},{"damage":0.0,"enemies":"4 Shapes","floor":47.0,"turns":1.0},{"damage":0.0,"enemies":"Writhing Mass","floor":48.0,"turns":1.0},{"damage":0.0,"enemies":"Donu and Deca","floor":50.0,"turns":3.0},{"damage":0.0,"enemies":"Shield and Spear","floor":54.0,"turns":1.0},{"damage":0,"enemies":"Delirium","floor":55,"turns":4}],"seed_played":"4884735700668498532","potions_obtained":[{"floor":1.0,"key":"BlessingOfTheForge"},{"floor":2.0,"key":"Dexterity Potion"},{"floor":7.0,"key":"EntropicBrew"},{"floor":14.0,"key":"PowerPotion"}],"is_trial":false,"path_per_floor":["M","M","?","?","$","R","E","M","T","E","R","?","R","M","R","B",null,"M","?","M","M","$","E","?","R","T","M","R","M","E","M","R","B",null,"M","?","$","M","?","R","M","M","T","E","?","E","M","M","R","B",null,"R","$","E","B",null],"character_chosen":"WATCHER","items_purchased":["DeathBook","Ragnarok","Shuriken","Anchor"],"campfire_rested":0,"item_purchase_floors":[17,17,22,53],"current_hp_per_floor":[72,72,39,44,44,44,44,41,41,37,37,31,31,31,31,27,50,50,50,50,50,50,48,40,40,40,40,40,40,40,40,40,40,54,54,54,54,54,47,47,47,47,47,47,24,36,38,40,40,42,54,54,54,56,58],"gold":57,"neow_bonus":"THREE_ENEMY_KILL","is_daily":false,"chose_seed":false,"campfire_upgraded":9,"win_rate":0.0,"timestamp":1611663212,"path_taken":["M","?","?","?","$","R","E","M","T","E","R","?","R","M","R","BOSS","M","?","M","M","?","E","?","R","T","?","R","M","E","M","R","BOSS","M","?","?","?","?","R","M","M","T","E","?","E","M","?","R","BOSS","R","$","E","BOSS"],"items_purchased_type":["Relic","Card","Relic","Relic"],"build_version":"2020-12-22","purchased_purges":6,"victory":true,"max_hp_per_floor":[72,72,72,77,77,77,77,77,77,77,77,77,77,77,77,77,58,58,58,58,58,58,58,65,65,65,65,65,65,65,65,65,65,58,58,58,58,58,58,58,58,58,58,58,58,58,58,58,58,58,58,58,58,58,58],"card_choices":[{"not_picked":["FollowUp","Worship","Protect"],"picked":"SKIP","floor":1.0},{"not_picked":["Protect","FlurryOfBlows","Crescendo","Prostrate"],"picked":"Bomb","floor":2.0},{"not_picked":["Replay:AtTheReady","Perseverance","Swivel","PathToVictory","CarveReality"],"picked":"SKIP","floor":7.0},{"not_picked":["FollowUp","CutThroughFate","Replay:Cycle","WindmillStrike","MostiFishMod:Speedup"],"picked":"SKIP","floor":8.0},{"not_picked":["CrushJoints","Evaluate","ClearTheMind","Replay:BluntJabs"],"picked":"Sanctity","floor":10.0},{"not_picked":["WheelKick","Study","Prostrate","Protect"],"picked":"TalkToTheHand","floor":12.0},{"not_picked":["Replay:ManipulateFuture","MostiFishMod:ScryFuture","FlyingSleeves","ThirdEye","CarveReality"],"picked":"SKIP","floor":14.0},{"not_picked":["MostiFishMod:Disappear","MostiFishMod:ScryFuture","Establishment","MostiFishMod:StarLaLaLa"],"picked":"MostiFishMod:StarOceanP","floor":16.0},{"not_picked":["ThirdEye","BowlingBash+1","Replay:Vibes","FollowUp","Meditate+1"],"picked":"SKIP","floor":18.0},{"not_picked":["Replay:BluntJabs","Indignation","Halt","SandsOfTime","JustLucky+1"],"picked":"SKIP","floor":20.0},{"not_picked":["JustLucky+1","MostiFishMod:Clarity+1","Consecrate","FollowUp","FlyingSleeves"],"picked":"SKIP","floor":21.0},{"not_picked":["Collect","DeceiveReality","MasterReality","Replay:BluntJabs","REME_Repentance"],"picked":"SKIP","floor":23.0},{"not_picked":["Replay:ManipulateFuture+1","Halt","MentalFortress","Crescendo","Consecrate"],"picked":"Pray","floor":27.0},{"not_picked":["ClearTheMind","Prostrate+1","Protect+1","FlyingSleeves","Wallop","FollowUp+1"],"picked":"SKIP","floor":29.0},{"not_picked":["Replay:ManipulateFuture","Wallop","Consecrate","WreathOfFlame","CrushJoints","EmptyBody+1"],"picked":"Omniscience","floor":30.0},{"not_picked":["JustLucky","Halt","PathToVictory","MostiFishMod:Speedup+1","WreathOfFlame+1","InnerPeace"],"picked":"SKIP","floor":31.0},{"not_picked":["ConjureBlade","MostiFishMod:StarOceanP","MostiFishMod:Pointsdynamics","MostiFishMod:Unraveling","SpiritShield"],"picked":"MostiFishMod:KamiSmash","floor":33.0},{"not_picked":["Replay:BluntJabs","Replay:ManipulateFuture","SashWhip","WindmillStrike","FlurryOfBlows+1","Conclude"],"picked":"SKIP","floor":35.0},{"not_picked":["Prostrate+1","MostiFishMod:Speedup+1","MostiFishMod:Dust","DeceiveReality","Evaluate+1","CutThroughFate"],"picked":"SKIP","floor":38.0},{"not_picked":["Evaluate","FearNoEvil","MostiFishMod:PathToVictory+1","Crescendo","Replay:AllIn","SashWhip+1"],"picked":"SKIP","floor":41.0},{"not_picked":["Sanctity","EmptyFist+1","MostiFishMod:Speedup+1","Crescendo","Pray","Evaluate+1"],"picked":"SKIP","floor":42.0},{"not_picked":["Replay:Hum+1","Wallop","Prostrate+1","Blasphemy","BattleHymn+1","WindmillStrike"],"picked":"SKIP","floor":44.0},{"not_picked":["Evaluate","MostiFishMod:StarHerder","Replay:BluntJabs","BowlingBash+1","Tantrum","PathToVictory"],"picked":"SKIP","floor":46.0},{"not_picked":["EmptyFist","Nirvana+1","FlyingSleeves","Protect+1","Evaluate+1","Replay:ManipulateFuture"],"picked":"SKIP","floor":47.0},{"not_picked":["Evaluate","FlurryOfBlows","SashWhip","ThirdEye","DeusExMachina","WheelKick"],"picked":"SKIP","floor":48.0},{"not_picked":["Replay:ManipulateFuture+1","CrushJoints","Replay:AtTheReady+1","CarveReality+1","FlurryOfBlows+1","Prostrate+1"],"picked":"SKIP","floor":54.0}],"player_experience":45135,"relics_obtained":[{"floor":1.0,"key":"SynthV:TestCard"},{"floor":7.0,"key":"SharpPlug"},{"floor":9.0,"key":"Bag of Marbles"},{"floor":10.0,"key":"ReplayTheSpireMod:Ninjato"},{"floor":12.0,"key":"GuppysPaw"},{"floor":12.0,"key":"HowToJump"},{"floor":17.0,"key":"Omamori"},{"floor":17.0,"key":"Replay:WaspNest"},{"floor":17.0,"key":"DaCapo"},{"floor":23.0,"key":"Diplopia"},{"floor":24.0,"key":"Meat on the Bone"},{"floor":24.0,"key":"Strawberry"},{"floor":26.0,"key":"Question Card"},{"floor":30.0,"key":"Replay:Bottled Steam"},{"floor":44.0,"key":"PreservedInsect"},{"floor":45.0,"key":"ForgetMeNow"},{"floor":46.0,"key":"Blood Vial"},{"floor":54.0,"key":"Replay:Accelerometer"}],"event_choices":[{"damage_healed":0.0,"max_hp_gain":0.0,"max_hp_loss":0.0,"gold_gain":0.0,"event_name":"Scrap Ooze","player_choice":"Success","floor":3.0,"gold_loss":0.0,"damage_taken":33.0,"relics_obtained":["Lantern"]},{"damage_healed":0.0,"max_hp_gain":5.0,"max_hp_loss":0.0,"gold_gain":0.0,"event_name":"Big Fish","player_choice":"Donut","floor":4.0,"gold_loss":0.0,"damage_taken":0.0},{"damage_healed":0.0,"max_hp_gain":0.0,"max_hp_loss":0.0,"gold_gain":0.0,"event_name":"HidenRoomEvent","player_choice":"Fight","floor":12.0,"gold_loss":0.0,"damage_taken":0.0},{"damage_healed":0.0,"max_hp_gain":0.0,"max_hp_loss":0.0,"gold_gain":0.0,"event_name":"HidenRoomEvent","player_choice":"Fight","floor":24.0,"gold_loss":0.0,"damage_taken":0.0},{"damage_healed":0.0,"max_hp_gain":0.0,"max_hp_loss":0.0,"gold_gain":0.0,"event_name":"Tomb of Lord Red Mask","player_choice":"Ignored","floor":36.0,"gold_loss":0.0,"damage_taken":0.0},{"damage_healed":0.0,"max_hp_gain":0.0,"max_hp_loss":0.0,"gold_gain":0.0,"event_name":"Winding Halls","player_choice":"Embrace Madness","floor":39.0,"gold_loss":0.0,"damage_taken":7.0,"cards_obtained":["Madness","Madness"]}],"is_beta":false,"boss_relics":[{"not_picked":["Runic Pyramid","ChewingGum"],"picked":"Calling Bell"},{"not_picked":[]},{"not_picked":["HereWithMe","GreenFoldingFan"],"picked":"Sozu"},{"not_picked":[]}],"items_purged_floors":[5,17,22,34,37,53],"is_endless":false,"potions_floor_spawned":[1,2,7,14,21,24,27,30,33,38,41,47],"ascension_level":5}}