{"host":"3a1ypf1irl30q4k8","time":1611694988,"event":{"mods":["AchievementEnabler","BaseMod","Bestiary","Colored Map","Minty Spire (QoL Compilation)","Relic Stats"],"gold_per_floor":[158,195,230,301,332,332,382,382,382,421,468,501,473,473,473,473,473],"floor_reached":16,"language":"ENG","playtime":820,"items_purged":[],"score":131,"play_id":"2c664ad2-2cb2-471f-940d-d7fe9eaf9112","local_time":"20210126210308","is_ascension_mode":true,"campfire_choices":[{"floor":6.0,"key":"REST"},{"floor":8,"key":"REST"},{"floor":15,"key":"REST"}],"circlet_count":0,"master_deck":["Strike_P","Strike_P","Strike_P","Strike_P","Defend_P","Defend_P","Defend_P","Defend_P","Eruption","Vigilance","HandOfGreed","Crescendo","CrushJoints","ThirdEye","Fasting2","ClearTheMind","WaveOfTheHand","EmptyBody","FearNoEvil"],"relics":["PureWater","MealTicket","Orichalcum","Anchor"],"acts_visited":["Exordium"],"potions_floor_usage":[16,16],"damage_taken":[{"damage":0.0,"enemies":"Small Slimes","floor":1.0,"turns":3.0},{"damage":0.0,"enemies":"2 Louse","floor":2.0,"turns":2.0},{"damage":0.0,"enemies":"Jaw Worm","floor":3.0,"turns":1.0},{"damage":20.0,"enemies":"Gremlin Gang","floor":4.0,"turns":7.0},{"damage":10.0,"enemies":"Red Slaver","floor":5.0,"turns":4.0},{"damage":16.0,"enemies":"Gremlin Nob","floor":7.0,"turns":3.0},{"damage":6,"enemies":"Exordium Wildlife","floor":10,"turns":6},{"damage":23,"enemies":"Lagavulin","floor":11,"turns":5},{"damage":0,"enemies":"Looter","floor":12,"turns":4},{"damage":50,"enemies":"The Guardian","floor":16,"turns":9}],"seed_played":"9127425842741392942","potions_obtained":[{"floor":2.0,"key":"AttackPotion"},{"floor":4.0,"key":"SkillPotion"},{"floor":7,"key":"Fire Potion"},{"floor":11,"key":"ColorlessPotion"},{"floor":12,"key":"Fire Potion"}],"is_trial":false,"path_per_floor":["M","M","M","M","M","R","E","R","T","M","E","M","?","?","R","B"],"character_chosen":"WATCHER","items_purchased":[],"campfire_rested":3,"item_purchase_floors":[],"current_hp_per_floor":[65,65,65,45,35,54,38,57,57,51,28,28,28,28,47,0,0],"gold":473,"neow_bonus":"RANDOM_COLORLESS_2","is_daily":false,"chose_seed":false,"campfire_upgraded":0,"win_rate":0.0,"timestamp":1611694988,"path_taken":["M","M","M","M","M","R","E","R","T","M","E","M","?","?","R","BOSS"],"items_purchased_type":[],"build_version":"2020-12-22","purchased_purges":0,"victory":false,"max_hp_per_floor":[65,65,65,65,65,65,65,65,65,65,65,65,65,65,65,65,65],"relic_stats":{"counters":[10,44],"MealTicket":0,"Orichalcum":[36],"obtain_stats":[{"Anchor":11,"MealTicket":7,"PureWater":0,"Orichalcum":9},{"Anchor":8,"MealTicket":6,"PureWater":0,"Orichalcum":6},{"Anchor":31,"MealTicket":20,"PureWater":0,"Orichalcum":20}]},"card_choices":[{"not_picked":["The Bomb","Secret Weapon"],"picked":"HandOfGreed","floor":0.0},{"not_picked":["EmptyFist","SignatureMove"],"picked":"Crescendo","floor":1.0},{"not_picked":["JustLucky","Weave"],"picked":"CrushJoints","floor":2.0},{"not_picked":["ClearTheMind","Pray"],"picked":"ThirdEye","floor":3.0},{"not_picked":["Collect","JustLucky"],"picked":"Fasting2","floor":4.0},{"not_picked":["FlurryOfBlows","EmptyBody"],"picked":"ClearTheMind","floor":5.0},{"not_picked":["PathToVictory","ThirdEye"],"picked":"WaveOfTheHand","floor":7},{"not_picked":["ClearTheMind","Meditate"],"picked":"EmptyBody","floor":10},{"not_picked":["CarveReality","Devotion"],"picked":"FearNoEvil","floor":11},{"not_picked":["PathToVictory","Perseverance","Collect"],"picked":"SKIP","floor":12}],"player_experience":1222172,"relics_obtained":[{"floor":7,"key":"MealTicket"},{"floor":9,"key":"Orichalcum"},{"floor":11,"key":"Anchor"}],"event_choices":[{"damage_healed":0,"gold_gain":0,"player_choice":"Left Gold","damage_taken":0,"max_hp_gain":0,"max_hp_loss":0,"event_name":"World of Goop","floor":13,"gold_loss":28},{"damage_healed":0,"gold_gain":0,"player_choice":"Fled","damage_taken":0,"max_hp_gain":0,"max_hp_loss":0,"event_name":"Scrap Ooze","floor":14,"gold_loss":0}],"is_beta":false,"boss_relics":[],"items_purged_floors":[],"is_endless":false,"potions_floor_spawned":[2,4,7,11,12],"killed_by":"The Guardian","ascension_level":3}}