{"host":"ry95t1gxi682w1un","time":1611698168,"event":{"mods":["BaseMod","Block Reminder","Downfall","Highlight Path","Minty Spire (QoL Compilation)","Random Character Button","StSLib"],"gold_per_floor":[199,211,661,55,55,65,65,83,112,19,19,36,46,80,96,194,194,94,94,94,94],"floor_reached":19,"language":"ENG","playtime":1205,"items_purged":["downfall:Icky"],"score":204,"play_id":"8f715f9b-4661-4e14-8673-840b358ae7f1","local_time":"20210126165608","is_ascension_mode":true,"campfire_choices":[{"data":"champ:Taunt","floor":1.0,"key":"SMITH"},{"data":"champ:HoldFirm","floor":11,"key":"SMITH"},{"floor":18,"key":"RECALL"}],"circlet_count":0,"master_deck":["champ:Strike","champ:Strike","champ:Strike","champ:Strike","champ:Defend","champ:Defend","champ:Defend","champ:Defend","champ:Execute","champ:Taunt+1","champ:GutPunch","downfall:Icky","downfall:Icky","champ:Backstep","champ:DefensiveShout","champ:TornadoPunch","champ:RageSigil","champ:BerserkerStyle","champ:AdrenalArmor","champ:RecklessLeap","champ:HoldFirm+1","champ:EnragedBash","champ:ArenaPreparation","champ:VampiricStrike","champ:HoldFirm"],"relics":["champ:ChampionCrown","ClockworkSouvenir","Vajra","Bottled Tornado","Eternal Feather","Oddly Smooth Stone","Snecko Eye","downfall:HeartBlessingGreen"],"acts_visited":["Exordium","TheCity"],"potions_floor_usage":[14,16],"damage_taken":[{"damage":10.0,"enemies":"Small Slimes","floor":2.0,"turns":3.0},{"damage":15.0,"enemies":"downfall:FleeingMerchant","floor":4.0,"turns":4.0},{"damage":13.0,"enemies":"2 Louse","floor":6.0,"turns":2.0},{"damage":33.0,"enemies":"Cultist","floor":8.0,"turns":4.0},{"damage":84.0,"enemies":"Lagavulin","floor":9.0,"turns":8.0},{"damage":36.0,"enemies":"downfall:FleeingMerchant","floor":10.0,"turns":4.0},{"damage":41,"enemies":"2 Fungi Beasts","floor":12,"turns":4},{"damage":24,"enemies":"3 Louse","floor":13,"turns":3},{"damage":61,"enemies":"3 Sentries","floor":14,"turns":8},{"damage":44,"enemies":"Blue Slaver","floor":15,"turns":3},{"damage":88,"enemies":"SI_SHIV_ARCHETYPE","floor":16,"turns":11},{"damage":0,"enemies":"Spheric Guardian","floor":19,"turns":1}],"seed_played":"3669600573022223134","potions_obtained":[{"floor":2.0,"key":"champ:TechniquePotion"},{"floor":5.0,"key":"champ:TechniquePotion"},{"floor":5.0,"key":"Guardian:BlockOnCardUsePotion"},{"floor":14,"key":"champ:CounterPotion"},{"floor":16,"key":"FairyPotion"}],"is_trial":false,"path_per_floor":["R","M","?","$","?","M","T","M","E","$","R","M","M","E","M","B",null,"R","M"],"character_chosen":"THE_CHAMP","items_purchased":["champ:DefensiveShout","champ:TornadoPunch","champ:RageSigil","champ:BerserkerStyle","ClockworkSouvenir","Vajra","champ:EnragedBash"],"campfire_rested":0,"item_purchase_floors":[4,4,4,4,4,4,10],"current_hp_per_floor":[90,90,90,90,90,87,87,85,67,62,74,74,62,47,45,37,90,90,90,90,90],"gold":94,"neow_bonus":"HUNDRED_GOLD","is_daily":false,"chose_seed":false,"campfire_upgraded":2,"win_rate":0.0,"timestamp":1611698168,"path_taken":["R","M","?","$","?","M","T","M","E","$","R","M","?","E","M","BOSS","R","M"],"items_purchased_type":["Card","Card","Card","Card","Relic","Relic","Card"],"build_version":"2020-12-22","purchased_purges":1,"victory":false,"max_hp_per_floor":[90,90,90,90,90,90,90,90,90,90,90,90,90,90,90,90,90,90,90,90,90],"card_choices":[{"not_picked":["champ:BringItOn","champ:BladeFlurry"],"picked":"champ:GutPunch","floor":2.0},{"not_picked":["champ:FanOfKnives","champ:FalseCounter"],"picked":"champ:Backstep","floor":4.0},{"not_picked":["champ:Duel","champ:BringItOn"],"picked":"champ:AdrenalArmor","floor":6.0},{"not_picked":["champ:Haymaker","champ:BerserkersShout","champ:CrownThrow"],"picked":"SKIP","floor":8.0},{"not_picked":["champ:FlashCut","champ:StanceDance"],"picked":"champ:RecklessLeap","floor":9.0},{"not_picked":["champ:Parry","champ:Haymaker"],"picked":"champ:HoldFirm","floor":10},{"not_picked":["champ:PreciseThrust","champ:RageSigil","champ:GutPunch"],"picked":"SKIP","floor":12},{"not_picked":["champ:StanceDance","champ:FlashCut","champ:EnGarde"],"picked":"SKIP","floor":13},{"not_picked":["champ:FaceSlap","champ:CalledShot"],"picked":"champ:ArenaPreparation","floor":14},{"not_picked":["champ:AdrenalArmor","champ:Backstep"],"picked":"champ:VampiricStrike","floor":15},{"not_picked":["champ:VampiricStrike","champ:EnchantSword"],"picked":"champ:HoldFirm","floor":16}],"player_experience":540756,"relics_obtained":[{"floor":7.0,"key":"Bottled Tornado"},{"floor":9.0,"key":"Eternal Feather"},{"floor":14,"key":"Oddly Smooth Stone"}],"event_choices":[{"damage_healed":0.0,"max_hp_gain":0.0,"max_hp_loss":0.0,"gold_gain":0.0,"event_name":"Lab","player_choice":"Got Potions","floor":5.0,"gold_loss":0.0,"damage_taken":0.0}],"is_beta":false,"boss_relics":[{"not_picked":["champ:ChampionCrownUpgraded","Runic Dome"],"picked":"Snecko Eye"}],"items_purged_floors":[4],"is_endless":false,"potions_floor_spawned":[2,6,9,12,13,14,16],"killed_by":"Spheric Guardian","ascension_level":3}}