{"host":"4myl0piycjadqnwl","time":1611619396,"event":{"mods":["BaseMod","Colored Map","Downfall","Minty Spire (QoL Compilation)","StSLib"],"gold_per_floor":[99,99,274,274,274,274,297,112,142,142,173,173,13,46,64,167,167,167,267,267,467,48,48,48,62,93,109,109,109,136,146,156,253,253,253,265,276,276,326,345,345,345,345,345],"floor_reached":42,"language":"ENG","playtime":3293,"items_purged":["downfall:Malfunctioning"],"score":563,"play_id":"efc8bf26-4d5c-47a1-bfb9-de3049114631","local_time":"20210126010316","is_ascension_mode":true,"campfire_choices":[{"data":"bronze:Goto","floor":1.0,"key":"SMITH"},{"data":"bronze:FineTuning","floor":6.0,"key":"SMITH"},{"data":"bronze:ClassDefault","floor":18.0,"key":"SMITH"},{"floor":23.0,"key":"REST"},{"floor":28.0,"key":"REST"},{"floor":35,"key":"RECALL"}],"circlet_count":0,"master_deck":["bronze:Strike","bronze:Strike","bronze:Strike","bronze:Strike","bronze:Defend","bronze:Defend+1","bronze:Defend+1","bronze:Defend","bronze:Replicate","bronze:Goto+1","bronze:OilSpill+1","bronze:FineTuning+1","bronze:BuggyMess","bronze:Repair+1","bronze:ClassDefault+1","bronze:ChosenStrike","bronze:Iterate","bronze:OilSpill","bronze:OilSpill","bronze:Branch","bronze:TinkerersToolbox","bronze:Return","bronze:Turbo+1","bronze:Terminator+1","bronze:Boost+1","bronze:Boost+1","bronze:RecursiveStrike","bronze:Mutator","bronze:Invalidate+1","bronze:Frontload+1","bronze:Verify","CurseOfTheBell","bronze:FineTuning+1","bronze:Repair+1","expansioncontent:Chronoboost","bronze:ItsAFeature+1","bronze:Repulsor+1"],"relics":["bronze:BronzeCore","downfall:HeartsMalice","bronze:ProtectiveGoggles","Toy Ornithopter","Du-Vu Doll","Tiny Chest","champ:DeflectingBracers","SlaversCollar","Unceasing Top","Mercury Hourglass","Toxic Egg 2","Mummified Hand","StrikeDummy","Lantern","Bottled Lightning","Calling Bell","Boot","Sundial","CaptainsWheel","Calipers"],"acts_visited":["Exordium","TheCity","TheBeyond"],"potions_floor_usage":[],"damage_taken":[{"damage":0.0,"enemies":"2 Louse","floor":2.0,"turns":1.0},{"damage":0.0,"enemies":"Jaw Worm","floor":5.0,"turns":1.0},{"damage":0.0,"enemies":"downfall:FleeingMerchant","floor":8.0,"turns":1.0},{"damage":29.0,"enemies":"3 Sentries","floor":9.0,"turns":12.0},{"damage":20.0,"enemies":"Lagavulin","floor":11.0,"turns":6.0},{"damage":5.0,"enemies":"downfall:FleeingMerchant","floor":13.0,"turns":4.0},{"damage":12.0,"enemies":"3 Sentries","floor":14.0,"turns":8.0},{"damage":0.0,"enemies":"Cultist","floor":15.0,"turns":2.0},{"damage":35.0,"enemies":"DF_ARCHETYPE_STREAMLINE","floor":16.0,"turns":8.0},{"damage":30.0,"enemies":"Colosseum Nobs","floor":19.0,"turns":4.0},{"damage":26.0,"enemies":"Colosseum Nobs","floor":21.0,"turns":6.0},{"damage":6.0,"enemies":"downfall:FleeingMerchant","floor":22.0,"turns":4.0},{"damage":21.0,"enemies":"3 Byrds","floor":25.0,"turns":4.0},{"damage":26.0,"enemies":"Book of Stabbing","floor":26.0,"turns":4.0},{"damage":0.0,"enemies":"Spheric Guardian","floor":27.0,"turns":3.0},{"damage":25.0,"enemies":"Gremlin Leader","floor":30.0,"turns":3.0},{"damage":0.0,"enemies":"Snecko","floor":31.0,"turns":2.0},{"damage":16.0,"enemies":"Snake Plant","floor":32.0,"turns":2.0},{"damage":44,"enemies":"IC_MUSHROOM_ARCHETYPE","floor":33,"turns":6},{"damage":3,"enemies":"Orb Walker","floor":36,"turns":2},{"damage":25,"enemies":"3 Darklings","floor":37,"turns":6},{"damage":0,"enemies":"3 Darklings","floor":39,"turns":2},{"damage":2,"enemies":"Maw","floor":40,"turns":6},{"damage":89,"enemies":"Transient","floor":42,"turns":5}],"seed_played":"-1081319108610883606","potions_obtained":[{"floor":14.0,"key":"AttackPotion"},{"floor":15.0,"key":"GamblersBrew"},{"floor":16.0,"key":"SpeedPotion"},{"floor":20.0,"key":"CultistPotion"},{"floor":25.0,"key":"FearPotion"},{"floor":30.0,"key":"BlessingOfTheForge"}],"is_trial":false,"path_per_floor":["R","M","?","?","M","R","T","$","E","?","E","?","$","E","M","B",null,"R","?","?","?","$","R","T","M","E","M","R","T","E","M","M","B",null,"R","M","M","?","?","M","T","M"],"character_chosen":"THE_AUTOMATON","items_purchased":["bronze:Repair","bronze:ClassDefault","bronze:ChosenStrike","Tiny Chest","Toxic Egg 2","bronze:Terminator+1"],"campfire_rested":2,"item_purchase_floors":[8,8,8,13,22,22],"current_hp_per_floor":[70,70,70,70,70,70,70,70,46,46,48,48,53,64,64,35,70,70,40,40,24,28,49,49,38,28,28,49,49,24,24,18,7,70,70,67,45,45,45,64,64,0,0,0],"gold":345,"neow_bonus":"THREE_ENEMY_KILL","is_daily":false,"chose_seed":false,"campfire_upgraded":3,"win_rate":0.0,"timestamp":1611619396,"path_taken":["R","M","?","?","?","R","T","$","E","?","E","?","?","E","M","BOSS","R","?","?","?","$","R","T","M","E","M","R","?","E","M","M","BOSS","R","M","M","?","?","M","T","M"],"items_purchased_type":["Card","Card","Card","Relic","Relic","Card"],"build_version":"2020-12-22","purchased_purges":1,"victory":false,"max_hp_per_floor":[70,70,70,70,70,70,70,70,70,70,70,70,70,70,70,70,70,70,70,70,70,70,70,70,70,70,70,70,70,70,70,70,70,70,70,70,70,70,70,70,70,70,70,70],"card_choices":[{"not_picked":["bronze:DelayedGuard","bronze:ChildClass"],"picked":"bronze:OilSpill","floor":2.0},{"not_picked":["bronze:Frontload","bronze:DelayedSlice"],"picked":"bronze:FineTuning","floor":5.0},{"not_picked":["bronze:Branch","bronze:HardenedForm"],"picked":"bronze:BuggyMess","floor":8.0},{"not_picked":["bronze:BuggyMess","bronze:Return"],"picked":"bronze:Iterate","floor":9.0},{"not_picked":["bronze:GetLatest","bronze:ChildClass","bronze:FollowUp"],"picked":"SKIP","floor":11.0},{"not_picked":["bronze:Return","bronze:ChosenStrike"],"picked":"bronze:OilSpill","floor":13.0},{"not_picked":["bronze:BronzeOrb","bronze:BuggyMess"],"picked":"bronze:OilSpill","floor":14.0},{"not_picked":["bronze:Backtrace","bronze:Philosophize"],"picked":"bronze:Branch","floor":15.0},{"not_picked":["bronze:Break","bronze:HardenedForm"],"picked":"bronze:TinkerersToolbox","floor":16.0},{"not_picked":["bronze:DarkDash+1","bronze:Shield"],"picked":"bronze:Return","floor":19.0},{"not_picked":["bronze:DelayedGuard","bronze:Shield"],"picked":"bronze:Turbo+1","floor":22.0},{"not_picked":["bronze:FollowUp+1","bronze:WildBeam"],"picked":"bronze:Boost+1","floor":25.0},{"not_picked":["bronze:Invalidate+1","bronze:BuggyMess+1"],"picked":"bronze:Boost+1","floor":26.0},{"not_picked":["bronze:Shell+1","bronze:Turbo+1"],"picked":"bronze:RecursiveStrike","floor":27.0},{"not_picked":["bronze:BitShift+1","bronze:Philosophize+1"],"picked":"bronze:Mutator","floor":30.0},{"not_picked":["bronze:Deprecate+1","bronze:Turbo+1"],"picked":"bronze:Invalidate+1","floor":31.0},{"not_picked":["bronze:DelayedSlice","bronze:ClassDefault"],"picked":"bronze:Frontload+1","floor":32.0},{"not_picked":["bronze:BurnOut","bronze:HardenedForm"],"picked":"bronze:Verify","floor":33},{"not_picked":["bronze:ForLoop+1","bronze:BitShift+1"],"picked":"bronze:FineTuning+1","floor":36},{"not_picked":["bronze:Separator+1","bronze:BronzeArmor+1"],"picked":"bronze:Repair+1","floor":37},{"not_picked":["expansioncontent:AwakenDeath","expansioncontent:Hexaburn"],"picked":"expansioncontent:Chronoboost","floor":38},{"not_picked":["bronze:Turbo+1","bronze:Frontload+1"],"picked":"bronze:ItsAFeature+1","floor":39},{"not_picked":["bronze:Invalidate+1","bronze:DelayedGuard+1"],"picked":"bronze:Repulsor+1","floor":40}],"player_experience":1459982,"relics_obtained":[{"floor":7.0,"key":"bronze:ProtectiveGoggles"},{"floor":9.0,"key":"Toy Ornithopter"},{"floor":11.0,"key":"Du-Vu Doll"},{"floor":14.0,"key":"champ:DeflectingBracers"},{"floor":19.0,"key":"Unceasing Top"},{"floor":19.0,"key":"Mercury Hourglass"},{"floor":24.0,"key":"Mummified Hand"},{"floor":26.0,"key":"StrikeDummy"},{"floor":29.0,"key":"Lantern"},{"floor":30.0,"key":"Bottled Lightning"},{"floor":34,"key":"Boot"},{"floor":34,"key":"Sundial"},{"floor":34,"key":"CaptainsWheel"},{"floor":39,"key":"Calipers"}],"event_choices":[{"cards_removed":["Doubt"],"damage_healed":0.0,"max_hp_gain":0.0,"max_hp_loss":0.0,"gold_gain":0.0,"event_name":"The Cleric","player_choice":"Card Removal","floor":10.0,"gold_loss":0.0,"damage_taken":0.0}],"is_beta":false,"boss_relics":[{"not_picked":["bronze:PlatinumCore","Philosopher\u0027s Stone"],"picked":"SlaversCollar"},{"not_picked":["Velvet Choker","Coffee Dripper"],"picked":"Calling Bell"}],"items_purged_floors":[22],"is_endless":false,"potions_floor_spawned":[14,15,16,19,25,30,31,36,39],"killed_by":"Transient","ascension_level":3}}