{"host":"jo2hy1cuyjtes46m","time":1611701443,"event":{"mods":["BaseMod","Challenge The Spire","Downfall","Minty Spire (QoL Compilation)","Quick Restart","StSLib"],"gold_per_floor":[99,162,162,162,162,189,189,200,200,229,147,322,222,330,351,455,455,455,482,482,505,163,192,192,235,335,235,269,282,307,327,341,341,341,341],"floor_reached":33,"language":"ENG","playtime":2286,"items_purged":["hexamod:Strike","hexamod:Defend"],"score":383,"play_id":"6db22fc2-2739-4201-b5f7-011acfcd1021","local_time":"20210126225043","is_ascension_mode":true,"campfire_choices":[{"data":"hexamod:Sear","floor":1,"key":"SMITH"},{"floor":9,"key":"RECALL"},{"data":"hexamod:FastForward","floor":13,"key":"SMITH"},{"data":"hexamod:ForkedFlame","floor":18,"key":"SMITH"},{"floor":27,"key":"REST"}],"circlet_count":0,"master_deck":["hexamod:Strike+1","hexamod:Strike+1","hexamod:Defend","hexamod:Defend","hexamod:Sear+1","hexamod:Float","hexamod:FastForward+1","hexamod:AdvancingGuard","hexamod:TimeOfNeed","hexamod:ShieldOfDarkness+1","hexamod:SecondSeal","hexamod:HauntingEcho","hexamod:HauntingEcho","hexamod:VolcanoVisage","hexamod:ForkedFlame+1","hexamod:FastForward","hexamod:FastForward+1","hexamod:ForkedFlame","hexamod:ForkedFlame","hexamod:SpectralSpark+1","hexamod:FastForward"],"relics":["hexamod:SpiritBrand","downfall:HeartsMalice","Tiny Chest","Pen Nib","Whetstone","Mummified Hand","downfall:HeartBlessingRed","Sozu","Bottled Tornado","Oddly Smooth Stone","Ancient Tea Set","Orichalcum","downfall:HeartBlessingBlue","Pocketwatch"],"acts_visited":["Exordium","TheCity"],"potions_floor_usage":[11,15,16,16],"damage_taken":[{"damage":0,"enemies":"3 Sentries","floor":2,"turns":1},{"damage":0,"enemies":"Jaw Worm","floor":3,"turns":1},{"damage":0,"enemies":"Small Slimes","floor":4,"turns":1},{"damage":22,"enemies":"Lagavulin","floor":6,"turns":6},{"damage":1,"enemies":"2 Louse","floor":8,"turns":3},{"damage":30,"enemies":"Gremlin Nob","floor":10,"turns":4},{"damage":5,"enemies":"downfall:FleeingMerchant","floor":11,"turns":4},{"damage":1,"enemies":"downfall:Heads","floor":14,"turns":6},{"damage":1,"enemies":"Gremlin Gang","floor":15,"turns":5},{"damage":21,"enemies":"IC_STATUS_ARCHETYPE","floor":16,"turns":6},{"damage":2,"enemies":"Chosen","floor":19,"turns":3},{"damage":6,"enemies":"3 Byrds","floor":21,"turns":4},{"damage":0,"enemies":"downfall:FleeingMerchant","floor":22,"turns":4},{"damage":10,"enemies":"Book of Stabbing","floor":23,"turns":4},{"damage":19,"enemies":"Gremlin Leader","floor":25,"turns":6},{"damage":21,"enemies":"Book of Stabbing","floor":28,"turns":4},{"damage":0,"enemies":"Snake Plant","floor":29,"turns":2},{"damage":4,"enemies":"Chosen and Byrds","floor":30,"turns":4},{"damage":2,"enemies":"3 Cultists","floor":31,"turns":4},{"damage":7,"enemies":"Snake Plant","floor":32,"turns":3},{"damage":33,"enemies":"WA_ARCHETYPE_CALM","floor":33,"turns":8}],"seed_played":"-7908020845404305218","potions_obtained":[{"floor":8,"key":"sneckomod:MuddlingPotion"},{"floor":10,"key":"PowerPotion"},{"floor":14,"key":"SkillPotion"},{"floor":15,"key":"hexamod:SoulburnPotion"}],"is_trial":false,"path_per_floor":["R","?","M","M","?","E","T","M","R","E","$","?","R","?","M","B",null,"R","M","T","M","$","E","T","E","?","R","E","M","M","M","M","B"],"character_chosen":"THE_SPIRIT","items_purchased":["Oddly Smooth Stone","hexamod:ForkedFlame"],"campfire_rested":1,"item_purchase_floors":[22,22],"current_hp_per_floor":[70,70,70,70,70,48,48,47,47,17,12,12,12,11,10,10,70,70,68,68,62,62,52,52,33,33,67,46,46,42,40,33,0,0,0],"gold":341,"neow_bonus":"THREE_ENEMY_KILL","is_daily":false,"chose_seed":false,"campfire_upgraded":3,"win_rate":0.0,"timestamp":1611701443,"path_taken":["R","?","M","M","?","E","T","M","R","E","$","?","R","?","M","BOSS","R","M","?","M","$","E","T","E","?","R","E","?","?","M","M","BOSS"],"items_purchased_type":["Relic","Card"],"build_version":"2020-12-22","purchased_purges":2,"victory":false,"max_hp_per_floor":[70,70,70,70,70,70,70,70,70,70,70,70,70,70,70,70,70,70,70,70,70,70,70,70,70,70,80,80,80,80,80,80,80,80,80],"card_choices":[{"not_picked":["hexamod:InspiringFlames","hexamod:NightmareStrike"],"picked":"hexamod:FastForward","floor":2},{"not_picked":["hexamod:HeatCrush","hexamod:HeatMetal","hexamod:GhostShield"],"picked":"SKIP","floor":3},{"not_picked":["hexamod:Rewind","hexamod:RadiantFlame"],"picked":"hexamod:AdvancingGuard","floor":4},{"not_picked":["hexamod:BurningTouch","hexamod:SoulSteal"],"picked":"hexamod:TimeOfNeed","floor":6},{"not_picked":["hexamod:CatchUp","hexamod:HeatMetal"],"picked":"hexamod:ShieldOfDarkness","floor":8},{"not_picked":["hexamod:PhantomCloak","hexamod:SpectersWail"],"picked":"hexamod:SecondSeal","floor":10},{"not_picked":["hexamod:SkipABeat","hexamod:GhostLash"],"picked":"hexamod:HauntingEcho","floor":11},{"not_picked":["hexamod:DynamicBlow","hexamod:CatchUp"],"picked":"hexamod:VolcanoVisage","floor":15},{"not_picked":["hexamod:GhostflameInferno","hexamod:GhostOfSpirePresent"],"picked":"hexamod:ForkedFlame","floor":16},{"not_picked":["hexamod:NightmareStrike","hexamod:Haunt"],"picked":"hexamod:FastForward","floor":19},{"not_picked":["hexamod:SuperheatedStrike","hexamod:SwordOfDarkness"],"picked":"hexamod:FastForward+1","floor":21},{"not_picked":["hexamod:FastForward","hexamod:RetreatToShadows","hexamod:GhostShield"],"picked":"SKIP","floor":22},{"not_picked":["hexamod:Rewind","hexamod:DynamicBlow","hexamod:RecurringNightmare"],"picked":"SKIP","floor":23},{"not_picked":["hexamod:SpectralSpark+1","hexamod:SecondSeal"],"picked":"hexamod:ForkedFlame","floor":25},{"not_picked":["hexamod:BurningTouch","hexamod:ShieldOfDarkness"],"picked":"hexamod:SpectralSpark+1","floor":28},{"not_picked":["hexamod:RetreatToShadows+1","hexamod:FlamesFromBeyond","hexamod:ThermalTransfer"],"picked":"SKIP","floor":29},{"not_picked":["hexamod:AdvancingGuard","hexamod:SwordOfDarkness","hexamod:ShieldOfDarkness"],"picked":"SKIP","floor":30},{"not_picked":["hexamod:SkipABeat","hexamod:ChargedBarrage+1"],"picked":"hexamod:FastForward","floor":31},{"not_picked":["hexamod:SuperheatedStrike","hexamod:HeatMetal","hexamod:SwordOfDarkness"],"picked":"SKIP","floor":32}],"player_experience":293245,"relics_obtained":[{"floor":6,"key":"Pen Nib"},{"floor":7,"key":"Whetstone"},{"floor":10,"key":"Mummified Hand"},{"floor":20,"key":"Bottled Tornado"},{"floor":23,"key":"Ancient Tea Set"},{"floor":25,"key":"Orichalcum"},{"floor":28,"key":"Pocketwatch"}],"event_choices":[{"cards_removed":["hexamod:Strike"],"damage_healed":0,"gold_gain":0,"player_choice":"Card Removal","damage_taken":0,"max_hp_gain":0,"max_hp_loss":0,"event_name":"The Cleric","floor":5,"gold_loss":0}],"is_beta":false,"boss_relics":[{"not_picked":["Calling Bell","Pandora\u0027s Box"],"picked":"Sozu"}],"items_purged_floors":[11,22],"is_endless":false,"potions_floor_spawned":[8,10,14,15,21,25,29,30],"killed_by":"WA_ARCHETYPE_CALM","ascension_level":3}}