{"host":"1pwde2j81wdvsae3","time":1611637729,"event":{"mods":["BaseMod","Minty Spire (QoL Compilation)","Replay The Spire","Shop Mod","StSLib"],"gold_per_floor":[113,113,130,166,2,2,30,30,30,61,61,93,108,135,135,206,206,224,236,249,264,281,281,281,315,315,17,51,80,0,17,17,17,17],"floor_reached":33,"language":"ZHS","playtime":1271,"items_purged":["Pain"],"score":573,"play_id":"f2d89613-3405-4840-b756-9dd8fee9be83","local_time":"20210126130849","is_ascension_mode":true,"campfire_choices":[{"data":"Perfected Strike","floor":6.0,"key":"SMITH"},{"data":"Bash","floor":8.0,"key":"SMITH"},{"floor":11.0,"key":"REST"},{"floor":15.0,"key":"REST"},{"data":"True Grit","floor":23.0,"key":"SMITH"},{"floor":32,"key":"REST"}],"circlet_count":0,"master_deck":["AscendersBane","Strike_R+1","Strike_R+1","Strike_R+1","Strike_R+1","Strike_R+1","Defend_R+1","Defend_R+1","Defend_R+1","Defend_R+1","Bash+1","Bandage Up","Ghostly Armor","Perfected Strike+1","Uppercut","Whirlwind","Shrug It Off","Uppercut","Wild Strike","Headbutt","ReplayTheSpireMod:Strike From Hell","True Grit+1","Fiend Fire","Infernal Blade","Armaments+1","Thunderclap+1","Burning Pact","Immolate","ReplayTheSpireMod:Muscle Training","Inflame","Twin Strike","Sword Boomerang","Hemokinesis","Exhume","Pummel"],"relics":["Burning Blood","Replay:Bottled Flurry","Pocketwatch","MealTicket","Snack Pack","ReplayTheSpireMod:TigerMarble","Garlic","ChewingGum","InkBottle","Regal Pillow","Pet Ghost","Red Mask","ReplayTheSpireMod:Spearhead"],"acts_visited":["Exordium","TheCity"],"potions_floor_usage":[33],"damage_taken":[{"damage":1.0,"enemies":"Small Slimes","floor":1.0,"turns":4.0},{"damage":1.0,"enemies":"Cultist","floor":3.0,"turns":3.0},{"damage":26.0,"enemies":"Gremlin Nob","floor":7.0,"turns":5.0},{"damage":20.0,"enemies":"Lagavulin","floor":10.0,"turns":5.0},{"damage":16.0,"enemies":"3 Sentries","floor":12.0,"turns":8.0},{"damage":4.0,"enemies":"Jaw Worm","floor":13.0,"turns":3.0},{"damage":36.0,"enemies":"Gremlin Nob","floor":14.0,"turns":4.0},{"damage":37.0,"enemies":"Slime Boss","floor":16.0,"turns":7.0},{"damage":0.0,"enemies":"Spheric Guardian","floor":18.0,"turns":3.0},{"damage":0.0,"enemies":"Chosen","floor":19.0,"turns":3.0},{"damage":7.0,"enemies":"Shelled Parasite and Fungi","floor":20.0,"turns":4.0},{"damage":2.0,"enemies":"Centurion and Healer","floor":21.0,"turns":5.0},{"damage":12.0,"enemies":"Snake Plant","floor":22.0,"turns":4.0},{"damage":9.0,"enemies":"Replay:Snechameleon","floor":25.0,"turns":4.0},{"damage":44.0,"enemies":"Masked Bandits","floor":28.0,"turns":5.0},{"damage":47,"enemies":"Slavers","floor":29,"turns":7},{"damage":0,"enemies":"Snecko","floor":31,"turns":2},{"damage":80,"enemies":"Champ","floor":33,"turns":8}],"seed_played":"4224376412120831448","potions_obtained":[{"floor":4.0,"key":"Swift Potion"},{"floor":7.0,"key":"Energy Potion"},{"floor":14.0,"key":"ColorlessPotion"},{"floor":16.0,"key":"Elixir"},{"floor":21.0,"key":"Regen Potion"},{"floor":31,"key":"EssenceOfSteel"}],"is_trial":false,"path_per_floor":["M","?","M","?","$","R","E","R","T","E","R","E","M","E","R","B",null,"M","M","M","M","M","R","?","E","T","$","?","E","?","M","R","B"],"character_chosen":"IRONCLAD","items_purchased":["Whirlwind","Shrug It Off","Inflame","Twin Strike","Pet Ghost","Sword Boomerang"],"campfire_rested":3,"item_purchase_floors":[5,5,27,27,27,27],"current_hp_per_floor":[75,75,75,75,75,75,55,55,55,45,67,61,67,43,65,40,66,75,75,75,75,75,75,75,72,72,75,46,13,13,21,58,0,0],"gold":17,"neow_bonus":"RANDOM_COLORLESS","is_daily":false,"chose_seed":false,"campfire_upgraded":3,"win_rate":0.0,"timestamp":1611637729,"path_taken":["M","?","?","?","$","R","E","R","T","E","R","E","M","E","R","BOSS","M","M","M","M","M","R","?","E","T","$","?","E","?","M","R","BOSS"],"items_purchased_type":["Card","Card","Card","Card","Relic","Card"],"build_version":"2020-12-22","purchased_purges":1,"victory":false,"max_hp_per_floor":[75,75,75,75,75,75,75,75,75,75,75,75,75,75,75,75,75,75,75,75,75,75,75,75,75,75,75,75,75,75,75,75,75,75],"card_choices":[{"not_picked":["ReplayTheSpireMod:Private Reserves","Forethought"],"picked":"Bandage Up","floor":0.0},{"not_picked":["Shrug It Off","Dropkick"],"picked":"Ghostly Armor","floor":1.0},{"not_picked":["Bloodletting","Clothesline"],"picked":"Perfected Strike","floor":3.0},{"not_picked":["Inflame","Armaments"],"picked":"Uppercut","floor":4.0},{"not_picked":["Havoc","Massacre"],"picked":"Uppercut","floor":7.0},{"not_picked":["Clash","Headbutt"],"picked":"Wild Strike","floor":10.0},{"not_picked":["Demonic Infusion","Iron Wave"],"picked":"Headbutt","floor":12.0},{"not_picked":["Havoc","Searing Blow"],"picked":"ReplayTheSpireMod:Strike From Hell","floor":13.0},{"not_picked":["Entrench","Shrug It Off"],"picked":"True Grit","floor":14.0},{"not_picked":["Eclipse","Replay:Many Hands"],"picked":"Fiend Fire","floor":16.0},{"not_picked":["Clash","True Grit"],"picked":"Infernal Blade","floor":18.0},{"not_picked":["Sever Soul","Perfected Strike"],"picked":"Armaments+1","floor":19.0},{"not_picked":["Clothesline","Body Slam"],"picked":"Thunderclap+1","floor":20.0},{"not_picked":["True Grit","Havoc+1"],"picked":"Burning Pact","floor":21.0},{"not_picked":["Clash+1","Metallicize"],"picked":"Immolate","floor":22.0},{"not_picked":["Headbutt+1","Heavy Blade"],"picked":"ReplayTheSpireMod:Muscle Training","floor":25.0},{"not_picked":["Perfected Strike","Clothesline"],"picked":"Hemokinesis","floor":28.0},{"not_picked":["Replay:Undeath\u0027s Touch","Uppercut+1"],"picked":"Exhume","floor":29},{"not_picked":["Warcry","Armaments+1"],"picked":"Pummel","floor":31}],"player_experience":241074,"relics_obtained":[{"floor":4.0,"key":"Replay:Bottled Flurry"},{"floor":7.0,"key":"Pocketwatch"},{"floor":9.0,"key":"MealTicket"},{"floor":10.0,"key":"Snack Pack"},{"floor":12.0,"key":"ReplayTheSpireMod:TigerMarble"},{"floor":14.0,"key":"Garlic"},{"floor":25.0,"key":"InkBottle"},{"floor":26.0,"key":"Regal Pillow"},{"floor":28.0,"key":"Red Mask"},{"floor":29,"key":"ReplayTheSpireMod:Spearhead"}],"event_choices":[{"damage_healed":0.0,"max_hp_gain":0.0,"max_hp_loss":0.0,"gold_gain":0.0,"event_name":"Purifier","player_choice":"Ignored","floor":2.0,"gold_loss":0.0,"damage_taken":0.0},{"damage_healed":0.0,"max_hp_gain":0.0,"max_hp_loss":0.0,"gold_gain":0.0,"event_name":"Back to Basics","player_choice":"Simplicity","floor":24.0,"gold_loss":0.0,"damage_taken":0.0,"cards_upgraded":["Strike_R","Strike_R","Strike_R","Strike_R","Strike_R","Defend_R","Defend_R","Defend_R","Defend_R"]},{"damage_healed":0.0,"max_hp_gain":0.0,"max_hp_loss":0.0,"gold_gain":0.0,"event_name":"Masked Bandits","player_choice":"Fought Bandits","floor":28.0,"gold_loss":0.0,"damage_taken":0.0}],"is_beta":false,"boss_relics":[{"not_picked":["Tiny House","Snecko Eye"],"picked":"ChewingGum"}],"items_purged_floors":[5],"is_endless":false,"potions_floor_spawned":[7,14,16,19,21,22,31],"killed_by":"Champ","ascension_level":15}}