{"host":"0ueeacaatm8t6jyh","time":1611654566,"event":{"mods":["AchievementEnabler","BaseMod","Colored Powertips","Minty Spire (QoL Compilation)","Quick Restart","Rare Cards Sparkle","Shop Mod","StSLib"],"gold_per_floor":[109,209,90,105,117,117,134,134,151,181,106,133,156,156,169,169,7,30,40,40,40,40],"floor_reached":21,"language":"ZHS","playtime":626,"items_purged":["Strike_R"],"score":258,"play_id":"5b5c1e54-e06c-42f4-946c-e261fcc8dbe3","local_time":"20210126174926","is_ascension_mode":true,"campfire_choices":[{"floor":8.0,"key":"REST"},{"floor":20.0,"key":"REST"}],"circlet_count":0,"master_deck":["AscendersBane","Strike_R","Strike_R","Strike_R","Defend_R","Defend_R","Defend_R","Defend_R","Bash","Rupture","Heavy Blade","Hemokinesis","Pommel Strike","Barricade","Battle Trance","Parasite","Intimidate","Shrug It Off"],"relics":["Burning Blood","Dream Catcher","Kunai","Regal Pillow","Smiling Mask","Mercury Hourglass","Membership Card","Oddly Smooth Stone"],"acts_visited":["Exordium"],"potions_floor_usage":[21],"damage_taken":[{"damage":8.0,"enemies":"2 Louse","floor":1.0,"turns":3.0},{"damage":7.0,"enemies":"Cultist","floor":4.0,"turns":4.0},{"damage":7.0,"enemies":"Jaw Worm","floor":5.0,"turns":2.0},{"damage":17.0,"enemies":"Blue Slaver","floor":7.0,"turns":6.0},{"damage":12.0,"enemies":"2 Fungi Beasts","floor":9.0,"turns":3.0},{"damage":34.0,"enemies":"Lagavulin","floor":10.0,"turns":6.0},{"damage":19.0,"enemies":"Looter","floor":15.0,"turns":3.0},{"damage":17.0,"enemies":"Exordium Wildlife","floor":19.0,"turns":3.0},{"damage":57,"enemies":"Slime Boss","floor":21,"turns":8}],"seed_played":"4818481887680186721","potions_obtained":[{"floor":4.0,"key":"SteroidPotion"},{"floor":5.0,"key":"BlessingOfTheForge"},{"floor":7.0,"key":"SkillPotion"},{"floor":19.0,"key":"LiquidMemories"}],"is_trial":false,"path_per_floor":["M","?","$","M","M","?","M","R","M","E","?","T","T","?","M","T","$","T","M","R","B"],"character_chosen":"IRONCLAD","items_purchased":["Rupture","Membership Card"],"campfire_rested":2,"item_purchase_floors":[3,17],"current_hp_per_floor":[66,66,66,65,64,46,35,57,51,23,23,23,23,41,28,28,28,28,17,54,0,0],"gold":40,"neow_bonus":"RANDOM_COMMON_RELIC","is_daily":false,"chose_seed":false,"campfire_upgraded":0,"win_rate":0.0,"timestamp":1611654566,"path_taken":["M","?","$","?","M","?","M","R","M","E","?","T","T","?","M","?","?","?","M","R","BOSS"],"items_purchased_type":["Card","Relic"],"build_version":"2020-12-22","purchased_purges":1,"victory":false,"max_hp_per_floor":[75,75,75,75,75,75,75,75,75,75,75,75,75,75,75,75,75,75,75,75,75,75],"card_choices":[{"not_picked":["Cleave","Thunderclap","Twin Strike"],"picked":"SKIP","floor":1.0},{"not_picked":["Clash","Shrug It Off"],"picked":"Heavy Blade","floor":4.0},{"not_picked":["Pummel","Disarm"],"picked":"Hemokinesis","floor":5.0},{"not_picked":["Blood for Blood","Havoc"],"picked":"Pommel Strike","floor":7.0},{"not_picked":["Intimidate","Clash"],"picked":"Barricade","floor":9.0},{"not_picked":["Searing Blow","Thunderclap"],"picked":"Battle Trance","floor":10.0},{"not_picked":["Headbutt","Rampage"],"picked":"Intimidate","floor":15.0},{"not_picked":["Perfected Strike","Flex","Havoc"],"picked":"SKIP","floor":19.0},{"not_picked":["Blood for Blood","Hemokinesis"],"picked":"Shrug It Off","floor":20.0}],"player_experience":471561,"relics_obtained":[{"floor":10.0,"key":"Regal Pillow"},{"floor":12.0,"key":"Smiling Mask"},{"floor":16.0,"key":"Mercury Hourglass"},{"floor":18.0,"key":"Oddly Smooth Stone"}],"event_choices":[{"damage_healed":0.0,"max_hp_gain":0.0,"max_hp_loss":0.0,"gold_gain":100.0,"event_name":"Wheel of Change","player_choice":"Gold","floor":2.0,"gold_loss":0.0,"damage_taken":0.0},{"damage_healed":0.0,"max_hp_gain":0.0,"max_hp_loss":0.0,"gold_gain":0.0,"event_name":"Scrap Ooze","player_choice":"Success","floor":6.0,"gold_loss":0.0,"damage_taken":18.0,"relics_obtained":["Kunai"]},{"cards_removed":["Strike_R"],"damage_healed":0.0,"max_hp_gain":0.0,"max_hp_loss":0.0,"gold_gain":0.0,"event_name":"The Cleric","player_choice":"Card Removal","floor":11.0,"gold_loss":75.0,"damage_taken":0.0},{"damage_healed":18.0,"max_hp_gain":0.0,"max_hp_loss":0.0,"gold_gain":0.0,"event_name":"Mushrooms","player_choice":"Healed and dodged fight","floor":14.0,"gold_loss":0.0,"damage_taken":0.0,"cards_obtained":["Parasite"]}],"is_beta":false,"boss_relics":[],"items_purged_floors":[3],"is_endless":false,"potions_floor_spawned":[4,5,7,19],"killed_by":"Slime Boss","ascension_level":20}}