{"host":"qekv59dthhdg54sz","time":1611630613,"event":{"mods":["AchievementEnabler","BaseMod","Colored Map","DeckTracker","KOR Keyword Fix","Minty Spire (QoL Compilation)","Rare Cards Sparkle","StSLib","SuperFastMode"],"gold_per_floor":[116,136,14,34,52,52,79,79,79,93,106,123,137,151,151,254,254,264,284,284,299,81,81,81],"floor_reached":23,"language":"KOR","playtime":602,"items_purged":["Strike_R","Strike_R"],"score":314,"play_id":"1777a7d7-342a-4a40-b6d0-36ab40f8affd","local_time":"20210126121013","is_ascension_mode":true,"campfire_choices":[{"data":"Juggernaut","floor":6.0,"key":"SMITH"},{"data":"Shrug It Off","floor":15.0,"key":"SMITH"}],"circlet_count":0,"master_deck":["Strike_R","Strike_R","Strike_R+1","Defend_R","Defend_R","Defend_R","Defend_R","Bash","Juggernaut+1","Shrug It Off+1","Feed+1","Spot Weakness","Pommel Strike","Heavy Blade","Fire Breathing","Limit Break","Burning Pact+1","True Grit+1","Reaper","Dark Embrace"],"relics":["Burning Blood","NeowsBlessing","Boot","InkBottle","Philosopher\u0027s Stone"],"acts_visited":["Exordium","TheCity"],"potions_floor_usage":[21,23],"damage_taken":[{"damage":0.0,"enemies":"Small Slimes","floor":1.0,"turns":1.0},{"damage":0.0,"enemies":"2 Louse","floor":2.0,"turns":1.0},{"damage":0.0,"enemies":"Cultist","floor":4.0,"turns":1.0},{"damage":5.0,"enemies":"Exordium Wildlife","floor":5.0,"turns":5.0},{"damage":48.0,"enemies":"Gremlin Nob","floor":7.0,"turns":5.0},{"damage":11.0,"enemies":"Large Slime","floor":10.0,"turns":7.0},{"damage":16.0,"enemies":"Blue Slaver","floor":11.0,"turns":4.0},{"damage":20.0,"enemies":"Exordium Thugs","floor":12.0,"turns":6.0},{"damage":4.0,"enemies":"2 Fungi Beasts","floor":13.0,"turns":4.0},{"damage":2.0,"enemies":"Exordium Wildlife","floor":14.0,"turns":4.0},{"damage":21.0,"enemies":"Hexaghost","floor":16.0,"turns":10.0},{"damage":35.0,"enemies":"Shell Parasite","floor":18.0,"turns":7.0},{"damage":27.0,"enemies":"2 Thieves","floor":19.0,"turns":4.0},{"damage":26,"enemies":"Chosen and Byrds","floor":21,"turns":6},{"damage":18,"enemies":"Gremlin Leader","floor":23,"turns":1}],"seed_played":"1847468107567387046","potions_obtained":[{"floor":2.0,"key":"DuplicationPotion"},{"floor":10.0,"key":"Regen Potion"},{"floor":12.0,"key":"GamblersBrew"},{"floor":13.0,"key":"Dexterity Potion"},{"floor":16.0,"key":"PowerPotion"}],"is_trial":false,"path_per_floor":["M","M","$","M","M","R","E","?","T","M","M","M","M","M","R","B",null,"M","M","?","M","$","E"],"character_chosen":"IRONCLAD","items_purchased":["Shrug It Off","Dexterity Potion","Dark Embrace"],"campfire_rested":0,"item_purchase_floors":[3,22,22],"current_hp_per_floor":[78,80,80,80,80,80,38,22,22,21,27,17,23,31,31,16,79,54,37,37,17,17,0,0],"gold":81,"neow_bonus":"THREE_ENEMY_KILL","is_daily":false,"chose_seed":false,"campfire_upgraded":2,"win_rate":0.0,"timestamp":1611630613,"path_taken":["M","M","$","M","M","R","E","?","T","M","M","M","M","M","R","BOSS","M","M","?","M","?","E"],"items_purchased_type":["Card","Potion","Card"],"build_version":"2020-12-22","purchased_purges":2,"victory":false,"max_hp_per_floor":[80,80,80,80,80,80,80,80,80,84,88,92,96,100,100,100,100,104,108,108,108,108,108,108],"card_choices":[{"not_picked":["Perfected Strike","Sword Boomerang","Clash"],"picked":"SKIP","floor":1.0},{"not_picked":["Twin Strike","Heavy Blade"],"picked":"Juggernaut","floor":2.0},{"not_picked":["Warcry","Pummel","Clothesline"],"picked":"SKIP","floor":4.0},{"not_picked":["Anger","Clothesline","Armaments"],"picked":"SKIP","floor":5.0},{"not_picked":["Anger","Havoc"],"picked":"Feed","floor":7.0},{"not_picked":["Havoc","Perfected Strike"],"picked":"Spot Weakness","floor":10.0},{"not_picked":["Uppercut","Havoc"],"picked":"Pommel Strike","floor":11.0},{"not_picked":["Flex","True Grit"],"picked":"Heavy Blade","floor":12.0},{"not_picked":["Blood for Blood","Perfected Strike","Pommel Strike"],"picked":"SKIP","floor":13.0},{"not_picked":["Heavy Blade","Wild Strike"],"picked":"Fire Breathing","floor":14.0},{"not_picked":["Brutality","Barricade"],"picked":"Limit Break","floor":16.0},{"not_picked":["Iron Wave","Clash"],"picked":"Burning Pact+1","floor":18.0},{"not_picked":["Anger+1","Havoc"],"picked":"True Grit","floor":19.0},{"not_picked":["Pommel Strike","Cleave"],"picked":"Reaper","floor":21}],"player_experience":836805,"relics_obtained":[{"floor":7.0,"key":"Boot"},{"floor":9.0,"key":"InkBottle"}],"event_choices":[{"damage_healed":0.0,"max_hp_gain":0.0,"max_hp_loss":0.0,"gold_gain":0.0,"event_name":"Shining Light","player_choice":"Entered Light","floor":8.0,"gold_loss":0.0,"damage_taken":16.0,"cards_upgraded":["Feed","Strike_R"]},{"damage_healed":0.0,"max_hp_gain":0.0,"max_hp_loss":0.0,"gold_gain":0.0,"event_name":"Upgrade Shrine","player_choice":"Upgraded","floor":20.0,"gold_loss":0.0,"damage_taken":0.0,"cards_upgraded":["True Grit"]}],"is_beta":false,"boss_relics":[{"not_picked":["Mark of Pain","Sozu"],"picked":"Philosopher\u0027s Stone"}],"items_purged_floors":[3,22],"is_endless":false,"potions_floor_spawned":[2,10,12,13,16],"killed_by":"Gremlin Leader","ascension_level":9}}