{"host":"szp1d6dso4pv7ddl","time":1611640405,"event":{"mods":["AchievementEnabler","Alarm Clock","BaseMod","Bestiary","Block Reminder","Colored Map","Colored Powertips","Curses Come First","Dark Map","Displayed Cursed Tome","Highlight Path","Minty Spire (QoL Compilation)","Permanent Neow","Quick Restart","Relic Sorter","Relic Stats","StSLib","Synergy Search"],"gold_per_floor":[109,109,34,34,54,54,72,72,72,72,72,72,83,94,94,199,199,212,5,18,28,28,28,59,59,106,106,29,43,54,54,54,158,158,176,226,271,296,307,307,335,335,335,335,353,353,371,403,403,403,403,403,255,284,284,284],"floor_reached":55,"language":"ENG","playtime":2906,"items_purged":["Defend_B","Zap"],"score":1383,"play_id":"f11836d0-9f18-45d3-aabc-d6b2cf72cd69","local_time":"20210125215325","is_ascension_mode":true,"campfire_choices":[{"floor":6.0,"key":"REST"},{"data":"Streamline","floor":12.0,"key":"SMITH"},{"floor":15.0,"key":"REST"},{"data":"Buffer","floor":23.0,"key":"SMITH"},{"floor":25.0,"key":"REST"},{"data":"Reprogram","floor":32.0,"key":"SMITH"},{"floor":40.0,"key":"RECALL"},{"floor":44.0,"key":"REST"},{"data":"Hologram","floor":49,"key":"SMITH"},{"data":"White Noise","floor":52,"key":"PURGE"}],"circlet_count":0,"master_deck":["AscendersBane","Defend_B+1","Leap","Streamline+1","Echo Form","Reprogram+1","Meteor Strike+1","Hologram","Buffer+1","Meteor Strike","Hyperbeam+1","Hyperbeam+1","Capacitor+1","Skim","Hologram+1","Hologram","Turbo+1","Hologram"],"relics":["Cracked Core","Happy Flower","Thread and Needle","Snecko Eye","Membership Card","Meat on the Bone","Astrolabe","Dead Branch","Girya","Centennial Puzzle","Peace Pipe","Bronze Scales","Whetstone","Oddly Smooth Stone","Blood Vial"],"acts_visited":["Exordium","TheCity","TheBeyond","TheEnding"],"potions_floor_usage":[54,55],"damage_taken":[{"damage":11.0,"enemies":"Small Slimes","floor":1.0,"turns":3.0},{"damage":2.0,"enemies":"Jaw Worm","floor":5.0,"turns":3.0},{"damage":2.0,"enemies":"2 Louse","floor":7.0,"turns":3.0},{"damage":0.0,"enemies":"Gremlin Gang","floor":13.0,"turns":2.0},{"damage":3.0,"enemies":"Exordium Wildlife","floor":14.0,"turns":3.0},{"damage":14.0,"enemies":"Slime Boss","floor":16.0,"turns":10.0},{"damage":11.0,"enemies":"2 Thieves","floor":18.0,"turns":3.0},{"damage":1.0,"enemies":"Shell Parasite","floor":20.0,"turns":4.0},{"damage":4.0,"enemies":"Snake Plant","floor":21.0,"turns":3.0},{"damage":14.0,"enemies":"Gremlin Leader","floor":24.0,"turns":5.0},{"damage":0.0,"enemies":"Snecko","floor":29.0,"turns":2.0},{"damage":0.0,"enemies":"3 Cultists","floor":30.0,"turns":4.0},{"damage":0.0,"enemies":"Collector","floor":33.0,"turns":6.0},{"damage":0.0,"enemies":"3 Shapes","floor":35.0,"turns":3.0},{"damage":0.0,"enemies":"Mind Bloom Boss Battle","floor":36.0,"turns":2.0},{"damage":0.0,"enemies":"2 Orb Walkers","floor":37.0,"turns":3.0},{"damage":0.0,"enemies":"Orb Walker","floor":39.0,"turns":1.0},{"damage":47.0,"enemies":"Nemesis","floor":41.0,"turns":7.0},{"damage":0,"enemies":"Spire Growth","floor":45,"turns":3},{"damage":0,"enemies":"Sphere and 2 Shapes","floor":47,"turns":1},{"damage":0,"enemies":"Giant Head","floor":48,"turns":3},{"damage":0,"enemies":"Donu and Deca","floor":50,"turns":4},{"damage":0,"enemies":"Shield and Spear","floor":54,"turns":2},{"damage":114,"enemies":"The Heart","floor":55,"turns":3}],"seed_played":"-4481454527524874223","potions_obtained":[{"floor":5.0,"key":"AttackPotion"},{"floor":14.0,"key":"LiquidMemories"},{"floor":18.0,"key":"Strength Potion"},{"floor":21.0,"key":"SkillPotion"},{"floor":33.0,"key":"Fire Potion"},{"floor":35.0,"key":"FearPotion"}],"is_trial":false,"path_per_floor":["M","?","$","?","M","R","M","$","T","?","?","R","M","M","R","B",null,"M","$","M","M","?","R","E","R","T","?","$","M","M","$","R","B",null,"M","?","?","T","M","R","E","?","T","R","M","?","M","E","R","B",null,"R","$","E","B"],"character_chosen":"DEFECT","items_purchased":["Membership Card","Meteor Strike","Whetstone","Oddly Smooth Stone"],"campfire_rested":4,"item_purchase_floors":[19,28,53,53],"current_hp_per_floor":[39,44,44,37,35,59,57,57,57,41,41,41,41,38,62,48,72,61,61,60,56,56,56,42,66,66,66,66,66,66,66,66,66,77,77,77,77,77,77,77,42,42,42,66,66,66,66,66,66,66,77,77,77,77,0,0],"gold":284,"neow_bonus":"REMOVE_TWO","is_daily":false,"chose_seed":false,"campfire_upgraded":4,"win_rate":0.0,"timestamp":1611640405,"path_taken":["M","?","$","?","M","R","M","$","T","?","?","R","M","?","R","BOSS","M","$","M","?","?","R","E","R","T","?","?","M","?","$","R","BOSS","M","?","?","?","?","R","E","?","T","R","M","?","?","E","R","BOSS","R","$","E","BOSS"],"items_purchased_type":["Relic","Card","Relic","Relic"],"build_version":"2020-12-22","purchased_purges":2,"victory":false,"max_hp_per_floor":[75,80,80,80,80,80,80,80,80,80,80,80,80,80,80,80,80,80,80,80,80,80,80,80,80,80,80,80,80,80,80,80,80,80,80,80,80,80,80,80,80,80,80,80,80,80,80,80,80,80,80,80,80,80,80,80],"relic_stats":{"Peace Pipe":3,"Blood Vial":2,"Centennial Puzzle":[6],"Happy Flower":[5],"counters":[24,83],"Astrolabe":["Turbo","Hyperbeam","Capacitor"],"Dead Branch":[28],"Bronze Scales":[63],"Snecko Eye":[109,106,105,116],"Whetstone":["Hyperbeam","Meteor Strike"],"obtain_stats":[{"Girya":37,"Happy Flower":41,"Astrolabe":34,"Dead Branch":36,"Oddly Smooth Stone":53,"Thread and Needle":9,"Whetstone":53,"Peace Pipe":43,"Blood Vial":54,"Centennial Puzzle":38,"Bronze Scales":48,"Snecko Eye":17,"Membership Card":19,"Cracked Core":0,"Meat on the Bone":24},{"Girya":16,"Happy Flower":18,"Astrolabe":13,"Dead Branch":15,"Oddly Smooth Stone":22,"Thread and Needle":3,"Whetstone":22,"Peace Pipe":18,"Blood Vial":23,"Centennial Puzzle":16,"Bronze Scales":21,"Snecko Eye":6,"Membership Card":7,"Cracked Core":0,"Meat on the Bone":10},{"Girya":59,"Happy Flower":67,"Astrolabe":51,"Dead Branch":56,"Oddly Smooth Stone":78,"Thread and Needle":9,"Whetstone":78,"Peace Pipe":67,"Blood Vial":80,"Centennial Puzzle":59,"Bronze Scales":74,"Snecko Eye":24,"Membership Card":27,"Cracked Core":0,"Meat on the Bone":39}],"Meat on the Bone":12},"card_choices":[{"not_picked":["Stack","Redo"],"picked":"Leap","floor":1.0},{"not_picked":["Barrage","Rebound"],"picked":"Streamline","floor":5.0},{"not_picked":["Turbo","Fusion"],"picked":"Echo Form","floor":7.0},{"not_picked":["Beam Cell","Chaos","Stack"],"picked":"SKIP","floor":13.0},{"not_picked":["Ball Lightning","Tempest"],"picked":"Reprogram","floor":14.0},{"not_picked":["Biased Cognition","Creative AI"],"picked":"Meteor Strike","floor":16.0},{"not_picked":["Barrage","Coolheaded"],"picked":"Leap","floor":18.0},{"not_picked":["Coolheaded","Ball Lightning","Auto Shields"],"picked":"SKIP","floor":20.0},{"not_picked":["Turbo","Streamline"],"picked":"Compile Driver","floor":21.0},{"not_picked":["Creative AI","Tempest"],"picked":"Gash+1","floor":24.0},{"not_picked":["Consume","Auto Shields","Sweeping Beam"],"picked":"SKIP","floor":29.0},{"not_picked":["Steam","Redo","Beam Cell"],"picked":"SKIP","floor":30.0},{"not_picked":["Rainbow","Multi-Cast"],"picked":"Hyperbeam","floor":33.0},{"not_picked":["Turbo","Streamline+1","Consume"],"picked":"SKIP","floor":35.0},{"not_picked":["Hologram","Self Repair"],"picked":"Skim","floor":36.0},{"not_picked":["Ball Lightning","Barrage+1","Loop"],"picked":"SKIP","floor":39.0},{"not_picked":["Gash","Loop"],"picked":"Hologram","floor":41.0},{"not_picked":["Blizzard+1","Barrage"],"picked":"Hologram","floor":45},{"not_picked":["Echo Form","Redo"],"picked":"Turbo+1","floor":47},{"not_picked":["Blizzard","Double Energy","Aggregate+1"],"picked":"SKIP","floor":48},{"not_picked":["Stack","Capacitor"],"picked":"Hologram","floor":54}],"player_experience":1283476,"relics_obtained":[{"floor":9.0,"key":"Thread and Needle"},{"floor":24.0,"key":"Meat on the Bone"},{"floor":36.0,"key":"Dead Branch"},{"floor":37.0,"key":"Girya"},{"floor":38.0,"key":"Centennial Puzzle"},{"floor":41.0,"key":"Happy Flower"},{"floor":43.0,"key":"Peace Pipe"},{"floor":48,"key":"Bronze Scales"},{"floor":54,"key":"Blood Vial"}],"event_choices":[{"damage_healed":0.0,"max_hp_gain":5.0,"max_hp_loss":0.0,"gold_gain":0.0,"event_name":"Big Fish","player_choice":"Donut","floor":2.0,"gold_loss":0.0,"damage_taken":0.0},{"cards_removed":["Strike_B"],"damage_healed":0.0,"max_hp_gain":0.0,"max_hp_loss":0.0,"gold_gain":0.0,"event_name":"Golden Wing","player_choice":"Card Removal","floor":4.0,"gold_loss":0.0,"damage_taken":7.0},{"damage_healed":0.0,"max_hp_gain":0.0,"max_hp_loss":0.0,"gold_gain":0.0,"event_name":"Shining Light","player_choice":"Entered Light","floor":10.0,"gold_loss":0.0,"damage_taken":16.0,"cards_upgraded":["Strike_B","Defend_B"]},{"cards_removed":["Strike_B"],"damage_healed":0.0,"max_hp_gain":0.0,"max_hp_loss":0.0,"gold_gain":0.0,"event_name":"Purifier","player_choice":"Purged","floor":11.0,"gold_loss":0.0,"damage_taken":0.0},{"damage_healed":0.0,"max_hp_gain":0.0,"max_hp_loss":0.0,"gold_gain":0.0,"cards_transformed":["Compile Driver","Dualcast"],"event_name":"Drug Dealer","player_choice":"Became Test Subject","floor":22.0,"gold_loss":0.0,"damage_taken":0.0,"cards_obtained":["Hologram","Buffer"]},{"damage_healed":0.0,"max_hp_gain":0.0,"max_hp_loss":0.0,"gold_gain":0.0,"event_name":"Vampires","player_choice":"Ignored","floor":27.0,"gold_loss":0.0,"damage_taken":0.0},{"damage_healed":0.0,"max_hp_gain":0.0,"max_hp_loss":0.0,"gold_gain":0.0,"event_name":"MindBloom","player_choice":"Fight","floor":36.0,"gold_loss":0.0,"damage_taken":0.0},{"damage_healed":0.0,"max_hp_gain":0.0,"max_hp_loss":0.0,"gold_gain":0.0,"event_name":"Mysterious Sphere","player_choice":"Fight","floor":37.0,"gold_loss":0.0,"damage_taken":0.0},{"cards_removed":["Leap"],"damage_healed":0.0,"max_hp_gain":0.0,"max_hp_loss":0.0,"gold_gain":0.0,"event_name":"Falling","player_choice":"Removed Skill","floor":42.0,"gold_loss":0.0,"damage_taken":0.0},{"damage_healed":0,"gold_gain":0,"cards_transformed":["Turbo"],"player_choice":"Transformed","damage_taken":0,"max_hp_gain":0,"max_hp_loss":0,"event_name":"Transmorgrifier","floor":46,"gold_loss":0,"cards_obtained":["White Noise"]}],"is_beta":false,"boss_relics":[{"not_picked":["Coffee Dripper","FrozenCore"],"picked":"Snecko Eye"},{"not_picked":["Philosopher\u0027s Stone","SlaversCollar"],"picked":"Astrolabe"}],"items_purged_floors":[3,19],"is_endless":false,"potions_floor_spawned":[5,14,18,21,29,33,35,39,45],"killed_by":"The Heart","ascension_level":12}}