{"host":"h1qktzcccqnez8tx","time":1611627371,"event":{"mods":["AchievementEnabler","BaseMod","Bestiary","Better Note","Block Reminder","Colored Map","Colored Powertips","Curses Come First","Highlight Path","Minty Spire (QoL Compilation)","Permanent Neow","Quick Restart","Relic Stats","StSLib","UnlockEverythingMod"],"gold_per_floor":[111,128,142,142,166,11,11,52,64,101,156,168,219,252,264,404,716,741,753,10,10,25,25,65,86,86,86,117,138,182,201,201,324,324,343,363,22,36,36,36],"floor_reached":39,"language":"ENG","playtime":1741,"items_purged":["CrushJoints","Anger"],"score":748,"play_id":"61f3da0e-01e1-4242-8a39-09aaa1e644f8","local_time":"20210126031611","daily_mods":["Draft","Purple Cards"],"is_ascension_mode":true,"campfire_choices":[{"data":"TalkToTheHand","floor":7,"key":"SMITH"},{"data":"BattleHymn","floor":12,"key":"SMITH"},{"data":"FollowUp","floor":15,"key":"SMITH"},{"data":"Dual Wield","floor":23,"key":"SMITH"},{"data":"Consecrate","floor":32,"key":"SMITH"}],"circlet_count":0,"master_deck":["Ghostly Armor","FollowUp+1","Shrug It Off","Twin Strike","Conclude","Warcry+1","Pommel Strike","TalkToTheHand+1","Consecrate+1","BattleHymn+1","Inflame","Shrug It Off+1","Iron Wave","FollowUp","Cleave","Inflame","CurseOfTheBell","TalkToTheHand+1","Dual Wield+1","Twin Strike","Inflame+1"],"relics":["Burning Blood","Golden Idol","War Paint","MawBank","Akabeko","Singing Bowl","Ice Cream","Calling Bell","Lantern","Blue Candle","Old Coin","Ginger","DollysMirror","Bronze Scales","MutagenicStrength","Anchor","Pear","Eternal Feather","InkBottle","Black Star","Ornamental Fan"],"acts_visited":["Exordium","TheCity","TheBeyond"],"potions_floor_usage":[13,30,33,36,39],"damage_taken":[{"damage":1,"enemies":"2 Louse","floor":1,"turns":2},{"damage":4,"enemies":"Jaw Worm","floor":2,"turns":2},{"damage":5,"enemies":"Small Slimes","floor":3,"turns":2},{"damage":14,"enemies":"Exordium Wildlife","floor":5,"turns":2},{"damage":0,"enemies":"Lagavulin","floor":8,"turns":4},{"damage":0,"enemies":"3 Louse","floor":10,"turns":1},{"damage":2,"enemies":"Gremlin Nob","floor":11,"turns":3},{"damage":15,"enemies":"Lagavulin","floor":13,"turns":6},{"damage":2,"enemies":"Blue Slaver","floor":14,"turns":2},{"damage":0,"enemies":"Slime Boss","floor":16,"turns":6},{"damage":6,"enemies":"3 Byrds","floor":18,"turns":4},{"damage":6,"enemies":"2 Thieves","floor":22,"turns":2},{"damage":26,"enemies":"Gremlin Leader","floor":24,"turns":4},{"damage":1,"enemies":"Centurion and Healer","floor":25,"turns":4},{"damage":24,"enemies":"Book of Stabbing","floor":28,"turns":4},{"damage":1,"enemies":"Cultist and Chosen","floor":29,"turns":4},{"damage":10,"enemies":"Slavers","floor":30,"turns":3},{"damage":1,"enemies":"Snake Plant","floor":31,"turns":3},{"damage":106,"enemies":"Automaton","floor":33,"turns":8},{"damage":41,"enemies":"3 Darklings","floor":35,"turns":4},{"damage":19,"enemies":"Orb Walker","floor":36,"turns":3},{"damage":35,"enemies":"Writhing Mass","floor":38,"turns":6},{"damage":23,"enemies":"Jaw Worm Horde","floor":39,"turns":2}],"seed_played":"-488509512675672938","potions_obtained":[{"floor":3,"key":"Strength Potion"},{"floor":5,"key":"Regen Potion"},{"floor":8,"key":"BloodPotion"},{"floor":14,"key":"Regen Potion"},{"floor":30,"key":"Dexterity Potion"},{"floor":33,"key":"AttackPotion"},{"floor":36,"key":"PowerPotion"}],"is_trial":true,"path_per_floor":["M","M","M","?","M","$","R","E","T","M","E","R","E","M","R","B",null,"M","?","$","?","M","R","E","M","T","?","E","M","E","M","R","B",null,"M","M","$","M","M"],"character_chosen":"IRONCLAD","items_purchased":["War Paint","Ginger","DollysMirror","Bronze Scales","Dual Wield","Ornamental Fan"],"campfire_rested":0,"item_purchase_floors":[6,20,20,20,20,37],"current_hp_per_floor":[80,80,80,60,52,52,52,58,58,64,68,68,70,76,76,84,86,88,88,88,88,90,90,72,79,89,89,73,78,76,83,95,19,89,54,43,43,16,0,0],"gold":36,"neow_bonus":"","is_daily":false,"chose_seed":false,"campfire_upgraded":5,"win_rate":0.0,"timestamp":1611627371,"path_taken":["M","M","M","?","M","$","R","E","T","M","E","R","E","M","R","BOSS","M","?","$","?","M","R","E","M","T","?","E","M","E","M","R","BOSS","M","M","$","M","M"],"items_purchased_type":["Relic","Relic","Relic","Relic","Card","Relic"],"build_version":"2020-12-22","purchased_purges":2,"victory":false,"max_hp_per_floor":[80,80,80,80,80,80,80,80,80,80,80,80,82,84,84,86,86,88,88,88,88,90,90,92,94,104,104,106,106,108,110,110,112,112,112,114,114,116,116,116],"relic_stats":{"Singing Bowl":26,"counters":[23,81],"Golden Idol":142,"Blue Candle":[7],"Eternal Feather":12,"Ginger":[6],"War Paint":["Warcry","Shrug It Off"],"MawBank":144,"Burning Blood":124,"Ornamental Fan":[12],"Bronze Scales":[164],"Black Star":0,"obtain_stats":[{"Ice Cream":13,"Lantern":17,"Pear":26,"Singing Bowl":11,"Golden Idol":4,"Blue Candle":17,"Eternal Feather":28,"Ginger":20,"War Paint":6,"MawBank":8,"Burning Blood":0,"Akabeko":9,"Old Coin":17,"Calling Bell":17,"Anchor":24,"DollysMirror":20,"Ornamental Fan":37,"Bronze Scales":20,"MutagenicStrength":21,"Black Star":34,"InkBottle":30},{"Ice Cream":8,"Lantern":10,"Pear":14,"Singing Bowl":7,"Golden Idol":3,"Blue Candle":10,"Eternal Feather":15,"Ginger":11,"War Paint":4,"MawBank":5,"Burning Blood":0,"Akabeko":5,"Old Coin":10,"Calling Bell":10,"Anchor":13,"DollysMirror":11,"Ornamental Fan":21,"Bronze Scales":11,"MutagenicStrength":11,"Black Star":19,"InkBottle":17},{"Ice Cream":22,"Lantern":30,"Pear":44,"Singing Bowl":16,"Golden Idol":6,"Blue Candle":30,"Eternal Feather":48,"Ginger":34,"War Paint":8,"MawBank":12,"Burning Blood":0,"Akabeko":12,"Old Coin":30,"Calling Bell":30,"Anchor":40,"DollysMirror":34,"Ornamental Fan":73,"Bronze Scales":34,"MutagenicStrength":34,"Black Star":66,"InkBottle":55}],"InkBottle":[10]},"card_choices":[{"not_picked":["Crescendo","JustLucky"],"picked":"Ghostly Armor","floor":0},{"not_picked":["Ghostly Armor","Meditate"],"picked":"FollowUp","floor":0},{"not_picked":["Armaments","Pommel Strike"],"picked":"Shrug It Off","floor":0},{"not_picked":["EmptyFist","CrushJoints"],"picked":"Twin Strike","floor":0},{"not_picked":["Warcry","Feel No Pain"],"picked":"Conclude","floor":0},{"not_picked":["Wild Strike","SignatureMove"],"picked":"Warcry","floor":0},{"not_picked":["Wild Strike","Fasting2"],"picked":"Pommel Strike","floor":0},{"not_picked":["Rampage","PathToVictory"],"picked":"TalkToTheHand","floor":0},{"not_picked":["Metallicize","JustLucky"],"picked":"Consecrate","floor":0},{"not_picked":["Wild Strike","ReachHeaven"],"picked":"Anger","floor":0},{"not_picked":["Sever Soul","Body Slam"],"picked":"CrushJoints","floor":0},{"not_picked":["Sanctity","Crescendo"],"picked":"BattleHymn","floor":0},{"not_picked":["SashWhip","BowlingBash"],"picked":"Inflame","floor":0},{"not_picked":["Shockwave","Crescendo"],"picked":"Shrug It Off","floor":0},{"not_picked":["Evolve","ForeignInfluence"],"picked":"Iron Wave","floor":0},{"not_picked":["ReachHeaven","Pommel Strike"],"picked":"FollowUp","floor":1},{"not_picked":["FlurryOfBlows","WaveOfTheHand"],"picked":"Cleave","floor":2},{"not_picked":["Nirvana","Warcry","Iron Wave"],"picked":"SKIP","floor":3},{"not_picked":["InnerPeace","ClearTheMind"],"picked":"CarveReality","floor":5},{"not_picked":["Sword Boomerang","Halt","EmptyFist"],"picked":"SKIP","floor":8},{"not_picked":["Reckless Charge","Rupture","InnerPeace"],"picked":"SKIP","floor":10},{"not_picked":["Blood for Blood","BowlingBash"],"picked":"Inflame","floor":11},{"not_picked":["Clash","FlurryOfBlows","Perfected Strike"],"picked":"Singing Bowl","floor":13},{"not_picked":["Vengeance","Headbutt","Power Through"],"picked":"Singing Bowl","floor":14},{"not_picked":["SpiritShield","LessonLearned","Brutality"],"picked":"Singing Bowl","floor":16},{"not_picked":["PathToVictory+1","EmptyFist","SashWhip+1"],"picked":"Singing Bowl","floor":18},{"not_picked":["Sanctity","Prostrate","BowlingBash"],"picked":"Singing Bowl","floor":22},{"not_picked":["BowlingBash","Uppercut+1","Fiend Fire"],"picked":"Singing Bowl","floor":24},{"not_picked":["FlurryOfBlows","Prostrate","Perseverance"],"picked":"Singing Bowl","floor":25},{"not_picked":["Anger","Judgement","EmptyBody"],"picked":"Singing Bowl","floor":28},{"not_picked":["Protect+1","Perfected Strike"],"picked":"Twin Strike","floor":29},{"not_picked":["Warcry","Reaper","ThirdEye"],"picked":"Singing Bowl","floor":30},{"not_picked":["WreathOfFlame+1","PathToVictory","Sword Boomerang"],"picked":"Singing Bowl","floor":31},{"not_picked":["Limit Break","Demon Form","Fiend Fire"],"picked":"Singing Bowl","floor":33},{"not_picked":["Spot Weakness+1","FollowUp"],"picked":"Inflame+1","floor":35},{"not_picked":["Anger+1","Protect+1","Searing Blow+1"],"picked":"Singing Bowl","floor":36},{"not_picked":["ConjureBlade","Dropkick+1","FlyingSleeves"],"picked":"Singing Bowl","floor":38}],"player_experience":174629,"relics_obtained":[{"floor":8,"key":"MawBank"},{"floor":9,"key":"Akabeko"},{"floor":11,"key":"Singing Bowl"},{"floor":13,"key":"Ice Cream"},{"floor":17,"key":"Lantern"},{"floor":17,"key":"Blue Candle"},{"floor":17,"key":"Old Coin"},{"floor":24,"key":"Anchor"},{"floor":26,"key":"Pear"},{"floor":28,"key":"Eternal Feather"},{"floor":30,"key":"InkBottle"}],"event_choices":[{"damage_healed":0,"gold_gain":0,"player_choice":"Take Damage","damage_taken":20,"relics_obtained":["Golden Idol"],"max_hp_gain":0,"max_hp_loss":0,"event_name":"Golden Idol","floor":4,"gold_loss":0},{"damage_healed":0,"gold_gain":0,"player_choice":"Ignored","damage_taken":0,"max_hp_gain":0,"max_hp_loss":0,"event_name":"betterNote:BetterNote","floor":19,"gold_loss":0,"cards_obtained":["Ball Lightning"]},{"damage_healed":0,"gold_gain":0,"player_choice":"Inject Mutagens","damage_taken":0,"relics_obtained":["MutagenicStrength"],"max_hp_gain":0,"max_hp_loss":0,"event_name":"Drug Dealer","floor":21,"gold_loss":0},{"cards_removed":["CarveReality"],"damage_healed":0,"gold_gain":0,"player_choice":"Elegance","damage_taken":0,"max_hp_gain":0,"max_hp_loss":0,"event_name":"Back to Basics","floor":27,"gold_loss":0}],"is_beta":false,"boss_relics":[{"not_picked":["Snecko Eye","SacredBark"],"picked":"Calling Bell"},{"not_picked":["Runic Cube","Astrolabe"],"picked":"Black Star"}],"items_purged_floors":[20,37],"is_endless":false,"potions_floor_spawned":[3,5,8,10,14,18,28,30,31,33,36],"killed_by":"Jaw Worm Horde","ascension_level":5}}