{"host":"0m9qzqwuh9r40nrk","time":1611625542,"event":{"mods":["BaseMod","Conspire","Downfall","Hermit","Hubris","Infinite Spire","Jorbs\u0027s Wanderer Trilogy","Minty Spire (QoL Compilation)","Quick Restart","Replay The Spire","Shop Mod","StSLib","The Animator","The Construct","The Cursed","The Disciple","The Hierophant","The Necromancer","The Runesmith","everything is the same but u backflip on backflip"],"gold_per_floor":[110,125,144,22,22,51,51,86,86,119,159,159,159,2,2,95,95,122,122,8,68,68,68,148,148,148,148,187,223,290,334,334,437,437,513,513,513],"floor_reached":36,"language":"ENG","playtime":6946,"items_purged":["hierophant:Strike_Hierophant"],"score":587,"play_id":"7b395296-b497-466e-9e4e-440b1229f0f4","local_time":"20210125174542","is_ascension_mode":false,"campfire_choices":[{"data":"hierophant:MintersHammer","floor":7.0,"key":"SMITH"},{"data":"hierophant:Generosity","floor":12.0,"key":"SMITH"},{"floor":15.0,"key":"REST"},{"data":"hierophant:LocustPlague","floor":23.0,"key":"SMITH"},{"data":"hierophant:Mercenaries","floor":25,"key":"SMITH"},{"data":"hierophant:CursedGold","floor":32,"key":"SMITH"}],"circlet_count":0,"master_deck":["hierophant:Strike_Hierophant","hierophant:Strike_Hierophant","hierophant:Strike_Hierophant","hierophant:Punish","hierophant:Defend_Hierophant+1","hierophant:Defend_Hierophant+1","hierophant:Defend_Hierophant+1","hierophant:Defend_Hierophant+1","hierophant:ChurchCoffers","hierophant:PassingBell","hierophant:Sermon","hierophant:MintersHammer+1","hierophant:HolyVerse","hierophant:Doubloon+1","hierophant:CoinFling","hierophant:Doubloon+1","hierophant:Remorse","hierophant:Doubloon+1","hierophant:Generosity+1","hierophant:ThreeLashes","hierophant:Doubloon+1","hierophant:CoinFling","hierophant:LocustPlague+1","hierophant:RustyCrate","hierophant:Doubloon+1","hierophant:Doubloon","hierophant:CursedGold+1","hierophant:Doubloon+1","hierophant:ConvertCurrency","hierophant:Doubloon+1","hierophant:RustyCrate","hierophant:Doubloon+1","hierophant:Doubloon+1","hierophant:Mercenaries+1","hierophant:Doubloon+1","hierophant:Generosity","hierophant:SecretStash+1","hierophant:Endure","hierophant:Kindle","ReplayTheSpireMod:Splinters","Deep Breath","infinitespire:Gouge","hierophant:LocustPlague","Bash","hierophant:Cornucopia"],"relics":["hierophant:PropheticMaskRelic","Pondfish Scales","Replay:Bottled Eggs","infinitespire:PuzzleCube","DollysMirror","hubris:VirtuousBlindfold","hubris:BottledHeart","hubris:Icosahedron","FossilizedHelix","Nloth\u0027s Gift","Quantum Egg","ReplayTheSpireMod:SealedPack"],"acts_visited":["Exordium","TheCity","TheBeyond"],"potions_floor_usage":[29,29,33],"damage_taken":[{"damage":0.0,"enemies":"2 Louse","floor":1.0,"turns":1.0},{"damage":0.0,"enemies":"Jaw Worm","floor":2.0,"turns":1.0},{"damage":0.0,"enemies":"Cultist","floor":3.0,"turns":1.0},{"damage":32.0,"enemies":"3 Sentries","floor":6.0,"turns":11.0},{"damage":25.0,"enemies":"Lagavulin","floor":8.0,"turns":7.0},{"damage":0.0,"enemies":"2 Fungi Beasts","floor":10.0,"turns":3.0},{"damage":0.0,"enemies":"Red Slaver","floor":11.0,"turns":3.0},{"damage":28.0,"enemies":"Hexaghost","floor":16.0,"turns":11.0},{"damage":6.0,"enemies":"Chosen","floor":18.0,"turns":3.0},{"damage":0.0,"enemies":"Shell Parasite","floor":21.0,"turns":6.0},{"damage":0,"enemies":"Book of Stabbing","floor":24,"turns":6},{"damage":0,"enemies":"3 Cultists","floor":28,"turns":5},{"damage":0,"enemies":"Nightmare","floor":29,"turns":8},{"damage":0,"enemies":"Snake Plant","floor":30,"turns":4},{"damage":0,"enemies":"Centurion and Healer","floor":31,"turns":4},{"damage":0,"enemies":"Automaton","floor":33,"turns":6},{"damage":0,"enemies":"3 Darklings","floor":35,"turns":3},{"damage":7,"enemies":"3 Shapes","floor":36,"turns":4}],"seed_played":"-6643786417364203480","potions_obtained":[{"floor":1.0,"key":"hexamod:EctoCoolerPotion"},{"floor":3.0,"key":"Venom Potion"},{"floor":18.0,"key":"Weak Potion"},{"floor":24,"key":"PowerPotion"},{"floor":31,"key":"Venom Potion"},{"floor":35,"key":"Swift Potion"}],"is_trial":false,"path_per_floor":["M","M","M","$","?","E","R","E","T","M","M","R","?","$","R","B",null,"M","?","$","M","?","R","E","R","T","?","M","NM","M","M","R","B",null,"M","M"],"character_chosen":"HIEROPHANT","items_purchased":["hierophant:HolyVerse","DollysMirror","hierophant:CursedGold","hierophant:ConvertCurrency"],"campfire_rested":1,"item_purchase_floors":[4,14,20,20],"current_hp_per_floor":[75,75,75,75,75,43,43,18,18,18,18,18,18,18,40,12,75,69,1,1,1,1,1,1,1,1,1,1,1,1,1,1,1,1,1,0,0],"gold":513,"neow_bonus":"THREE_ENEMY_KILL","is_daily":false,"chose_seed":false,"campfire_upgraded":5,"win_rate":0.0,"timestamp":1611625542,"path_taken":["M","M","M","$","?","E","R","E","T","M","M","R","?","$","R","BOSS","M","?","?","?","?","R","E","R","T","?","M","NM","M","M","R","BOSS","M","?"],"items_purchased_type":["Card","Relic","Card","Card"],"build_version":"2020-12-22","purchased_purges":1,"victory":false,"max_hp_per_floor":[75,75,75,75,75,75,75,75,75,75,75,75,75,75,75,75,75,75,1,1,1,1,1,1,1,1,1,1,1,1,1,1,1,1,1,1,1],"card_choices":[{"not_picked":["hierophant:FlamingChariot","hierophant:Blessing"],"picked":"hierophant:PassingBell","floor":1.0},{"not_picked":["hierophant:Purify","hierophant:Mercenaries"],"picked":"hierophant:Sermon","floor":2.0},{"not_picked":["hierophant:Bribe","hierophant:Shelter"],"picked":"hierophant:MintersHammer","floor":3.0},{"not_picked":["hierophant:ThreeLashes","hierophant:Sermon"],"picked":"hierophant:CoinFling","floor":6.0},{"not_picked":["hierophant:Racketeering","hierophant:HammerAndAnvil"],"picked":"hierophant:Remorse","floor":8.0},{"not_picked":["hierophant:HammerAndAnvil","hierophant:FieryStrike"],"picked":"hierophant:Generosity","floor":10.0},{"not_picked":["hierophant:Shelter","hierophant:AuricForm"],"picked":"hierophant:ThreeLashes","floor":11.0},{"not_picked":["hierophant:Levitation","hierophant:DeathKnell"],"picked":"hierophant:LocustPlague","floor":16.0},{"not_picked":["hierophant:HammerAndAnvil","hierophant:Smite"],"picked":"hierophant:RustyCrate","floor":18.0},{"not_picked":["hierophant:SealAway+1","hierophant:Purify"],"picked":"hierophant:RustyCrate","floor":21.0},{"not_picked":["hierophant:RustyCrate","hierophant:Doubloon"],"picked":"hierophant:Mercenaries","floor":24},{"not_picked":["hierophant:Zeal","hierophant:HammerAndAnvil+1"],"picked":"hierophant:Generosity","floor":28},{"not_picked":["hierophant:FieryStrike","hierophant:Sermon"],"picked":"hierophant:SecretStash+1","floor":29},{"not_picked":["hierophant:BulkyChest","hierophant:HolyVerse"],"picked":"hierophant:Endure","floor":30},{"not_picked":["hierophant:FlamingChariot+1","hierophant:Zeal","hierophant:Mercenaries"],"picked":"SKIP","floor":31},{"not_picked":["hierophant:WrathOfGod","hierophant:MintersHammer"],"picked":"hierophant:Kindle","floor":33},{"not_picked":["ReplayTheSpireMod:Private Reserves","Replay:Sssssssssstrike"],"picked":"Deep Breath","floor":34},{"not_picked":["hubris:Rewind","infinitespire:SevenWalls"],"picked":"infinitespire:Gouge","floor":34},{"not_picked":["hierophant:DivineIntervention","hierophant:WrathOfGod"],"picked":"hierophant:LocustPlague","floor":34},{"not_picked":["Bone_Wall","Guardian:TwinSlam"],"picked":"Bash","floor":34},{"not_picked":["hierophant:Doubloon","hierophant:Encroach+1"],"picked":"hierophant:Cornucopia","floor":35}],"player_experience":441604,"relics_obtained":[{"floor":6.0,"key":"Pondfish Scales"},{"floor":8.0,"key":"Replay:Bottled Eggs"},{"floor":9.0,"key":"infinitespire:PuzzleCube"},{"floor":24,"key":"FossilizedHelix"},{"floor":29,"key":"Quantum Egg"}],"event_choices":[{"damage_healed":0.0,"max_hp_gain":0.0,"max_hp_loss":0.0,"gold_gain":0.0,"event_name":"conspire:Investor","player_choice":"Leave","floor":5.0,"gold_loss":0.0,"damage_taken":0.0},{"damage_healed":0,"gold_gain":0,"player_choice":"Traded Relic","damage_taken":0,"relics_obtained":["Nloth\u0027s Gift"],"max_hp_gain":0,"max_hp_loss":0,"event_name":"N\u0027loth","floor":27,"relics_lost":["NeowsBlessing"],"gold_loss":0}],"is_beta":false,"boss_relics":[{"not_picked":["conspire:RoyalGoblet","Replay:Drink Me"],"picked":"hubris:VirtuousBlindfold"},{"not_picked":["hubris:GrandSneckoEye","infinitespire:Cupcake"],"picked":"ReplayTheSpireMod:SealedPack"}],"items_purged_floors":[4],"is_endless":true,"potions_floor_spawned":[1,3,18,24,31,35],"killed_by":"3 Shapes","ascension_level":0}}