{"host":"6xsbn6ynqlzwllfm","time":1611677374,"event":{"mods":["2.2 Compatiblity","BaseMod","Bestiary","Colored Map","Colored Powertips","Curses Come First","Highlight Path","Keyboard Shortcuts","Minty Spire (QoL Compilation)","Relic Stats","Slay the Relics Exporter","StSLib","SuperFastMode"],"gold_per_floor":[115,126,126,138,151,177,190,190,238,81,93,112,129,156,156,228,228,243,243,243,163,163],"floor_reached":21,"language":"ENG","playtime":1081,"items_purged":[],"score":386,"play_id":"7e6674d2-2b8b-4eea-84bf-04792a930633","local_time":"20210126110934","is_ascension_mode":true,"campfire_choices":[{"floor":8,"key":"REST"},{"data":"Fiend Fire","floor":15,"key":"SMITH"}],"circlet_count":0,"master_deck":["AscendersBane","Strike_R","Strike_R","Strike_R","Strike_R","Strike_R","Defend_R","Defend_R","Defend_R","Defend_R","Bash","Uppercut","Sword Boomerang","Anger","Spot Weakness","Warcry+1","Warcry+1","Offering+1","Fiend Fire+1","Flex+1","True Grit+1","Impervious+1","Armaments+1","Disarm+1","Whirlwind","Reaper","CurseOfTheBell","Sentinel+1","Ghostly+1","Ghostly+1","Ghostly+1"],"relics":["Black Star","Orichalcum","Oddly Smooth Stone","Toxic Egg 2","Toy Ornithopter","Orrery","Bag of Marbles","Blue Candle","Calling Bell","Meat on the Bone","StoneCalendar","Dream Catcher","Nilry\u0027s Codex"],"acts_visited":["Exordium","TheCity"],"potions_floor_usage":[6,11,14,14,16],"damage_taken":[{"damage":1,"enemies":"Cultist","floor":1,"turns":3},{"damage":10,"enemies":"Small Slimes","floor":2,"turns":5},{"damage":3,"enemies":"Jaw Worm","floor":4,"turns":2},{"damage":2,"enemies":"Exordium Wildlife","floor":5,"turns":2},{"damage":16,"enemies":"Gremlin Nob","floor":6,"turns":5},{"damage":5,"enemies":"Looter","floor":7,"turns":2},{"damage":2,"enemies":"Lots of Slimes","floor":11,"turns":6},{"damage":0,"enemies":"2 Fungi Beasts","floor":12,"turns":2},{"damage":6,"enemies":"Exordium Wildlife","floor":13,"turns":3},{"damage":14,"enemies":"3 Sentries","floor":14,"turns":4},{"damage":30,"enemies":"Slime Boss","floor":16,"turns":4},{"damage":22,"enemies":"Spheric Guardian","floor":18,"turns":5},{"damage":17,"enemies":"2 Thieves","floor":21,"turns":2}],"seed_played":"6139758920121444463","potions_obtained":[{"floor":1,"key":"SkillPotion"},{"floor":5,"key":"Ancient Potion"},{"floor":11,"key":"ColorlessPotion"},{"floor":12,"key":"Strength Potion"},{"floor":14,"key":"SpeedPotion"}],"is_trial":false,"path_per_floor":["M","M","?","M","M","E","M","R","T","$","M","M","M","E","R","B",null,"M","?","?","M"],"character_chosen":"IRONCLAD","items_purchased":["Orrery"],"campfire_rested":1,"item_purchase_floors":[10],"current_hp_per_floor":[67,57,39,36,34,18,13,35,35,35,38,38,32,28,28,3,57,47,37,16,0,0],"gold":163,"neow_bonus":"BOSS_RELIC","is_daily":false,"chose_seed":false,"campfire_upgraded":1,"win_rate":0.0,"timestamp":1611677374,"path_taken":["M","?","?","M","M","E","M","R","T","$","M","M","M","E","R","BOSS","M","?","?","M"],"items_purchased_type":["Relic"],"build_version":"2020-12-22","purchased_purges":0,"victory":false,"max_hp_per_floor":[75,75,75,75,75,75,75,75,75,75,75,75,75,75,75,75,75,75,37,37,37,37],"relic_stats":{"Dream Catcher":0,"counters":[13,45],"Blue Candle":[2],"StoneCalendar":[0],"Black Star":2,"Orichalcum":[126],"obtain_stats":[{"Nilry\u0027s Codex":20,"Blue Candle":14,"Oddly Smooth Stone":6,"StoneCalendar":17,"Orichalcum":3,"Burning Blood":0,"Calling Bell":17,"Dream Catcher":17,"Orrery":10,"Black Star":0,"Bag of Marbles":14,"Toxic Egg 2":6,"Toy Ornithopter":9,"Meat on the Bone":17},{"Nilry\u0027s Codex":12,"Blue Candle":10,"Oddly Smooth Stone":5,"StoneCalendar":11,"Orichalcum":2,"Burning Blood":0,"Calling Bell":11,"Dream Catcher":11,"Orrery":6,"Black Star":0,"Bag of Marbles":10,"Toxic Egg 2":5,"Toy Ornithopter":6,"Meat on the Bone":11},{"Nilry\u0027s Codex":43,"Blue Candle":34,"Oddly Smooth Stone":17,"StoneCalendar":38,"Orichalcum":8,"Burning Blood":0,"Calling Bell":38,"Dream Catcher":38,"Orrery":19,"Black Star":0,"Bag of Marbles":34,"Toxic Egg 2":17,"Toy Ornithopter":19,"Meat on the Bone":38}],"Toy Ornithopter":20,"Meat on the Bone":12},"card_choices":[{"not_picked":["Power Through","Sword Boomerang"],"picked":"Uppercut","floor":1},{"not_picked":["Warcry","Flex"],"picked":"Sword Boomerang","floor":2},{"not_picked":["Shrug It Off","Iron Wave"],"picked":"Anger","floor":4},{"not_picked":["Perfected Strike","Rampage"],"picked":"Spot Weakness","floor":5},{"not_picked":["Havoc+1","Intimidate+1"],"picked":"Warcry+1","floor":6},{"not_picked":["Wild Strike","Thunderclap"],"picked":"Warcry+1","floor":7},{"not_picked":["Dual Wield+1","Perfected Strike"],"picked":"Offering+1","floor":10},{"not_picked":["Blood for Blood","Sword Boomerang"],"picked":"Fiend Fire","floor":10},{"not_picked":["Anger","Sword Boomerang"],"picked":"Flex+1","floor":10},{"not_picked":["Body Slam","Searing Blow"],"picked":"True Grit+1","floor":10},{"not_picked":["Power Through+1","Inflame"],"picked":"Impervious+1","floor":11},{"not_picked":["Heavy Blade","Iron Wave"],"picked":"Armaments+1","floor":12},{"not_picked":["Rage+1","Fire Breathing"],"picked":"Disarm+1","floor":13},{"not_picked":["Pommel Strike","Armaments+1"],"picked":"Whirlwind","floor":14},{"not_picked":["Fiend Fire","Impervious+1"],"picked":"Reaper","floor":16},{"not_picked":["Body Slam","Havoc+1"],"picked":"Sentinel+1","floor":18}],"player_experience":1124058,"relics_obtained":[{"floor":6,"key":"Oddly Smooth Stone"},{"floor":6,"key":"Toxic Egg 2"},{"floor":9,"key":"Toy Ornithopter"},{"floor":14,"key":"Bag of Marbles"},{"floor":14,"key":"Blue Candle"},{"floor":17,"key":"Meat on the Bone"},{"floor":17,"key":"StoneCalendar"},{"floor":17,"key":"Dream Catcher"},{"floor":20,"key":"Nilry\u0027s Codex"}],"event_choices":[{"damage_healed":0,"gold_gain":0,"player_choice":"Success","damage_taken":18,"relics_obtained":["Orichalcum"],"max_hp_gain":0,"max_hp_loss":0,"event_name":"Scrap Ooze","floor":3,"gold_loss":0},{"damage_healed":0,"gold_gain":0,"player_choice":"Became a Ghost","damage_taken":0,"max_hp_gain":0,"max_hp_loss":38,"event_name":"Ghosts","floor":19,"gold_loss":0,"cards_obtained":["Ghostly","Ghostly","Ghostly"]},{"damage_healed":0,"gold_gain":0,"player_choice":"Obtained Book","damage_taken":21,"max_hp_gain":0,"max_hp_loss":0,"event_name":"Cursed Tome","floor":20,"gold_loss":0}],"is_beta":false,"boss_relics":[{"not_picked":["Velvet Choker","Ectoplasm"],"picked":"Calling Bell"}],"items_purged_floors":[],"is_endless":false,"potions_floor_spawned":[1,5,11,12,14],"killed_by":"2 Thieves","ascension_level":20}}