{"host":"szp1d6dso4pv7ddl","time":1611627646,"event":{"mods":["AchievementEnabler","Alarm Clock","BaseMod","Bestiary","Block Reminder","Colored Map","Colored Powertips","Curses Come First","Dark Map","Displayed Cursed Tome","Highlight Path","Minty Spire (QoL Compilation)","Permanent Neow","Quick Restart","Relic Sorter","Relic Stats","StSLib","Synergy Search"],"gold_per_floor":[117,137,154,154,105,105,105,105],"floor_reached":7,"language":"ENG","playtime":414,"items_purged":[],"score":66,"play_id":"b207a6f1-6e2d-47c6-a6aa-27ce1d853524","local_time":"20210125182046","is_ascension_mode":true,"campfire_choices":[{"data":"Streamline","floor":6,"key":"SMITH"}],"circlet_count":0,"master_deck":["AscendersBane","Strike_B","Strike_B","Strike_B","Strike_B","Defend_B","Defend_B","Defend_B","Defend_B","Zap","Dualcast","Sweeping Beam","Streamline+1","Conserve Battery"],"relics":["SlaversCollar","Golden Idol"],"acts_visited":["Exordium"],"potions_floor_usage":[],"damage_taken":[{"damage":13,"enemies":"Jaw Worm","floor":1,"turns":6},{"damage":13,"enemies":"2 Louse","floor":2,"turns":3},{"damage":1,"enemies":"Cultist","floor":3,"turns":4},{"damage":44,"enemies":"Gremlin Nob","floor":7,"turns":4}],"seed_played":"-7004737017935479712","potions_obtained":[{"floor":3,"key":"SmokeBomb"}],"is_trial":false,"path_per_floor":["M","M","M","?","?","R","E"],"character_chosen":"DEFECT","items_purchased":[],"campfire_rested":0,"item_purchase_floors":[],"current_hp_per_floor":[55,42,41,41,41,41,0,0],"gold":105,"neow_bonus":"BOSS_RELIC","is_daily":false,"chose_seed":false,"campfire_upgraded":1,"win_rate":0.0,"timestamp":1611627646,"path_taken":["M","M","M","?","?","R","E"],"items_purchased_type":[],"build_version":"2020-12-22","purchased_purges":0,"victory":false,"max_hp_per_floor":[75,75,75,69,69,69,69,69],"relic_stats":{"counters":[4,17],"Golden Idol":0,"obtain_stats":[{"SlaversCollar":0,"Golden Idol":4,"Cracked Core":0},{"SlaversCollar":0,"Golden Idol":3,"Cracked Core":0},{"SlaversCollar":0,"Golden Idol":13,"Cracked Core":0}]},"card_choices":[{"not_picked":["Conserve Battery","Loop"],"picked":"Sweeping Beam","floor":1},{"not_picked":["Leap","FTL"],"picked":"Streamline","floor":2},{"not_picked":["Redo","Genetic Algorithm"],"picked":"Conserve Battery","floor":3}],"player_experience":1276102,"relics_obtained":[],"event_choices":[{"damage_healed":0,"gold_gain":0,"player_choice":"Lose Max HP","damage_taken":0,"relics_obtained":["Golden Idol"],"max_hp_gain":0,"max_hp_loss":6,"event_name":"Golden Idol","floor":4,"gold_loss":0},{"damage_healed":0,"gold_gain":0,"player_choice":"Left Gold","damage_taken":0,"max_hp_gain":0,"max_hp_loss":0,"event_name":"World of Goop","floor":5,"gold_loss":49}],"is_beta":false,"boss_relics":[],"items_purged_floors":[],"is_endless":false,"potions_floor_spawned":[3],"killed_by":"Gremlin Nob","ascension_level":12}}