{"host":"yqw1zpryoutrnocq","time":1611667873,"event":{"mods":["2.2 Compatiblity","AchievementEnabler","BaseMod","Colored Map","Custom Start","DeckTracker","Minty Spire (QoL Compilation)","Replay The Spire","StSLib","SuperFastMode"],"gold_per_floor":[117,136,149,173,248,274,274,293,293,293,306,306,324,324,324],"floor_reached":14,"language":"KOR","playtime":420,"items_purged":[],"score":97,"play_id":"0ef32138-a481-4f79-9737-8afcc761b157","local_time":"20210126073113","is_ascension_mode":true,"campfire_choices":[{"data":"Redo","floor":7,"key":"SMITH"},{"floor":10,"key":"REST"},{"data":"Mirror Shield","floor":12,"key":"SMITH"}],"circlet_count":0,"master_deck":["Strike_B","Strike_B","Strike_B","Strike_B","Defend_B","Defend_B","Defend_B","Defend_B","Zap","Dualcast","Redo+1","Genetic Algorithm","Lockon","Glacier","Panic Button","Mirror Shield+1","Coolheaded"],"relics":["Cracked Core","CaptainsWheel","Replay:Antivirus Software","ReplayFunnel"],"acts_visited":["Exordium"],"potions_floor_usage":[6,6],"damage_taken":[{"damage":0,"enemies":"Cultist","floor":1,"turns":3},{"damage":0,"enemies":"Small Slimes","floor":2,"turns":2},{"damage":6,"enemies":"Jaw Worm","floor":3,"turns":3},{"damage":19,"enemies":"3 Sentries","floor":6,"turns":8},{"damage":7,"enemies":"Exordium Wildlife","floor":8,"turns":7},{"damage":12,"enemies":"Lots of Slimes","floor":11,"turns":7},{"damage":2,"enemies":"Blue Slaver","floor":13,"turns":5},{"damage":29,"enemies":"Gremlin Nob","floor":14,"turns":5}],"seed_played":"1363262848724548248","potions_obtained":[{"floor":2,"key":"Block Potion"},{"floor":3,"key":"BlessingOfTheForge"},{"floor":11,"key":"Strength Potion"}],"is_trial":false,"path_per_floor":["M","M","M","T","?","E","R","M","T","R","M","R","M","E"],"character_chosen":"DEFECT","items_purchased":[],"campfire_rested":1,"item_purchase_floors":[],"current_hp_per_floor":[54,54,48,48,37,18,18,11,11,33,21,21,19,0,0],"gold":324,"neow_bonus":"ONE_RARE_RELIC","is_daily":false,"chose_seed":false,"campfire_upgraded":2,"win_rate":0.0,"timestamp":1611667873,"path_taken":["M","M","M","?","?","E","R","?","T","R","M","R","M","E"],"items_purchased_type":[],"build_version":"2020-12-22","purchased_purges":0,"victory":false,"max_hp_per_floor":[75,75,75,75,75,75,75,75,75,75,75,75,75,75,75],"card_choices":[{"not_picked":["Beam Cell","Hello World"],"picked":"Redo","floor":1},{"not_picked":["Streamline","Hologram"],"picked":"Genetic Algorithm","floor":2},{"not_picked":["Stack","Scrape"],"picked":"Lockon","floor":3},{"not_picked":["Tempest","Compile Driver"],"picked":"Glacier","floor":6},{"not_picked":["Stack","Go for the Eyes"],"picked":"Panic Button","floor":8},{"not_picked":["Rebound","Compile Driver"],"picked":"Mirror Shield","floor":11},{"not_picked":["Streamline","Beam Cell"],"picked":"Coolheaded","floor":13}],"player_experience":226181,"relics_obtained":[{"floor":4,"key":"Replay:Antivirus Software"},{"floor":6,"key":"ReplayFunnel"}],"event_choices":[{"damage_healed":0,"gold_gain":75,"player_choice":"Gather Gold","damage_taken":11,"max_hp_gain":0,"max_hp_loss":0,"event_name":"World of Goop","floor":5,"gold_loss":0}],"is_beta":false,"boss_relics":[],"items_purged_floors":[],"is_endless":false,"potions_floor_spawned":[2,3,11],"killed_by":"Gremlin Nob","ascension_level":1}}