{"host":"1ekl8hlbnopmdapi","time":1611691032,"event":{"mods":["AchievementEnabler","BaseMod","Colored Map","Colored Powertips","DeckTracker","Googly Eyes","Highlight Path","Minty Spire (QoL Compilation)","Relic Sorter","StSLib","Synergy Search"],"gold_per_floor":[119,138,138,152,152,179,179,1,26,38,68,84,104,118,118,214,214,229,249,261,280,297,297,297,297],"floor_reached":24,"language":"ENG","playtime":612,"items_purged":[],"score":268,"play_id":"83353e72-86fe-4eb8-a709-aa6b27f66e96","local_time":"20210126145712","is_ascension_mode":true,"campfire_choices":[{"floor":7,"key":"REST"},{"floor":15,"key":"RECALL"},{"floor":23,"key":"REST"}],"circlet_count":0,"master_deck":["Strike_G+1","Strike_G","Strike_G","Strike_G","Strike_G","Defend_G","Defend_G","Defend_G","Defend_G","Defend_G","Survivor","Neutralize","Dagger Spray+1","Flying Knee","Corpse Explosion","Crippling Poison","Infinite Blades","Flying Knee","All Out Attack","Quick Slash","Sucker Punch","Glass Knife","Cloak And Dagger","Deadly Poison+1","Catalyst+1","Poisoned Stab","Malaise"],"relics":["Fusion Hammer","Pen Nib","The Courier","PreservedInsect","Blood Vial","Gremlin Horn","Black Star"],"acts_visited":["Exordium","TheCity"],"potions_floor_usage":[22,22,24],"damage_taken":[{"damage":0,"enemies":"Cultist","floor":1,"turns":5},{"damage":0,"enemies":"Jaw Worm","floor":2,"turns":4},{"damage":0,"enemies":"2 Louse","floor":4,"turns":1},{"damage":28,"enemies":"Gremlin Nob","floor":6,"turns":5},{"damage":4,"enemies":"Looter","floor":10,"turns":3},{"damage":12,"enemies":"Lagavulin","floor":11,"turns":5},{"damage":2,"enemies":"Red Slaver","floor":12,"turns":3},{"damage":0,"enemies":"2 Fungi Beasts","floor":13,"turns":2},{"damage":0,"enemies":"3 Louse","floor":14,"turns":1},{"damage":9,"enemies":"Slime Boss","floor":16,"turns":8},{"damage":0,"enemies":"Chosen","floor":18,"turns":4},{"damage":0,"enemies":"3 Byrds","floor":19,"turns":3},{"damage":26,"enemies":"Sentry and Sphere","floor":20,"turns":4},{"damage":25,"enemies":"Snake Plant","floor":21,"turns":4},{"damage":13,"enemies":"Snecko","floor":22,"turns":4},{"damage":30,"enemies":"Shelled Parasite and Fungi","floor":24,"turns":2}],"seed_played":"-6991567728982027698","potions_obtained":[{"floor":1,"key":"SkillPotion"},{"floor":2,"key":"AttackPotion"},{"floor":10,"key":"Explosive Potion"},{"floor":11,"key":"SteroidPotion"},{"floor":13,"key":"BlessingOfTheForge"}],"is_trial":false,"path_per_floor":["M","M","?","M","?","E","R","$","T","M","E","M","M","M","R","B",null,"M","M","M","M","M","R","M"],"character_chosen":"THE_SILENT","items_purchased":["PreservedInsect","Infinite Blades"],"campfire_rested":2,"item_purchase_floors":[8,8],"current_hp_per_floor":[70,70,56,56,56,28,49,49,49,47,37,37,39,41,41,34,61,63,65,41,18,7,28,0,0],"gold":297,"neow_bonus":"BOSS_RELIC","is_daily":false,"chose_seed":false,"campfire_upgraded":0,"win_rate":0.0,"timestamp":1611691032,"path_taken":["M","M","?","M","?","E","R","$","T","M","E","M","?","M","R","BOSS","M","M","?","?","M","R","M"],"items_purchased_type":["Relic","Card"],"build_version":"2020-12-22","purchased_purges":0,"victory":false,"max_hp_per_floor":[70,70,70,70,70,70,70,70,70,70,70,70,70,70,70,70,70,70,70,70,70,70,70,70,70],"card_choices":[{"not_picked":["Deadly Poison","Caltrops"],"picked":"Dagger Spray","floor":1},{"not_picked":["Deflect","Underhanded Strike"],"picked":"Flying Knee","floor":2},{"not_picked":["Masterful Stab","Setup"],"picked":"Corpse Explosion","floor":4},{"not_picked":["Riddle With Holes","Prepared"],"picked":"Crippling Poison","floor":6},{"not_picked":["Acrobatics","Outmaneuver"],"picked":"Flying Knee","floor":10},{"not_picked":["Footwork","Choke"],"picked":"All Out Attack","floor":11},{"not_picked":["Predator","Terror","Blur"],"picked":"SKIP","floor":12},{"not_picked":["Cloak And Dagger","Leg Sweep"],"picked":"Quick Slash","floor":13},{"not_picked":["Endless Agony","Accuracy"],"picked":"Sucker Punch","floor":14},{"not_picked":["Night Terror","Grand Finale"],"picked":"Glass Knife","floor":16},{"not_picked":["Reflex","Underhanded Strike"],"picked":"Cloak And Dagger","floor":18},{"not_picked":["Sucker Punch","Dash"],"picked":"Deadly Poison+1","floor":19},{"not_picked":["Quick Slash","Outmaneuver"],"picked":"Catalyst+1","floor":20},{"not_picked":["Dagger Throw","Blade Dance"],"picked":"Poisoned Stab","floor":21},{"not_picked":["Heel Hook","Outmaneuver"],"picked":"Malaise","floor":22}],"player_experience":501141,"relics_obtained":[{"floor":6,"key":"The Courier"},{"floor":9,"key":"Blood Vial"},{"floor":11,"key":"Gremlin Horn"}],"event_choices":[{"damage_healed":0,"gold_gain":0,"player_choice":"Entered Light","damage_taken":14,"max_hp_gain":0,"max_hp_loss":0,"event_name":"Shining Light","floor":3,"gold_loss":0,"cards_upgraded":["Strike_G","Dagger Spray"]},{"damage_healed":0,"gold_gain":0,"player_choice":"Gave Potion","damage_taken":0,"relics_obtained":["Pen Nib"],"max_hp_gain":0,"max_hp_loss":0,"event_name":"WeMeetAgain","floor":5,"gold_loss":0}],"is_beta":false,"boss_relics":[{"not_picked":["SlaversCollar","HoveringKite"],"picked":"Black Star"}],"items_purged_floors":[],"is_endless":false,"potions_floor_spawned":[1,2,10,11,13,14],"killed_by":"Shelled Parasite and Fungi","ascension_level":5}}