{"host":"ygr55oy7qe9vv2jr","time":1611656410,"event":{"mods":["BaseMod","Better Third Choice","Downfall","Minty Spire (QoL Compilation)","Replay The Spire","StSLib"],"gold_per_floor":[117,117,131,6,25,25,43,77,77,107,107,125,24,37,37,110,110,122,134,59,77,77,77,87,87,87,87,118,137,137,156,156,235,235,235],"floor_reached":34,"language":"ENG","playtime":1331,"items_purged":["Strike_B"],"score":768,"play_id":"cda477ce-4ea7-4ede-916c-6421682659ac","local_time":"20210126042010","is_ascension_mode":true,"campfire_choices":[{"data":"Zap","floor":6.0,"key":"SMITH"},{"floor":11.0,"key":"REST"},{"data":"Genetic Algorithm","floor":15.0,"key":"SMITH"},{"floor":23.0,"key":"REST"},{"data":"Consume","floor":25.0,"key":"SMITH"},{"floor":27.0,"key":"REST"},{"data":"Defragment","floor":32.0,"key":"SMITH"}],"circlet_count":0,"master_deck":["AscendersBane","Strike_B","Defend_B","Defend_B","Defend_B","Defend_B","Zap+1","Dualcast","Core Surge","Cold Snap","Compile Driver","Ball Lightning","Genetic Algorithm+1","Darkness","Echo Form","Cold Snap","Machine Learning","Barrage","Consume+1","Glacier","Conserve Battery+1","Defragment+1"],"relics":["Cracked Core","Kunai","Ginger","Peace Pipe","Pantograph","Nuclear Battery","Eternal Feather","Omamori"],"acts_visited":[],"potions_floor_usage":[],"damage_taken":[{"damage":0.0,"enemies":"2 Louse","floor":1.0,"turns":2.0},{"damage":0.0,"enemies":"Cultist","floor":3.0,"turns":3.0},{"damage":2.0,"enemies":"Small Slimes","floor":5.0,"turns":3.0},{"damage":6.0,"enemies":"Looter","floor":7.0,"turns":2.0},{"damage":19.0,"enemies":"3 Sentries","floor":8.0,"turns":6.0},{"damage":31.0,"enemies":"Gremlin Nob","floor":10.0,"turns":4.0},{"damage":10.0,"enemies":"Exordium Thugs","floor":12.0,"turns":3.0},{"damage":6.0,"enemies":"2 Fungi Beasts","floor":14.0,"turns":2.0},{"damage":13.0,"enemies":"Slime Boss","floor":16.0,"turns":8.0},{"damage":28.0,"enemies":"3 Byrds","floor":18.0,"turns":5.0},{"damage":9.0,"enemies":"Chosen","floor":19.0,"turns":4.0},{"damage":11.0,"enemies":"Centurion and Healer","floor":21.0,"turns":6.0},{"damage":11.0,"enemies":"Snake Plant","floor":24.0,"turns":4.0},{"damage":17.0,"enemies":"Slavers","floor":28.0,"turns":8.0},{"damage":3.0,"enemies":"Snecko","floor":29.0,"turns":5.0},{"damage":0.0,"enemies":"Centurion and Healer","floor":31.0,"turns":9.0},{"damage":65.0,"enemies":"Collector","floor":33.0,"turns":17.0}],"seed_played":"8999990312456176477","potions_obtained":[{"floor":5.0,"key":"LiquidBronze"},{"floor":12.0,"key":"Block Potion"},{"floor":14.0,"key":"Energy Potion"},{"floor":19.0,"key":"Weak Potion"},{"floor":24.0,"key":"FairyPotion"},{"floor":28.0,"key":"GamblersBrew"}],"is_trial":false,"path_per_floor":["M","?","M","$","M","R","M","E","T","E","R","M","?","M","R","B",null,"M","M","$","M","$","R","M","R","T","R","E","M","?","M","R","B",null],"character_chosen":"DEFECT","items_purchased":["Ball Lightning","Genetic Algorithm"],"campfire_rested":3,"item_purchase_floors":[4,4],"current_hp_per_floor":[64,64,64,64,62,62,56,37,37,6,27,17,17,11,11,23,59,31,22,22,11,11,32,21,21,21,54,37,34,34,34,46,6,6,6],"gold":235,"neow_bonus":"TRANSFORM_CARD","is_daily":false,"chose_seed":false,"campfire_upgraded":4,"win_rate":0.0,"timestamp":1611656410,"path_taken":["M","?","M","$","M","R","M","E","T","E","R","?","?","M","R","BOSS","M","M","$","?","?","R","M","R","T","R","E","M","?","?","R","BOSS"],"items_purchased_type":["Card","Card"],"build_version":"2020-12-22","purchased_purges":1,"victory":false,"max_hp_per_floor":[71,71,71,71,71,71,71,71,71,71,71,71,71,71,71,71,71,71,71,71,71,71,71,71,71,71,71,71,71,71,71,71,71,71,71],"card_choices":[{"not_picked":["Hologram","Conserve Battery"],"picked":"Cold Snap","floor":1.0},{"not_picked":["Streamline","Hologram"],"picked":"Compile Driver","floor":3.0},{"not_picked":["Skim","Sweeping Beam"],"picked":"Darkness","floor":5.0},{"not_picked":["Stack","Recycle","Reprogram"],"picked":"SKIP","floor":7.0},{"not_picked":["Undo","Compile Driver"],"picked":"Echo Form","floor":8.0},{"not_picked":["Compile Driver","Stack","Doom and Gloom"],"picked":"SKIP","floor":10.0},{"not_picked":["Streamline","Turbo"],"picked":"Cold Snap","floor":12.0},{"not_picked":["Steam","Cold Snap"],"picked":"Machine Learning","floor":14.0},{"not_picked":["Rip and Tear","Compile Driver"],"picked":"Barrage","floor":18.0},{"not_picked":["Lockon","Recycle"],"picked":"Consume","floor":19.0},{"not_picked":["Redo","Hologram","Gash"],"picked":"SKIP","floor":21.0},{"not_picked":["Rebound","Beam Cell"],"picked":"Glacier","floor":24.0},{"not_picked":["Redo","Tempest","Sunder"],"picked":"SKIP","floor":28.0},{"not_picked":["Cold Snap","Reboot"],"picked":"Conserve Battery+1","floor":29.0},{"not_picked":["Ball Lightning","Reinforced Body"],"picked":"Defragment","floor":31.0}],"player_experience":797331,"relics_obtained":[{"floor":8.0,"key":"Kunai"},{"floor":9.0,"key":"Ginger"},{"floor":10.0,"key":"Peace Pipe"},{"floor":26.0,"key":"Eternal Feather"},{"floor":28.0,"key":"Omamori"}],"event_choices":[{"cards_removed":["Strike_B"],"damage_healed":0.0,"max_hp_gain":0.0,"max_hp_loss":0.0,"gold_gain":0.0,"event_name":"Bonfire Elementals","player_choice":"Offered Basic","floor":2.0,"gold_loss":0.0,"damage_taken":0.0},{"damage_healed":0.0,"max_hp_gain":0.0,"max_hp_loss":0.0,"gold_gain":0.0,"event_name":"WeMeetAgain","player_choice":"Paid Gold","floor":13.0,"gold_loss":101.0,"damage_taken":0.0,"relics_obtained":["Pantograph"]},{"damage_healed":0.0,"max_hp_gain":0.0,"max_hp_loss":0.0,"gold_gain":0.0,"event_name":"Vampires","player_choice":"Ignored","floor":30.0,"gold_loss":0.0,"damage_taken":0.0}],"is_beta":false,"boss_relics":[{"not_picked":["Pandora\u0027s Box","Black Star"],"picked":"Nuclear Battery"}],"items_purged_floors":[20],"is_endless":false,"potions_floor_spawned":[5,12,14,19,21,24,28],"ascension_level":20}}