{"host":"pyelotildgrd5mks","time":1611647947,"event":{"mods":["BaseMod","Downfall","Minty Spire (QoL Compilation)","Quick Restart","StSLib"],"gold_per_floor":[99,112,127,37,52,79,103,103,3,3,3,0,19,36,56,56,56,56],"floor_reached":16,"language":"ZHS","playtime":787,"items_purged":["Guardian:Strike_Guardian"],"score":138,"play_id":"b8e94c0e-eba2-41a7-b819-87d46772beb7","local_time":"20210126155907","is_ascension_mode":true,"campfire_choices":[{"data":"Guardian:CurlUp","floor":1.0,"key":"SMITH"},{"data":"Guardian:Recover","floor":9.0,"key":"SMITH"},{"data":"Guardian:CompilePackage","floor":11.0,"key":"SMITH"}],"circlet_count":0,"master_deck":["Guardian:Strike_Guardian","Guardian:Defend_Guardian","Guardian:Defend_Guardian","Guardian:Defend_Guardian","Guardian:CurlUp+1","Guardian:TwinSlam","Guardian:Orbwalk","Guardian:Recover+1","Guardian:PiercingHide","Guardian:ConstructionForm","downfall:Bewildered","Guardian:CompilePackage+1","Guardian:StasisEngine","Guardian:ChargeCore","Guardian:Gem_Green"],"relics":["Guardian:ModeShifter","Anchor","Boot","Strawberry","downfall:HeartBlessingGreen"],"acts_visited":["Exordium"],"potions_floor_usage":[15],"damage_taken":[{"damage":2.0,"enemies":"Jaw Worm","floor":2.0,"turns":5.0},{"damage":1.0,"enemies":"Cultist","floor":3.0,"turns":5.0},{"damage":0.0,"enemies":"downfall:FleeingMerchant","floor":4.0,"turns":4.0},{"damage":2.0,"enemies":"Small Slimes","floor":5.0,"turns":5.0},{"damage":34.0,"enemies":"Gremlin Nob","floor":6.0,"turns":6.0},{"damage":0.0,"enemies":"downfall:FleeingMerchant","floor":12.0,"turns":4.0},{"damage":0.0,"enemies":"2 Fungi Beasts","floor":13.0,"turns":1.0},{"damage":4,"enemies":"Exordium Thugs","floor":14,"turns":7},{"damage":1,"enemies":"Gremlin Gang","floor":15,"turns":5},{"damage":28,"enemies":"WA_ARCHETYPE_RETAIN","floor":16,"turns":9}],"seed_played":"-3721366124779946843","potions_obtained":[{"floor":2.0,"key":"AttackPotion"},{"floor":13.0,"key":"SneckoOil"}],"is_trial":false,"path_per_floor":["R","M","M","$","M","E","T","?","R","?","R","$","M","M","M","B"],"character_chosen":"GUARDIAN","items_purchased":[],"campfire_rested":0,"item_purchase_floors":[],"current_hp_per_floor":[72,70,69,69,67,33,33,28,28,28,28,28,28,24,23,0,0,0],"gold":56,"neow_bonus":"RANDOM_COMMON_RELIC","is_daily":false,"chose_seed":false,"campfire_upgraded":3,"win_rate":0.0,"timestamp":1611647947,"path_taken":["R","M","M","$","M","E","T","?","R","?","R","$","M","?","M","BOSS"],"items_purchased_type":[],"build_version":"2020-12-22","purchased_purges":1,"victory":false,"max_hp_per_floor":[80,80,80,80,80,80,80,87,87,87,87,87,87,87,87,87,87,87],"card_choices":[{"not_picked":["Guardian:Harden","Guardian:GuardianWhirl"],"picked":"Guardian:Orbwalk","floor":2.0},{"not_picked":["Guardian:PrismaticBarrier","Guardian:TemporalStrike"],"picked":"Guardian:Recover","floor":3.0},{"not_picked":["Guardian:PrimingBeam","Guardian:VentSteam","Guardian:SentryBeam"],"picked":"SKIP","floor":4.0},{"not_picked":["Guardian:Recover","Guardian:TemporalShield"],"picked":"Guardian:Gem_Fragmented","floor":5.0},{"not_picked":["Guardian:Planning","Guardian:PiercingHide","Guardian:Preprogram"],"picked":"SKIP","floor":6.0},{"not_picked":["Guardian:Gem_Cyan","Guardian:TemporalStrike"],"picked":"Guardian:StasisEngine","floor":12.0},{"not_picked":["Guardian:ArmoredProtocol","Guardian:Gem_Lightblue","Guardian:DonusPower"],"picked":"SKIP","floor":13.0},{"not_picked":["Guardian:WalkerClaw","Guardian:SpikerProtocol"],"picked":"Guardian:ChargeCore","floor":14},{"not_picked":["Guardian:Planning","Guardian:RollAttack"],"picked":"Guardian:Gem_Green","floor":15}],"player_experience":662057,"relics_obtained":[{"floor":6.0,"key":"Boot"}],"event_choices":[{"damage_healed":0.0,"max_hp_gain":0.0,"max_hp_loss":0.0,"gold_gain":0.0,"event_name":"Scrap Ooze","player_choice":"Success","floor":8.0,"gold_loss":0.0,"damage_taken":12.0,"relics_obtained":["Strawberry"]}],"is_beta":false,"boss_relics":[],"items_purged_floors":[4],"is_endless":false,"potions_floor_spawned":[2,13],"killed_by":"WA_ARCHETYPE_RETAIN","ascension_level":7}}