{"host":"k5yjj86hwv5qv2gx","time":1611680280,"event":{"mods":["BaseMod","BetterRewards","Minty Spire (QoL Compilation)","StSLib"],"gold_per_floor":[116,129,129,148,164,190,190,155,155,155,205,205,228,266,266,362,362,376,376,84,109,125,125,125],"floor_reached":23,"language":"ENG","playtime":869,"items_purged":["Strike_G"],"score":402,"play_id":"c3a7d027-3f85-4894-b7df-9d79b2eb413b","local_time":"20210126085800","is_ascension_mode":true,"campfire_choices":[{"data":"Noxious Fumes","floor":7,"key":"SMITH"},{"floor":10,"key":"RECALL"},{"data":"Distraction","floor":15,"key":"SMITH"}],"circlet_count":0,"master_deck":["AscendersBane","Strike_G","Strike_G","Strike_G","Strike_G","Defend_G","Defend_G","Defend_G","Defend_G","Defend_G","Survivor","Neutralize+1","Flying Knee","Backstab","Noxious Fumes+1","Backflip","Distraction+1","Corpse Explosion","Acrobatics","Ghostly","Ghostly","Ghostly","Catalyst","Backflip","Acrobatics","Sucker Punch+1"],"relics":["Ring of the Snake","NeowsBlessing","Smiling Mask","The Courier","Blood Vial","Golden Idol","StoneCalendar","Velvet Choker"],"acts_visited":["Exordium","TheCity"],"potions_floor_usage":[6,16,20,23,23],"damage_taken":[{"damage":0,"enemies":"2 Louse","floor":1,"turns":1},{"damage":0,"enemies":"Cultist","floor":2,"turns":1},{"damage":0,"enemies":"Jaw Worm","floor":4,"turns":1},{"damage":8,"enemies":"Looter","floor":5,"turns":3},{"damage":27,"enemies":"Lagavulin","floor":6,"turns":6},{"damage":3,"enemies":"3 Louse","floor":13,"turns":3},{"damage":27,"enemies":"3 Sentries","floor":14,"turns":8},{"damage":10,"enemies":"Hexaghost","floor":16,"turns":11},{"damage":15,"enemies":"Shell Parasite","floor":18,"turns":7},{"damage":4,"enemies":"3 Byrds","floor":21,"turns":4},{"damage":6,"enemies":"Snake Plant","floor":22,"turns":5},{"damage":32,"enemies":"Gremlin Leader","floor":23,"turns":5}],"seed_played":"-9083226340801791176","potions_obtained":[{"floor":2,"key":"LiquidBronze"},{"floor":5,"key":"CultistPotion"},{"floor":13,"key":"SteroidPotion"},{"floor":14,"key":"LiquidMemories"},{"floor":18,"key":"DuplicationPotion"}],"is_trial":false,"path_per_floor":["M","M","?","M","M","E","R","?","T","R","T","?","M","E","R","B",null,"M","?","$","M","M","E"],"character_chosen":"THE_SILENT","items_purchased":["Catalyst","Backflip","Fruit Juice","Poison Potion"],"campfire_rested":0,"item_purchase_floors":[20,20,20,20],"current_hp_per_floor":[59,59,59,59,51,24,24,40,40,40,40,40,39,14,14,6,47,34,30,35,31,27,0,0],"gold":125,"neow_bonus":"THREE_ENEMY_KILL","is_daily":false,"chose_seed":false,"campfire_upgraded":2,"win_rate":0.0,"timestamp":1611680280,"path_taken":["M","M","?","M","?","E","R","?","T","R","?","?","M","E","R","BOSS","M","?","$","M","M","E"],"items_purchased_type":["Card","Card","Potion","Potion"],"build_version":"2020-12-22","purchased_purges":1,"victory":false,"max_hp_per_floor":[66,66,66,66,66,66,66,66,66,66,66,60,60,60,60,60,60,60,30,35,35,35,35,35],"card_choices":[{"not_picked":["Blade Dance","Acrobatics"],"picked":"Flying Knee","floor":1},{"not_picked":["Deflect","Finisher"],"picked":"Backstab","floor":2},{"not_picked":["Backstab","Quick Slash"],"picked":"Noxious Fumes","floor":4},{"not_picked":["Poisoned Stab","Outmaneuver"],"picked":"Backflip","floor":5},{"not_picked":["Slice","Bane","Accuracy"],"picked":"SKIP","floor":6},{"not_picked":["Setup","Outmaneuver","Bane"],"picked":"SKIP","floor":13},{"not_picked":["Tools of the Trade","Cloak And Dagger"],"picked":"Distraction","floor":14},{"not_picked":["Unload","Venomology"],"picked":"Corpse Explosion","floor":16},{"not_picked":["Riddle With Holes","Quick Slash"],"picked":"Acrobatics","floor":18},{"not_picked":["Bane","Flying Knee"],"picked":"Acrobatics","floor":21},{"not_picked":["Bane","Prepared+1"],"picked":"Sucker Punch+1","floor":22}],"player_experience":1126358,"relics_obtained":[{"floor":6,"key":"Smiling Mask"},{"floor":9,"key":"The Courier"},{"floor":11,"key":"Blood Vial"},{"floor":14,"key":"StoneCalendar"}],"event_choices":[{"damage_healed":0,"gold_gain":0,"player_choice":"Upgraded","damage_taken":0,"max_hp_gain":0,"max_hp_loss":0,"event_name":"Upgrade Shrine","floor":3,"gold_loss":0,"cards_upgraded":["Neutralize"]},{"damage_healed":16,"gold_gain":0,"player_choice":"Healed","damage_taken":0,"max_hp_gain":0,"max_hp_loss":0,"event_name":"The Cleric","floor":8,"gold_loss":35},{"damage_healed":0,"gold_gain":0,"player_choice":"Lose Max HP","damage_taken":0,"relics_obtained":["Golden Idol"],"max_hp_gain":0,"max_hp_loss":6,"event_name":"Golden Idol","floor":12,"gold_loss":0},{"damage_healed":0,"gold_gain":0,"player_choice":"Became a Ghost","damage_taken":0,"max_hp_gain":0,"max_hp_loss":30,"event_name":"Ghosts","floor":19,"gold_loss":0,"cards_obtained":["Ghostly","Ghostly","Ghostly"]}],"is_beta":false,"boss_relics":[{"not_picked":["Black Star","Cursed Key"],"picked":"Velvet Choker"}],"items_purged_floors":[20],"is_endless":false,"potions_floor_spawned":[2,5,13,14,18,21,22],"killed_by":"Gremlin Leader","ascension_level":20}}