{"host":"0tx5hhfcaiyfjvb5","time":1611630751,"event":{"mods":["BaseMod","Downfall","Minty Spire (QoL Compilation)","StSLib"],"gold_per_floor":[99,113,113,125,144,164,164,164,182,199,199,209,219,45,64,64,64,64],"floor_reached":16,"language":"ENG","playtime":5406,"items_purged":[],"score":98,"play_id":"505a15c6-d9f2-4261-8740-515b3bc5d083","local_time":"20210125221231","is_ascension_mode":false,"campfire_choices":[{"data":"bronze:Replicate","floor":1.0,"key":"SMITH"},{"floor":8.0,"key":"DIG"},{"floor":11.0,"key":"REST"}],"circlet_count":0,"master_deck":["bronze:Strike","bronze:Strike","bronze:Strike","bronze:Strike","bronze:Defend","bronze:Defend","bronze:Defend","bronze:Replicate+1","bronze:Goto","bronze:Deprecate","bronze:Fortify","bronze:Frontload","bronze:BuggyMess","bronze:Shell","bronze:FineTuning","bronze:BitShift","bronze:Return","bronze:Repair","bronze:DelayedSlice","bronze:CutThrough","bronze:FollowUp","bronze:DelayedSlice","bronze:Mutator","bronze:BronzeOrb","bronze:Repulsor","bronze:OilSpill","bronze:ItsAFeature","bronze:OilSpill"],"relics":["bronze:BronzeCore","Shovel","Prayer Wheel"],"acts_visited":["Exordium"],"potions_floor_usage":[],"damage_taken":[{"damage":1.0,"enemies":"Jaw Worm","floor":2.0,"turns":4.0},{"damage":0.0,"enemies":"Cultist","floor":4.0,"turns":3.0},{"damage":8.0,"enemies":"2 Louse","floor":5.0,"turns":2.0},{"damage":4.0,"enemies":"Blue Slaver","floor":6.0,"turns":5.0},{"damage":10.0,"enemies":"3 Louse","floor":9.0,"turns":4.0},{"damage":1.0,"enemies":"Exordium Wildlife","floor":10.0,"turns":3.0},{"damage":0.0,"enemies":"Exordium Thugs","floor":12.0,"turns":4.0},{"damage":12,"enemies":"Blue Slaver","floor":13,"turns":5},{"damage":0,"enemies":"downfall:FleeingMerchant","floor":14,"turns":4},{"damage":12,"enemies":"Red Slaver","floor":15,"turns":4},{"damage":75,"enemies":"WA_ARCHETYPE_RETAIN","floor":16,"turns":11}],"seed_played":"-1817866759437685710","potions_obtained":[{"floor":2.0,"key":"CultistPotion"},{"floor":5.0,"key":"Fire Potion"},{"floor":9.0,"key":"ColorlessPotion"}],"is_trial":false,"path_per_floor":["R","M","?","M","M","M","T","R","M","M","R","M","M","$","M","B"],"character_chosen":"THE_AUTOMATON","items_purchased":["bronze:BronzeOrb","bronze:Repulsor","bronze:OilSpill"],"campfire_rested":1,"item_purchase_floors":[14,14,14],"current_hp_per_floor":[77,76,76,76,68,64,64,64,54,53,76,77,65,72,60,0,0,0],"gold":64,"neow_bonus":"TEN_PERCENT_HP_BONUS","is_daily":false,"chose_seed":false,"campfire_upgraded":1,"win_rate":0.0,"timestamp":1611630751,"path_taken":["R","M","?","M","M","M","T","R","?","M","R","M","M","$","M","BOSS"],"items_purchased_type":["Card","Card","Card"],"build_version":"2020-12-22","purchased_purges":0,"victory":false,"max_hp_per_floor":[77,77,77,77,77,77,77,77,77,77,77,77,77,77,77,77,77,77],"card_choices":[{"not_picked":["bronze:Iterate","bronze:OilSpill"],"picked":"bronze:Deprecate","floor":2.0},{"not_picked":["bronze:BitShift","bronze:Shield"],"picked":"bronze:Frontload","floor":4.0},{"not_picked":["bronze:Branch","bronze:Invalidate"],"picked":"bronze:BuggyMess","floor":5.0},{"not_picked":["bronze:Deprecate","bronze:Iterate"],"picked":"bronze:Shell","floor":6.0},{"not_picked":["bronze:NullPointer","bronze:MaxOutput"],"picked":"bronze:FineTuning","floor":9.0},{"not_picked":["bronze:Deprecate","bronze:DelayedGuard"],"picked":"bronze:BitShift","floor":9.0},{"not_picked":["bronze:Frontload","bronze:BuggyMess"],"picked":"bronze:Return","floor":10.0},{"not_picked":["bronze:Iterate","bronze:Fortify"],"picked":"bronze:Repair","floor":10.0},{"not_picked":["bronze:Mutator","bronze:ForLoop"],"picked":"bronze:DelayedSlice","floor":12.0},{"not_picked":["bronze:WhirlingStrike","bronze:DelayedGuard"],"picked":"bronze:CutThrough","floor":12.0},{"not_picked":["bronze:Safeguard","bronze:Frontload"],"picked":"bronze:FollowUp","floor":13},{"not_picked":["bronze:BitShift","bronze:Overheat"],"picked":"bronze:DelayedSlice","floor":13},{"not_picked":["bronze:BitShift","bronze:BugBarrage"],"picked":"bronze:Mutator","floor":14},{"not_picked":["bronze:DigitalCarnage","bronze:DelayedGuard"],"picked":"bronze:ItsAFeature","floor":15},{"not_picked":["bronze:Safeguard","bronze:Overheat"],"picked":"bronze:OilSpill","floor":15}],"player_experience":321079,"relics_obtained":[{"floor":7.0,"key":"Shovel"},{"floor":8.0,"key":"Prayer Wheel"}],"event_choices":[],"is_beta":false,"boss_relics":[],"items_purged_floors":[],"is_endless":false,"potions_floor_spawned":[2,5,9],"killed_by":"WA_ARCHETYPE_RETAIN","ascension_level":0}}