{"host":"n605f8gctjc87d7h","time":1611683648,"event":{"mods":["Aspiration","Bard","BaseMod","Better Match","Better Note","Better Skull","Better Third Choice","Conspire","Halation","Hermit","Infinite Spire","Minty Spire (QoL Compilation)","Replay The Spire","Retaliation","Shade Mod","Spicy Shops","StS++","StSLib","The IronCluck"],"gold_per_floor":[117,137,137,137,151,151,161,161,185,219,219,67,67,86,86,86,86],"floor_reached":16,"language":"ENG","playtime":716,"items_purged":[],"score":130,"play_id":"a0da2280-8b54-430d-9e57-33ef9219309a","local_time":"20210126095408","is_ascension_mode":true,"campfire_choices":[{"data":"Prostrate","floor":6.0,"key":"SMITH"},{"data":"Pray","floor":8.0,"key":"SMITH"},{"floor":15,"key":"REST"}],"circlet_count":0,"master_deck":["Strike_P","Strike_P","Strike_P","Defend_P","Defend_P","Defend_P","Defend_P","Eruption","Vigilance","PathToVictory","Replay:Hum","Prostrate+1","Pray+1"],"relics":["PureWater","Lantern","Turnip","conspire:BottledYoYo","TheAbacus"],"acts_visited":["Exordium"],"potions_floor_usage":[],"damage_taken":[{"damage":0.0,"enemies":"2 Louse","floor":1.0,"turns":3.0},{"damage":0.0,"enemies":"Cultist","floor":2.0,"turns":4.0},{"damage":4.0,"enemies":"Small Slimes","floor":5.0,"turns":4.0},{"damage":6.0,"enemies":"2 Fungi Beasts","floor":7.0,"turns":4.0},{"damage":42.0,"enemies":"Gremlin Nob","floor":10.0,"turns":5.0},{"damage":13.0,"enemies":"Blue Slaver","floor":14.0,"turns":4.0},{"damage":33,"enemies":"Hexaghost","floor":16,"turns":10}],"seed_played":"1791754683868226711","potions_obtained":[{"floor":1.0,"key":"DDmod:CleansePotion"},{"floor":7.0,"key":"Block Potion"}],"is_trial":false,"path_per_floor":["M","M","?","$","M","R","M","R","T","E","?","$","?","M","R","B"],"character_chosen":"WATCHER","items_purchased":["TheAbacus"],"campfire_rested":1,"item_purchase_floors":[12],"current_hp_per_floor":[72,72,72,72,68,68,62,62,62,20,20,20,20,7,30,0,0],"gold":86,"neow_bonus":"TEN_PERCENT_HP_BONUS","is_daily":false,"chose_seed":false,"campfire_upgraded":2,"win_rate":0.0,"timestamp":1611683648,"path_taken":["M","M","?","$","M","R","M","R","T","E","?","$","?","M","R","BOSS"],"items_purchased_type":["Relic"],"build_version":"2020-12-22","purchased_purges":0,"victory":false,"max_hp_per_floor":[79,79,79,79,79,79,79,79,79,79,79,79,79,79,79,79,79],"card_choices":[{"not_picked":["Tantrum","SashWhip"],"picked":"PathToVictory","floor":1.0},{"not_picked":["EmptyBody","Crescendo"],"picked":"Replay:Hum","floor":2.0},{"not_picked":["LikeWater","Replay:DivineShield"],"picked":"Prostrate","floor":5.0},{"not_picked":["Replay:DivineShield","Consecrate"],"picked":"Pray","floor":7.0},{"not_picked":["FearNoEvil","WheelKick","Fasting2"],"picked":"SKIP","floor":10.0},{"not_picked":["Evaluate","Fasting2","BowlingBash"],"picked":"SKIP","floor":14},{"not_picked":["Evaluate","Fasting2","BowlingBash"],"picked":"SKIP","floor":14}],"player_experience":651232,"relics_obtained":[{"floor":9.0,"key":"Lantern"},{"floor":10.0,"key":"Turnip"}],"event_choices":[{"cards_removed":["Strike_P"],"damage_healed":0.0,"max_hp_gain":0.0,"max_hp_loss":0.0,"gold_gain":0.0,"event_name":"Bonfire Elementals","player_choice":"Offered Basic","floor":13.0,"gold_loss":0.0,"damage_taken":0.0}],"is_beta":false,"boss_relics":[],"items_purged_floors":[],"is_endless":false,"potions_floor_spawned":[1,7],"killed_by":"Hexaghost","ascension_level":6}}