{"host":"k2mw1od0xoi9pcfj","time":1611667240,"event":{"mods":["AchievementEnabler","BaseMod","Hermit","Highlight Path","Minty Spire (QoL Compilation)","Permanent Neow","Relic Stats","StSLib"],"gold_per_floor":[114,114,114,114,126,137,137,137],"floor_reached":7,"language":"ENG","playtime":347,"items_purged":[],"score":41,"play_id":"0b97fdad-f5da-4882-8a8e-6d4e8dbf8e40","local_time":"20210126072040","is_ascension_mode":false,"campfire_choices":[],"circlet_count":0,"master_deck":["Strike_P","Strike_P","Strike_P","Strike_P","Defend_P+1","Defend_P+1","Defend_P","Defend_P","Eruption","Vigilance","CurseOfTheBell","WaveOfTheHand+1","Regret","FollowUp"],"relics":["Calling Bell","Nunchaku","Gremlin Horn","Bird Faced Urn","Unceasing Top"],"acts_visited":["Exordium"],"potions_floor_usage":[],"damage_taken":[{"damage":10,"enemies":"Small Slimes","floor":1,"turns":5},{"damage":2,"enemies":"2 Louse","floor":5,"turns":4},{"damage":6,"enemies":"Cultist","floor":6,"turns":6},{"damage":0,"enemies":"3 Sentries","floor":7,"turns":1}],"seed_played":"4405921012300006675","potions_obtained":[],"is_trial":false,"path_per_floor":["M","?","?","?","M","M","E"],"character_chosen":"WATCHER","items_purchased":[],"campfire_rested":0,"item_purchase_floors":[],"current_hp_per_floor":[62,62,48,48,46,40,40,40],"gold":137,"neow_bonus":"BOSS_RELIC","is_daily":false,"chose_seed":false,"campfire_upgraded":0,"win_rate":0.0,"timestamp":1611667240,"path_taken":["M","?","?","?","M","M","E"],"items_purchased_type":[],"build_version":"2020-12-22","purchased_purges":0,"victory":false,"max_hp_per_floor":[72,72,72,72,72,72,72,72],"relic_stats":{"Nunchaku":[2],"Gremlin Horn":[2,2],"counters":[4,16],"Bird Faced Urn":[0],"obtain_stats":[{"Calling Bell":0,"Nunchaku":0,"Gremlin Horn":0,"Bird Faced Urn":0,"PureWater":0,"Unceasing Top":4},{"Calling Bell":0,"Nunchaku":0,"Gremlin Horn":0,"Bird Faced Urn":0,"PureWater":0,"Unceasing Top":1},{"Calling Bell":0,"Nunchaku":0,"Gremlin Horn":0,"Bird Faced Urn":0,"PureWater":0,"Unceasing Top":5}],"Unceasing Top":[0]},"card_choices":[{"not_picked":["Crescendo","CrushJoints"],"picked":"WaveOfTheHand","floor":1},{"not_picked":["CutThroughFate","Evaluate"],"picked":"FollowUp","floor":5},{"not_picked":["Crescendo","CutThroughFate","ThirdEye"],"picked":"SKIP","floor":6}],"player_experience":679603,"relics_obtained":[{"floor":0,"key":"Nunchaku"},{"floor":0,"key":"Gremlin Horn"},{"floor":0,"key":"Bird Faced Urn"}],"event_choices":[{"damage_healed":0,"gold_gain":0,"player_choice":"Grow","damage_taken":0,"max_hp_gain":0,"max_hp_loss":0,"event_name":"Living Wall","floor":2,"gold_loss":0,"cards_upgraded":["WaveOfTheHand"]},{"damage_healed":0,"gold_gain":0,"player_choice":"Entered Light","damage_taken":14,"max_hp_gain":0,"max_hp_loss":0,"event_name":"Shining Light","floor":3,"gold_loss":0,"cards_upgraded":["Defend_P","Defend_P"]},{"damage_healed":0,"gold_gain":0,"player_choice":"Box","damage_taken":0,"relics_obtained":["Unceasing Top"],"max_hp_gain":0,"max_hp_loss":0,"event_name":"Big Fish","floor":4,"gold_loss":0,"cards_obtained":["Regret"]}],"is_beta":false,"boss_relics":[],"items_purged_floors":[],"is_endless":false,"potions_floor_spawned":[],"killed_by":"3 Sentries","ascension_level":0}}