{"host":"cvi30shpqg1ukvbr","time":1611702429,"event":{"mods":["Act Like it!","BaseMod","Better Altar","Better Match","Better Note","Better Sensory Stone","Better Skull","Better Third Choice","Conspire","GifTheSpireLib","Hubris","Infinite Spire","Minty Spire (QoL Compilation)","Relic Stats","Replay The Spire","Shop Mod","Spicy Shops","StSLib","Stuff the Spire"],"gold_per_floor":[117,117,117,131,131,143,153,168,217,230,244,276,276,7,7,110,110,121,135,149,149,165,165,165],"floor_reached":23,"language":"ENG","playtime":1007,"items_purged":[],"score":207,"play_id":"9803670b-8804-4e70-b7b5-763ef5c29116","local_time":"20210127080709","is_ascension_mode":true,"campfire_choices":[{"data":"Armaments","floor":15,"key":"SMITH"}],"circlet_count":0,"master_deck":["Strike_R","Strike_R","Strike_R","Strike_R","Defend_R","Defend_R","Defend_R","Bash","StuffTheSpire:RagingBull","infinitespire:Collect","Rage+1","Spot Weakness","Carnage","Dual Wield","Shockwave","ReplayTheSpireMod:Strike From Hell","Armaments+1","Berserk","Spot Weakness","infinitespire:OneForAll","ReplayTheSpireMod:Muscle Training","Evolve"],"relics":["Burning Blood","MealTicket","Bag of Marbles","hubris:Icosahedron","hubris:GlazedTorus","PreservedInsect","infinitespire:Burning Sword"],"acts_visited":["Exordium","TheCity"],"potions_floor_usage":[12],"damage_taken":[{"damage":6,"enemies":"Cultist","floor":1,"turns":3},{"damage":0,"enemies":"conspire:RoseBush","floor":4,"turns":3},{"damage":3,"enemies":"Small Slimes","floor":6,"turns":3},{"damage":4,"enemies":"conspire:2 RoseBushes","floor":7,"turns":5},{"damage":6,"enemies":"2 Fungi Beasts","floor":8,"turns":3},{"damage":0,"enemies":"3 Louse","floor":10,"turns":3},{"damage":4,"enemies":"Blue Slaver","floor":11,"turns":3},{"damage":28,"enemies":"3 Sentries","floor":12,"turns":7},{"damage":53,"enemies":"Fading Forest","floor":16,"turns":11},{"damage":15,"enemies":"conspire:FuzzyDice","floor":18,"turns":4},{"damage":4,"enemies":"Chosen","floor":19,"turns":3},{"damage":30,"enemies":"conspire:HollyBat","floor":20,"turns":8},{"damage":30,"enemies":"Snake Plant","floor":22,"turns":4},{"damage":33,"enemies":"Book of Stabbing","floor":23,"turns":4}],"seed_played":"-2284862595076480860","potions_obtained":[{"floor":1,"key":"BlessingOfTheForge"},{"floor":8,"key":"PowerPotion"},{"floor":10,"key":"Death Potion"},{"floor":16,"key":"Ancient Potion"}],"is_trial":false,"path_per_floor":["M","?","?","M","?","M","M","M","T","M","M","E","?","$","R","B",null,"M","M","M","?","M","E"],"character_chosen":"IRONCLAD","items_purchased":["hubris:GlazedTorus","PreservedInsect","Armaments"],"campfire_rested":0,"item_purchase_floors":[14,14,14],"current_hp_per_floor":[56,56,37,43,43,46,48,48,48,54,56,34,34,49,49,23,80,71,73,49,53,29,0,0],"gold":165,"neow_bonus":"REMOVE_TWO","is_daily":false,"chose_seed":false,"campfire_upgraded":1,"win_rate":0.0,"timestamp":1611702429,"path_taken":["M","?","?","M","?","?","M","M","T","M","M","E","?","$","R","BOSS","M","M","M","?","M","E"],"items_purchased_type":["Relic","Relic","Card"],"build_version":"2020-12-22","purchased_purges":0,"victory":false,"max_hp_per_floor":[80,80,80,80,80,80,80,80,80,80,80,80,80,80,80,80,80,80,80,80,80,80,80,80],"relic_stats":{"counters":[14,64],"MealTicket":15,"PreservedInsect":41,"obtain_stats":[{"hubris:Icosahedron":13,"MealTicket":9,"PreservedInsect":14,"Bag of Marbles":12,"infinitespire:Burning Sword":17,"Burning Blood":0,"hubris:GlazedTorus":14},{"hubris:Icosahedron":8,"MealTicket":5,"PreservedInsect":8,"Bag of Marbles":8,"infinitespire:Burning Sword":9,"Burning Blood":0,"hubris:GlazedTorus":8},{"hubris:Icosahedron":30,"MealTicket":17,"PreservedInsect":30,"Bag of Marbles":30,"infinitespire:Burning Sword":41,"Burning Blood":0,"hubris:GlazedTorus":30}],"Burning Blood":78},"card_choices":[{"not_picked":["Seeing Red","Run Through"],"picked":"StuffTheSpire:RagingBull","floor":1},{"not_picked":["infinitespire:FutureSight","ReplayTheSpireMod:Echoes of Time"],"picked":"infinitespire:Collect","floor":3},{"not_picked":["Flex","Sever Soul"],"picked":"Rage","floor":4},{"not_picked":["StuffTheSpire:BloodClot","Clash"],"picked":"Spot Weakness","floor":6},{"not_picked":["Heavy Blade","Clothesline"],"picked":"Carnage","floor":7},{"not_picked":["Iron Wave","Wild Strike"],"picked":"Dual Wield","floor":8},{"not_picked":["Reckless Charge","Cleave"],"picked":"Shockwave","floor":10},{"not_picked":["Replay:Undeath\u0027s Touch","Run Through","Searing Blow"],"picked":"SKIP","floor":11},{"not_picked":["Second Wind","Thunderclap"],"picked":"ReplayTheSpireMod:Strike From Hell","floor":12},{"not_picked":["conspire:HitWhereItHurts","Barricade"],"picked":"Berserk","floor":16},{"not_picked":["True Grit","Warcry"],"picked":"Spot Weakness","floor":18},{"not_picked":["Pommel Strike+1","Havoc"],"picked":"infinitespire:OneForAll","floor":19},{"not_picked":["Body Slam","StuffTheSpire:Incineration"],"picked":"ReplayTheSpireMod:Muscle Training","floor":20},{"not_picked":["Offering","hubris:CleavingFinish"],"picked":"Evolve","floor":22}],"player_experience":1824823,"relics_obtained":[{"floor":9,"key":"MealTicket"},{"floor":12,"key":"Bag of Marbles"}],"event_choices":[{"damage_healed":4,"gold_gain":0,"player_choice":"LEAVE ","damage_taken":0,"relics_obtained":[],"max_hp_gain":0,"max_hp_loss":0,"event_name":"betterSkull:BetterSkull","floor":21,"gold_loss":0,"cards_upgraded":[]}],"is_beta":false,"boss_relics":[{"not_picked":["Cursed Key","hubris:CrackedHourglass"],"picked":"infinitespire:Burning Sword"}],"items_purged_floors":[],"is_endless":false,"potions_floor_spawned":[1,8,10,16,18,19],"killed_by":"Book of Stabbing","ascension_level":1}}