{"host":"sc0o2qwpf9j16a4i","time":1611678917,"event":{"mods":["AchievementEnabler","BaseMod","BetterRewards","Block Reminder","Colored Map","Colored Powertips","Custom Start","Highlight Path","Minty Spire (QoL Compilation)","Relic Stats"],"gold_per_floor":[413,427,444,444,444,444,43,43,70,103,27,27,51,92,92,188,188,202,225,225,245,261,261,302,302,302,338,21,42,42,75,75,75,75],"floor_reached":33,"language":"ENG","playtime":854,"items_purged":[],"score":626,"play_id":"6ff4b6df-7028-4d66-8133-7c009b75a3f1","local_time":"20210126183517","is_ascension_mode":true,"campfire_choices":[{"data":"Searing Blow+1","floor":6,"key":"SMITH"},{"data":"Searing Blow+2","floor":12,"key":"SMITH"},{"floor":15,"key":"REST"},{"data":"Armaments","floor":23,"key":"SMITH"},{"data":"Limit Break","floor":25,"key":"SMITH"},{"floor":32,"key":"REST"}],"circlet_count":0,"master_deck":["AscendersBane","Strike_R","Strike_R","Strike_R","Strike_R","Defend_R","Defend_R+1","Defend_R","Defend_R","Bash","Searing Blow+3","Inflame","Pommel Strike","Disarm+1","Armaments+1","Spot Weakness","Ghostly Armor","Limit Break+1","Sword Boomerang","Infernal Blade","Feel No Pain+1","True Grit","Heavy Blade+1"],"relics":["Burning Blood","Old Coin","Golden Idol","Bag of Marbles","Vajra","War Paint","Ornamental Fan","Bronze Scales","Velvet Choker","Lantern","Bottled Lightning","Pen Nib","Charon\u0027s Ashes","Art of War"],"acts_visited":["Exordium","TheCity"],"potions_floor_usage":[10,16,24,27,27,33],"damage_taken":[{"damage":9,"enemies":"Small Slimes","floor":1,"turns":4},{"damage":6,"enemies":"2 Louse","floor":2,"turns":3},{"damage":14,"enemies":"Jaw Worm","floor":3,"turns":4},{"damage":5,"enemies":"Gremlin Nob","floor":10,"turns":3},{"damage":3,"enemies":"Looter","floor":13,"turns":2},{"damage":40,"enemies":"3 Sentries","floor":14,"turns":10},{"damage":1,"enemies":"The Guardian","floor":16,"turns":12},{"damage":12,"enemies":"Spheric Guardian","floor":18,"turns":5},{"damage":12,"enemies":"Shell Parasite","floor":19,"turns":4},{"damage":0,"enemies":"Snake Plant","floor":21,"turns":2},{"damage":6,"enemies":"Centurion and Healer","floor":22,"turns":5},{"damage":14,"enemies":"Book of Stabbing","floor":24,"turns":5},{"damage":42,"enemies":"Slavers","floor":27,"turns":6},{"damage":17,"enemies":"3 Cultists","floor":29,"turns":5},{"damage":13,"enemies":"Book of Stabbing","floor":31,"turns":4},{"damage":58,"enemies":"Collector","floor":33,"turns":5}],"seed_played":"-7366746628019575205","potions_obtained":[{"floor":2,"key":"Energy Potion"},{"floor":3,"key":"AttackPotion"},{"floor":13,"key":"EssenceOfSteel"},{"floor":19,"key":"Energy Potion"},{"floor":22,"key":"Regen Potion"},{"floor":24,"key":"DistilledChaos"},{"floor":29,"key":"AttackPotion"}],"is_trial":false,"path_per_floor":["M","M","M","?","?","R","$","$","T","E","$","R","M","E","R","B",null,"M","M","?","M","M","R","E","R","T","E","$","M","?","E","R","B"],"character_chosen":"IRONCLAD","items_purchased":["Disarm","Bag of Marbles","Vajra","Spot Weakness","Charon\u0027s Ashes"],"campfire_rested":2,"item_purchase_floors":[7,7,7,11,28],"current_hp_per_floor":[65,65,57,57,57,57,57,57,57,58,58,58,61,27,45,50,59,53,47,47,53,53,53,60,60,60,24,24,13,25,18,36,0,0],"gold":75,"neow_bonus":"ONE_RARE_RELIC","is_daily":false,"chose_seed":false,"campfire_upgraded":4,"win_rate":0.0,"timestamp":1611678917,"path_taken":["M","M","M","?","?","R","?","$","T","E","$","R","M","E","R","BOSS","M","M","?","?","M","R","E","R","T","E","$","M","?","E","R","BOSS"],"items_purchased_type":["Card","Relic","Relic","Card","Relic"],"build_version":"2020-12-22","purchased_purges":0,"victory":false,"max_hp_per_floor":[68,68,68,68,62,62,62,62,62,62,62,62,62,62,62,62,62,62,62,62,62,62,62,62,62,62,62,62,62,62,62,62,62,62],"relic_stats":{"counters":[16,79],"Golden Idol":80,"Ornamental Fan":[20],"Bronze Scales":[185],"Pen Nib":[2],"Charon\u0027s Ashes":[51],"Art of War":[0],"War Paint":["Defend_R","Disarm"],"obtain_stats":[{"Lantern":24,"Golden Idol":5,"Vajra":7,"Velvet Choker":17,"Pen Nib":27,"Charon\u0027s Ashes":28,"War Paint":9,"Burning Blood":0,"Old Coin":0,"Ornamental Fan":10,"Bronze Scales":14,"Bag of Marbles":7,"Art of War":31,"Bottled Lightning":26},{"Lantern":12,"Golden Idol":3,"Vajra":3,"Velvet Choker":7,"Pen Nib":13,"Charon\u0027s Ashes":13,"War Paint":3,"Burning Blood":0,"Old Coin":0,"Ornamental Fan":4,"Bronze Scales":6,"Bag of Marbles":3,"Art of War":15,"Bottled Lightning":12},{"Lantern":59,"Golden Idol":11,"Vajra":11,"Velvet Choker":38,"Pen Nib":65,"Charon\u0027s Ashes":65,"War Paint":11,"Burning Blood":0,"Old Coin":0,"Ornamental Fan":14,"Bronze Scales":26,"Bag of Marbles":11,"Art of War":74,"Bottled Lightning":59}],"Burning Blood":90},"card_choices":[{"not_picked":["Body Slam","Armaments"],"picked":"Searing Blow","floor":1},{"not_picked":["Flex","Warcry"],"picked":"Inflame","floor":2},{"not_picked":["Second Wind","Whirlwind"],"picked":"Pommel Strike","floor":3},{"not_picked":["Perfected Strike","Sword Boomerang"],"picked":"Armaments","floor":10},{"not_picked":["Anger","Havoc","Headbutt"],"picked":"SKIP","floor":13},{"not_picked":["Reckless Charge","Anger"],"picked":"Ghostly Armor","floor":14},{"not_picked":["Corruption","Fiend Fire"],"picked":"Limit Break","floor":16},{"not_picked":["Body Slam","Flex"],"picked":"Sword Boomerang","floor":18},{"not_picked":["Havoc","Warcry","Body Slam"],"picked":"SKIP","floor":19},{"not_picked":["Havoc","Cleave+1"],"picked":"Feel No Pain+1","floor":21},{"not_picked":["Clash","Havoc"],"picked":"True Grit","floor":22},{"not_picked":["Double Tap","Warcry","Clash"],"picked":"SKIP","floor":24},{"not_picked":["Metallicize","Flex","Clash"],"picked":"SKIP","floor":27},{"not_picked":["Flex","Cleave"],"picked":"Heavy Blade+1","floor":29},{"not_picked":["Cleave","Bloodletting","Clothesline"],"picked":"SKIP","floor":31}],"player_experience":987194,"relics_obtained":[{"floor":9,"key":"War Paint"},{"floor":10,"key":"Ornamental Fan"},{"floor":14,"key":"Bronze Scales"},{"floor":24,"key":"Lantern"},{"floor":26,"key":"Bottled Lightning"},{"floor":27,"key":"Pen Nib"},{"floor":31,"key":"Art of War"}],"event_choices":[{"damage_healed":0,"gold_gain":0,"player_choice":"Grow","damage_taken":0,"max_hp_gain":0,"max_hp_loss":0,"event_name":"Living Wall","floor":4,"gold_loss":0,"cards_upgraded":["Searing Blow"]},{"damage_healed":0,"gold_gain":0,"player_choice":"Lose Max HP","damage_taken":0,"relics_obtained":["Golden Idol"],"max_hp_gain":0,"max_hp_loss":6,"event_name":"Golden Idol","floor":5,"gold_loss":0},{"damage_healed":0,"gold_gain":0,"cards_transformed":["Strike_R"],"player_choice":"Transformed","damage_taken":0,"max_hp_gain":0,"max_hp_loss":0,"event_name":"Transmorgrifier","floor":20,"gold_loss":0,"cards_obtained":["Infernal Blade"]},{"damage_healed":12,"gold_gain":0,"player_choice":"Heal","damage_taken":0,"max_hp_gain":0,"max_hp_loss":0,"event_name":"The Library","floor":30,"gold_loss":0}],"is_beta":false,"boss_relics":[{"not_picked":["Busted Crown","SacredBark"],"picked":"Velvet Choker"}],"items_purged_floors":[],"is_endless":false,"potions_floor_spawned":[2,3,13,19,22,24,29],"killed_by":"Collector","ascension_level":20}}