{"host":"b4vwm7jq6jdk6nca","time":1611647009,"event":{"mods":["Act Like it!","BaseMod","Hermit","Minty Spire (QoL Compilation)","Pale of the Ancients","Quick Restart","Relic Filter Mod","Spicy Shops","StSLib","TestMod","The Cursed","Wide Potions","[IsaacMod]ÒÔÈö¼âËþ"],"gold_per_floor":[113,126,142,161,180,208,226,241,241,251,251,251],"floor_reached":11,"language":"ZHS","playtime":410,"items_purged":[],"score":162,"play_id":"6e033aff-2ec1-42de-ac20-fc2753456cef","local_time":"20210126154329","is_ascension_mode":true,"campfire_choices":[],"circlet_count":0,"master_deck":["AscendersBane","Strike_G","Strike_G","Strike_G","Strike_G","Strike_G","Defend_G","Defend_G","Defend_G","Defend_G","Defend_G","Survivor","Neutralize","Riddle With Holes","Skewer","Venomology","Backflip","Envenom","Leg Sweep","Prepared"],"relics":["Ring of the Snake","testmod-TestBox","HushsDoor","DeadEye","testmod-TimeTraveler","NeowsBlessing","Strawberry","Bag of Preparation"],"acts_visited":["Exordium"],"potions_floor_usage":[11],"damage_taken":[{"damage":0.0,"enemies":"Cultist","floor":1.0,"turns":1.0},{"damage":0.0,"enemies":"Small Slimes","floor":2.0,"turns":1.0},{"damage":0.0,"enemies":"Jaw Worm","floor":3.0,"turns":1.0},{"damage":0.0,"enemies":"Large Slime","floor":4.0,"turns":1.0},{"damage":3.0,"enemies":"Red Slaver","floor":5.0,"turns":5.0},{"damage":25.0,"enemies":"Lagavulin","floor":6.0,"turns":4.0},{"damage":6.0,"enemies":"Looter","floor":7.0,"turns":3.0},{"damage":2.0,"enemies":"Gremlin Gang","floor":8.0,"turns":3.0},{"damage":11.0,"enemies":"3 Louse","floor":10.0,"turns":5.0},{"damage":24,"enemies":"Gremlin Nob","floor":11,"turns":3}],"seed_played":"6256432153828231040","potions_obtained":[{"floor":1.0,"key":"Explosive Potion"},{"floor":3.0,"key":"testmod-SpacePotion"},{"floor":4.0,"key":"Swift Potion"},{"floor":7.0,"key":"FearPotion"},{"floor":10.0,"key":"LiquidBronze"}],"is_trial":false,"path_per_floor":["M","M","M","M","M","E","M","M","T","M","E"],"character_chosen":"THE_SILENT","items_purchased":[],"campfire_rested":0,"item_purchase_floors":[],"current_hp_per_floor":[59,59,59,59,56,38,32,30,30,19,0,0],"gold":251,"neow_bonus":"THREE_ENEMY_KILL","is_daily":false,"chose_seed":false,"campfire_upgraded":0,"win_rate":0.0,"timestamp":1611647009,"path_taken":["M","M","M","M","M","E","M","M","T","?","E"],"items_purchased_type":[],"build_version":"2020-12-22","purchased_purges":0,"victory":false,"max_hp_per_floor":[66,66,66,66,66,73,73,73,73,73,73,73],"card_choices":[{"not_picked":[],"picked":"ChaosCard","floor":0.0},{"not_picked":["Deflect","Eviscerate"],"picked":"Bomb","floor":1.0},{"not_picked":["Caltrops","Flechettes"],"picked":"Riddle With Holes","floor":2.0},{"not_picked":["Flying Knee","PiercingWail"],"picked":"Skewer","floor":3.0},{"not_picked":["Backflip","Slice"],"picked":"Venomology","floor":4.0},{"not_picked":["Bane","PiercingWail"],"picked":"Backflip","floor":5.0},{"not_picked":["Deadly Poison","Burst"],"picked":"Envenom","floor":6.0},{"not_picked":["Sucker Punch","Deflect"],"picked":"Leg Sweep","floor":7.0},{"not_picked":["Deadly Poison","Skewer"],"picked":"Prepared","floor":8.0},{"not_picked":["Blur","Dagger Spray","Heel Hook"],"picked":"SKIP","floor":10.0}],"player_experience":290553,"relics_obtained":[{"floor":6.0,"key":"Strawberry"},{"floor":9.0,"key":"Bag of Preparation"}],"event_choices":[],"is_beta":false,"boss_relics":[],"items_purged_floors":[],"is_endless":false,"potions_floor_spawned":[1,3,4,7,10],"killed_by":"Gremlin Nob","ascension_level":20}}