{"host":"1qhzi8r9ejho5yph","time":1611697184,"event":{"mods":["AchievementEnabler","BaseMod","Colored Map","Colored Powertips","Highlight Path","Minty Spire (QoL Compilation)","Permanent Neow","Quick Restart","Random Character Button","StSLib","SuperFastMode"],"gold_per_floor":[118,34,34,34,50,50,50,50,50,64,80,91,111,111,111,216,216,227,175,175,189,208,208,308,328,328,328,346,357,373,373,373,373,373],"floor_reached":33,"language":"ENG","playtime":725,"items_purged":[],"score":241,"play_id":"c9c53590-d652-454d-8059-b44882ffd5b0","local_time":"20210127053944","is_ascension_mode":false,"campfire_choices":[{"data":"Perfected Strike","floor":6,"key":"SMITH"},{"data":"Pommel Strike","floor":8,"key":"SMITH"},{"data":"Bash","floor":15,"key":"SMITH"},{"data":"Perfected Strike","floor":23,"key":"SMITH"},{"data":"Evolve","floor":27,"key":"SMITH"},{"floor":32,"key":"REST"}],"circlet_count":0,"master_deck":["Strike_R","Strike_R+1","Strike_R","Strike_R","Strike_R","Defend_R+1","Defend_R","Defend_R","Defend_R","Bash+1","Dramatic Entrance","Perfected Strike+1","Dramatic Entrance","Pommel Strike+1","Bloodletting","Evolve+1","Ghostly Armor","Iron Wave","Immolate","Disarm","Perfected Strike+1","Iron Wave","Pommel Strike","Flex","Pommel Strike"],"relics":["Burning Blood"],"acts_visited":["Exordium","TheCity"],"potions_floor_usage":[16,16,25,28,30,33,33],"damage_taken":[{"damage":0,"enemies":"2 Louse","floor":1,"turns":2},{"damage":0,"enemies":"Small Slimes","floor":5,"turns":2},{"damage":0,"enemies":"Cultist","floor":10,"turns":2},{"damage":2,"enemies":"Looter","floor":11,"turns":2},{"damage":12,"enemies":"Blue Slaver","floor":12,"turns":2},{"damage":5,"enemies":"Red Slaver","floor":13,"turns":3},{"damage":68,"enemies":"Hexaghost","floor":16,"turns":12},{"damage":1,"enemies":"3 Byrds","floor":18,"turns":4},{"damage":20,"enemies":"Spheric Guardian","floor":21,"turns":4},{"damage":14,"enemies":"3 Cultists","floor":22,"turns":5},{"damage":18,"enemies":"Centurion and Healer","floor":25,"turns":5},{"damage":8,"enemies":"Sentry and Sphere","floor":28,"turns":4},{"damage":27,"enemies":"Cultist and Chosen","floor":29,"turns":5},{"damage":22,"enemies":"Centurion and Healer","floor":30,"turns":6},{"damage":61,"enemies":"Champ","floor":33,"turns":8}],"seed_played":"7438954282216353569","potions_obtained":[{"floor":4,"key":"BloodPotion"},{"floor":4,"key":"ColorlessPotion"},{"floor":12,"key":"Weak Potion"},{"floor":22,"key":"HeartOfIron"},{"floor":25,"key":"HeartOfIron"},{"floor":29,"key":"Swift Potion"}],"is_trial":false,"path_per_floor":["M","$","?","?","M","R","?","R","T","M","M","M","M","T","R","B",null,"M","$","?","M","M","R","?","M","T","R","M","M","M","?","R","B"],"character_chosen":"IRONCLAD","items_purchased":["Dramatic Entrance","PowerPotion"],"campfire_rested":1,"item_purchase_floors":[2,19],"current_hp_per_floor":[80,80,64,64,70,70,70,70,70,76,80,74,75,75,75,13,80,80,80,80,66,58,58,58,62,62,62,60,39,23,23,47,0,0],"gold":373,"neow_bonus":"RANDOM_COLORLESS","is_daily":false,"chose_seed":false,"campfire_upgraded":5,"win_rate":0.0,"timestamp":1611697184,"path_taken":["M","$","?","?","?","R","?","R","T","M","M","M","M","?","R","BOSS","M","$","?","?","M","R","?","M","T","R","M","?","M","?","R","BOSS"],"items_purchased_type":["Card","Potion"],"build_version":"2020-12-22","purchased_purges":0,"victory":false,"max_hp_per_floor":[80,80,80,80,80,80,80,80,80,80,80,80,80,80,80,80,80,80,80,80,80,80,80,80,80,80,80,80,80,80,80,80,80,80],"card_choices":[{"not_picked":["Panacea","Deep Breath"],"picked":"Dramatic Entrance","floor":0},{"not_picked":["True Grit","Whirlwind"],"picked":"Perfected Strike","floor":1},{"not_picked":["Ghostly Armor","Reckless Charge"],"picked":"Pommel Strike","floor":5},{"not_picked":["Rupture","Sword Boomerang"],"picked":"Bloodletting","floor":10},{"not_picked":["Inflame","Carnage"],"picked":"Evolve","floor":11},{"not_picked":["Havoc","Heavy Blade"],"picked":"Ghostly Armor","floor":12},{"not_picked":["Sever Soul","Clash"],"picked":"Iron Wave","floor":13},{"not_picked":["Reaper","Corruption"],"picked":"Immolate","floor":16},{"not_picked":["Clothesline","Feel No Pain"],"picked":"Sword Boomerang","floor":18},{"not_picked":["Hemokinesis","Havoc+1"],"picked":"Disarm","floor":21},{"not_picked":["Battle Trance","Twin Strike"],"picked":"Perfected Strike","floor":22},{"not_picked":["Body Slam+1","Clash"],"picked":"Iron Wave","floor":25},{"not_picked":["Clash","True Grit"],"picked":"Pommel Strike","floor":28},{"not_picked":["Offering","Heavy Blade"],"picked":"Flex","floor":29},{"not_picked":["Iron Wave","Dual Wield"],"picked":"Pommel Strike","floor":30}],"player_experience":336197,"relics_obtained":[],"event_choices":[{"damage_healed":0,"gold_gain":0,"player_choice":"Entered Light","damage_taken":16,"max_hp_gain":0,"max_hp_loss":0,"event_name":"Shining Light","floor":3,"gold_loss":0,"cards_upgraded":["Defend_R","Strike_R"]},{"damage_healed":0,"gold_gain":0,"player_choice":"Got Potions","damage_taken":0,"max_hp_gain":0,"max_hp_loss":0,"event_name":"Lab","floor":4,"gold_loss":0},{"damage_healed":0,"gold_gain":0,"player_choice":"Ignored","damage_taken":0,"max_hp_gain":0,"max_hp_loss":0,"event_name":"Liars Game","floor":7,"gold_loss":0},{"cards_removed":["Sword Boomerang"],"damage_healed":5,"gold_gain":0,"player_choice":"Offered Common","damage_taken":0,"max_hp_gain":0,"max_hp_loss":0,"event_name":"Bonfire Elementals","floor":20,"gold_loss":0},{"cards_removed":["Sword Boomerang"],"damage_healed":5,"gold_gain":0,"player_choice":"Offered Special","damage_taken":0,"max_hp_gain":0,"max_hp_loss":0,"event_name":"Bonfire Elementals","floor":20,"gold_loss":0},{"damage_healed":0,"gold_gain":100,"player_choice":"Pray","damage_taken":0,"max_hp_gain":0,"max_hp_loss":0,"event_name":"Golden Shrine","floor":24,"gold_loss":0},{"damage_healed":0,"gold_gain":0,"player_choice":"Ignored","damage_taken":0,"max_hp_gain":0,"max_hp_loss":0,"event_name":"Vampires","floor":31,"gold_loss":0}],"is_beta":false,"boss_relics":[{"not_picked":["Black Blood","Philosopher\u0027s Stone","Tiny House"]}],"items_purged_floors":[],"is_endless":false,"potions_floor_spawned":[10,12,13,22,25,29],"killed_by":"Champ","ascension_level":0}}