{"host":"meib18gsulage5jw","time":1611681184,"event":{"mods":["Aspiration","BaseMod","BetterRewards","CCEM2","Colored Map","Conspire","Defuse TimeMaze Blight","Energized Spire","Hubris","Infinite Spire","Minty Spire (QoL Compilation)","Relic Sorter","Reliquary","Replay The Spire","Spikes Relics","StSLib","The Blue Laboratory","Uncapped"],"gold_per_floor":[119,132,132,150,150,150,134,134,134,162,162,162,162,87,87,182,182,200,211,222,234,245,245,245,10,10,36,54,77,77,77,77,81,81],"floor_reached":33,"language":"ENG","playtime":1505,"items_purged":["CloudedMind"],"score":275,"play_id":"a0c551fb-0ae3-4697-a040-4c4cae76ef29","local_time":"20210127031304","is_ascension_mode":false,"campfire_choices":[{"data":"theextravagant:Triumph","floor":6,"key":"SMITH"},{"floor":8,"key":"REST"},{"data":"ReplayReversal","floor":11,"key":"SMITH"},{"data":"theextravagant:Riot","floor":13,"key":"SMITH"},{"data":"theextravagant:QuickAttack","floor":15,"key":"SMITH"},{"floor":23,"key":"REST"},{"floor":32,"key":"REST"}],"circlet_count":0,"master_deck":["theextravagant:SlyStrike","theextravagant:SlyStrike","theextravagant:SlyStrike","theextravagant:SlyStrike","theextravagant:Fence","theextravagant:Fence","theextravagant:Fence","theextravagant:Fence","theextravagant:QuickAttack+1","theextravagant:Triumph+1","theextravagant:Riot+1","theextravagant:SpontaneousStrike","Headbutt","theextravagant:Outrun","ReplayReversal+1","theextravagant:Overpower","Dash","Static Discharge","CutThroughFate","ReplaySort+1","theextravagant:PuffUp","ReplayTheSpireMod:Trickstab","conspire:SharedLibrary"],"relics":["theextravagant:TranslucentFeather","hubris:Icosahedron","aspiration:Nostalgia","Iron Core","conspire:Dentures","CCEMRelics:DerglesHeadphones","PrismaticShard","Philosopher\u0027s Stone","Nloth\u0027s Gift","Replay:Lucky Slots","Nunchaku","infinitespire:Midas Blood"],"acts_visited":["Exordium","TheCity"],"potions_floor_usage":[16,16,19,21,22,23,29],"damage_taken":[{"damage":0,"enemies":"conspire:RoseBush","floor":1,"turns":4},{"damage":0,"enemies":"2 Louse","floor":2,"turns":3},{"damage":1,"enemies":"Jaw Worm","floor":4,"turns":2},{"damage":14,"enemies":"Gremlin Nob","floor":7,"turns":3},{"damage":30,"enemies":"3 Sentries","floor":10,"turns":7},{"damage":38,"enemies":"The Guardian","floor":16,"turns":10},{"damage":9,"enemies":"Shell Parasite","floor":18,"turns":4},{"damage":0,"enemies":"Spheric Guardian","floor":19,"turns":2},{"damage":14,"enemies":"Chosen and Byrds","floor":20,"turns":5},{"damage":0,"enemies":"3 Cultists","floor":21,"turns":5},{"damage":40,"enemies":"Shelled Parasite and Fungi","floor":22,"turns":5},{"damage":25,"enemies":"Gremlin Leader","floor":27,"turns":6},{"damage":12,"enemies":"conspire:HollyBat","floor":28,"turns":8},{"damage":20,"enemies":"Centurion and Healer","floor":29,"turns":4},{"damage":34,"enemies":"Collector","floor":33,"turns":3}],"seed_played":"6471309945709350638","potions_obtained":[{"floor":7,"key":"blueLaboratory:HeartbeatPotion"},{"floor":10,"key":"Regen Potion"},{"floor":16,"key":"blueLaboratory:BottledHope"},{"floor":18,"key":"blueLaboratory:EnragingPotion"},{"floor":20,"key":"Fire Potion"},{"floor":22,"key":"blueLaboratory:FruitPreserves"},{"floor":28,"key":"Energy Potion"}],"is_trial":false,"path_per_floor":["M","M","?","M","?","R","E","R","T","E","R","?","R","$","R","B",null,"M","M","M","M","M","R","?","$","T","E","M","M","?","$","R","B"],"character_chosen":"THE_EXTRAVAGANT","items_purchased":["Replay:Lucky Slots","theextravagant:PuffUp"],"campfire_rested":3,"item_purchase_floors":[25,25],"current_hp_per_floor":[75,75,63,62,62,62,48,70,70,40,52,52,64,64,75,52,75,66,66,52,52,12,59,59,59,59,34,22,2,2,2,24,0,0],"gold":81,"neow_bonus":"NOSTALGIA","is_daily":false,"chose_seed":false,"campfire_upgraded":4,"win_rate":0.0,"timestamp":1611681184,"path_taken":["M","M","?","M","?","R","E","R","T","E","R","?","R","?","R","BOSS","M","M","?","?","M","R","?","?","T","E","M","M","?","$","R","BOSS"],"items_purchased_type":["Relic","Card"],"build_version":"2020-12-22","purchased_purges":1,"victory":false,"max_hp_per_floor":[75,75,75,75,75,75,75,75,75,75,75,75,75,75,75,75,75,75,75,75,75,75,75,75,75,75,75,75,75,75,75,75,75,75],"card_choices":[{"not_picked":["theextravagant:Cutthroat","theextravagant:ShootingStar"],"picked":"theextravagant:Riot","floor":1},{"not_picked":["Anger","theextravagant:Impulse"],"picked":"theextravagant:SpontaneousStrike","floor":2},{"not_picked":["theextravagant:IronPlumes","theextravagant:SharpTalons"],"picked":"Headbutt","floor":4},{"not_picked":["theextravagant:CutTheDeck","theextravagant:Shatter"],"picked":"theextravagant:Outrun","floor":7},{"not_picked":["Force Field","theextravagant:GlyphOfChoice"],"picked":"ReplayReversal","floor":10},{"not_picked":["Replay:Dark Deal","Berserk"],"picked":"theextravagant:Overpower","floor":16},{"not_picked":["Indignation+1","Replay:DivineShield+1"],"picked":"Dash","floor":18},{"not_picked":["Endless Agony","theextravagant:Flashback"],"picked":"Static Discharge","floor":19},{"not_picked":["ReplayTheSpireMod:Reroute Power","Havoc+1"],"picked":"CutThroughFate","floor":20},{"not_picked":["theextravagant:Masquerade","hubris:PowerSurge+1"],"picked":"ReplaySort+1","floor":21},{"not_picked":["Escape Plan","Crystallizer","theextravagant:Riot"],"picked":"SKIP","floor":22},{"not_picked":["theextravagant:IronPlumes","Prostrate"],"picked":"ReplayTheSpireMod:Trickstab","floor":27},{"not_picked":["hubris:Insight+1","Dodge and Roll"],"picked":"conspire:SharedLibrary","floor":28},{"not_picked":["theextravagant:Swirl","Blade Dance","Static Discharge+1"],"picked":"SKIP","floor":29}],"player_experience":327209,"relics_obtained":[{"floor":7,"key":"Bag of Preparation"},{"floor":10,"key":"CCEMRelics:DerglesHeadphones"},{"floor":26,"key":"Nunchaku"},{"floor":27,"key":"infinitespire:Midas Blood"}],"event_choices":[{"damage_healed":0,"gold_gain":0,"player_choice":"Success","damage_taken":12,"relics_obtained":["conspire:Dentures"],"max_hp_gain":0,"max_hp_loss":0,"event_name":"Scrap Ooze","floor":3,"gold_loss":0},{"damage_healed":0,"gold_gain":0,"player_choice":"Traded Relic","damage_taken":0,"relics_obtained":["Nloth\u0027s Gift"],"max_hp_gain":0,"max_hp_loss":0,"event_name":"N\u0027loth","floor":24,"relics_lost":["Bag of Preparation"],"gold_loss":0}],"is_beta":false,"boss_relics":[{"not_picked":["CosmicIsotope","ReplayTheSpireMod:DimensionalGlitch"],"picked":"Philosopher\u0027s Stone"}],"items_purged_floors":[14],"is_endless":false,"potions_floor_spawned":[7,10,16,18,20,22,28],"killed_by":"Collector","ascension_level":0}}