{"host":"1qhzi8r9ejho5yph","time":1611698043,"event":{"mods":["AchievementEnabler","BaseMod","Colored Map","Colored Powertips","Highlight Path","Minty Spire (QoL Compilation)","Permanent Neow","Quick Restart","Random Character Button","StSLib","SuperFastMode"],"gold_per_floor":[109,109,129,129,129,129,140,140,140,140,140,156,169,189,189,290,290,309,321,321,333,350,350,350,350,350,367,382,395,395,187,187,187,187],"floor_reached":33,"language":"ENG","playtime":855,"items_purged":[],"score":266,"play_id":"7733482f-d5b1-4728-aaeb-7437403e0877","local_time":"20210127055403","is_ascension_mode":false,"campfire_choices":[{"data":"Bash","floor":6,"key":"SMITH"},{"data":"Perfected Strike","floor":8,"key":"SMITH"},{"data":"Shrug It Off","floor":10,"key":"SMITH"},{"data":"Offering","floor":15,"key":"SMITH"},{"floor":23,"key":"REST"},{"floor":25,"key":"REST"},{"floor":32,"key":"REST"}],"circlet_count":0,"master_deck":["Strike_R","Strike_R","Strike_R","Strike_R+1","Strike_R","Defend_R","Defend_R","Defend_R","Bash+1","Feed+1","Twin Strike+1","Shrug It Off+1","Perfected Strike+1","Whirlwind","Offering+1","Iron Wave","Fiend Fire","Bloodletting","Headbutt","Evolve+1","True Grit","Iron Wave","Twin Strike+1","Pommel Strike","Good Instincts","Flex","Armaments"],"relics":["Burning Blood"],"acts_visited":["Exordium","TheCity"],"potions_floor_usage":[7,16,16,33,33,33],"damage_taken":[{"damage":0,"enemies":"Small Slimes","floor":1,"turns":3},{"damage":6,"enemies":"Jaw Worm","floor":3,"turns":3},{"damage":0,"enemies":"Cultist","floor":7,"turns":3},{"damage":12,"enemies":"Gremlin Gang","floor":12,"turns":3},{"damage":10,"enemies":"Looter","floor":13,"turns":2},{"damage":6,"enemies":"Exordium Wildlife","floor":14,"turns":3},{"damage":32,"enemies":"Hexaghost","floor":16,"turns":9},{"damage":9,"enemies":"3 Byrds","floor":18,"turns":3},{"damage":11,"enemies":"Chosen","floor":19,"turns":2},{"damage":18,"enemies":"Snecko","floor":21,"turns":4},{"damage":28,"enemies":"Chosen and Byrds","floor":22,"turns":8},{"damage":25,"enemies":"Snake Plant","floor":27,"turns":3},{"damage":54,"enemies":"Cultist and Chosen","floor":28,"turns":7},{"damage":13,"enemies":"Snecko","floor":29,"turns":3},{"damage":92,"enemies":"Collector","floor":33,"turns":7}],"seed_played":"-1244124442940785467","potions_obtained":[{"floor":7,"key":"EntropicBrew"},{"floor":14,"key":"SteroidPotion"},{"floor":19,"key":"Strength Potion"},{"floor":28,"key":"Ancient Potion"},{"floor":29,"key":"Energy Potion"}],"is_trial":false,"path_per_floor":["M","?","M","?","?","R","M","R","T","R","$","M","M","M","R","B",null,"M","M","?","M","M","R","$","R","T","M","M","M","?","$","R","B"],"character_chosen":"IRONCLAD","items_purchased":["Pommel Strike","Good Instincts","Flex","Armaments"],"campfire_rested":3,"item_purchase_floors":[31,31,31,31],"current_hp_per_floor":[83,66,66,59,59,59,65,65,65,65,65,63,59,59,59,37,91,92,87,68,56,38,69,69,100,100,81,37,30,30,30,62,0,0],"gold":187,"neow_bonus":"ONE_RANDOM_RARE_CARD","is_daily":false,"chose_seed":false,"campfire_upgraded":4,"win_rate":0.0,"timestamp":1611698043,"path_taken":["M","?","M","?","?","R","?","R","T","R","$","M","M","?","R","BOSS","M","M","?","M","M","R","$","R","T","M","M","M","?","?","R","BOSS"],"items_purchased_type":["Card","Card","Card","Card"],"build_version":"2020-12-22","purchased_purges":0,"victory":false,"max_hp_per_floor":[83,83,83,83,83,83,83,83,83,83,83,87,87,87,87,91,91,95,95,100,100,104,104,104,104,104,104,108,108,108,108,108,108,108],"card_choices":[{"not_picked":["Flex","Clash"],"picked":"Twin Strike","floor":1},{"not_picked":["Metallicize","Heavy Blade"],"picked":"Shrug It Off","floor":3},{"not_picked":["Burning Pact","Sword Boomerang"],"picked":"Perfected Strike","floor":7},{"not_picked":["Warcry","Body Slam"],"picked":"Whirlwind","floor":12},{"not_picked":["Cleave","Thunderclap"],"picked":"Offering","floor":13},{"not_picked":["Seeing Red","Dark Embrace"],"picked":"Iron Wave","floor":14},{"not_picked":["Barricade","Juggernaut"],"picked":"Fiend Fire","floor":16},{"not_picked":["Anger","Heavy Blade+1"],"picked":"Bloodletting","floor":18},{"not_picked":["Burning Pact+1","Iron Wave"],"picked":"Headbutt","floor":19},{"not_picked":["Anger","Shrug It Off"],"picked":"Evolve+1","floor":21},{"not_picked":["Sword Boomerang","Flex"],"picked":"True Grit","floor":22},{"not_picked":["Rampage","Clash"],"picked":"Iron Wave","floor":27},{"not_picked":["Feel No Pain+1","Barricade"],"picked":"Twin Strike+1","floor":28},{"not_picked":["Shockwave","Dark Embrace","Burning Pact"],"picked":"SKIP","floor":29}],"player_experience":336197,"relics_obtained":[],"event_choices":[{"damage_healed":0,"gold_gain":0,"player_choice":"Entered Light","damage_taken":17,"max_hp_gain":0,"max_hp_loss":0,"event_name":"Shining Light","floor":2,"gold_loss":0,"cards_upgraded":["Twin Strike","Strike_R"]},{"cards_removed":["Defend_R"],"damage_healed":0,"gold_gain":0,"player_choice":"Card Removal","damage_taken":7,"max_hp_gain":0,"max_hp_loss":0,"event_name":"Golden Wing","floor":4,"gold_loss":0},{"damage_healed":0,"gold_gain":0,"player_choice":"Upgraded","damage_taken":0,"max_hp_gain":0,"max_hp_loss":0,"event_name":"Upgrade Shrine","floor":5,"gold_loss":0,"cards_upgraded":["Feed"]},{"damage_healed":0,"gold_gain":0,"player_choice":"Shed Blood","damage_taken":24,"max_hp_gain":5,"max_hp_loss":0,"event_name":"Forgotten Altar","floor":20,"gold_loss":0},{"damage_healed":0,"gold_gain":0,"player_choice":"Ignored","damage_taken":0,"max_hp_gain":0,"max_hp_loss":0,"event_name":"The Mausoleum","floor":30,"gold_loss":0}],"is_beta":false,"boss_relics":[{"not_picked":["Black Blood","Philosopher\u0027s Stone","Tiny House"]}],"items_purged_floors":[],"is_endless":false,"potions_floor_spawned":[7,14,19,28,29],"killed_by":"Collector","ascension_level":0}}