{"host":"tkinv8gv6hgcc58b","time":1611690760,"event":{"mods":["AchievementEnabler","BaseMod","BetterRewards","Colored Map","Downfall","Googly Eyes","Hermit","Minty Spire (QoL Compilation)","READ ME - Guardian Mod","Relic Filter","StSLib","The Cursed","The Disciple"],"gold_per_floor":[112,42,42,42,56,56,87,87,113,153,95,108,132,132,132,215,215,230,253,203,232,261,261,303,312,312,355,79,79,105,114,114,194,194,218,218,218,240,22,22,42,0,0,38,93,123,144,170,182,194],"floor_reached":51,"language":"ENG","playtime":3093,"items_purged":["downfall:Bewildered"],"score":1625,"play_id":"ce3ba7c2-a88b-4ad7-a01f-345e7af8f44c","local_time":"20210126145240","is_ascension_mode":true,"campfire_choices":[{"floor":6.0,"key":"REST"},{"floor":8.0,"key":"DIG"},{"floor":15.0,"key":"REST"},{"floor":23.0,"key":"REST"},{"floor":29.0,"key":"REST"},{"floor":32.0,"key":"REST"},{"floor":40.0,"key":"DIG"},{"floor":49.0,"key":"REST"}],"circlet_count":0,"master_deck":["AscendersBane","Strike_G","Strike_G+1","Strike_G+1","Strike_G","Defend_G","Defend_G","Defend_G","Defend_G","Defend_G+1","Survivor","Neutralize","Apotheosis+1","Catalyst","Footwork+1","PiercingWail","Cloak And Dagger","Slice+1","Accuracy","Deadly Poison","After Image","Riddle With Holes+1","Adrenaline","Leg Sweep","Infinite Blades","Crippling Poison","Crippling Poison","Bouncing Flask","Noxious Fumes","Corpse Explosion","Deadly Poison+1","Escape Plan","Deadly Poison+1","Calculated Gamble","Adrenaline","Bandage Up"],"relics":["Ring of the Snake","Shovel","Unceasing Top","Molten Egg 2","Pantograph","CeramicFish","InkBottle","Bird Faced Urn","Fusion Hammer","MealTicket","Whetstone","Letter Opener","Strange Spoon","sneckomod:BabySnecko","Philosopher\u0027s Stone","TheAbacus","Gambling Chip","Red Mask","MawBank","HornCleat"],"acts_visited":["Exordium","TheCity","TheBeyond"],"potions_floor_usage":[50],"damage_taken":[{"damage":0.0,"enemies":"Jaw Worm","floor":1.0,"turns":5.0},{"damage":5.0,"enemies":"Small Slimes","floor":5.0,"turns":5.0},{"damage":8.0,"enemies":"Lagavulin","floor":7.0,"turns":10.0},{"damage":25.0,"enemies":"Gremlin Nob","floor":10.0,"turns":5.0},{"damage":0.0,"enemies":"2 Louse","floor":12.0,"turns":3.0},{"damage":15.0,"enemies":"Large Slime","floor":13.0,"turns":7.0},{"damage":27.0,"enemies":"Hexaghost","floor":16.0,"turns":10.0},{"damage":15.0,"enemies":"Spheric Guardian","floor":18.0,"turns":6.0},{"damage":8.0,"enemies":"Shell Parasite","floor":19.0,"turns":6.0},{"damage":23.0,"enemies":"Chosen and Byrds","floor":21.0,"turns":6.0},{"damage":13.0,"enemies":"Sentry and Sphere","floor":22.0,"turns":6.0},{"damage":16.0,"enemies":"Gremlin Leader","floor":24.0,"turns":9.0},{"damage":35.0,"enemies":"Slavers","floor":27.0,"turns":8.0},{"damage":20.0,"enemies":"3 Cultists","floor":30.0,"turns":5.0},{"damage":38.0,"enemies":"Collector","floor":33.0,"turns":8.0},{"damage":7.0,"enemies":"Orb Walker","floor":35.0,"turns":4.0},{"damage":0.0,"enemies":"3 Darklings","floor":38.0,"turns":3.0},{"damage":19.0,"enemies":"Sphere and 2 Shapes","floor":41.0,"turns":3.0},{"damage":5.0,"enemies":"4 Shapes","floor":44.0,"turns":3.0},{"damage":35.0,"enemies":"Giant Head","floor":45.0,"turns":7.0},{"damage":9.0,"enemies":"3 Darklings","floor":46.0,"turns":3.0},{"damage":33.0,"enemies":"Spire Growth","floor":48.0,"turns":5.0},{"damage":55,"enemies":"Awakened One","floor":50,"turns":10}],"seed_played":"-7985728202224847902","potions_obtained":[{"floor":7.0,"key":"hexamod:SoulburnPotion"},{"floor":13.0,"key":"CunningPotion"},{"floor":16.0,"key":"Dexterity Potion"},{"floor":22.0,"key":"PowerPotion"},{"floor":35.0,"key":"CultistPotion"}],"is_trial":false,"path_per_floor":["M","?","$","?","M","R","E","R","T","E","$","M","M","?","R","B",null,"M","M","?","M","M","R","E","?","T","E","$","R","M","?","R","B",null,"M","?","?","M","$","R","M","?","T","M","E","M","?","M","R","B",null],"character_chosen":"THE_SILENT","items_purchased":["Apotheosis","Shovel","Catalyst","Footwork","Accuracy","Strange Spoon","Bouncing Flask","FairyPotion","TheAbacus"],"campfire_rested":6,"item_purchase_floors":[0,0,0,0,11,28,28,28,39],"current_hp_per_floor":[38,38,38,38,33,52,44,44,44,19,19,19,4,4,23,25,56,47,45,45,28,21,40,28,28,28,1,16,35,21,21,40,37,59,56,56,56,58,66,66,47,47,47,46,21,20,20,19,38,22],"gold":206,"neow_bonus":"","is_daily":false,"chose_seed":false,"campfire_upgraded":0,"win_rate":0.0,"timestamp":1611690760,"path_taken":["M","?","$","?","M","R","E","R","T","E","$","M","M","?","R","BOSS","M","M","?","M","?","R","E","?","T","E","?","R","M","?","R","BOSS","M","?","?","?","$","R","M","?","T","M","E","M","?","M","R","BOSS"],"items_purchased_type":["Card","Relic","Card","Card","Card","Relic","Card","Potion","Relic"],"build_version":"2020-12-22","purchased_purges":1,"victory":true,"max_hp_per_floor":[66,66,66,66,66,66,66,66,66,66,66,66,66,66,66,66,66,66,66,66,66,66,66,66,66,66,66,66,66,66,66,66,66,66,66,66,66,66,66,66,66,66,66,66,66,66,66,66,66,66],"card_choices":[{"not_picked":["Backflip","Masterful Stab","Underhanded Strike"],"picked":"SKIP","floor":1.0},{"not_picked":["Choke","Underhanded Strike"],"picked":"PiercingWail","floor":5.0},{"not_picked":["All Out Attack+1","Endless Agony+1"],"picked":"Cloak And Dagger","floor":7.0},{"not_picked":["Prepared","Night Terror"],"picked":"Slice+1","floor":10.0},{"not_picked":["Underhanded Strike+1","Skewer+1","Backflip"],"picked":"SKIP","floor":12.0},{"not_picked":["Flechettes+1","Sucker Punch+1"],"picked":"Deadly Poison","floor":13.0},{"not_picked":["Glass Knife+1","Adrenaline"],"picked":"After Image","floor":16.0},{"not_picked":["Backflip","Dodge and Roll","Eviscerate+1"],"picked":"SKIP","floor":18.0},{"not_picked":["Backflip","Eviscerate+1"],"picked":"Riddle With Holes+1","floor":19.0},{"not_picked":["Quick Slash+1","Flying Knee+1"],"picked":"Adrenaline","floor":21.0},{"not_picked":["Acrobatics+1","Heel Hook+1"],"picked":"Leg Sweep","floor":22.0},{"not_picked":["Flying Knee+1","Leg Sweep+1"],"picked":"Infinite Blades","floor":24.0},{"not_picked":["Slice+1","Prepared"],"picked":"Crippling Poison","floor":27.0},{"not_picked":["Dagger Throw+1","Concentrate"],"picked":"Noxious Fumes","floor":30.0},{"not_picked":["After Image","Doppelganger"],"picked":"Corpse Explosion","floor":33.0},{"not_picked":["Well Laid Plans","Prepared"],"picked":"Deadly Poison+1","floor":35.0},{"not_picked":["Bane+1","Predator+1"],"picked":"Escape Plan","floor":38.0},{"not_picked":["Deflect+1","Eviscerate+1"],"picked":"Deadly Poison+1","floor":41.0},{"not_picked":["Flying Knee+1","Leg Sweep"],"picked":"Calculated Gamble","floor":44.0},{"not_picked":["Endless Agony+1","Cloak And Dagger+1"],"picked":"Adrenaline","floor":45.0},{"not_picked":["Masterful Stab+1","Skewer+1","Underhanded Strike+1"],"picked":"SKIP","floor":46.0},{"not_picked":["Trip","Mind Blast+1"],"picked":"Bandage Up","floor":47.0},{"not_picked":["Outmaneuver","Crippling Poison","Setup"],"picked":"SKIP","floor":48.0}],"player_experience":1069565,"relics_obtained":[{"floor":7.0,"key":"Molten Egg 2"},{"floor":8.0,"key":"Pantograph"},{"floor":9.0,"key":"CeramicFish"},{"floor":10.0,"key":"InkBottle"},{"floor":24.0,"key":"MealTicket"},{"floor":26.0,"key":"Whetstone"},{"floor":27.0,"key":"Letter Opener"},{"floor":40.0,"key":"Gambling Chip"},{"floor":43.0,"key":"MawBank"},{"floor":45.0,"key":"HornCleat"}],"event_choices":[{"damage_healed":0.0,"max_hp_gain":0.0,"max_hp_loss":0.0,"gold_gain":0.0,"event_name":"World of Goop","player_choice":"Left Gold","floor":2.0,"gold_loss":70.0,"damage_taken":0.0},{"damage_healed":0.0,"max_hp_gain":0.0,"max_hp_loss":0.0,"gold_gain":0.0,"event_name":"Golden Wing","player_choice":"Ignored","floor":4.0,"gold_loss":0.0,"damage_taken":0.0},{"damage_healed":0.0,"max_hp_gain":0.0,"max_hp_loss":0.0,"gold_gain":0.0,"event_name":"Dead Adventurer","player_choice":"Searched \u00271\u0027 times","floor":14.0,"gold_loss":0.0,"damage_taken":0.0,"relics_obtained":["Bird Faced Urn"]},{"damage_healed":0.0,"max_hp_gain":0.0,"max_hp_loss":0.0,"gold_gain":0.0,"event_name":"Designer","player_choice":"Upgraded Two","floor":20.0,"gold_loss":50.0,"damage_taken":0.0,"cards_upgraded":["Footwork","Defend_G"]},{"damage_healed":0.0,"max_hp_gain":0.0,"max_hp_loss":0.0,"gold_gain":0.0,"cards_transformed":["Strike_G"],"event_name":"Transmorgrifier","player_choice":"Transformed","floor":25.0,"gold_loss":0.0,"damage_taken":0.0,"cards_obtained":["Crippling Poison"]},{"damage_healed":0.0,"max_hp_gain":0.0,"max_hp_loss":0.0,"gold_gain":0.0,"event_name":"Mysterious Sphere","player_choice":"Ignored","floor":36.0,"gold_loss":0.0,"damage_taken":0.0},{"damage_healed":0.0,"max_hp_gain":0.0,"max_hp_loss":0.0,"gold_gain":0.0,"event_name":"Accursed Blacksmith","player_choice":"Forge","floor":37.0,"gold_loss":0.0,"damage_taken":0.0,"cards_upgraded":["Apotheosis"]},{"damage_healed":0.0,"max_hp_gain":0.0,"max_hp_loss":0.0,"gold_gain":0.0,"event_name":"Tomb of Lord Red Mask","player_choice":"Paid","floor":42.0,"gold_loss":42.0,"damage_taken":0.0,"relics_obtained":["Red Mask"]},{"damage_healed":0.0,"max_hp_gain":0.0,"max_hp_loss":0.0,"gold_gain":0.0,"event_name":"SensoryStone","player_choice":"Memory 1","floor":47.0,"gold_loss":0.0,"damage_taken":0.0}],"is_beta":false,"boss_relics":[{"not_picked":["Velvet Choker","Astrolabe"],"picked":"Fusion Hammer"},{"not_picked":["Runic Dome","bronze:MakeshiftBattery"],"picked":"Philosopher\u0027s Stone"}],"items_purged_floors":[39],"is_endless":false,"potions_floor_spawned":[7,13,16,22,24,30,35,38,44,45],"ascension_level":15}}