{"host":"ydg0vn0pu4pubmdt","time":1611647346,"event":{"mods":["AchievementEnabler","BaseMod","Colored Map","Gold Saver","Minty Spire (QoL Compilation)","Quick Restart","SuperFastMode"],"gold_per_floor":[118,118,128,128,141,141,159,6,6,22,22,37,52,68,68,139,139,115,132,132,148,48,48,48,62,62,62,77,77,77],"floor_reached":29,"language":"KOR","playtime":1307,"items_purged":["Strike_B","Strike_B"],"score":420,"play_id":"9c91f793-ae54-49ff-b5e8-77c329aecfda","local_time":"20210126164906","is_ascension_mode":true,"campfire_choices":[{"data":"Dualcast","floor":6.0,"key":"SMITH"},{"data":"Genetic Algorithm","floor":11.0,"key":"SMITH"},{"data":"Static Discharge","floor":15.0,"key":"SMITH"},{"floor":23,"key":"REST"},{"floor":24,"key":"REST"}],"circlet_count":0,"master_deck":["AscendersBane","Strike_B","Strike_B","Defend_B","Defend_B","Defend_B","Zap+1","Dualcast+1","Ball Lightning","Cold Snap","Genetic Algorithm+1","Reboot","Lockon","Glacier","FTL","Static Discharge+1","Seek","Melter","Doom and Gloom","BootSequence","Loop","Coolheaded"],"relics":["FrozenCore","NeowsBlessing","Pear","Bottled Flame"],"acts_visited":["Exordium","TheCity"],"potions_floor_usage":[21,28,28],"damage_taken":[{"damage":0.0,"enemies":"Cultist","floor":1.0,"turns":1.0},{"damage":0.0,"enemies":"2 Louse","floor":3.0,"turns":1.0},{"damage":0.0,"enemies":"Small Slimes","floor":5.0,"turns":1.0},{"damage":5.0,"enemies":"Exordium Wildlife","floor":7.0,"turns":3.0},{"damage":6.0,"enemies":"Blue Slaver","floor":10.0,"turns":3.0},{"damage":7.0,"enemies":"Lots of Slimes","floor":12.0,"turns":4.0},{"damage":3.0,"enemies":"2 Fungi Beasts","floor":13.0,"turns":3.0},{"damage":3.0,"enemies":"3 Louse","floor":14.0,"turns":3.0},{"damage":11.0,"enemies":"Hexaghost","floor":16.0,"turns":9.0},{"damage":4,"enemies":"2 Thieves","floor":18,"turns":5},{"damage":29,"enemies":"3 Byrds","floor":19,"turns":7},{"damage":25,"enemies":"Centurion and Healer","floor":21,"turns":6},{"damage":23,"enemies":"3 Cultists","floor":25,"turns":5},{"damage":36,"enemies":"Cultist and Chosen","floor":28,"turns":9},{"damage":11,"enemies":"Snecko","floor":29,"turns":4}],"seed_played":"-5943862045895019297","potions_obtained":[{"floor":7.0,"key":"Explosive Potion"},{"floor":10.0,"key":"Ancient Potion"},{"floor":13.0,"key":"Fruit Juice"},{"floor":14.0,"key":"Ancient Potion"},{"floor":16.0,"key":"SkillPotion"},{"floor":18,"key":"SkillPotion"},{"floor":19,"key":"DistilledChaos"},{"floor":21,"key":"GamblersBrew"}],"is_trial":false,"path_per_floor":["M","?","M","?","M","R","M","$","T","M","R","M","M","M","R","B",null,"M","M","?","M","$","R","R","M","?","T","M","M"],"character_chosen":"DEFECT","items_purchased":["Reboot"],"campfire_rested":2,"item_purchase_floors":[8],"current_hp_per_floor":[64,69,69,69,69,69,64,64,74,68,68,61,58,60,60,49,77,73,44,44,19,19,44,69,46,46,46,10,0,0],"gold":77,"neow_bonus":"THREE_ENEMY_KILL","is_daily":false,"chose_seed":false,"campfire_upgraded":3,"win_rate":0.0,"timestamp":1611647346,"path_taken":["M","?","?","?","M","R","M","?","T","M","R","M","?","M","R","BOSS","M","M","?","M","$","R","R","M","?","T","?","M"],"items_purchased_type":["Card"],"build_version":"2020-12-22","purchased_purges":2,"victory":false,"max_hp_per_floor":[71,71,71,71,71,71,71,71,81,81,81,81,81,86,86,86,86,86,86,86,86,86,86,86,86,86,86,86,86,86],"card_choices":[{"not_picked":["Hologram","Recycle"],"picked":"Compile Driver","floor":1.0},{"not_picked":["Go for the Eyes","Reinforced Body"],"picked":"Ball Lightning","floor":3.0},{"not_picked":["Hologram","Steam Power"],"picked":"Cold Snap","floor":5.0},{"not_picked":["Coolheaded","Gash"],"picked":"Genetic Algorithm","floor":7.0},{"not_picked":["Multi-Cast","Barrage"],"picked":"Lockon","floor":10.0},{"not_picked":["Go for the Eyes","Rebound"],"picked":"Glacier","floor":12.0},{"not_picked":["Compile Driver","Cold Snap"],"picked":"FTL","floor":13.0},{"not_picked":["Blizzard","Heatsinks"],"picked":"Static Discharge","floor":14.0},{"not_picked":["Machine Learning","Echo Form"],"picked":"Seek","floor":16.0},{"not_picked":["Scrape","Ball Lightning"],"picked":"Melter","floor":18},{"not_picked":["Gash","Loop"],"picked":"Doom and Gloom","floor":19},{"not_picked":["Hologram","Doom and Gloom"],"picked":"Loop","floor":21},{"not_picked":["Melter","Beam Cell","Turbo"],"picked":"SKIP","floor":25},{"not_picked":["Auto Shields+1","Redo"],"picked":"Coolheaded","floor":28}],"player_experience":586470,"relics_obtained":[{"floor":9.0,"key":"Pear"},{"floor":27,"key":"Bottled Flame"}],"event_choices":[{"cards_removed":["Compile Driver"],"damage_healed":5.0,"max_hp_gain":0.0,"max_hp_loss":0.0,"gold_gain":0.0,"event_name":"Bonfire Elementals","player_choice":"Offered Common","floor":2.0,"gold_loss":0.0,"damage_taken":0.0},{"cards_removed":["Compile Driver"],"damage_healed":5.0,"max_hp_gain":0.0,"max_hp_loss":0.0,"gold_gain":0.0,"event_name":"Bonfire Elementals","player_choice":"Offered Special","floor":2.0,"gold_loss":0.0,"damage_taken":0.0},{"damage_healed":0.0,"max_hp_gain":0.0,"max_hp_loss":0.0,"gold_gain":0.0,"event_name":"Upgrade Shrine","player_choice":"Upgraded","floor":4.0,"gold_loss":0.0,"damage_taken":0.0,"cards_upgraded":["Zap"]},{"damage_healed":0,"gold_gain":0,"player_choice":"Read","damage_taken":0,"max_hp_gain":0,"max_hp_loss":0,"event_name":"The Library","floor":20,"gold_loss":0,"cards_obtained":["BootSequence"]},{"cards_removed":["Defend_B"],"damage_healed":0,"gold_gain":0,"player_choice":"Elegance","damage_taken":0,"max_hp_gain":0,"max_hp_loss":0,"event_name":"Back to Basics","floor":26,"gold_loss":0}],"is_beta":false,"boss_relics":[{"not_picked":["Astrolabe","Nuclear Battery"],"picked":"FrozenCore"}],"items_purged_floors":[8,22],"is_endless":false,"potions_floor_spawned":[7,10,13,14,16,18,19,21],"killed_by":"Snecko","ascension_level":18}}