{"host":"8a72fthmlk1o8pdb","time":1611705420,"event":{"mods":["AchievementEnabler","Aspiration","Astrologer","Bard","BaseMod","Beaked The Cultist","Better Third Choice","Colored Map","Colored Powertips","Downfall","Friendly Minions","GifTheSpireLib","Googly Eyes","Gremlin Mod","Hermit","Jorbs\u0027s Wanderer Trilogy","Marisa????????","Minty Spire (QoL Compilation)","Permanent Neow","Rare Cards Sparkle","Robot Space Explorer","Shop Mod","StSLib","The Animator","The Construct","The Cursed","The Disciple","The Hierophant","The Necromancer","The Poker Player","The Runesmith"],"gold_per_floor":[116,66,166,186,200,200,216,72,151,166,177,209,219,239,239,356,356,376,376,31,31,42,42,54,104,130,146,146,161,95,107,107,107,107],"floor_reached":33,"language":"ENG","playtime":2407,"items_purged":[],"score":278,"play_id":"5cd075ea-9229-4d55-a8ad-a6010e184f7a","local_time":"20210126155700","is_ascension_mode":false,"campfire_choices":[{"data":"beaked:StickSmack","floor":6,"key":"SMITH"},{"floor":15,"key":"RECALL"},{"floor":23,"key":"REST"},{"data":"beaked:KnowThyFoe","floor":28,"key":"SMITH"},{"floor":32,"key":"REST"}],"circlet_count":0,"master_deck":["beaked:Strike_Y","beaked:Strike_Y","beaked:Strike_Y","beaked:Strike_Y","beaked:Strike_Y+1","beaked:Strike_Y+1","beaked:Defend_Y","beaked:Defend_Y","beaked:Defend_Y","beaked:Defend_Y","beaked:Ceremony","beaked:Ceremony","beaked:Ceremony","beaked:Evade","beaked:Insight","beaked:StickSmack+1","beaked:VigorBurst","beaked:CrazyRituals","beaked:MimicHuntress","beaked:KnowThyFoe+1","beaked:Resilience"],"relics":["beaked:MendingPlumage","Ring of the Snake","Toolbox","Mummified Hand","Pocketwatch","Black Star","MerchantsRug","aspiration:SeaSaltIceCream","aspiration:Nostalgia","champ:ChampionCrown","Enchiridion","Whetstone","Strawberry"],"acts_visited":["Exordium","TheCity"],"potions_floor_usage":[16,16,22,29,31,31],"damage_taken":[{"damage":12,"enemies":"2 Louse","floor":1,"turns":4},{"damage":10,"enemies":"Cultist","floor":4,"turns":4},{"damage":2,"enemies":"Small Slimes","floor":5,"turns":5},{"damage":17,"enemies":"Looter","floor":7,"turns":4},{"damage":26,"enemies":"Exordium Thugs","floor":10,"turns":6},{"damage":0,"enemies":"3 Louse","floor":11,"turns":4},{"damage":16,"enemies":"Lagavulin","floor":12,"turns":7},{"damage":14,"enemies":"Blue Slaver","floor":13,"turns":4},{"damage":8,"enemies":"2 Fungi Beasts","floor":14,"turns":4},{"damage":27,"enemies":"Hexaghost","floor":16,"turns":7},{"damage":40,"enemies":"Spheric Guardian","floor":18,"turns":5},{"damage":27,"enemies":"Chosen","floor":22,"turns":5},{"damage":42,"enemies":"Snake Plant","floor":24,"turns":6},{"damage":16,"enemies":"Snecko","floor":27,"turns":5},{"damage":58,"enemies":"Centurion and Healer","floor":29,"turns":6},{"damage":21,"enemies":"Cultist and Chosen","floor":31,"turns":5},{"damage":107,"enemies":"Automaton","floor":33,"turns":6}],"seed_played":"-771774705663483406","potions_obtained":[{"floor":4,"key":"bronze:BurnAndBuffPotion"},{"floor":7,"key":"LiquidBronze"},{"floor":10,"key":"DistilledChaos"},{"floor":16,"key":"Regen Potion"},{"floor":18,"key":"Dexterity Potion"},{"floor":24,"key":"Block Potion"},{"floor":27,"key":"Slimebound:ThreeZeroPotion"}],"is_trial":false,"path_per_floor":["M","$","?","M","M","R","M","$","T","M","M","E","M","M","R","B",null,"M","?","$","?","M","R","M","?","T","M","R","M","?","M","R","B"],"character_chosen":"BEAKED_THE_CULTIST","items_purchased":["beaked:Insight","Toolbox","MerchantsRug","aspiration:SeaSaltIceCream","beaked:Resilience"],"campfire_rested":2,"item_purchase_floors":[2,8,20,20,20],"current_hp_per_floor":[46,46,46,48,50,50,40,40,40,50,55,52,50,55,55,55,55,35,26,26,10,13,31,36,36,36,51,51,15,35,39,59,0,0],"gold":107,"neow_bonus":"NOSTALGIA","is_daily":false,"chose_seed":false,"campfire_upgraded":2,"win_rate":0.0,"timestamp":1611705420,"path_taken":["M","$","?","M","M","R","M","?","T","M","M","E","M","M","R","BOSS","M","?","$","?","M","R","M","?","T","M","R","?","?","M","R","BOSS"],"items_purchased_type":["Card","Relic","Relic","Relic","Card"],"build_version":"2020-12-22","purchased_purges":0,"victory":false,"max_hp_per_floor":[50,50,50,50,50,50,50,50,50,55,55,55,55,55,55,55,55,55,60,60,60,60,60,60,60,60,60,60,69,69,69,69,69,69],"card_choices":[{"not_picked":["beaked:Windmill","beaked:MachineSpirit"],"picked":"beaked:Evade","floor":1},{"not_picked":["beaked:BraceForImpact","beaked:CursingBlood","beaked:FeelMyPain"],"picked":"SKIP","floor":4},{"not_picked":["beaked:Tweet","beaked:SurvivalInstinct"],"picked":"beaked:StickSmack","floor":5},{"not_picked":["beaked:Daydream","beaked:Foresight","beaked:BraceForImpact"],"picked":"SKIP","floor":7},{"not_picked":["beaked:Cower","beaked:Tweet"],"picked":"beaked:VigorBurst","floor":10},{"not_picked":["beaked:RitualOfBody","beaked:HuntressEssence","beaked:Cower"],"picked":"SKIP","floor":11},{"not_picked":["beaked:MimicWarrior","beaked:Brace"],"picked":"beaked:CrazyRituals","floor":12},{"not_picked":["beaked:Cower","beaked:Overexert","beaked:StunningBlow"],"picked":"SKIP","floor":13},{"not_picked":["beaked:Tradeoff","beaked:FeelMyPain"],"picked":"beaked:MimicHuntress","floor":14},{"not_picked":["beaked:AwakenedForm","beaked:FakeOut"],"picked":"beaked:KnowThyFoe","floor":16},{"not_picked":["beaked:FeelMyPain","beaked:Resilience","beaked:Negation"],"picked":"SKIP","floor":18},{"not_picked":["beaked:Cower","beaked:Daydream","beaked:BraceForImpact"],"picked":"SKIP","floor":22},{"not_picked":["beaked:BraceForImpact","beaked:Tweet","beaked:SurvivalInstinct"],"picked":"SKIP","floor":24},{"not_picked":["beaked:Resilience","beaked:Cower","beaked:Tweet+1"],"picked":"SKIP","floor":27},{"not_picked":["beaked:Insight","beaked:Sacrifice","beaked:Tradeoff"],"picked":"SKIP","floor":29},{"not_picked":["beaked:FeelMyPain","beaked:Devastation","beaked:Roost"],"picked":"SKIP","floor":31}],"player_experience":11862,"relics_obtained":[{"floor":9,"key":"Mummified Hand"},{"floor":12,"key":"Pocketwatch"},{"floor":21,"key":"Enchiridion"},{"floor":26,"key":"Whetstone"},{"floor":29,"key":"Strawberry"}],"event_choices":[{"damage_healed":0,"gold_gain":100,"player_choice":"Pray","damage_taken":0,"max_hp_gain":0,"max_hp_loss":0,"event_name":"Golden Shrine","floor":3,"gold_loss":0},{"damage_healed":0,"gold_gain":0,"player_choice":"Shed Blood","damage_taken":14,"max_hp_gain":5,"max_hp_loss":0,"event_name":"Forgotten Altar","floor":19,"gold_loss":0},{"damage_healed":0,"gold_gain":0,"player_choice":"Obtained Book","damage_taken":16,"max_hp_gain":0,"max_hp_loss":0,"event_name":"Cursed Tome","floor":21,"gold_loss":0},{"damage_healed":0,"gold_gain":100,"player_choice":"Bet on Murderer","damage_taken":0,"max_hp_gain":0,"max_hp_loss":0,"event_name":"The Joust","floor":25,"gold_loss":50}],"is_beta":false,"boss_relics":[{"not_picked":["aspiration:RunicSpoon","Calling Bell"],"picked":"Black Star"}],"items_purged_floors":[],"is_endless":false,"potions_floor_spawned":[4,7,10,16,18,24,27],"killed_by":"Automaton","ascension_level":0}}