{"host":"1omuyl0df1yi03p2","time":1611682976,"event":{"mods":["BaseMod","Colored Map","Colored Powertips","Downfall","Hubris","Infinite Spire","Minty Spire (QoL Compilation)","Replay The Spire","StSLib","The Bug Knight","The Necromancer","The Wild Card"],"gold_per_floor":[99,115,132,151,64,75,75,75,75,75,75,75,60,90,100,100,100,100],"floor_reached":16,"language":"ENG","playtime":1840,"items_purged":[],"score":100,"play_id":"96b1d047-fd47-471d-906d-f5d20648f97b","local_time":"20210126114256","is_ascension_mode":false,"campfire_choices":[{"data":"Slimebound:CorrosiveSpit","floor":1,"key":"SMITH"},{"data":"Slimebound:Split","floor":9,"key":"SMITH"},{"data":"Slimebound:Schlurp","floor":12,"key":"SMITH"}],"circlet_count":0,"master_deck":["Slimebound:Strike_Slimebound","Slimebound:Strike_Slimebound","Slimebound:Strike_Slimebound","Slimebound:Tackle","Slimebound:Defend_Slimebound","Slimebound:Defend_Slimebound","Slimebound:Defend_Slimebound","Slimebound:Defend_Slimebound","Slimebound:Split+1","Slimebound:CorrosiveSpit+1","Slimebound:GrowthPunch","Slimebound:Schlurp+1","Slimebound:Gluttony","Slimebound:Gluttony","Slimebound:LeechingTouch","Slimebound:Equalize+1","Slimebound:ForwardTackle","Slimebound:Overexert","Slimebound:LivingWall"],"relics":["Slimebound:AbsorbEndCombat","hubris:Reverence","Matryoshka"],"acts_visited":["Exordium"],"potions_floor_usage":[13,16,16],"damage_taken":[{"damage":4,"enemies":"Jaw Worm","floor":2,"turns":4},{"damage":0,"enemies":"2 Louse","floor":3,"turns":3},{"damage":0,"enemies":"Small Slimes","floor":4,"turns":3},{"damage":0,"enemies":"downfall:FleeingMerchant","floor":5,"turns":4},{"damage":8,"enemies":"Exordium Wildlife","floor":6,"turns":3},{"damage":11,"enemies":"downfall:FleeingMerchant","floor":13,"turns":4},{"damage":4,"enemies":"Lagavulin","floor":14,"turns":5},{"damage":4,"enemies":"Blue Slaver","floor":15,"turns":3},{"damage":96,"enemies":"WA_ARCHETYPE_RETAIN","floor":16,"turns":10}],"seed_played":"-5673077500532673826","potions_obtained":[{"floor":4,"key":"infinitespire:BlackPotion"},{"floor":6,"key":"SkillPotion"},{"floor":14,"key":"Explosive Potion"}],"is_trial":false,"path_per_floor":["R","M","M","M","$","M","T","?","R","?","?","R","$","E","M","B"],"character_chosen":"SLIMEBOUND","items_purchased":["Slimebound:Gluttony"],"campfire_rested":0,"item_purchase_floors":[5],"current_hp_per_floor":[71,69,71,71,71,71,71,71,71,71,71,71,71,67,71,0,0,0],"gold":100,"neow_bonus":"TEN_PERCENT_HP_BONUS","is_daily":false,"chose_seed":false,"campfire_upgraded":3,"win_rate":0.0,"timestamp":1611682976,"path_taken":["R","M","M","M","$","M","T","?","R","?","?","R","$","E","M","BOSS"],"items_purchased_type":["Card"],"build_version":"2020-12-22","purchased_purges":0,"victory":false,"max_hp_per_floor":[71,71,71,71,71,71,71,71,71,71,71,71,71,71,71,71,71,71],"card_choices":[{"not_picked":["Slimebound:SamplingLick","Slimebound:FinishingTackle"],"picked":"Slimebound:GrowthPunch","floor":2},{"not_picked":["Slimebound:SlimeBarrage","Slimebound:Replication"],"picked":"Slimebound:SamplingLick","floor":3},{"not_picked":["Slimebound:LivingWall","Slimebound:FlameTackle"],"picked":"Slimebound:Schlurp","floor":4},{"not_picked":["Slimebound:SamplingLick","Slimebound:SlimeSpikes"],"picked":"Slimebound:Gluttony","floor":5},{"not_picked":["Slimebound:Chomp","Slimebound:Prepare"],"picked":"Slimebound:LeechingTouch","floor":6},{"not_picked":["Slimebound:FirmFortitude","Slimebound:SlimeBrawl"],"picked":"Slimebound:ForwardTackle","floor":13},{"not_picked":["Slimebound:SplitAcid","Slimebound:Schlurp"],"picked":"Slimebound:Overexert","floor":14},{"not_picked":["Slimebound:GoopTackle","Slimebound:FinishingTackle"],"picked":"Slimebound:LivingWall","floor":15}],"player_experience":154722,"relics_obtained":[{"floor":7,"key":"hubris:Reverence"},{"floor":14,"key":"Matryoshka"}],"event_choices":[],"is_beta":false,"boss_relics":[],"items_purged_floors":[],"is_endless":false,"potions_floor_spawned":[4,6,14],"killed_by":"WA_ARCHETYPE_RETAIN","ascension_level":0}}