{"host":"2eswhqk6sgfpt1j1","time":1611651859,"event":{"mods":["Act Like it!","BaseMod","Colored Powertips","Downfall","Duelist Mod","Hallownest","Hunter ¡‘»À","Minty Spire (QoL Compilation)","Replay The Spire","StSLib","The Bug Knight","The Cursed","The Servant 0.9.4"],"gold_per_floor":[119,145,145,164,164,164,174,190,190,190,209,235,250,266,266,364,364,383,60,60,79,79,112,112,112],"floor_reached":24,"language":"ZHS","playtime":1770,"items_purged":["HollowMod:FocusHealStart"],"score":268,"play_id":"e0f554a3-da97-4cd4-8cd2-66d64703a866","local_time":"20210126170419","is_ascension_mode":false,"campfire_choices":[{"data":"HollowMod:MantisMark","floor":6,"key":"SMITH"},{"data":"HollowMod:Hiveblood","floor":15,"key":"SMITH"}],"circlet_count":0,"master_deck":["HollowMod:NailStrikeStart+1","HollowMod:NailStrikeStart","HollowMod:NailStrikeStart","HollowMod:QuickDashStart+1","HollowMod:QuickDashStart","HollowMod:QuickDashStart","HollowMod:PogoStrike","HollowMod:LifebloodCore+1","HollowMod:HowlingWraiths+1","HollowMod:MantisMark+1","Finesse","HollowMod:MonarchWings","HollowMod:DoubleDash"],"relics":["HollowMod:VesselMask","War Paint","Slimebound:PreparedRelic","Thread and Needle","bronze:MakeshiftBattery","Gremlin Horn","Replay:Rubber Ducky"],"acts_visited":["Hallownest:Greenpath","Hallownest:CityofTears"],"potions_floor_usage":[12,16,16,16,16,16,16,16,16,23],"damage_taken":[{"damage":0,"enemies":"Hallownest:2_Baldur","floor":1,"turns":5},{"damage":0,"enemies":"Hallownest:monsterHuskWarrior","floor":4,"turns":4},{"damage":0,"enemies":"2_ Uuma","floor":7,"turns":3},{"damage":0,"enemies":"Hallownest:Wandering_and_Horned","floor":8,"turns":4},{"damage":0,"enemies":"Hallownest:1_Baldur_1_Crawlid_1_Warrior","floor":11,"turns":5},{"damage":24,"enemies":"Hallownest:eliteMossKnight","floor":12,"turns":7},{"damage":0,"enemies":"Hallownest:2_Tiktiks_1_Baldur_1_Crawlid","floor":13,"turns":5},{"damage":0,"enemies":"Hallownest:Wandering_and_Horned","floor":14,"turns":5},{"damage":0,"enemies":"Hallownest:BossBrokenVessel","floor":16,"turns":8},{"damage":0,"enemies":"Hallownest:2_Mistakes","floor":18,"turns":6},{"damage":0,"enemies":"Hallownest:Flukemon_and_Top","floor":21,"turns":3},{"damage":27,"enemies":"Hallownest:eliteWatcherKnight","floor":23,"turns":17},{"damage":39,"enemies":"Hallownest:3_Mistakes","floor":24,"turns":4}],"seed_played":"2336410887903881008","potions_obtained":[{"floor":4,"key":"AttackPotion"},{"floor":12,"key":"LiquidBronze"},{"floor":13,"key":"EntropicBrew"},{"floor":21,"key":"Toxic Potion"}],"is_trial":false,"path_per_floor":["M","T","?","M","?","R","M","M","T","?","M","E","M","M","R","B",null,"M","$","?","M","?","E","M"],"character_chosen":"THE_BUGKNIGHT","items_purchased":["Gremlin Horn"],"campfire_rested":0,"item_purchase_floors":[19],"current_hp_per_floor":[75,75,68,68,68,68,68,68,68,68,68,56,65,68,68,68,68,68,68,68,68,64,37,0,0],"gold":112,"neow_bonus":"ONE_RANDOM_RARE_CARD","is_daily":false,"chose_seed":false,"campfire_upgraded":2,"win_rate":0.0,"timestamp":1611651859,"path_taken":["M","?","?","M","?","R","M","M","T","?","?","E","M","?","R","BOSS","M","$","?","M","?","E","M"],"items_purchased_type":["Relic"],"build_version":"2020-12-22","purchased_purges":1,"victory":false,"max_hp_per_floor":[75,75,68,68,68,68,68,68,68,68,68,68,68,68,68,68,68,68,68,68,68,68,68,68,68],"card_choices":[{"not_picked":["HollowMod:AbyssShriek","HollowMod:InfectedCysts"],"picked":"HollowMod:HowlingWraiths","floor":1},{"not_picked":["HollowMod:Grubsong","HollowMod:MothsMistake"],"picked":"HollowMod:MantisMark","floor":4},{"not_picked":["HollowMod:ShadowDash","HollowMod:GoodIntentions","HollowMod:VengefulVoid"],"picked":"SKIP","floor":7},{"not_picked":["HollowMod:InfectedCysts","HollowMod:WraithStrike","HollowMod:SoulStrike"],"picked":"SKIP","floor":8},{"not_picked":["Impatience","Blind"],"picked":"Finesse","floor":10},{"not_picked":["HollowMod:DescendingDark","HollowMod:WraithStrike"],"picked":"HollowMod:Hiveblood","floor":11},{"not_picked":["HollowMod:VengefulVoid","HollowMod:FastStrike"],"picked":"HollowMod:MonarchWings","floor":12},{"not_picked":["HollowMod:CrystalDash","HollowMod:MonarchWings"],"picked":"HollowMod:DoubleDash","floor":13},{"not_picked":["HollowMod:SharpenedNail","HollowMod:DescendingDark","HollowMod:ChannelNail"],"picked":"SKIP","floor":14},{"not_picked":["HollowMod:HowlingWraiths+1","HollowMod:GoodIntentions","HollowMod:NewJinnsSoul"],"picked":"SKIP","floor":18},{"not_picked":["HollowMod:HowlingWraiths","HollowMod:ChannelNail","HollowMod:FallenFury"],"picked":"SKIP","floor":21},{"not_picked":["HollowMod:SiblingsSouls","HollowMod:CrystalDash+1","HollowMod:LifebloodCocoon"],"picked":"SKIP","floor":23}],"player_experience":440640,"relics_obtained":[{"floor":2,"key":"War Paint"},{"floor":9,"key":"Slimebound:PreparedRelic"},{"floor":12,"key":"Thread and Needle"},{"floor":23,"key":"Replay:Rubber Ducky"}],"event_choices":[],"is_beta":false,"boss_relics":[{"not_picked":["Pandora\u0027s Box","Replay:Bronze Core"],"picked":"bronze:MakeshiftBattery"}],"items_purged_floors":[19],"is_endless":false,"potions_floor_spawned":[4,12,13,21],"killed_by":"Hallownest:3_Mistakes","ascension_level":0}}