{"host":"u7lm8z2rvb4dg2oo","time":1611643291,"event":{"mods":["AchievementEnabler","BaseMod","Bestiary","Block Reminder","Colored Map","Colored Powertips","Curses Come First","DeckTracker","Googly Eyes","Highlight Path","Minty Spire (QoL Compilation)","Quick Restart","StSLib"],"gold_per_floor":[113,113,46,46,66,66,26,61,61,101,101,122,122,136,136,136,136],"floor_reached":16,"language":"ENG","playtime":628,"items_purged":[],"score":237,"play_id":"6a4d7e96-8b77-4cd4-a652-bfec48eb51e6","local_time":"20210126014131","is_ascension_mode":true,"campfire_choices":[{"floor":6.0,"key":"REST"},{"data":"Terror","floor":11.0,"key":"SMITH"},{"data":"Footwork","floor":13.0,"key":"SMITH"},{"data":"Malaise","floor":15.0,"key":"SMITH"}],"circlet_count":0,"master_deck":["AscendersBane","Strike_G","Strike_G","Strike_G","Strike_G","Strike_G","Defend_G","Defend_G+1","Defend_G","Defend_G","Defend_G","Survivor+1","Neutralize","Deadly Poison","Footwork+1","Bouncing Flask","Malaise+1","Terror+1","Poisoned Stab","Cloak And Dagger"],"relics":["Ring of the Snake","NeowsBlessing","Golden Idol","TungstenRod","Bottled Lightning","Pen Nib"],"acts_visited":["Exordium"],"potions_floor_usage":[],"damage_taken":[{"damage":0.0,"enemies":"Small Slimes","floor":1.0,"turns":1.0},{"damage":0.0,"enemies":"Jaw Worm","floor":5.0,"turns":1.0},{"damage":0.0,"enemies":"Gremlin Nob","floor":8.0,"turns":1.0},{"damage":0.0,"enemies":"3 Sentries","floor":10.0,"turns":6.0},{"damage":0.0,"enemies":"Cultist","floor":12.0,"turns":4.0},{"damage":0.0,"enemies":"3 Louse","floor":14.0,"turns":4.0},{"damage":59,"enemies":"Slime Boss","floor":16,"turns":11}],"seed_played":"6388498996083924760","potions_obtained":[{"floor":7.0,"key":"DistilledChaos"},{"floor":7.0,"key":"LiquidBronze"},{"floor":7.0,"key":"EntropicBrew"},{"floor":14.0,"key":"Fruit Juice"}],"is_trial":false,"path_per_floor":["M","?","$","?","M","R","?","E","T","E","R","M","R","M","R","B"],"character_chosen":"THE_SILENT","items_purchased":["Footwork"],"campfire_rested":1,"item_purchase_floors":[3],"current_hp_per_floor":[63,46,46,32,32,53,53,53,53,53,53,53,53,58,58,0,0],"gold":136,"neow_bonus":"THREE_ENEMY_KILL","is_daily":false,"chose_seed":false,"campfire_upgraded":3,"win_rate":0.0,"timestamp":1611643291,"path_taken":["M","?","$","?","?","R","?","E","T","E","R","M","R","M","R","BOSS"],"items_purchased_type":["Card"],"build_version":"2020-12-22","purchased_purges":0,"victory":false,"max_hp_per_floor":[70,70,70,70,70,70,70,70,70,70,70,70,70,75,75,75,75],"card_choices":[{"not_picked":["Flying Knee","Masterful Stab"],"picked":"Deadly Poison","floor":1.0},{"not_picked":["Predator","Poisoned Stab"],"picked":"Bouncing Flask","floor":5.0},{"not_picked":["Flechettes","Riddle With Holes"],"picked":"Malaise","floor":8.0},{"not_picked":["Blade Dance","Dash"],"picked":"Terror","floor":10.0},{"not_picked":["Flying Knee","Deflect"],"picked":"Poisoned Stab","floor":12.0},{"not_picked":["Quick Slash","Slice"],"picked":"Cloak And Dagger","floor":14.0}],"player_experience":1032354,"relics_obtained":[{"floor":8.0,"key":"TungstenRod"},{"floor":9.0,"key":"Bottled Lightning"},{"floor":10.0,"key":"Pen Nib"}],"event_choices":[{"damage_healed":0.0,"max_hp_gain":0.0,"max_hp_loss":0.0,"gold_gain":0.0,"event_name":"Golden Idol","player_choice":"Take Damage","floor":2.0,"gold_loss":0.0,"damage_taken":17.0,"relics_obtained":["Golden Idol"]},{"damage_healed":0.0,"max_hp_gain":0.0,"max_hp_loss":0.0,"gold_gain":0.0,"event_name":"Shining Light","player_choice":"Entered Light","floor":4.0,"gold_loss":0.0,"damage_taken":14.0,"cards_upgraded":["Survivor","Defend_G"]},{"damage_healed":0.0,"max_hp_gain":0.0,"max_hp_loss":0.0,"gold_gain":0.0,"event_name":"The Woman in Blue","player_choice":"Bought 3 Potions","floor":7.0,"gold_loss":0.0,"damage_taken":0.0}],"is_beta":false,"boss_relics":[],"items_purged_floors":[],"is_endless":false,"potions_floor_spawned":[14],"killed_by":"Slime Boss","ascension_level":10}}