{"host":"wn5psrz55l2vtftw","time":1611641285,"event":{"mods":["BaseMod","Colored Powertips","Good Game Mod","Minty Spire (QoL Compilation)","Relic Filter Mod","Spicy Shops","StSLib","UnlockEverythingMod"],"gold_per_floor":[109,109,124,124,140,140,150,178,178,178,189,189,201,126,126,230,230,243,243,243,256,181,181,181,181,206,206,231,231,249,268,268,371,371,383,392,401,176,186,186,200,200,273,273,299,299,310,335,335,335,335],"floor_reached":50,"language":"ZHS","playtime":3745,"items_purged":["WindmillStrike","Writhe","SignatureMove"],"score":540,"play_id":"cf0ec240-4b92-4319-aac6-f95c187ceb36","local_time":"20210126140805","daily_mods":["Draft"],"is_ascension_mode":true,"campfire_choices":[{"data":"TalkToTheHand","floor":6.0,"key":"SMITH"},{"floor":10.0,"key":"REST"},{"data":"Adaptation","floor":12.0,"key":"SMITH"},{"data":"Study","floor":15.0,"key":"SMITH"},{"data":"Alpha","floor":23.0,"key":"SMITH"},{"data":"Halt","floor":24.0,"key":"SMITH"},{"data":"Wallop","floor":27.0,"key":"SMITH"},{"floor":29.0,"key":"REST"},{"floor":32.0,"key":"REST"},{"data":"LikeWater","floor":40.0,"key":"SMITH"},{"floor":42.0,"key":"REST"},{"floor":46.0,"key":"REST"},{"floor":49.0,"key":"REST"}],"circlet_count":0,"master_deck":["Study+1","Vengeance+1","SashWhip","Halt+1","InnerPeace","Consecrate","TalkToTheHand+1","CutThroughFate","WindmillStrike","EmptyBody+1","JustLucky","Vengeance","Conclude","LikeWater+1","Judgement+1","Adaptation+1","Alpha+1","Wallop+1","FlurryOfBlows+1","Secret Weapon","Parasite"],"relics":["PureWater","REME:ComplimentaryCards","Regal Pillow","WingedGreaves","Busted Crown","Blue Candle","Spirit Poop","CeramicFish","War Paint","Philosopher\u0027s Stone","Molten Egg 2","Singing Bowl"],"acts_visited":["Exordium","TheCity","TheBeyond"],"potions_floor_usage":[],"damage_taken":[{"damage":5.0,"enemies":"Jaw Worm","floor":1.0,"turns":2.0},{"damage":0.0,"enemies":"Cultist","floor":3.0,"turns":2.0},{"damage":0.0,"enemies":"2 Louse","floor":5.0,"turns":1.0},{"damage":10.0,"enemies":"Red Slaver","floor":7.0,"turns":4.0},{"damage":0.0,"enemies":"Lagavulin","floor":8.0,"turns":5.0},{"damage":4.0,"enemies":"3 Louse","floor":11.0,"turns":2.0},{"damage":0.0,"enemies":"Blue Slaver","floor":13.0,"turns":1.0},{"damage":20.0,"enemies":"The Guardian","floor":16.0,"turns":8.0},{"damage":0.0,"enemies":"Chosen","floor":18.0,"turns":3.0},{"damage":8.0,"enemies":"Spheric Guardian","floor":21.0,"turns":3.0},{"damage":45.0,"enemies":"Book of Stabbing","floor":28.0,"turns":6.0},{"damage":2.0,"enemies":"Snecko","floor":30.0,"turns":4.0},{"damage":25.0,"enemies":"Shelled Parasite and Fungi","floor":31.0,"turns":6.0},{"damage":40.0,"enemies":"Collector","floor":33.0,"turns":7.0},{"damage":7.0,"enemies":"Orb Walker","floor":35.0,"turns":3.0},{"damage":9.0,"enemies":"3 Darklings","floor":39.0,"turns":4.0},{"damage":36.0,"enemies":"Jaw Worm Horde","floor":41.0,"turns":4.0},{"damage":33.0,"enemies":"Writhing Mass","floor":45.0,"turns":7.0},{"damage":22.0,"enemies":"3 Darklings","floor":47.0,"turns":4.0},{"damage":17.0,"enemies":"Reptomancer","floor":48.0,"turns":6.0},{"damage":75,"enemies":"Donu and Deca","floor":50,"turns":6}],"seed_played":"3908979912596654829","potions_obtained":[{"floor":3.0,"key":"BottledMiracle"},{"floor":5.0,"key":"Fire Potion"},{"floor":8.0,"key":"StancePotion"},{"floor":35.0,"key":"Fire Potion"},{"floor":45.0,"key":"EntropicBrew"},{"floor":47.0,"key":"EssenceOfSteel"}],"is_trial":true,"path_per_floor":["M","?","M","?","M","R","M","E","T","R","M","R","M","$","R","B",null,"M","?","?","M","?","R","R","?","T","R","E","R","M","M","R","B",null,"M","?","?","$","M","R","M","R","T","?","M","R","M","E","R","B"],"character_chosen":"WATCHER","items_purchased":[],"campfire_rested":6,"item_purchase_floors":[],"current_hp_per_floor":[67,34,34,34,34,34,24,24,24,60,56,56,56,56,56,36,72,72,72,72,64,64,64,64,64,64,64,19,55,53,28,64,24,72,65,65,72,72,63,63,27,63,63,63,30,66,44,29,66,0,0],"gold":335,"neow_bonus":"","is_daily":false,"chose_seed":false,"campfire_upgraded":7,"win_rate":0.0,"timestamp":1611641285,"path_taken":["M","?","M","?","M","R","M","E","T","R","M","R","?","$","R","BOSS","M","?","?","?","?","R","R","?","T","R","E","R","M","M","R","BOSS","M","?","?","?","M","R","?","R","T","?","M","R","M","E","R","BOSS"],"items_purchased_type":[],"build_version":"2020-12-22","purchased_purges":3,"victory":false,"max_hp_per_floor":[72,72,72,72,72,72,72,72,72,72,72,72,72,72,72,72,72,72,72,72,72,72,72,72,72,72,72,72,72,72,72,72,72,72,72,72,72,72,72,72,72,72,72,72,72,72,72,74,74,74,74],"card_choices":[{"not_picked":["ThirdEye","WreathOfFlame"],"picked":"Study","floor":0.0},{"not_picked":["ThirdEye","FearNoEvil"],"picked":"Vengeance","floor":0.0},{"not_picked":["CrushJoints","Collect"],"picked":"SashWhip","floor":0.0},{"not_picked":["JustLucky","Nirvana"],"picked":"Halt","floor":0.0},{"not_picked":["ClearTheMind","Crescendo"],"picked":"InnerPeace","floor":0.0},{"not_picked":["EmptyBody","ClearTheMind"],"picked":"Consecrate","floor":0.0},{"not_picked":["CrushJoints","Crescendo"],"picked":"TalkToTheHand","floor":0.0},{"not_picked":["SandsOfTime","JustLucky"],"picked":"WindmillStrike","floor":0.0},{"not_picked":["ThirdEye","FlyingSleeves"],"picked":"CutThroughFate","floor":0.0},{"not_picked":["Protect","WheelKick"],"picked":"WindmillStrike","floor":0.0},{"not_picked":["Evaluate","FlyingSleeves"],"picked":"EmptyBody","floor":0.0},{"not_picked":["PathToVictory","EmptyMind"],"picked":"JustLucky","floor":0.0},{"not_picked":["BowlingBash","MentalFortress"],"picked":"Vengeance","floor":0.0},{"not_picked":["Pray","EmptyFist"],"picked":"Halt","floor":0.0},{"not_picked":["PathToVictory","ClearTheMind"],"picked":"Conclude","floor":0.0},{"not_picked":["Consecrate","WreathOfFlame"],"picked":"EmptyFist","floor":1.0},{"not_picked":["FollowUp","CutThroughFate"],"picked":"LikeWater","floor":3.0},{"not_picked":["Pray","SashWhip"],"picked":"SignatureMove","floor":5.0},{"not_picked":["Swivel","Consecrate"],"picked":"Judgement","floor":7.0},{"not_picked":["Consecrate","Worship","Meditate"],"picked":"SKIP","floor":8.0},{"not_picked":["Prostrate","BowlingBash"],"picked":"Adaptation","floor":11.0},{"not_picked":["JustLucky","Fasting2","SandsOfTime"],"picked":"SKIP","floor":13.0},{"not_picked":["MasterReality","Blasphemy"],"picked":"Alpha","floor":16.0},{"not_picked":["PathToVictory+1"],"picked":"SKIP","floor":18.0},{"not_picked":["CarveReality"],"picked":"SKIP","floor":21.0},{"not_picked":["Crescendo"],"picked":"SKIP","floor":28.0},{"not_picked":["ClearTheMind"],"picked":"SKIP","floor":30.0},{"not_picked":[],"picked":"FlurryOfBlows+1","floor":31.0},{"not_picked":["ForeignInfluence"],"picked":"SKIP","floor":35.0},{"not_picked":[],"picked":"Secret Weapon","floor":36.0},{"not_picked":["FlurryOfBlows"],"picked":"SKIP","floor":39.0},{"not_picked":["Crescendo"],"picked":"SKIP","floor":41.0},{"not_picked":["CrushJoints+1"],"picked":"SKIP","floor":45.0},{"not_picked":["ClearTheMind+1"],"picked":"SKIP","floor":47.0},{"not_picked":["Meditate+1"],"picked":"Singing Bowl","floor":48.0}],"player_experience":68649,"relics_obtained":[{"floor":8.0,"key":"WingedGreaves"},{"floor":26.0,"key":"CeramicFish"},{"floor":28.0,"key":"War Paint"},{"floor":43.0,"key":"Molten Egg 2"},{"floor":48.0,"key":"Singing Bowl"}],"event_choices":[{"damage_healed":0.0,"max_hp_gain":0.0,"max_hp_loss":0.0,"gold_gain":0.0,"event_name":"Scrap Ooze","player_choice":"Success","floor":2.0,"gold_loss":0.0,"damage_taken":33.0,"relics_obtained":["Regal Pillow"]},{"damage_healed":0.0,"max_hp_gain":0.0,"max_hp_loss":0.0,"gold_gain":0.0,"event_name":"Upgrade Shrine","player_choice":"Upgraded","floor":4.0,"gold_loss":0.0,"damage_taken":0.0,"cards_upgraded":["EmptyBody"]},{"damage_healed":0.0,"max_hp_gain":0.0,"max_hp_loss":0.0,"gold_gain":0.0,"event_name":"The Mausoleum","player_choice":"Opened","floor":19.0,"gold_loss":0.0,"damage_taken":0.0,"relics_obtained":["Blue Candle"],"cards_obtained":["Writhe"]},{"cards_removed":["Writhe"],"damage_healed":0.0,"max_hp_gain":0.0,"max_hp_loss":0.0,"gold_gain":0.0,"event_name":"Bonfire Elementals","player_choice":"Offered Curse","floor":20.0,"gold_loss":0.0,"damage_taken":0.0,"relics_obtained":["Spirit Poop"]},{"cards_removed":["Halt"],"damage_healed":0.0,"max_hp_gain":0.0,"max_hp_loss":0.0,"gold_gain":0.0,"event_name":"Beggar","player_choice":"Gave Gold","floor":22.0,"gold_loss":75.0,"damage_taken":0.0},{"damage_healed":0.0,"max_hp_gain":0.0,"max_hp_loss":0.0,"gold_gain":0.0,"event_name":"The Library","player_choice":"Read","floor":25.0,"gold_loss":0.0,"damage_taken":0.0,"cards_obtained":["Wallop"]},{"damage_healed":0.0,"max_hp_gain":0.0,"max_hp_loss":0.0,"gold_gain":0.0,"event_name":"SensoryStone","player_choice":"Memory 1","floor":36.0,"gold_loss":0.0,"damage_taken":0.0},{"damage_healed":18.0,"max_hp_gain":0.0,"max_hp_loss":0.0,"gold_gain":0.0,"event_name":"Winding Halls","player_choice":"Writhe","floor":37.0,"gold_loss":0.0,"damage_taken":0.0,"cards_obtained":["Writhe"]},{"cards_removed":["EmptyFist"],"damage_healed":0.0,"max_hp_gain":0.0,"max_hp_loss":0.0,"gold_gain":0.0,"event_name":"Falling","player_choice":"Removed Attack","floor":44.0,"gold_loss":0.0,"damage_taken":0.0}],"is_beta":false,"boss_relics":[{"not_picked":["SacredBark","Runic Pyramid"],"picked":"Busted Crown"},{"not_picked":["Tiny House","Sozu"],"picked":"Philosopher\u0027s Stone"}],"items_purged_floors":[14,38,38],"is_endless":false,"potions_floor_spawned":[3,5,8,11,13,21,31,35,41,45,47],"killed_by":"Donu and Deca","ascension_level":1}}