{"host":"l84l8xigz5v5foa2","time":1611637344,"event":{"mods":["2.2 Compatiblity","AchievementEnabler","BaseMod","Better Note","Better Vampires","Card Filter","Colored Map","DeckTracker","Downfall","Gremlin Skip","Highlight Path","Keyboard Shortcuts","Minty Spire (QoL Compilation)","Permanent Neow","Quick Restart","Relic Filter","Relic Stats","StSLib","SuperFastMode","Transform Curses","Unknown Chances"],"gold_per_floor":[99,110,121,31,31,31,57,87,87,107,124,141,151,168,183,183,183,183],"floor_reached":16,"language":"ENG","playtime":632,"items_purged":["hexamod:Strike"],"score":212,"play_id":"22f6f005-622a-4078-b52e-0d11dcc66b1d","local_time":"20210126140224","is_ascension_mode":true,"campfire_choices":[{"data":"hexamod:Float","floor":1.0,"key":"SMITH"},{"data":"hexamod:Rewind","floor":9,"key":"SMITH"}],"circlet_count":0,"master_deck":["AscendersBane","hexamod:Strike","hexamod:Strike","hexamod:Defend","hexamod:Defend","hexamod:Defend","hexamod:Sear","hexamod:Float+1","hexamod:RecurringNightmare","hexamod:ForkedFlame","hexamod:Rewind+1","hexamod:StepThrough","hexamod:NecessarySacrifice","hexamod:PhantomFireball","hexamod:SwordOfDarkness","hexamod:GhostShield","hexamod:AdvancingGuard","hexamod:Rewind"],"relics":["hexamod:SpiritBrand","Omamori","hexamod:CandleOfCauterizing"],"acts_visited":[],"potions_floor_usage":[13,16,16],"damage_taken":[{"damage":1.0,"enemies":"2 Louse","floor":2.0,"turns":3.0},{"damage":2.0,"enemies":"Jaw Worm","floor":3.0,"turns":3.0},{"damage":0.0,"enemies":"downfall:FleeingMerchant","floor":4.0,"turns":4.0},{"damage":20,"enemies":"Lagavulin","floor":8,"turns":4},{"damage":0,"enemies":"Small Slimes","floor":10,"turns":1},{"damage":0,"enemies":"2 Fungi Beasts","floor":11,"turns":2},{"damage":0,"enemies":"Exordium Wildlife","floor":12,"turns":2},{"damage":0,"enemies":"Red Slaver","floor":13,"turns":2},{"damage":3,"enemies":"3 Louse","floor":14,"turns":3},{"damage":5,"enemies":"Gremlin Gang","floor":15,"turns":3},{"damage":16,"enemies":"DF_ARCHETYPE_STREAMLINE","floor":16,"turns":6}],"seed_played":"-6165682985504299054","potions_obtained":[{"floor":3.0,"key":"sneckomod:MuddlingPotion"},{"floor":8,"key":"Swift Potion"},{"floor":12,"key":"Swift Potion"},{"floor":13,"key":"BlessingOfTheForge"},{"floor":15,"key":"CultistPotion"}],"is_trial":false,"path_per_floor":["R","M","M","$","?","?","T","E","R","M","M","M","M","M","M","B"],"character_chosen":"THE_SPIRIT","items_purchased":[],"campfire_rested":0,"item_purchase_floors":[],"current_hp_per_floor":[42,41,39,39,39,39,39,19,19,19,19,19,19,16,11,0,0,0],"gold":183,"neow_bonus":"TRANSFORM_TWO_CARDS","is_daily":false,"chose_seed":false,"campfire_upgraded":2,"win_rate":0.0,"timestamp":1611637344,"path_taken":["R","M","M","$","?","?","T","E","R","M","M","?","M","M","M","BOSS"],"items_purchased_type":[],"build_version":"2020-12-22","purchased_purges":1,"victory":false,"max_hp_per_floor":[63,63,63,63,63,63,63,63,63,63,63,63,63,63,63,63,63,63],"relic_stats":{"counters":[11,33],"obtain_stats":[{"hexamod:CandleOfCauterizing":8,"Omamori":7,"hexamod:SpiritBrand":0},{"hexamod:CandleOfCauterizing":4,"Omamori":3,"hexamod:SpiritBrand":0},{"hexamod:CandleOfCauterizing":14,"Omamori":10,"hexamod:SpiritBrand":0}]},"card_choices":[{"not_picked":["hexamod:HeatMetal","hexamod:PowerFromBeyond"],"picked":"hexamod:Rewind","floor":2.0},{"not_picked":["hexamod:FastForward","hexamod:ChargedBarrage"],"picked":"hexamod:StepThrough","floor":3.0},{"not_picked":["hexamod:RecurringNightmare","hexamod:BurningTouch","hexamod:GhostLash"],"picked":"SKIP","floor":4.0},{"not_picked":["hexamod:HauntingEcho","hexamod:RetreatToShadows"],"picked":"hexamod:NecessarySacrifice","floor":8},{"not_picked":["hexamod:CatchUp","hexamod:SoulSteal","hexamod:HauntingEcho"],"picked":"SKIP","floor":10},{"not_picked":["hexamod:SuperheatedStrike","hexamod:DynamicBlow"],"picked":"hexamod:PhantomFireball","floor":11},{"not_picked":["hexamod:VolcanoVisage","hexamod:EmpoweredFlame"],"picked":"hexamod:SwordOfDarkness","floor":12},{"not_picked":["hexamod:SuperheatedStrike","hexamod:SpectralSpark"],"picked":"hexamod:GhostShield","floor":13},{"not_picked":["hexamod:GhostOfSpireFuture","hexamod:FourthSeal"],"picked":"hexamod:AdvancingGuard","floor":14},{"not_picked":["hexamod:SuperheatedStrike","hexamod:BacktrackSmack"],"picked":"hexamod:Rewind","floor":15}],"player_experience":3409940,"relics_obtained":[{"floor":7.0,"key":"Omamori"},{"floor":8,"key":"hexamod:CandleOfCauterizing"}],"event_choices":[],"is_beta":false,"boss_relics":[],"items_purged_floors":[4],"is_endless":false,"potions_floor_spawned":[3,8,12,13,15],"killed_by":"DF_ARCHETYPE_STREAMLINE","ascension_level":20}}