{"host":"b4vwm7jq6jdk6nca","time":1611664989,"event":{"mods":["Act Like it!","BaseMod","Hermit","Minty Spire (QoL Compilation)","Pale of the Ancients","Quick Restart","Relic Filter Mod","Spicy Shops","StSLib","TestMod","The Cursed","Wide Potions","[IsaacMod]以撒尖塔"],"gold_per_floor":[109,509,559,116,191,191,116,116,116,138,167,178,204,204,204,328,328,344,394,444,444,457,489,167,199,223,243,243,271,283,302,302,423,423,443,359,377,377,377,406,406,431,431,458,483,483,483,496,496,496,496,507,526,801,254,254,264,264,120,120,120],"floor_reached":62,"language":"ZHS","playtime":3150,"items_purged":["Pain","Defend_G","Writhe","Strike_G","Regret"],"score":3632,"play_id":"6e7acc66-d2b3-4f66-a9c9-efb957610d7c","local_time":"20210126204309","is_ascension_mode":true,"campfire_choices":[{"data":"Neutralize","floor":6.0,"key":"SMITH"},{"data":"Survivor","floor":8.0,"key":"SMITH"},{"data":"Glass Knife","floor":15.0,"key":"SMITH"},{"data":"Adrenaline","floor":28.0,"key":"SMITH"},{"data":"Venomology","floor":32.0,"key":"SMITH"},{"floor":41,"key":"RECALL"},{"data":"Glass Knife","floor":49,"key":"SMITH"},{"data":"Strike_G","floor":56,"key":"SMITH"},{"data":"Strike_G","floor":58,"key":"SMITH"}],"circlet_count":0,"master_deck":["AscendersBane","Strike_G","Strike_G+1","Strike_G+1","Defend_G","Defend_G","Defend_G","Defend_G","Survivor+1","Neutralize+1","Dash+1","Terror+1","Glass Knife+1","Venomology+1","Prepared+1","Adrenaline+1","Phantasmal Killer+1","Venomology+1","Finisher+1","After Image+1","PanicButton+1","Glass Knife+1","Infinite Blades+1","Madness+1","Madness+1","Malaise+1","Doppelganger+1","Doppelganger+1","Blade Dance+1"],"relics":["Ring of the Snake","HushsDoor","DeadEye","testmod-AscensionHeart","AnarchistCookbook","Pen Nib","SteamSale","Vajra","Juzu Bracelet","Kunai","PillsDrop","Odd Mushroom","Pantograph","Bag of Preparation","NeowsBlessing","Coffee Dripper","DeathBook","MealTicket","Orichalcum","Calipers","HornCleat","Toxic Egg 2","Happy Flower","BookOfRevelations","Runic Pyramid","Chemical X","Akabeko","Anchor","SharpPlug","StoneCalendar","paleoftheancients:Timepiece","paleoftheancients:KeyRelic","Letter Opener","CultistMask","paleoftheancients:SoulOfTheShapes","Pear","TheBible","testmod-CasingShield","Bottled Lightning","ClockworkSouvenir","TheBean","Cauldron"],"acts_visited":["Exordium","TheCity","TheBeyond","TheBeyond"],"potions_floor_usage":[33,35,35,37,40,40,42,42,44,44,46,50,50,50,51,51,53,55,57,61,61,61,61],"damage_taken":[{"damage":0.0,"enemies":"Jaw Worm","floor":1.0,"turns":1.0},{"damage":0.0,"enemies":"Hiden Room Battle","floor":3.0,"turns":1.0},{"damage":0.0,"enemies":"The Mushroom Lair","floor":10.0,"turns":1.0},{"damage":0.0,"enemies":"Lagavulin","floor":11.0,"turns":4.0},{"damage":0.0,"enemies":"2 Louse","floor":12.0,"turns":3.0},{"damage":0.0,"enemies":"3 Sentries","floor":13.0,"turns":5.0},{"damage":0.0,"enemies":"Hexaghost","floor":16.0,"turns":1.0},{"damage":0.0,"enemies":"Spheric Guardian","floor":18.0,"turns":1.0},{"damage":0.0,"enemies":"2 Thieves","floor":22.0,"turns":1.0},{"damage":0.0,"enemies":"Slavers","floor":23.0,"turns":1.0},{"damage":0.0,"enemies":"Book of Stabbing","floor":25.0,"turns":2.0},{"damage":0.0,"enemies":"Snecko","floor":27.0,"turns":2.0},{"damage":2.0,"enemies":"Gremlin Leader","floor":29.0,"turns":2.0},{"damage":0.0,"enemies":"Centurion and Healer","floor":30.0,"turns":2.0},{"damage":0.0,"enemies":"Sentry and Sphere","floor":31.0,"turns":2.0},{"damage":0,"enemies":"Collector","floor":33,"turns":2},{"damage":7,"enemies":"3 Shapes","floor":35,"turns":2},{"damage":0,"enemies":"3 Darklings","floor":37,"turns":1},{"damage":0,"enemies":"Nemesis","floor":40,"turns":3},{"damage":0,"enemies":"Reptomancer","floor":42,"turns":2},{"damage":0,"enemies":"Nemesis","floor":44,"turns":2},{"damage":0,"enemies":"Mind Bloom Boss Battle","floor":45,"turns":3},{"damage":0,"enemies":"Sphere and 2 Shapes","floor":48,"turns":3},{"damage":0,"enemies":"Time Eater","floor":50,"turns":6},{"damage":0,"enemies":"Awakened One","floor":51,"turns":4},{"damage":0,"enemies":"Awakened One","floor":52,"turns":3},{"damage":0,"enemies":"Awakened One","floor":53,"turns":2},{"damage":0,"enemies":"Awakened One","floor":57,"turns":2},{"damage":0,"enemies":"Delirium","floor":61,"turns":13}],"seed_played":"1277532247342403506","potions_obtained":[{"floor":3.0,"key":"FairyPotion"},{"floor":11.0,"key":"SteroidPotion"},{"floor":13.0,"key":"LiquidBronze"},{"floor":27.0,"key":"Fire Potion"},{"floor":37,"key":"Dexterity Potion"},{"floor":46,"key":"testmod-SpacePotion"},{"floor":46,"key":"Explosive Potion"},{"floor":48,"key":"CunningPotion"},{"floor":57,"key":"Ancient Potion"},{"floor":59,"key":"Ancient Potion"}],"is_trial":false,"path_per_floor":["M","?","?","$","?","R","?","R","T","?","E","M","E","?","R","B",null,"M","?","?","?","M","E","$","E","T","M","R","E","M","M","R","B",null,"M","$","M","?","?","E","R","E","T","E","?","?","?","M","R","B","B","M","M","?","$","R","M","R","$","?","B",null],"character_chosen":"THE_SILENT","items_purchased":["SteamSale","Vajra","Juzu Bracelet","Kunai","testmod-SpacePotion","DeathBook","Calipers","HornCleat","PanicButton+1","Glass Knife","Chemical X","Pear","TheBible","testmod-SpacePotion","testmod-CasingShield","Bottled Lightning","ClockworkSouvenir","TheBean","Cauldron"],"campfire_rested":0,"item_purchase_floors":[4,4,4,4,4,17,24,24,34,34,36,55,55,55,55,55,55,59,59],"current_hp_per_floor":[60,60,61,64,59,59,59,59,59,60,62,63,68,68,68,73,58,58,58,56,56,57,59,59,60,60,55,55,54,55,56,56,61,55,48,55,55,50,50,56,56,60,60,61,61,61,61,61,61,66,71,71,74,74,84,84,84,84,84,84,89],"gold":120,"neow_bonus":"THREE_ENEMY_KILL","is_daily":false,"chose_seed":false,"campfire_upgraded":8,"win_rate":0.0,"timestamp":1611664989,"path_taken":["M","?","?","?","?","R","?","R","T","?","E","M","E","?","R","BOSS","M","?","?","?","M","E","$","E","T","M","R","E","M","M","R","BOSS","M","$","M","?","?","E","R","E","T","E","?","?","?","M","R","BOSS","BOSS","M","M","?","$","R","M","R","$","?","BOSS"],"items_purchased_type":["Relic","Relic","Relic","Relic","Potion","Relic","Relic","Relic","Card","Card","Relic","Relic","Relic","Potion","Relic","Relic","Relic","Relic","Relic"],"build_version":"2020-12-22","purchased_purges":5,"victory":true,"max_hp_per_floor":[66,66,66,66,66,66,66,66,66,66,67,67,68,68,68,73,58,58,58,58,58,58,59,59,60,60,55,55,56,56,56,56,61,55,55,55,55,55,55,56,56,60,60,61,61,61,61,61,61,66,71,71,74,74,84,84,84,84,84,84,89],"card_choices":[{"not_picked":[],"picked":"DoctorFetus","floor":0.0},{"not_picked":["Distraction","Predator"],"picked":"Dash","floor":1.0},{"not_picked":["Sucker Punch","Choke"],"picked":"Terror","floor":10.0},{"not_picked":["Burst","Die Die Die"],"picked":"Glass Knife","floor":11.0},{"not_picked":["Crippling Poison","Acrobatics"],"picked":"Bomb","floor":12.0},{"not_picked":["Night Terror","Burst","Night Terror"],"picked":"SKIP","floor":13.0},{"not_picked":["Corpse Explosion","Storm of Steel"],"picked":"Venomology","floor":16.0},{"not_picked":["Deflect","PiercingWail"],"picked":"Prepared","floor":18.0},{"not_picked":["Quick Slash","Caltrops","Deflect"],"picked":"SKIP","floor":22.0},{"not_picked":["Wraith Form v2","Adrenaline"],"picked":"Adrenaline","floor":23.0},{"not_picked":["Die Die Die","A Thousand Cuts"],"picked":"Phantasmal Killer+1","floor":25.0},{"not_picked":["Blur+1","Outmaneuver+1","Sucker Punch+1"],"picked":"SKIP","floor":27.0},{"not_picked":["Corpse Explosion","Bullet Time"],"picked":"Venomology","floor":29.0},{"not_picked":["Expertise+1","Slice","Bane"],"picked":"SKIP","floor":30.0},{"not_picked":["Outmaneuver+1","PiercingWail+1"],"picked":"Finisher","floor":31.0},{"not_picked":["Venomology+1","Night Terror+1"],"picked":"After Image","floor":33},{"not_picked":["Blur+1","Prepared+1","Skewer"],"picked":"SKIP","floor":35},{"not_picked":["Underhanded Strike+1","Dash","Infinite Blades+1"],"picked":"SKIP","floor":37},{"not_picked":["Underhanded Strike+1","Dash"],"picked":"Infinite Blades+1","floor":37},{"not_picked":["Venomology","Burst"],"picked":"Malaise","floor":40},{"not_picked":["Corpse Explosion","Unload"],"picked":"Doppelganger","floor":42},{"not_picked":["Envenom","Grand Finale"],"picked":"Doppelganger","floor":44},{"not_picked":["Bane","Crippling Poison+1","Backflip+1"],"picked":"SKIP","floor":48},{"not_picked":["Deflect+1","Bouncing Flask+1","Backflip+1"],"picked":"SKIP","floor":52},{"not_picked":["Catalyst+1","Endless Agony+1","PiercingWail+1"],"picked":"SKIP","floor":53},{"not_picked":["Backflip+1","Expertise+1"],"picked":"Blade Dance+1","floor":57}],"player_experience":305235,"relics_obtained":[{"floor":3.0,"key":"AnarchistCookbook"},{"floor":3.0,"key":"Pen Nib"},{"floor":9.0,"key":"PillsDrop"},{"floor":10.0,"key":"Odd Mushroom"},{"floor":11.0,"key":"Pantograph"},{"floor":13.0,"key":"Bag of Preparation"},{"floor":23.0,"key":"Orichalcum"},{"floor":25.0,"key":"Toxic Egg 2"},{"floor":26.0,"key":"Happy Flower"},{"floor":29.0,"key":"BookOfRevelations"},{"floor":40,"key":"Akabeko"},{"floor":42,"key":"Anchor"},{"floor":44,"key":"SharpPlug"},{"floor":45,"key":"StoneCalendar"},{"floor":52,"key":"paleoftheancients:SoulOfTheShapes"}],"event_choices":[{"damage_healed":0.0,"max_hp_gain":0.0,"max_hp_loss":0.0,"gold_gain":400.0,"event_name":"恩洛斯的盘子","player_choice":"Sell","floor":2.0,"relics_lost":["testmod-TestBox"],"gold_loss":0.0,"damage_taken":0.0},{"damage_healed":0.0,"max_hp_gain":0.0,"max_hp_loss":0.0,"gold_gain":0.0,"event_name":"HidenRoomEvent","player_choice":"Fight","floor":3.0,"gold_loss":0.0,"damage_taken":0.0},{"damage_healed":0.0,"max_hp_gain":0.0,"max_hp_loss":0.0,"gold_gain":75.0,"event_name":"World of Goop","player_choice":"Gather Gold","floor":5.0,"gold_loss":0.0,"damage_taken":11.0},{"cards_removed":["Strike_G"],"damage_healed":0.0,"max_hp_gain":0.0,"max_hp_loss":0.0,"gold_gain":0.0,"event_name":"The Cleric","player_choice":"Card Removal","floor":7.0,"gold_loss":75.0,"damage_taken":0.0},{"damage_healed":0.0,"max_hp_gain":0.0,"max_hp_loss":0.0,"gold_gain":0.0,"event_name":"Mushrooms","player_choice":"Fought Mushrooms","floor":10.0,"gold_loss":0.0,"damage_taken":0.0},{"damage_healed":0.0,"max_hp_gain":0.0,"max_hp_loss":0.0,"gold_gain":0.0,"event_name":"给自己的盒子","player_choice":"Swap Relic","floor":14.0,"relics_lost":["NeowsBlessing"],"gold_loss":0.0,"damage_taken":0.0,"relics_obtained":["NeowsBlessing"]},{"damage_healed":0.0,"max_hp_gain":0.0,"max_hp_loss":0.0,"gold_gain":50.0,"event_name":"Nest","player_choice":"Stole From Cult","floor":19.0,"gold_loss":0.0,"damage_taken":0.0},{"damage_healed":0.0,"max_hp_gain":0.0,"max_hp_loss":0.0,"gold_gain":50.0,"event_name":"FaceTrader","player_choice":"Touch","floor":20.0,"gold_loss":0.0,"damage_taken":5.0},{"damage_healed":0.0,"max_hp_gain":0.0,"max_hp_loss":0.0,"gold_gain":0.0,"event_name":"The Mausoleum","player_choice":"Opened","floor":21.0,"gold_loss":0.0,"damage_taken":0.0,"relics_obtained":["MealTicket"],"cards_obtained":["Writhe"]},{"damage_healed":0,"gold_gain":0,"player_choice":"Embrace Madness","damage_taken":10,"max_hp_gain":0,"max_hp_loss":0,"event_name":"Winding Halls","floor":38,"gold_loss":0,"cards_obtained":["Madness","Madness"]},{"damage_healed":0,"gold_gain":0,"player_choice":"Ignored","damage_taken":0,"max_hp_gain":0,"max_hp_loss":0,"event_name":"Tomb of Lord Red Mask","floor":39,"gold_loss":0},{"damage_healed":0,"gold_gain":0,"player_choice":"Fight","damage_taken":0,"max_hp_gain":0,"max_hp_loss":0,"event_name":"MindBloom","floor":45,"gold_loss":0},{"damage_healed":0,"gold_gain":0,"player_choice":"Got Potions","damage_taken":0,"max_hp_gain":0,"max_hp_loss":0,"event_name":"Lab","floor":46,"gold_loss":0},{"cards_removed":["DoctorFetus"],"damage_healed":0,"gold_gain":0,"player_choice":"Removed Power","damage_taken":0,"max_hp_gain":0,"max_hp_loss":0,"event_name":"Falling","floor":47,"gold_loss":0},{"damage_healed":0,"gold_gain":275,"player_choice":"Desecrate","damage_taken":0,"max_hp_gain":0,"max_hp_loss":0,"event_name":"Golden Shrine","floor":54,"gold_loss":0,"cards_obtained":["Regret"]}],"is_beta":false,"boss_relics":[{"not_picked":["Ectoplasm","Empty Cage"],"picked":"Coffee Dripper"},{"not_picked":[]},{"not_picked":["testmod-IncinerationGenerator","Runic Dome"],"picked":"Runic Pyramid"},{"not_picked":[]}],"items_purged_floors":[4,17,24,36,55],"is_endless":false,"potions_floor_spawned":[3,11,13,18,23,27,30,37,48,57],"ascension_level":20}}