{"host":"uvazukyzs1n84otc","time":1611636559,"event":{"mods":["AchievementEnabler","BaseMod","Colored Map","Colored Powertips","Highlight Path","Minty Spire (QoL Compilation)","Quick Restart","Relic Stats","SuperFastMode"],"gold_per_floor":[118,4,16,16,32,58,76,105,128,128,159,176,351,366,366,366,366],"floor_reached":16,"language":"ENG","playtime":605,"items_purged":[],"score":128,"play_id":"13616e83-8698-467e-83f5-d26bf9d7520d","local_time":"20210126024919","is_ascension_mode":true,"campfire_choices":[{"floor":10,"key":"REST"},{"floor":15,"key":"REST"}],"circlet_count":0,"master_deck":["Strike_R","Strike_R","Strike_R","Strike_R","Strike_R","Defend_R","Defend_R","Defend_R","Defend_R","Bash","Iron Wave","Rampage","Disarm","Flex","Inflame","Rampage","Pommel Strike","Sword Boomerang","Twin Strike","True Grit","Doubt","Carnage"],"relics":["Burning Blood","NeowsBlessing","Boot","Oddly Smooth Stone","Anchor","Tiny Chest"],"acts_visited":["Exordium"],"potions_floor_usage":[8,12,14,16],"damage_taken":[{"damage":0,"enemies":"Jaw Worm","floor":1,"turns":1},{"damage":0,"enemies":"2 Louse","floor":3,"turns":1},{"damage":0,"enemies":"Small Slimes","floor":5,"turns":1},{"damage":44,"enemies":"3 Sentries","floor":6,"turns":9},{"damage":19,"enemies":"3 Louse","floor":7,"turns":3},{"damage":28,"enemies":"Lagavulin","floor":8,"turns":8},{"damage":21,"enemies":"3 Sentries","floor":11,"turns":7},{"damage":11,"enemies":"Gremlin Gang","floor":12,"turns":4},{"damage":8,"enemies":"Exordium Wildlife","floor":14,"turns":3},{"damage":34,"enemies":"The Guardian","floor":16,"turns":5}],"seed_played":"-5988239775573162453","potions_obtained":[{"floor":3,"key":"SteroidPotion"},{"floor":8,"key":"Block Potion"},{"floor":11,"key":"SpeedPotion"},{"floor":12,"key":"AttackPotion"},{"floor":14,"key":"DistilledChaos"}],"is_trial":false,"path_per_floor":["M","$","M","$","M","E","M","E","T","R","E","M","?","M","R","B"],"character_chosen":"IRONCLAD","items_purchased":["Rampage","Disarm"],"campfire_rested":2,"item_purchase_floors":[2,2],"current_hp_per_floor":[80,80,80,80,80,42,29,7,7,31,16,11,11,9,33,0,0],"gold":366,"neow_bonus":"THREE_ENEMY_KILL","is_daily":false,"chose_seed":false,"campfire_upgraded":0,"win_rate":0.0,"timestamp":1611636559,"path_taken":["M","$","M","$","M","E","M","E","T","R","E","M","?","M","R","BOSS"],"items_purchased_type":["Card","Card"],"build_version":"2020-12-22","purchased_purges":0,"victory":false,"max_hp_per_floor":[80,80,80,80,80,80,80,80,80,80,80,80,80,80,80,80,80],"relic_stats":{"counters":[10,42],"Tiny Chest":0,"Boot":[10],"obtain_stats":[{"Anchor":9,"NeowsBlessing":0,"Oddly Smooth Stone":8,"Tiny Chest":11,"Boot":6,"Burning Blood":0},{"Anchor":6,"NeowsBlessing":0,"Oddly Smooth Stone":6,"Tiny Chest":7,"Boot":4,"Burning Blood":0},{"Anchor":23,"NeowsBlessing":0,"Oddly Smooth Stone":23,"Tiny Chest":30,"Boot":12,"Burning Blood":0}],"Burning Blood":36},"card_choices":[{"not_picked":["True Grit","Infernal Blade"],"picked":"Iron Wave","floor":1},{"not_picked":["True Grit","Thunderclap"],"picked":"Flex","floor":3},{"not_picked":["Pommel Strike","Iron Wave"],"picked":"Inflame","floor":5},{"not_picked":["Body Slam","Fire Breathing"],"picked":"Rampage","floor":6},{"not_picked":["Body Slam","Corruption"],"picked":"Pommel Strike","floor":7},{"not_picked":["Rage","Burning Pact"],"picked":"Sword Boomerang","floor":8},{"not_picked":["Second Wind","Iron Wave"],"picked":"Twin Strike","floor":11},{"not_picked":["Warcry","Pommel Strike"],"picked":"True Grit","floor":12},{"not_picked":["Rage","Warcry"],"picked":"Carnage","floor":14}],"player_experience":186995,"relics_obtained":[{"floor":6,"key":"Boot"},{"floor":8,"key":"Oddly Smooth Stone"},{"floor":9,"key":"Anchor"},{"floor":11,"key":"Tiny Chest"}],"event_choices":[{"damage_healed":0,"gold_gain":175,"player_choice":"AGREE","damage_taken":0,"max_hp_gain":0,"max_hp_loss":0,"event_name":"Liars Game","floor":13,"gold_loss":0,"cards_obtained":["Doubt"]}],"is_beta":false,"boss_relics":[],"items_purged_floors":[],"is_endless":false,"potions_floor_spawned":[3,8,11,12,14],"killed_by":"The Guardian","ascension_level":1}}