{"host":"3ghcx3e93lhog3cp","time":1611688446,"event":{"mods":["AchievementEnabler","BaseMod","Downfall","Minty Spire (QoL Compilation)","Replay The Spire","StSLib"],"gold_per_floor":[118,118,133,133,57,92,92,105,105,125,125,138,150,150,150,248,248,266,266,13,27,42,42,42,42,42,42,61,72,72,89,89,192,192,208,18,32,50,60,60,24,42,90,121,132,202,220,220,220,220,220],"floor_reached":50,"language":"ENG","playtime":5050,"items_purged":["Strike_B"],"score":553,"play_id":"74727885-bf24-40bf-97f0-26b686af7690","local_time":"20210126111406","is_ascension_mode":true,"campfire_choices":[{"floor":7.0,"key":"REST"},{"data":"Recycle","floor":11.0,"key":"SMITH"},{"floor":15.0,"key":"DIG"},{"data":"Conserve Battery","floor":23.0,"key":"SMITH"},{"data":"RitualDagger","floor":25.0,"key":"SMITH"},{"floor":30.0,"key":"DIG"},{"floor":32.0,"key":"DIG"},{"data":"Loop","floor":40.0,"key":"SMITH"},{"floor":49.0,"key":"DIG"}],"circlet_count":0,"master_deck":["Strike_B+1","Strike_B","Defend_B+1","Zap","Dualcast","BootSequence","Recycle+1","Aggregate","Self Repair","Redo","FTL","Compile Driver","Panic Button","Conserve Battery+1","BootSequence+1","Multi-Cast","Coolheaded+1","ReplayTheSpireMod:Repulse","Darkness","Magnetism","Sweeping Beam+1","RitualDagger+1","Redo+1","Reinforced Body+1","Turbo+1","ReplayTheSpireMod:Omega Cannon","Loop+1","Streamline","ReplayTheSpireMod:System Scan","Hologram+1","Consume","Coolheaded+1","Sunder+1","Reprogram+1","Reprogram+1","Conserve Battery"],"relics":["Cracked Core","White Beast Statue","Replay:Antivirus Software","Eternal Feather","Oddly Smooth Stone","Coffee Dripper","Shovel","NlothsMask","Kunai","Strawberry","Painkiller Herb","ClockworkSouvenir","Simple Rune","Counterbalance","Ice Cream"],"acts_visited":["Exordium","TheCity","TheBeyond"],"potions_floor_usage":[50,50],"damage_taken":[{"damage":15.0,"enemies":"Small Slimes","floor":1.0,"turns":3.0},{"damage":0.0,"enemies":"Cultist","floor":3.0,"turns":3.0},{"damage":66.0,"enemies":"Gremlin Nob","floor":6.0,"turns":6.0},{"damage":16.0,"enemies":"Jaw Worm","floor":8.0,"turns":4.0},{"damage":0.0,"enemies":"Red Slaver","floor":10.0,"turns":4.0},{"damage":15.0,"enemies":"Large Slime","floor":12.0,"turns":3.0},{"damage":3.0,"enemies":"Blue Slaver","floor":13.0,"turns":3.0},{"damage":57.0,"enemies":"Fading Forest","floor":16.0,"turns":11.0},{"damage":16.0,"enemies":"3 Byrds","floor":18.0,"turns":4.0},{"damage":30.0,"enemies":"Chosen","floor":21.0,"turns":5.0},{"damage":30.0,"enemies":"Centurion and Healer","floor":22.0,"turns":8.0},{"damage":0.0,"enemies":"Snake Plant","floor":28.0,"turns":4.0},{"damage":18.0,"enemies":"Shelled Parasite and Fungi","floor":29.0,"turns":3.0},{"damage":0.0,"enemies":"Cultist and Chosen","floor":31.0,"turns":6.0},{"damage":28.0,"enemies":"Champ","floor":33.0,"turns":10.0},{"damage":0.0,"enemies":"Orb Walker","floor":35.0,"turns":3.0},{"damage":2.0,"enemies":"3 Shapes","floor":37.0,"turns":2.0},{"damage":0.0,"enemies":"3 Darklings","floor":38.0,"turns":3.0},{"damage":6.0,"enemies":"4 Shapes","floor":39.0,"turns":4.0},{"damage":11.0,"enemies":"Writhing Mass","floor":42.0,"turns":5.0},{"damage":19.0,"enemies":"Nemesis","floor":44.0,"turns":7.0},{"damage":14.0,"enemies":"Jaw Worm Horde","floor":45.0,"turns":5.0},{"damage":28.0,"enemies":"Mind Bloom Boss Battle","floor":46.0,"turns":6.0},{"damage":38.0,"enemies":"4 Shapes","floor":47.0,"turns":4.0},{"damage":1.0,"enemies":"Writhing Mass","floor":48.0,"turns":2.0},{"damage":34,"enemies":"Replay:Hell Engine","floor":50,"turns":10}],"seed_played":"-2348381571679126239","potions_obtained":[{"floor":1.0,"key":"Adrenaline Potion"},{"floor":6.0,"key":"Milkshake"},{"floor":8.0,"key":"SpeedPotion"},{"floor":10.0,"key":"Reflective Coating"},{"floor":12.0,"key":"SpeedPotion"},{"floor":13.0,"key":"AttackPotion"},{"floor":16.0,"key":"Ancient Potion"},{"floor":18.0,"key":"Ancient Potion"},{"floor":21.0,"key":"Fire Potion"},{"floor":22.0,"key":"EssenceOfDarkness"},{"floor":28.0,"key":"Strength Potion"},{"floor":29.0,"key":"champ:CounterPotion"},{"floor":31.0,"key":"Death Potion"},{"floor":33.0,"key":"Weak Potion"},{"floor":35.0,"key":"Guardian:BlockOnCardUsePotion"},{"floor":37.0,"key":"SpeedPotion"},{"floor":38.0,"key":"Adrenaline Potion"},{"floor":39.0,"key":"PowerPotion"},{"floor":42.0,"key":"Toxic Potion"},{"floor":44.0,"key":"Adrenaline Potion"},{"floor":45.0,"key":"SmokeBomb"},{"floor":46.0,"key":"SkillPotion"},{"floor":47.0,"key":"Flashbang"}],"is_trial":false,"path_per_floor":["M","?","M","?","$","E","R","M","T","M","R","M","M","?","R","B",null,"M","?","$","M","M","R","?","R","T","?","M","M","R","M","R","B",null,"?","T","?","?","?","T","T","?","T","E","?","?","?","?","T","B"],"character_chosen":"DEFECT","items_purchased":["Self Repair","Magnetism","ClockworkSouvenir","Streamline","Coolheaded+1"],"campfire_rested":1,"item_purchase_floors":[5,20,36,36,41],"current_hp_per_floor":[67,67,67,67,67,8,32,23,23,30,39,31,35,35,44,14,82,73,73,73,50,27,39,33,45,45,45,52,41,53,60,82,61,89,89,89,87,89,89,89,89,85,85,73,66,45,14,13,34,0,0],"gold":220,"neow_bonus":"TEN_PERCENT_HP_BONUS","is_daily":false,"chose_seed":false,"campfire_upgraded":4,"win_rate":0.0,"timestamp":1611688446,"path_taken":["M","?","?","?","$","E","R","M","T","?","R","M","M","?","R","BOSS","M","?","$","M","M","R","?","R","T","?","M","M","R","?","R","BOSS","?","T","?","?","?","T","?","?","T","E","?","?","?","?","T","BOSS"],"items_purchased_type":["Card","Card","Relic","Card","Card"],"build_version":"2020-12-22","purchased_purges":1,"victory":false,"max_hp_per_floor":[82,82,82,82,82,82,82,82,82,82,82,82,82,82,82,82,82,82,82,82,82,82,82,82,82,82,82,82,82,82,82,89,89,89,89,89,89,89,89,89,89,89,89,89,89,89,89,89,89,89,89],"card_choices":[{"not_picked":["Gash","Streamline"],"picked":"BootSequence","floor":1.0},{"not_picked":["Gash","Go for the Eyes"],"picked":"Aggregate","floor":3.0},{"not_picked":["Scrape","Biased Cognition"],"picked":"Redo","floor":6.0},{"not_picked":["Beam Cell","Gash"],"picked":"FTL","floor":8.0},{"not_picked":["BasicCrystalCard","Gash"],"picked":"Compile Driver","floor":10.0},{"not_picked":["Ball Lightning","Rip and Tear"],"picked":"Panic Button","floor":12.0},{"not_picked":["Hello World","Reboot"],"picked":"Conserve Battery","floor":13.0},{"not_picked":["Seek","All For One"],"picked":"Multi-Cast","floor":16.0},{"not_picked":["Tempest","Sweeping Beam"],"picked":"Coolheaded+1","floor":18.0},{"not_picked":["Barrage","Go for the Eyes","Melter"],"picked":"SKIP","floor":21.0},{"not_picked":["Compile Driver","Go for the Eyes"],"picked":"Sweeping Beam+1","floor":22.0},{"not_picked":["BasicCrystalCard","Rebound"],"picked":"Redo+1","floor":28.0},{"not_picked":["ReplayTheSpireMod:System Scan","Gash"],"picked":"Reinforced Body+1","floor":29.0},{"not_picked":["Go for the Eyes+1","Coolheaded"],"picked":"Turbo+1","floor":31.0},{"not_picked":["Fission","Biased Cognition"],"picked":"ReplayTheSpireMod:Omega Cannon","floor":33.0},{"not_picked":["Ball Lightning+1","Cold Snap"],"picked":"Loop","floor":35.0},{"not_picked":["Barrage","BootSequence+1"],"picked":"ReplayTheSpireMod:System Scan","floor":37.0},{"not_picked":["Rebound","Reinforced Body+1"],"picked":"Hologram+1","floor":38.0},{"not_picked":["Steam+1","Coolheaded"],"picked":"Consume","floor":39.0},{"not_picked":["Self Repair","Beam Cell"],"picked":"Sunder+1","floor":42.0},{"not_picked":["Fission","Panic Button+1"],"picked":"Reprogram+1","floor":44.0},{"not_picked":["Cold Snap+1","Undo"],"picked":"Reprogram+1","floor":45.0},{"not_picked":["Cold Snap","Leap+1"],"picked":"Conserve Battery","floor":46.0},{"not_picked":["Rebound","Time Bomb","Turbo"],"picked":"SKIP","floor":47.0}],"player_experience":193207,"relics_obtained":[{"floor":6.0,"key":"Replay:Antivirus Software"},{"floor":9.0,"key":"Eternal Feather"},{"floor":15.0,"key":"Oddly Smooth Stone"},{"floor":26.0,"key":"Shovel"},{"floor":30.0,"key":"Kunai"},{"floor":32.0,"key":"Strawberry"},{"floor":44.0,"key":"Simple Rune"},{"floor":46.0,"key":"Counterbalance"},{"floor":49.0,"key":"Ice Cream"}],"event_choices":[{"damage_healed":0.0,"max_hp_gain":0.0,"max_hp_loss":0.0,"gold_gain":0.0,"cards_transformed":["Defend_B"],"event_name":"Transmorgrifier","player_choice":"Transformed","floor":2.0,"gold_loss":0.0,"damage_taken":0.0,"cards_obtained":["Recycle"]},{"damage_healed":0.0,"max_hp_gain":0.0,"max_hp_loss":0.0,"gold_gain":0.0,"event_name":"WeMeetAgain","player_choice":"Gave Potion","floor":4.0,"gold_loss":0.0,"damage_taken":0.0,"relics_obtained":["White Beast Statue"]},{"damage_healed":0.0,"max_hp_gain":0.0,"max_hp_loss":0.0,"gold_gain":0.0,"cards_transformed":["Strike_B","Defend_B"],"event_name":"Drug Dealer","player_choice":"Became Test Subject","floor":19.0,"gold_loss":0.0,"damage_taken":0.0,"cards_obtained":["ReplayTheSpireMod:Repulse","Darkness"]},{"damage_healed":0.0,"max_hp_gain":0.0,"max_hp_loss":0.0,"gold_gain":0.0,"event_name":"Nest","player_choice":"Joined the Cult","floor":24.0,"gold_loss":0.0,"damage_taken":6.0,"cards_obtained":["RitualDagger"]},{"damage_healed":0.0,"max_hp_gain":0.0,"max_hp_loss":0.0,"gold_gain":0.0,"event_name":"FaceTrader","player_choice":"Trade","floor":27.0,"gold_loss":0.0,"damage_taken":0.0,"relics_obtained":["NlothsMask"]},{"damage_healed":0.0,"max_hp_gain":0.0,"max_hp_loss":0.0,"gold_gain":0.0,"event_name":"MindBloom","player_choice":"Fight","floor":46.0,"gold_loss":0.0,"damage_taken":0.0}],"is_beta":false,"boss_relics":[{"not_picked":["Fusion Hammer","Inserter"],"picked":"Coffee Dripper"},{"not_picked":["Kintsugi","Replay:Ancient Bell"],"picked":"Painkiller Herb"}],"items_purged_floors":[20],"is_endless":false,"potions_floor_spawned":[1,6,8,10,12,13,16,18,21,22,28,29,31,33,35,37,38,39,42,44,45,46,47,48],"killed_by":"Replay:Hell Engine","ascension_level":2}}