{"host":"5vely6jbi66u1z8q","time":1611649228,"event":{"mods":["2.2 Compatiblity","Act Like it!","Aspiration","BaseMod","Conspire","Defuse TimeMaze Blight","Downfall","Hermit","Hubris","Infinite Spire","Minty Spire (QoL Compilation)","Replay The Spire","Spicy Shops","StSLib","The Runesmith","The Servant 0.9.4"],"gold_per_floor":[113,113,113,140,166,166,191,229,255,293,293,336,370,404,404,514,514,532,550,565,865,895,928,928,956,956,982,1001,1027,1027,1027,1027],"floor_reached":30,"language":"ENG","playtime":4581,"items_purged":[],"score":641,"play_id":"a13000bc-173a-45d4-9ea8-5f06d23bafc0","local_time":"20210126032028","daily_mods":["Draft","DeadlyEvents","Elite Swarm"],"is_ascension_mode":false,"campfire_choices":[{"data":"hexamod:Rewind","floor":6,"key":"SMITH"},{"data":"hexamod:HexaLevel","floor":11,"key":"SMITH"},{"data":"hexamod:HexaLevel","floor":15,"key":"SMITH"},{"data":"hexamod:HexaLevel","floor":24,"key":"SMITH"}],"circlet_count":0,"master_deck":["hexamod:RadiantFlame","hexamod:RadiantFlame","hexamod:Hexaguard","hexamod:Again","hexamod:SpectralAdrenaline","hexamod:FastForward","hexamod:HauntingEcho+1","hexamod:DynamicBlow","hexamod:ChargedBarrage","hexamod:InspiringFlames","hexamod:FastForward+1","hexamod:AdvancingGuard","hexamod:BacktrackSmack","hexamod:NecessarySacrifice","hexamod:Hexaguard","hexamod:WildfireWeapon","hexamod:Rewind+1","hexamod:Hexaguard","hexamod:FastForward","hexamod:UnleashSpirits+1","hexamod:ForkedFlame+1","hexamod:HexaLevel+1","hexamod:HexaLevel+1","hexamod:VolcanoVisage","hexamod:VolcanoVisage","hexamod:GhostflameInferno","hexamod:VolcanoVisage","hexamod:ForkedFlame+1","hexamod:UnlimitedPower","hexamod:FirstSeal","hexamod:EmpoweredFlame","hexamod:HexaLevel+1","Panache","hexamod:ForkedFlame","hexamod:ParanormalForm","hexamod:SixthSeal","Pot Of Greed","Pot Of Greed","Pot Of Greed","Pot Of Greed","hexamod:SixthSeal","hexamod:FastForward","hexamod:HexaLevel"],"relics":["hexamod:SpiritBrand","aspiration:HiddenCompartment","infinitespire:PuzzleCube","Blood Vial","hubris:Potato","Onion Ring","hubris:PeanutButter","ChewingGum","hexamod:TheBrokenSeal","hubris:NiceRug","hubris:MobiusCoin","Lantern","Frozen Eye","Replay:PocketPolymizer","hubris:Spice","Guardian:BottledAnomaly","hubris:TenFootPole","Gremlin Food","aspiration:Stabinomicon","Boot","Grinning Jar","Replay:Baseball"],"acts_visited":["Exordium","TheCity"],"potions_floor_usage":[14,16,21,28],"damage_taken":[{"damage":11,"enemies":"2 Louse","floor":1,"turns":5},{"damage":5,"enemies":"Jaw Worm","floor":4,"turns":4},{"damage":4,"enemies":"Cultist","floor":5,"turns":4},{"damage":14,"enemies":"Exordium Wildlife","floor":7,"turns":4},{"damage":15,"enemies":"3 Sentries","floor":8,"turns":8},{"damage":11,"enemies":"Gremlin Nob","floor":10,"turns":5},{"damage":6,"enemies":"Lagavulin","floor":12,"turns":6},{"damage":2,"enemies":"Replay:BlueRogue","floor":13,"turns":7},{"damage":17,"enemies":"Lagavulin","floor":14,"turns":6},{"damage":54,"enemies":"Fading Forest","floor":16,"turns":11},{"damage":25,"enemies":"Spheric Guardian","floor":18,"turns":7},{"damage":8,"enemies":"2 Thieves","floor":19,"turns":3},{"damage":2,"enemies":"Snecko","floor":20,"turns":3},{"damage":70,"enemies":"hubris:Merchant","floor":21,"turns":6},{"damage":0,"enemies":"conspire:SneckoGhost","floor":22,"turns":5},{"damage":0,"enemies":"conspire:Head Lice","floor":23,"turns":5},{"damage":0,"enemies":"Book of Stabbing","floor":25,"turns":4},{"damage":0,"enemies":"conspire:Head Lice","floor":27,"turns":5},{"damage":0,"enemies":"Centurion and Healer","floor":28,"turns":5},{"damage":0,"enemies":"Replay:Snechameleon","floor":29,"turns":5}],"seed_played":"-1035411404898612971","potions_obtained":[{"floor":7,"key":"SpeedPotion"},{"floor":8,"key":"Ancient Potion"},{"floor":12,"key":"sneckomod:MuddlingPotion"},{"floor":14,"key":"FairyPotion"},{"floor":16,"key":"hexamod:EctoCoolerPotion"},{"floor":16,"key":"Adrenaline Potion"},{"floor":21,"key":"LiquidMemories"},{"floor":28,"key":"sneckomod:MuddlingPotion"}],"is_trial":true,"path_per_floor":["M","?","?","M","M","R","M","E","T","E","R","E","E","E","R","B",null,"M","M","M","$","E","E","R","E","T","E","M","E","$"],"character_chosen":"THE_SPIRIT","items_purchased":[],"campfire_rested":0,"item_purchase_floors":[],"current_hp_per_floor":[66,66,70,65,68,68,61,53,53,49,49,52,59,51,51,16,70,80,72,72,19,21,30,30,32,32,41,50,52,52,52,52],"gold":1027,"neow_bonus":"","is_daily":false,"chose_seed":false,"campfire_upgraded":4,"win_rate":0.0,"timestamp":1611649228,"path_taken":["M","?","?","M","?","R","M","E","T","E","R","E","?","E","R","BOSS","M","?","M","$","?","E","R","E","T","E","M","E","$"],"items_purchased_type":[],"build_version":"2020-12-22","purchased_purges":0,"victory":false,"max_hp_per_floor":[70,70,70,70,70,70,70,70,70,70,70,70,70,70,70,70,70,80,80,80,88,88,88,88,88,88,88,88,88,88,88,88],"card_choices":[{"not_picked":["hexamod:Hexaguard","hexamod:BurningTouch"],"picked":"hexamod:RadiantFlame","floor":0},{"not_picked":["hexamod:FastForward","hexamod:InspiringFlames"],"picked":"hexamod:RadiantFlame","floor":0},{"not_picked":["hexamod:SpectersWail","hexamod:GhostShield"],"picked":"hexamod:Hexaguard","floor":0},{"not_picked":["hexamod:Firestarter","hexamod:ShieldOfDarkness"],"picked":"hexamod:Again","floor":0},{"not_picked":["hexamod:SwordOfDarkness","hexamod:FastForward"],"picked":"hexamod:SpectralAdrenaline","floor":0},{"not_picked":["hexamod:NightmareStrike","hexamod:HauntingEcho"],"picked":"hexamod:FirstSeal","floor":0},{"not_picked":["hexamod:ThermalTransfer","hexamod:GhostLash"],"picked":"hexamod:ThirdSeal","floor":0},{"not_picked":["hexamod:HeatShield","hexamod:ShieldOfDarkness"],"picked":"hexamod:RetreatToShadows","floor":0},{"not_picked":["hexamod:SpectersWail","hexamod:SwordOfDarkness"],"picked":"hexamod:FastForward","floor":0},{"not_picked":["hexamod:NightmareGuise","hexamod:Incineration"],"picked":"hexamod:HauntingEcho","floor":0},{"not_picked":["hexamod:ShieldOfDarkness","hexamod:HeatMetal"],"picked":"hexamod:DynamicBlow","floor":0},{"not_picked":["hexamod:NecessarySacrifice","hexamod:Hexaguard"],"picked":"hexamod:ChargedBarrage","floor":0},{"not_picked":["hexamod:GhostShield","hexamod:Hexaguard"],"picked":"hexamod:InspiringFlames","floor":0},{"not_picked":["hexamod:SwordOfDarkness","hexamod:DynamicBlow"],"picked":"hexamod:FastForward","floor":0},{"not_picked":["hexamod:HeatMetal","hexamod:GhostLash"],"picked":"hexamod:AdvancingGuard","floor":0},{"not_picked":["hexamod:BurningTouch","hexamod:SwordOfDarkness"],"picked":"hexamod:BacktrackSmack","floor":1},{"not_picked":["hexamod:NightmareGuise","hexamod:DynamicBlow","hexamod:BurningTouch"],"picked":"SKIP","floor":1},{"not_picked":["hexamod:HauntingEcho","hexamod:Haunt"],"picked":"hexamod:NecessarySacrifice","floor":4},{"not_picked":["hexamod:BurningTouch","hexamod:SoulSteal"],"picked":"hexamod:Hexaguard","floor":4},{"not_picked":["hexamod:AdvancingGuard","hexamod:ShieldOfDarkness"],"picked":"hexamod:WildfireWeapon","floor":5},{"not_picked":["hexamod:GhostOfSpireFuture","hexamod:EtherealExpedition"],"picked":"hexamod:Rewind","floor":5},{"not_picked":["hexamod:GhostShield","hexamod:NightmareGuise"],"picked":"hexamod:Hexaguard","floor":7},{"not_picked":["hexamod:SwordOfDarkness","hexamod:BurningTouch"],"picked":"hexamod:FastForward","floor":7},{"not_picked":["hexamod:WildfireWeapon","hexamod:SearingWound"],"picked":"hexamod:UnleashSpirits","floor":8},{"not_picked":["hexamod:GhostflameInferno","hexamod:WildfireWeapon"],"picked":"hexamod:ForkedFlame","floor":8},{"not_picked":["hexamod:TimeWarp","hexamod:TurnItUp"],"picked":"hexamod:HexaLevel","floor":10},{"not_picked":["hexamod:TurnItUp","hexamod:VolcanoVisage"],"picked":"hexamod:HexaLevel","floor":10},{"not_picked":["hexamod:WildfireWeapon","hexamod:ParanormalForm"],"picked":"hexamod:FifthSeal","floor":12},{"not_picked":["hexamod:GhostOfSpirePresent","hexamod:GhostflameInferno"],"picked":"hexamod:VolcanoVisage","floor":12},{"not_picked":["hexamod:ThirdSeal","hexamod:SecondSeal"],"picked":"hexamod:FourthSeal","floor":13},{"not_picked":["hexamod:TimeOfNeed","hexamod:FifthSeal"],"picked":"hexamod:VolcanoVisage","floor":13},{"not_picked":["hexamod:ForkedFlame","hexamod:GhostOfSpirePresent"],"picked":"hexamod:GhostflameInferno","floor":13},{"not_picked":["hexamod:FirstSeal","hexamod:FourthSeal"],"picked":"hexamod:SixthSeal","floor":14},{"not_picked":["hexamod:ForkedFlame","hexamod:HexaLevel"],"picked":"hexamod:VolcanoVisage","floor":14},{"not_picked":["hexamod:UnleashSpirits","hexamod:TurnItUp","hexamod:SixthSeal"],"picked":"SKIP","floor":14},{"not_picked":["hexamod:FifthSeal","hexamod:GhostflameInferno"],"picked":"hexamod:ForkedFlame","floor":16},{"not_picked":["hexamod:TurnItUp","hexamod:UnleashSpirits"],"picked":"hexamod:UnlimitedPower","floor":16},{"not_picked":["hexamod:SecondSeal","hexamod:FourthSeal"],"picked":"hexamod:FirstSeal","floor":18},{"not_picked":["hexamod:HeatMetal","hexamod:GhostflameBarrier","hexamod:NightmareStrike"],"picked":"SKIP","floor":18},{"not_picked":["hexamod:BurningTouch+1","hexamod:AdvancingGuard+1"],"picked":"hexamod:EmpoweredFlame","floor":19},{"not_picked":["hexamod:HeatMetal","hexamod:AdvancingGuard+1","hexamod:NightmareStrike+1"],"picked":"SKIP","floor":20},{"not_picked":[],"picked":"hexamod:HexaLevel","floor":21},{"not_picked":[],"picked":"Panache","floor":21},{"not_picked":["hexamod:BacktrackSmack"],"picked":"SKIP","floor":21},{"not_picked":["hexamod:UnleashSpirits"],"picked":"SKIP","floor":21},{"not_picked":["hexamod:AdvancingGuard"],"picked":"SKIP","floor":21},{"not_picked":["hexamod:GhostflameInferno"],"picked":"SKIP","floor":21},{"not_picked":["Good Instincts"],"picked":"SKIP","floor":21},{"not_picked":["hexamod:UnleashSpirits","hexamod:SearingWound"],"picked":"hexamod:ForkedFlame","floor":22},{"not_picked":["hexamod:TurnItUp","hexamod:UnlimitedPower"],"picked":"hexamod:ParanormalForm","floor":23},{"not_picked":["hexamod:TurnItUp","hexamod:GhostflameInferno"],"picked":"hexamod:SixthSeal","floor":25},{"not_picked":["hexamod:GhostOfSpirePresent","hexamod:HexaLevel"],"picked":"hexamod:SixthSeal","floor":27},{"not_picked":["hexamod:RainOfEmbers+1","hexamod:BacktrackSmack+1"],"picked":"hexamod:FastForward","floor":28},{"not_picked":["hexamod:ParanormalForm","hexamod:WildfireWeapon"],"picked":"hexamod:HexaLevel","floor":29}],"player_experience":138092,"relics_obtained":[{"floor":8,"key":"aspiration:HiddenCompartment"},{"floor":9,"key":"infinitespire:PuzzleCube"},{"floor":10,"key":"Blood Vial"},{"floor":12,"key":"hubris:Potato"},{"floor":13,"key":"Onion Ring"},{"floor":14,"key":"hubris:PeanutButter"},{"floor":21,"key":"hubris:MobiusCoin"},{"floor":21,"key":"Lantern"},{"floor":21,"key":"Frozen Eye"},{"floor":21,"key":"Replay:PocketPolymizer"},{"floor":21,"key":"hubris:Spice"},{"floor":21,"key":"Guardian:BottledAnomaly"},{"floor":22,"key":"hubris:TenFootPole"},{"floor":23,"key":"Gremlin Food"},{"floor":25,"key":"aspiration:Stabinomicon"},{"floor":26,"key":"Boot"},{"floor":27,"key":"Grinning Jar"},{"floor":29,"key":"Replay:Baseball"}],"event_choices":[{"cards_removed":["hexamod:RetreatToShadows"],"damage_healed":4,"gold_gain":0,"player_choice":"Offered Uncommon","damage_taken":0,"max_hp_gain":0,"max_hp_loss":0,"event_name":"Bonfire Elementals","floor":3,"gold_loss":0}],"is_beta":false,"boss_relics":[{"not_picked":["hubris:VirtuousBlindfold","Tiny House"],"picked":"ChewingGum"}],"items_purged_floors":[],"is_endless":false,"potions_floor_spawned":[7,8,12,16,18,20,23,28],"ascension_level":0}}