{"host":"ayh4nqhr0ddw4ozv","time":1611631598,"event":{"mods":["BaseMod","Downfall","Minty Spire (QoL Compilation)","Relic Stats","Replay The Spire","Robot Space Explorer","StSLib"],"gold_per_floor":[99,116,134,148,162,162,162,177,192,192,212,240,240,254,269,269,269,269],"floor_reached":16,"language":"ENG","playtime":1233,"items_purged":[],"score":108,"play_id":"218bdb52-8118-412f-ac20-bf3306650095","local_time":"20210125192638","is_ascension_mode":false,"campfire_choices":[{"data":"Slimebound:Split","floor":1,"key":"SMITH"},{"data":"Slimebound:RejuvenatingLick","floor":10,"key":"SMITH"},{"floor":13,"key":"REST"}],"circlet_count":0,"master_deck":["Slimebound:Strike_Slimebound","Slimebound:Strike_Slimebound","Slimebound:Strike_Slimebound","Slimebound:Tackle","Slimebound:Defend_Slimebound","Slimebound:Defend_Slimebound","Slimebound:Defend_Slimebound","Slimebound:Defend_Slimebound","Slimebound:Split+1","Slimebound:CorrosiveSpit","Slimebound:LeechingTouch","Slimebound:SlimeBarrage","Slimebound:ComboTackle","Slimebound:LevelUp","Slimebound:RejuvenatingLick+1","Slimebound:Nibble","Slimebound:OozeBath"],"relics":["m_SlimeRing","Mercury Hourglass","Vajra"],"acts_visited":["Exordium"],"potions_floor_usage":[16,16,16],"damage_taken":[{"damage":0,"enemies":"Cultist","floor":2,"turns":3},{"damage":3,"enemies":"Small Slimes","floor":3,"turns":3},{"damage":3,"enemies":"2 Louse","floor":4,"turns":3},{"damage":9,"enemies":"Large Slime","floor":5,"turns":6},{"damage":7,"enemies":"Gremlin Gang","floor":8,"turns":3},{"damage":7,"enemies":"Blue Slaver","floor":9,"turns":4},{"damage":14,"enemies":"Exordium Wildlife","floor":11,"turns":4},{"damage":15,"enemies":"3 Sentries","floor":12,"turns":5},{"damage":11,"enemies":"Red Slaver","floor":14,"turns":3},{"damage":6,"enemies":"Lots of Slimes","floor":15,"turns":2},{"damage":36,"enemies":"IC_STATUS_ARCHETYPE","floor":16,"turns":4}],"seed_played":"-8527542898633351809","potions_obtained":[{"floor":4,"key":"Elixir"},{"floor":8,"key":"Elixir"},{"floor":11,"key":"sneckomod:MuddlingPotion"},{"floor":12,"key":"Slimebound:SlimedPotion"}],"is_trial":false,"path_per_floor":["R","M","M","M","M","?","T","M","M","R","M","E","R","M","M","B"],"character_chosen":"SLIMEBOUND","items_purchased":[],"campfire_rested":1,"item_purchase_floors":[],"current_hp_per_floor":[71,71,71,68,67,67,67,60,53,53,39,24,45,34,28,0,0,0],"gold":269,"neow_bonus":"TEN_PERCENT_HP_BONUS","is_daily":false,"chose_seed":false,"campfire_upgraded":2,"win_rate":0.0,"timestamp":1611631598,"path_taken":["R","M","M","?","M","?","T","M","M","R","M","E","R","M","M","BOSS"],"items_purchased_type":[],"build_version":"2020-12-22","purchased_purges":0,"victory":false,"max_hp_per_floor":[71,71,71,71,71,71,71,71,71,71,71,71,71,71,71,71,71,71],"relic_stats":{"counters":[11,37],"obtain_stats":[{"m_SlimeRing":6,"Vajra":12,"Slimebound:AbsorbEndCombat":0,"Mercury Hourglass":7},{"m_SlimeRing":4,"Vajra":8,"Slimebound:AbsorbEndCombat":0,"Mercury Hourglass":4},{"m_SlimeRing":14,"Vajra":28,"Slimebound:AbsorbEndCombat":0,"Mercury Hourglass":14}],"Mercury Hourglass":[134]},"card_choices":[{"not_picked":["Slimebound:HauntingLick","Slimebound:SplitAcid"],"picked":"Slimebound:LeechingTouch","floor":2},{"not_picked":["Slimebound:RollThrough","Slimebound:HauntingLick"],"picked":"Slimebound:SlimeBarrage","floor":3},{"not_picked":["Slimebound:GoopTackle","Slimebound:FormOfPuddle"],"picked":"Slimebound:ComboTackle","floor":4},{"not_picked":["Slimebound:BestDefense","Slimebound:PressTheAttack"],"picked":"Slimebound:LevelUp","floor":5},{"not_picked":["Slimebound:Prepare","Slimebound:SpikyOuterGoop","Slimebound:Dissolve"],"picked":"SKIP","floor":8},{"not_picked":["Slimebound:Schlurp","Slimebound:ViciousTackle"],"picked":"Slimebound:RejuvenatingLick","floor":9},{"not_picked":["Endless Agony","Slimebound:GoopTackle","Slimebound:SplitAcid"],"picked":"SKIP","floor":11},{"not_picked":["Slimebound:HauntingLick","Blade Dance"],"picked":"Slimebound:Nibble","floor":12},{"not_picked":["Slimebound:LeechEnergy","Slimebound:SlimeSpikes"],"picked":"Slimebound:OozeBath","floor":14},{"not_picked":["Slimebound:Schlurp","Slimebound:GoopSpray","Slimebound:SplitBruiser"],"picked":"SKIP","floor":15}],"player_experience":385523,"relics_obtained":[{"floor":7,"key":"Mercury Hourglass"},{"floor":12,"key":"Vajra"}],"event_choices":[],"is_beta":false,"boss_relics":[],"items_purged_floors":[],"is_endless":false,"potions_floor_spawned":[4,8,11,12],"killed_by":"IC_STATUS_ARCHETYPE","ascension_level":0}}