{"host":"wq0pzln9h9r005f2","time":1611633347,"event":{"mods":["AchievementEnabler","BaseMod","Googly Eyes","Highlight Path","Minty Spire (QoL Compilation)","Quick Restart","Rare Cards Sparkle","Relic Stats","The IronCluck","egg"],"gold_per_floor":[217,217,232,232,9,41,41,58,58,58,58,70,86,11,11,11,11],"floor_reached":16,"language":"ENG","playtime":384,"items_purged":["Strike_R"],"score":165,"play_id":"990ace57-c158-427d-bfc0-7a0761b5a759","local_time":"20210125205547","is_ascension_mode":true,"campfire_choices":[{"data":"Demon Form","floor":7,"key":"SMITH"},{"floor":15,"key":"REST"}],"circlet_count":0,"master_deck":["AscendersBane","Strike_R","Strike_R+1","Strike_R","Defend_R","Defend_R+1","Defend_R","Bash","Inflame+1","Demon Form+1","Flex"],"relics":["Burning Blood","Chemical X","Bottled Tornado","Boot"],"acts_visited":["Exordium"],"potions_floor_usage":[6,13],"damage_taken":[{"damage":10,"enemies":"2 Louse","floor":1,"turns":3},{"damage":2,"enemies":"Jaw Worm","floor":3,"turns":3},{"damage":27,"enemies":"3 Sentries","floor":6,"turns":7},{"damage":4,"enemies":"Small Slimes","floor":8,"turns":3},{"damage":16,"enemies":"Blue Slaver","floor":12,"turns":5},{"damage":14,"enemies":"Exordium Thugs","floor":13,"turns":3},{"damage":38,"enemies":"Slime Boss","floor":16,"turns":7}],"seed_played":"2903978803529954381","potions_obtained":[{"floor":3,"key":"Fire Potion"},{"floor":6,"key":"DistilledChaos"}],"is_trial":false,"path_per_floor":["M","?","M","?","$","E","R","M","T","?","?","M","M","$","R","B"],"character_chosen":"IRONCLAD","items_purchased":["Chemical X","Inflame"],"campfire_rested":1,"item_purchase_floors":[5,5],"current_hp_per_floor":[68,52,56,49,49,28,28,30,30,30,30,20,12,12,36,0,0],"gold":11,"neow_bonus":"HUNDRED_GOLD","is_daily":false,"chose_seed":false,"campfire_upgraded":1,"win_rate":0.0,"timestamp":1611633347,"path_taken":["M","?","M","?","$","E","R","M","T","?","?","M","?","$","R","BOSS"],"items_purchased_type":["Relic","Card"],"build_version":"2020-12-22","purchased_purges":1,"victory":false,"max_hp_per_floor":[80,80,80,80,80,80,80,80,80,80,80,80,80,80,80,80,80],"relic_stats":{"counters":[7,31],"Chemical X":[1],"Boot":[0],"obtain_stats":[{"Chemical X":5,"Bottled Tornado":6,"Boot":9,"Burning Blood":0},{"Chemical X":2,"Bottled Tornado":3,"Boot":4,"Burning Blood":0},{"Chemical X":6,"Bottled Tornado":13,"Boot":16,"Burning Blood":0}],"Burning Blood":36},"card_choices":[{"not_picked":["Iron Wave","Intimidate","Reckless Charge"],"picked":"SKIP","floor":1},{"not_picked":["Armaments","Seeing Red","Metallicize"],"picked":"SKIP","floor":3},{"not_picked":["Havoc","Pommel Strike"],"picked":"Demon Form","floor":6},{"not_picked":["Body Slam","Thunderclap","Battle Trance"],"picked":"SKIP","floor":8},{"not_picked":["Shrug It Off","Disarm"],"picked":"Flex","floor":12},{"not_picked":["Sentinel","Juggernaut","Carnage"],"picked":"SKIP","floor":13}],"player_experience":91266,"relics_obtained":[{"floor":6,"key":"Bottled Tornado"},{"floor":9,"key":"Boot"}],"event_choices":[{"damage_healed":0,"gold_gain":0,"player_choice":"Entered Light","damage_taken":16,"max_hp_gain":0,"max_hp_loss":0,"event_name":"Shining Light","floor":2,"gold_loss":0,"cards_upgraded":["Strike_R","Defend_R"]},{"cards_removed":["Defend_R"],"damage_healed":0,"gold_gain":0,"player_choice":"Card Removal","damage_taken":7,"max_hp_gain":0,"max_hp_loss":0,"event_name":"Golden Wing","floor":4,"gold_loss":0},{"damage_healed":0,"gold_gain":0,"player_choice":"Grow","damage_taken":0,"max_hp_gain":0,"max_hp_loss":0,"event_name":"Living Wall","floor":10,"gold_loss":0,"cards_upgraded":["Inflame"]},{"cards_removed":["Strike_R"],"damage_healed":0,"gold_gain":0,"player_choice":"Card Removal","damage_taken":0,"max_hp_gain":0,"max_hp_loss":0,"event_name":"Wheel of Change","floor":11,"gold_loss":0}],"is_beta":false,"boss_relics":[],"items_purged_floors":[14],"is_endless":false,"potions_floor_spawned":[3,6],"killed_by":"Slime Boss","ascension_level":13}}