{"host":"xmr2g8b7eju0288o","time":1611672880,"event":{"mods":["AchievementEnabler","BaseMod","Colored Map","Colored Powertips","KOR Keyword Fix","Minty Spire (QoL Compilation)","Quick Restart","Replay The Spire","Spicy Shops","StSLib","SuperFastMode"],"gold_per_floor":[99,112,5,19,19,44,44,44,71,71,101,117,143,143,143],"floor_reached":14,"language":"KOR","playtime":365,"items_purged":[],"score":312,"play_id":"a6cbaf65-0117-4374-a6bb-dac0e594faa6","local_time":"20210126235440","daily_mods":["Heirloom","DeadlyEvents","Elite Swarm"],"is_ascension_mode":true,"campfire_choices":[{"data":"Pommel Strike","floor":8.0,"key":"SMITH"},{"data":"Thunderclap","floor":8.0,"key":"SMITH"},{"data":"Defend_R","floor":10.0,"key":"SMITH"},{"data":"Defend_R","floor":10.0,"key":"SMITH"}],"circlet_count":0,"master_deck":["AscendersBane","Strike_R","Strike_R","Strike_R","Strike_R","Strike_R","Defend_R","Defend_R","Defend_R+1","Defend_R+1","Dropkick+1","Thunderclap+1","CommonCold","Pommel Strike+1","Pommel Strike","Barricade"],"relics":["Burning Blood","TungstenRod","Strange Spoon","ReplayTheSpireMod:CursedCoin","Replay:Rubber Ducky","Happy Flower","Replay:Arrowhead","ReplayTheSpireMod:Spearhead","Bronze Scales","Darkstone Periapt"],"acts_visited":["Exordium"],"potions_floor_usage":[14],"damage_taken":[{"damage":12.0,"enemies":"2 Louse","floor":2.0,"turns":3.0},{"damage":5.0,"enemies":"Cultist","floor":4.0,"turns":3.0},{"damage":45.0,"enemies":"3 Sentries","floor":6.0,"turns":12.0},{"damage":7.0,"enemies":"Gremlin Nob","floor":11.0,"turns":3.0},{"damage":9.0,"enemies":"Small Slimes","floor":12.0,"turns":2.0},{"damage":9.0,"enemies":"Lagavulin","floor":13.0,"turns":5.0},{"damage":18,"enemies":"3 Sentries","floor":14,"turns":7}],"seed_played":"-6067653584216402949","potions_obtained":[{"floor":2.0,"key":"Block Potion"},{"floor":12.0,"key":"Adrenaline Potion"},{"floor":13.0,"key":"Block Potion"}],"is_trial":true,"path_per_floor":["?","M","$","M","$","E","T","R","T","R","E","M","E","E"],"character_chosen":"IRONCLAD","items_purchased":["Strange Spoon","ReplayTheSpireMod:CursedCoin","Replay:Rubber Ducky"],"campfire_rested":0,"item_purchase_floors":[3,3,3],"current_hp_per_floor":[68,62,62,63,63,24,24,24,24,24,23,20,17,0,0],"gold":143,"neow_bonus":"","is_daily":false,"chose_seed":false,"campfire_upgraded":4,"win_rate":0.0,"timestamp":1611672880,"path_taken":["?","?","?","M","$","E","?","R","T","R","E","M","?","E"],"items_purchased_type":["Relic","Relic","Relic"],"build_version":"2020-12-22","purchased_purges":0,"victory":false,"max_hp_per_floor":[75,75,75,75,75,75,75,75,75,75,75,75,75,75,75],"card_choices":[{"not_picked":["ReplayTheSpireMod:Strike From Hell","Clothesline"],"picked":"Thunderclap","floor":2.0},{"not_picked":["Anger","Iron Wave"],"picked":"Pommel Strike","floor":4.0},{"not_picked":["Corruption","Replay:Many Hands","Double Tap"],"picked":"SKIP","floor":6.0},{"not_picked":["Bludgeon","Offering","Demonic Infusion"],"picked":"SKIP","floor":11.0},{"not_picked":["Heavy Blade","Abandon"],"picked":"Pommel Strike","floor":12.0},{"not_picked":["Demonic Infusion","Corruption"],"picked":"Barricade","floor":13.0}],"player_experience":77178,"relics_obtained":[{"floor":6.0,"key":"Happy Flower"},{"floor":7.0,"key":"Replay:Arrowhead"},{"floor":9.0,"key":"ReplayTheSpireMod:Spearhead"},{"floor":11.0,"key":"Bronze Scales"},{"floor":13.0,"key":"Darkstone Periapt"}],"event_choices":[],"is_beta":false,"boss_relics":[],"items_purged_floors":[],"is_endless":true,"potions_floor_spawned":[2,12,13],"killed_by":"3 Sentries","ascension_level":20}}