{"host":"1zwnl30z3cyaxn7y","time":1611656794,"event":{"mods":["BaseMod","Downfall","Marisa£®ÏF”Í°°ƒß¿Ì…≥£©","Minty Spire (QoL Compilation)","Replay The Spire","StSLib","The Bug Knight","The Servant 0.9.4","Warlord Emblem"],"gold_per_floor":[115,115,115,128,53,53,87,87,87,105,123,157,177,202,202,333,333,348,29,29,29,36,36,70,89,89,107,145,168,83,98,98,221,221,242,308,308,308],"floor_reached":37,"language":"ZHS","playtime":11820,"items_purged":["Defend_S"],"score":371,"play_id":"996ae0ec-bb4a-4a5a-92c1-f44e312651b3","local_time":"20210126182634","is_ascension_mode":false,"campfire_choices":[{"data":"GearUp","floor":6,"key":"SMITH"},{"data":"WasteNot","floor":15,"key":"SMITH"},{"data":"Initiator","floor":23,"key":"SMITH"},{"floor":32,"key":"REST"}],"circlet_count":0,"master_deck":["Strike_S","Strike_S","Strike_S","Strike_S","Defend_S","Defend_S","Defend_S","KidneyShot","Exchange","KidneyShot","GearUp+1","BottledTime","WasteNot+1","TimeTheft+1","Defy","Manipulate","Initiator+1","TimeWarp+1","Luminosity+1","Comet","TimeTheft","Luminosity+1","Barrier","BottledTime+1","Defy+1","AbeCurse","TheWorld+1","Contraction","Replay:Sluggish","Potential+1","Moondial"],"relics":["Uniform","NeowsBlessing","Golden Idol","Ornamental Fan","Pear","Replay:Baseball","Black Star","Mummified Hand","Counterbalance","Regal Pillow","Golden Egg","Replay:Mystery Machine","WarlordEmblem:OldTorch","Toy Ornithopter","Cursed Key","Frozen Egg 2"],"acts_visited":["Exordium","TheCity","TheBeyond"],"potions_floor_usage":[12,12,16,16,24,27,33,33],"damage_taken":[{"damage":0,"enemies":"Small Slimes","floor":1,"turns":1},{"damage":0,"enemies":"Jaw Worm","floor":4,"turns":1},{"damage":0,"enemies":"Gremlin Nob","floor":7,"turns":1},{"damage":0,"enemies":"Cultist","floor":10,"turns":4},{"damage":1,"enemies":"Red Slaver","floor":11,"turns":5},{"damage":2,"enemies":"3 Sentries","floor":12,"turns":14},{"damage":0,"enemies":"Large Slime","floor":13,"turns":7},{"damage":0,"enemies":"Blue Slaver","floor":14,"turns":5},{"damage":14,"enemies":"Hexaghost","floor":16,"turns":15},{"damage":19,"enemies":"Shell Parasite","floor":18,"turns":6},{"damage":11,"enemies":"2 Thieves","floor":22,"turns":4},{"damage":10,"enemies":"Book of Stabbing","floor":24,"turns":4},{"damage":6,"enemies":"Snake Plant","floor":25,"turns":5},{"damage":0,"enemies":"Snecko","floor":27,"turns":3},{"damage":27,"enemies":"Slavers","floor":28,"turns":5},{"damage":0,"enemies":"3 Cultists","floor":29,"turns":6},{"damage":2,"enemies":"Shelled Parasite and Fungi","floor":31,"turns":4},{"damage":0,"enemies":"Pondfish","floor":33,"turns":13},{"damage":4,"enemies":"3 Shapes","floor":35,"turns":5},{"damage":82,"enemies":"Orin","floor":37,"turns":7}],"seed_played":"4710220420220535883","potions_obtained":[{"floor":4,"key":"LifebloodPotion"},{"floor":7,"key":"LifebloodPotion"},{"floor":12,"key":"SpeedPotion"},{"floor":13,"key":"DistilledChaos"},{"floor":22,"key":"AttackPotion"},{"floor":25,"key":"Energy Potion"},{"floor":28,"key":"SneckoOil"},{"floor":29,"key":"SteroidPotion"},{"floor":31,"key":"Energy Potion"},{"floor":33,"key":"Guardian:BlockOnCardUsePotion"}],"is_trial":false,"path_per_floor":["M","?","?","M","$","R","E","?","T","M","M","E","M","M","R","B",null,"M","$","?","?","M","R","E","M","T","M","E","M","?","M","R","B",null,"M","?","?"],"character_chosen":"THE_SERVANT","items_purchased":["Luminosity+1","Mummified Hand"],"campfire_rested":1,"item_purchase_floors":[19,19],"current_hp_per_floor":[65,49,49,49,49,49,49,54,64,64,63,61,61,61,61,47,80,61,61,61,61,50,50,40,34,34,34,7,7,7,5,44,54,80,76,76,0,0],"gold":308,"neow_bonus":"THREE_ENEMY_KILL","is_daily":false,"chose_seed":false,"campfire_upgraded":3,"win_rate":0.0,"timestamp":1611656794,"path_taken":["M","?","?","?","?","R","E","?","T","M","M","E","M","M","R","BOSS","M","$","?","?","?","R","E","M","T","M","E","M","?","M","R","BOSS","M","?","?"],"items_purchased_type":["Card","Relic"],"build_version":"2020-12-22","purchased_purges":1,"victory":false,"max_hp_per_floor":[65,65,65,65,65,65,65,70,80,80,80,80,80,80,80,80,80,80,80,80,80,80,80,80,80,80,80,80,80,80,80,80,80,80,80,80,80,80],"card_choices":[{"not_picked":["Rewind","Revamp","Rearm"],"picked":"SKIP","floor":1},{"not_picked":["FastForward","Revamp"],"picked":"GearUp","floor":4},{"not_picked":["Alleviate","Reset"],"picked":"BottledTime","floor":7},{"not_picked":["ReturningBlade","DoubleEdge","Alleviate"],"picked":"SKIP","floor":10},{"not_picked":["ShatteredReality","BestPractice"],"picked":"WasteNot","floor":11},{"not_picked":["Deny","FanOfKnives"],"picked":"TimeTheft","floor":12},{"not_picked":["TimeTheft","Rewind"],"picked":"Defy","floor":13},{"not_picked":["Sabotage","TimeWarp"],"picked":"Manipulate","floor":14},{"not_picked":["Deny","TrueSight"],"picked":"Initiator","floor":16},{"not_picked":["Revamp+1","Spin+1"],"picked":"TimeWarp+1","floor":18},{"not_picked":["Rewind+1","ShatteredReality"],"picked":"Comet","floor":22},{"not_picked":["BestPractice","Rearm"],"picked":"TimeTheft","floor":24},{"not_picked":["Alleviate","Barrier"],"picked":"Luminosity+1","floor":25},{"not_picked":["Read","FastForward","TimeWarp+1"],"picked":"SKIP","floor":27},{"not_picked":["ShatteredReality","Read"],"picked":"Barrier","floor":28},{"not_picked":["Replace+1","Potential+1"],"picked":"BottledTime+1","floor":29},{"not_picked":["DoubleEdge+1","TimeWarp"],"picked":"Defy+1","floor":31},{"not_picked":["Deny","Sunlight"],"picked":"TheWorld","floor":33},{"not_picked":["Ricochet","Alleviate+1"],"picked":"Contraction","floor":35},{"not_picked":["Foresight+1","TimeWarp"],"picked":"Potential+1","floor":36},{"not_picked":["BestPractice+1","TimeWarp"],"picked":"Moondial","floor":36}],"player_experience":321625,"relics_obtained":[{"floor":7,"key":"Ornamental Fan"},{"floor":9,"key":"Pear"},{"floor":12,"key":"Replay:Baseball"},{"floor":24,"key":"Counterbalance"},{"floor":24,"key":"Regal Pillow"},{"floor":26,"key":"Golden Egg"},{"floor":28,"key":"Replay:Mystery Machine"},{"floor":28,"key":"WarlordEmblem:OldTorch"},{"floor":36,"key":"Frozen Egg 2"}],"event_choices":[{"damage_healed":0,"gold_gain":0,"player_choice":"Take Damage","damage_taken":16,"relics_obtained":["Golden Idol"],"max_hp_gain":0,"max_hp_loss":0,"event_name":"Golden Idol","floor":2,"gold_loss":0},{"damage_healed":0,"gold_gain":0,"player_choice":"1 cards matched","damage_taken":0,"max_hp_gain":0,"max_hp_loss":0,"event_name":"Match and Keep!","floor":3,"gold_loss":0,"cards_obtained":["KidneyShot"]},{"damage_healed":0,"gold_gain":0,"player_choice":"Donut","damage_taken":0,"max_hp_gain":5,"max_hp_loss":0,"event_name":"Big Fish","floor":8,"gold_loss":0},{"damage_healed":0,"gold_gain":0,"player_choice":"Forge","damage_taken":0,"max_hp_gain":0,"max_hp_loss":0,"event_name":"Accursed Blacksmith","floor":21,"gold_loss":0,"cards_upgraded":["TimeTheft"]},{"damage_healed":0,"gold_gain":0,"player_choice":"Obtained Relic","damage_taken":0,"relics_obtained":["Toy Ornithopter"],"max_hp_gain":0,"max_hp_loss":0,"event_name":"Addict","floor":30,"gold_loss":85},{"damage_healed":0,"gold_gain":0,"player_choice":"Fight","damage_taken":0,"max_hp_gain":0,"max_hp_loss":0,"event_name":"OrinTheCat","floor":37,"gold_loss":0}],"is_beta":false,"boss_relics":[{"not_picked":["WarlordEmblem:BadgeBless","Empty Cage"],"picked":"Black Star"},{"not_picked":["ReplayTheSpireMod:DimensionalGlitch","ChewingGum"],"picked":"Cursed Key"}],"items_purged_floors":[5],"is_endless":false,"potions_floor_spawned":[4,7,12,13,22,25,28,29,31,33],"killed_by":"Orin","ascension_level":0}}