{"host":"kh6fvhxn285ncg0o","time":1611700059,"event":{"mods":["Act Like it!","BaseMod","Colored Map","Friendly Minions","Keyboard Shortcuts","Minty Spire (QoL Compilation)","Quick Restart","Relic Stats","StSLib","SuperFastMode","UnlockEverythingMod"],"gold_per_floor":[119,269,34,34,50,50,82,82,82,102,122,151,151,167,167,242,242,259,275,275,275,200,200,210,240,240,240,252,287,301,311,311,311,311],"floor_reached":33,"language":"KOR","playtime":994,"items_purged":["Doubt"],"score":694,"play_id":"b5ef6bef-bd33-4089-b351-438a6d4b80d7","local_time":"20210127072739","is_ascension_mode":true,"campfire_choices":[{"data":"Evolve","floor":6,"key":"SMITH"},{"data":"Fire Breathing","floor":15,"key":"SMITH"},{"data":"Armaments","floor":23,"key":"SMITH"},{"data":"Juggernaut","floor":32,"key":"SMITH"}],"circlet_count":0,"master_deck":["AscendersBane","Defend_R","Defend_R","Defend_R","Defend_R","Bash+1","Evolve+1","Disarm","Shockwave","Fire Breathing+1","Corruption","Armaments+1","Shrug It Off","Bite","Bite","Bite","Ghostly","Ghostly","Ghostly","Blind","Jack Of All Trades","Shrug It Off+1","Shrug It Off+1","Entrench","Pommel Strike","Juggernaut+1"],"relics":["Burning Blood","NeowsBlessing","Bag of Marbles","Eternal Feather","InkBottle","Charon\u0027s Ashes","Oddly Smooth Stone","Coffee Dripper","Tiny Chest","Shovel","Vajra","Omamori"],"acts_visited":["Exordium","TheCity"],"potions_floor_usage":[16,19,31],"damage_taken":[{"damage":0,"enemies":"2 Louse","floor":1,"turns":1},{"damage":0,"enemies":"Jaw Worm","floor":5,"turns":1},{"damage":0,"enemies":"Lagavulin","floor":7,"turns":1},{"damage":6,"enemies":"Small Slimes","floor":10,"turns":4},{"damage":5,"enemies":"2 Fungi Beasts","floor":11,"turns":4},{"damage":48,"enemies":"Gremlin Nob","floor":12,"turns":5},{"damage":14,"enemies":"Blue Slaver","floor":14,"turns":3},{"damage":38,"enemies":"Hexaghost","floor":16,"turns":11},{"damage":25,"enemies":"Shell Parasite","floor":18,"turns":5},{"damage":12,"enemies":"Spheric Guardian","floor":19,"turns":5},{"damage":5,"enemies":"Centurion and Healer","floor":24,"turns":7},{"damage":0,"enemies":"Slavers","floor":25,"turns":5},{"damage":0,"enemies":"Cultist and Chosen","floor":28,"turns":4},{"damage":5,"enemies":"Gremlin Leader","floor":29,"turns":7},{"damage":2,"enemies":"3 Cultists","floor":30,"turns":5},{"damage":0,"enemies":"Shelled Parasite and Fungi","floor":31,"turns":4},{"damage":54,"enemies":"Automaton","floor":33,"turns":14}],"seed_played":"9056018009004067315","potions_obtained":[{"floor":7,"key":"EssenceOfSteel"},{"floor":11,"key":"BloodPotion"},{"floor":16,"key":"SteroidPotion"},{"floor":24,"key":"SpeedPotion"},{"floor":25,"key":"SneckoOil"}],"is_trial":false,"path_per_floor":["M","?","$","?","M","R","E","?","T","M","M","E","?","M","R","B",null,"M","M","?","?","?","R","M","E","T","T","M","E","M","M","R","B"],"character_chosen":"IRONCLAD","items_purchased":["Bag of Marbles"],"campfire_rested":0,"item_purchase_floors":[3],"current_hp_per_floor":[74,74,74,74,75,75,75,80,80,80,80,38,27,19,28,12,63,44,38,38,28,28,28,28,28,28,28,28,28,28,28,28,0,0],"gold":311,"neow_bonus":"THREE_ENEMY_KILL","is_daily":false,"chose_seed":false,"campfire_upgraded":4,"win_rate":0.0,"timestamp":1611700059,"path_taken":["M","?","?","?","M","R","E","?","T","M","M","E","?","M","R","BOSS","M","M","?","?","?","R","?","E","T","?","M","E","M","M","R","BOSS"],"items_purchased_type":["Relic"],"build_version":"2020-12-22","purchased_purges":1,"victory":false,"max_hp_per_floor":[75,75,75,75,75,75,75,80,80,80,80,80,80,80,80,80,80,80,80,56,28,28,28,28,28,28,28,28,28,28,28,28,28,28],"relic_stats":{"Shovel":0,"counters":[17,86],"Eternal Feather":9,"Tiny Chest":0,"Charon\u0027s Ashes":[494],"obtain_stats":[{"Shovel":26,"NeowsBlessing":0,"Oddly Smooth Stone":13,"Vajra":27,"Eternal Feather":7,"Tiny Chest":25,"Charon\u0027s Ashes":12,"Bag of Marbles":3,"Coffee Dripper":17,"Omamori":29,"Burning Blood":0,"InkBottle":9},{"Shovel":12,"NeowsBlessing":0,"Oddly Smooth Stone":6,"Vajra":12,"Eternal Feather":3,"Tiny Chest":12,"Charon\u0027s Ashes":6,"Bag of Marbles":1,"Coffee Dripper":8,"Omamori":14,"Burning Blood":0,"InkBottle":3},{"Shovel":52,"NeowsBlessing":0,"Oddly Smooth Stone":16,"Vajra":52,"Eternal Feather":3,"Tiny Chest":52,"Charon\u0027s Ashes":16,"Bag of Marbles":1,"Coffee Dripper":30,"Omamori":63,"Burning Blood":0,"InkBottle":3}],"Burning Blood":48,"InkBottle":[31]},"card_choices":[{"not_picked":["Thunderclap","Inflame"],"picked":"Evolve","floor":5},{"not_picked":["Evolve","Infernal Blade"],"picked":"Disarm","floor":7},{"not_picked":["Intimidate","Twin Strike"],"picked":"Shockwave","floor":11},{"not_picked":["True Grit","Flex","Clash"],"picked":"SKIP","floor":12},{"not_picked":["Sentinel","Iron Wave"],"picked":"Fire Breathing","floor":14},{"not_picked":["Exhume","Juggernaut"],"picked":"Corruption","floor":16},{"not_picked":["Anger","Pommel Strike"],"picked":"Armaments","floor":18},{"not_picked":["Perfected Strike","Intimidate"],"picked":"Shrug It Off","floor":19},{"not_picked":["Headbutt","Cleave+1"],"picked":"Shrug It Off+1","floor":24},{"not_picked":["Heavy Blade+1","Havoc"],"picked":"Shrug It Off+1","floor":25},{"not_picked":["Twin Strike+1","Wild Strike"],"picked":"Entrench","floor":28},{"not_picked":["Flex","Corruption","Clothesline"],"picked":"SKIP","floor":29},{"not_picked":["Metallicize","Perfected Strike"],"picked":"Pommel Strike","floor":30},{"not_picked":["Flex","Anger"],"picked":"Juggernaut","floor":31}],"player_experience":1285446,"relics_obtained":[{"floor":7,"key":"Eternal Feather"},{"floor":9,"key":"InkBottle"},{"floor":12,"key":"Charon\u0027s Ashes"},{"floor":25,"key":"Tiny Chest"},{"floor":26,"key":"Shovel"},{"floor":27,"key":"Vajra"},{"floor":29,"key":"Omamori"}],"event_choices":[{"damage_healed":0,"gold_gain":150,"player_choice":"AGREE","damage_taken":0,"max_hp_gain":0,"max_hp_loss":0,"event_name":"Liars Game","floor":2,"gold_loss":0,"cards_obtained":["Doubt"]},{"damage_healed":0,"gold_gain":0,"player_choice":"Grow","damage_taken":0,"max_hp_gain":0,"max_hp_loss":0,"event_name":"Living Wall","floor":4,"gold_loss":0,"cards_upgraded":["Bash"]},{"damage_healed":0,"gold_gain":0,"player_choice":"Donut","damage_taken":0,"max_hp_gain":5,"max_hp_loss":0,"event_name":"Big Fish","floor":8,"gold_loss":0},{"damage_healed":0,"gold_gain":0,"player_choice":"Success","damage_taken":11,"relics_obtained":["Oddly Smooth Stone"],"max_hp_gain":0,"max_hp_loss":0,"event_name":"Scrap Ooze","floor":13,"gold_loss":0},{"damage_healed":0,"gold_gain":0,"player_choice":"Became a vampire","damage_taken":0,"max_hp_gain":0,"max_hp_loss":24,"event_name":"Vampires","floor":20,"gold_loss":0,"cards_obtained":["Bite","Bite","Bite","Bite","Bite"]},{"damage_healed":0,"gold_gain":0,"player_choice":"Became a Ghost","damage_taken":0,"max_hp_gain":0,"max_hp_loss":28,"event_name":"Ghosts","floor":21,"gold_loss":0,"cards_obtained":["Ghostly","Ghostly","Ghostly"]},{"damage_healed":0,"gold_gain":0,"cards_transformed":["Bite","Bite"],"player_choice":"Transformed Cards","damage_taken":0,"max_hp_gain":0,"max_hp_loss":0,"event_name":"Designer","floor":22,"gold_loss":75,"cards_obtained":["Blind","Jack Of All Trades"]}],"is_beta":false,"boss_relics":[{"not_picked":["SlaversCollar","Tiny House"],"picked":"Coffee Dripper"}],"items_purged_floors":[3],"is_endless":false,"potions_floor_spawned":[7,11,16,24,25,28],"killed_by":"Automaton","ascension_level":20}}