{"host":"agbyy69nq62afhwx","time":1611655800,"event":{"mods":["BaseMod","Colored Map","DeckTracker","Highlight Path","Keyboard Shortcuts","Minty Spire (QoL Compilation)","Quick Restart","StSLib","SuperFastMode","everything is the same but u backflip on backflip"],"gold_per_floor":[115,115,115,65,78,78,108,118,144,0,30,30,30,40,40,114,114,114,114,114,114,114,114,114,114,114,114,114,114],"floor_reached":28,"language":"KOR","playtime":653,"items_purged":["Strike_P"],"score":391,"play_id":"ad271c01-b628-4374-ab6a-0adfba6ba269","local_time":"20210126191000","is_ascension_mode":true,"campfire_choices":[{"data":"TalkToTheHand","floor":6.0,"key":"SMITH"},{"floor":13.0,"key":"REST"},{"data":"WindmillStrike","floor":15.0,"key":"SMITH"},{"floor":23,"key":"REST"}],"circlet_count":0,"master_deck":["AscendersBane","Strike_P+1","Strike_P+1","Defend_P","Defend_P","Defend_P","Eruption+1","Vigilance","TalkToTheHand+1","WindmillStrike+1","FlurryOfBlows+1","BattleHymn+1","Prostrate","LessonLearned","CutThroughFate+1","Perseverance","MentalFortress","Halt"],"relics":["PureWater","Akabeko","Damaru","Ice Cream","Ectoplasm","Incense Burner"],"acts_visited":["Exordium","TheCity"],"potions_floor_usage":[22,22],"damage_taken":[{"damage":0.0,"enemies":"Jaw Worm","floor":1.0,"turns":3.0},{"damage":7.0,"enemies":"2 Louse","floor":5.0,"turns":4.0},{"damage":1.0,"enemies":"Lagavulin","floor":7.0,"turns":5.0},{"damage":0.0,"enemies":"Cultist","floor":8.0,"turns":2.0},{"damage":32.0,"enemies":"3 Sentries","floor":11.0,"turns":5.0},{"damage":5.0,"enemies":"Red Slaver","floor":14.0,"turns":3.0},{"damage":20.0,"enemies":"The Guardian","floor":16.0,"turns":5.0},{"damage":9.0,"enemies":"Shell Parasite","floor":18.0,"turns":3.0},{"damage":19.0,"enemies":"Spheric Guardian","floor":20.0,"turns":4.0},{"damage":12.0,"enemies":"Cultist and Chosen","floor":21.0,"turns":6.0},{"damage":12,"enemies":"Centurion and Healer","floor":22,"turns":2},{"damage":5,"enemies":"Chosen and Byrds","floor":24,"turns":3},{"damage":5,"enemies":"Snecko","floor":25,"turns":4},{"damage":7,"enemies":"Snake Plant","floor":28,"turns":2}],"seed_played":"9016815284174413302","potions_obtained":[{"floor":1.0,"key":"BottledMiracle"},{"floor":5.0,"key":"Ancient Potion"},{"floor":11.0,"key":"Block Potion"},{"floor":19.0,"key":"StancePotion"}],"is_trial":false,"path_per_floor":["M","?","?","?","M","R","E","M","T","$","E","$","R","M","R","B",null,"M","?","M","M","M","R","M","M","T","$","M"],"character_chosen":"WATCHER","items_purchased":["BattleHymn"],"campfire_rested":2,"item_purchase_floors":[10],"current_hp_per_floor":[61,54,54,54,47,47,46,46,46,46,14,14,34,29,29,9,53,44,44,25,13,1,21,16,11,11,11,4,4],"gold":114,"neow_bonus":"UPGRADE_CARD","is_daily":false,"chose_seed":false,"campfire_upgraded":2,"win_rate":0.0,"timestamp":1611655800,"path_taken":["M","?","?","?","M","R","E","?","T","$","E","?","R","?","R","BOSS","M","?","M","M","?","R","M","?","T","$","M"],"items_purchased_type":["Card"],"build_version":"2020-12-22","purchased_purges":1,"victory":false,"max_hp_per_floor":[68,68,68,68,68,68,68,68,68,68,68,68,68,68,68,68,68,68,68,68,68,68,68,68,68,68,68,68,68],"card_choices":[{"not_picked":["SignatureMove","CarveReality"],"picked":"TalkToTheHand","floor":1.0},{"not_picked":["Swivel","EmptyFist"],"picked":"WindmillStrike","floor":5.0},{"not_picked":["CrushJoints","EmptyFist","Fasting2"],"picked":"SKIP","floor":7.0},{"not_picked":["InnerPeace","EmptyFist"],"picked":"FlurryOfBlows","floor":8.0},{"not_picked":["Wireheading","FlyingSleeves"],"picked":"Prostrate","floor":11.0},{"not_picked":["EmptyFist","CrushJoints","Consecrate"],"picked":"SKIP","floor":14.0},{"not_picked":["Blasphemy","DeusExMachina"],"picked":"LessonLearned","floor":16.0},{"not_picked":["FlyingSleeves","PathToVictory+1","JustLucky"],"picked":"SKIP","floor":18.0},{"not_picked":["Crescendo","Consecrate"],"picked":"CutThroughFate+1","floor":20.0},{"not_picked":["InnerPeace","SashWhip"],"picked":"Perseverance","floor":21.0},{"not_picked":["Alpha","Halt"],"picked":"MentalFortress","floor":22},{"not_picked":["Worship","Prostrate"],"picked":"Halt","floor":24},{"not_picked":["CutThroughFate","EmptyFist","ReachHeaven"],"picked":"SKIP","floor":25}],"player_experience":476020,"relics_obtained":[{"floor":7.0,"key":"Akabeko"},{"floor":9.0,"key":"Damaru"},{"floor":11.0,"key":"Ice Cream"},{"floor":26,"key":"Incense Burner"}],"event_choices":[{"cards_removed":["Strike_P"],"damage_healed":0.0,"max_hp_gain":0.0,"max_hp_loss":0.0,"gold_gain":0.0,"event_name":"Golden Wing","player_choice":"Card Removal","floor":2.0,"gold_loss":0.0,"damage_taken":7.0},{"damage_healed":0.0,"max_hp_gain":0.0,"max_hp_loss":0.0,"gold_gain":0.0,"event_name":"Scrap Ooze","player_choice":"Fled","floor":3.0,"gold_loss":0.0,"damage_taken":0.0},{"cards_removed":["Defend_P"],"damage_healed":0.0,"max_hp_gain":0.0,"max_hp_loss":0.0,"gold_gain":0.0,"event_name":"The Cleric","player_choice":"Card Removal","floor":4.0,"gold_loss":50.0,"damage_taken":0.0},{"damage_healed":0.0,"max_hp_gain":0.0,"max_hp_loss":0.0,"gold_gain":0.0,"event_name":"Lab","player_choice":"Got Potions","floor":19.0,"gold_loss":0.0,"damage_taken":0.0}],"is_beta":false,"boss_relics":[{"not_picked":["Pandora\u0027s Box","Snecko Eye"],"picked":"Ectoplasm"}],"items_purged_floors":[10],"is_endless":false,"potions_floor_spawned":[1,5,11,20,21],"killed_by":"Snake Plant","ascension_level":14}}