{"host":"hszimsrtxxc2k25w","time":1611700429,"event":{"mods":["AchievementEnabler","BaseMod","Colored Map","DeckTracker","Minty Spire (QoL Compilation)","Rare Cards Sparkle","SuperFastMode"],"gold_per_floor":[114,114,114,140,16,48,63,77,102,114,138,150,178,190,202,290,302,325,287,134,145,195,195,195,195],"floor_reached":24,"language":"KOR","playtime":502,"items_purged":["Strike_G"],"score":427,"play_id":"764afa3d-8ff8-4588-9f73-6e01b1a72191","local_time":"20210127073349","is_ascension_mode":true,"campfire_choices":[{"data":"Crippling Poison","floor":10,"key":"SMITH"},{"floor":15,"key":"REST"},{"data":"Calculated Gamble","floor":23,"key":"SMITH"}],"circlet_count":0,"master_deck":["AscendersBane","Strike_G","Defend_G+1","Defend_G+1","Defend_G","Survivor","Neutralize","Backstab","Tools of the Trade","Blade Dance","Crippling Poison+1","Accuracy","After Image","Phantasmal Killer","Dodge and Roll+1","Well Laid Plans+1","Bane+1","PiercingWail","Calculated Gamble+1"],"relics":["Ring of the Snake","NeowsBlessing","Strawberry","Tingsha","Gremlin Horn","MawBank","Astrolabe"],"acts_visited":["Exordium","TheCity"],"potions_floor_usage":[11,16,24],"damage_taken":[{"damage":0,"enemies":"Small Slimes","floor":1,"turns":1},{"damage":0,"enemies":"3 Sentries","floor":6,"turns":1},{"damage":0,"enemies":"Jaw Worm","floor":7,"turns":1},{"damage":2,"enemies":"2 Louse","floor":8,"turns":3},{"damage":10,"enemies":"Exordium Thugs","floor":11,"turns":4},{"damage":0,"enemies":"3 Louse","floor":13,"turns":2},{"damage":29,"enemies":"Hexaghost","floor":16,"turns":12},{"damage":33,"enemies":"2 Thieves","floor":18,"turns":5},{"damage":11,"enemies":"Spheric Guardian","floor":21,"turns":4},{"damage":0,"enemies":"Slavers","floor":24,"turns":1}],"seed_played":"8068792793949770060","potions_obtained":[{"floor":6,"key":"SteroidPotion"},{"floor":8,"key":"AttackPotion"},{"floor":16,"key":"DuplicationPotion"},{"floor":18,"key":"LiquidBronze"}],"is_trial":false,"path_per_floor":["M","?","?","T","?","E","M","M","T","R","M","$","M","?","R","B",null,"M","?","$","M","?","R","E"],"character_chosen":"THE_SILENT","items_purchased":["Calculated Gamble"],"campfire_rested":1,"item_purchase_floors":[20],"current_hp_per_floor":[59,59,52,59,59,59,59,57,57,57,47,47,47,25,46,17,59,26,26,26,15,15,15,15,15],"gold":195,"neow_bonus":"THREE_ENEMY_KILL","is_daily":false,"chose_seed":false,"campfire_upgraded":2,"win_rate":0.0,"timestamp":1611700429,"path_taken":["M","?","?","?","?","E","M","M","T","R","M","$","?","?","R","BOSS","M","?","$","?","?","R","E"],"items_purchased_type":["Card"],"build_version":"2020-12-22","purchased_purges":1,"victory":false,"max_hp_per_floor":[66,66,66,73,73,73,73,73,73,73,73,73,73,73,73,73,73,73,73,73,73,73,73,73,73],"card_choices":[{"not_picked":["Deflect","Terror"],"picked":"Backstab","floor":1},{"not_picked":["Flying Knee","PiercingWail"],"picked":"Blade Dance","floor":6},{"not_picked":["Catalyst","PiercingWail"],"picked":"Crippling Poison","floor":7},{"not_picked":["Cloak And Dagger","Poisoned Stab","Endless Agony"],"picked":"SKIP","floor":8},{"not_picked":["Cloak And Dagger","Poisoned Stab","Endless Agony"],"picked":"SKIP","floor":8},{"not_picked":["Concentrate","Backstab"],"picked":"Accuracy","floor":11},{"not_picked":["Bane","Flying Knee"],"picked":"After Image","floor":13},{"not_picked":["Corpse Explosion","Wraith Form v2"],"picked":"Phantasmal Killer","floor":16},{"not_picked":["Poisoned Stab","Bane"],"picked":"PiercingWail","floor":18},{"not_picked":["All Out Attack","Caltrops","Sucker Punch+1"],"picked":"SKIP","floor":21}],"player_experience":648706,"relics_obtained":[{"floor":4,"key":"Strawberry"},{"floor":6,"key":"Gremlin Horn"},{"floor":9,"key":"MawBank"}],"event_choices":[{"damage_healed":0,"gold_gain":0,"cards_transformed":["Strike_G"],"player_choice":"Change","damage_taken":0,"max_hp_gain":0,"max_hp_loss":0,"event_name":"Living Wall","floor":2,"gold_loss":0,"cards_obtained":["Tools of the Trade"]},{"cards_removed":["Defend_G"],"damage_healed":0,"gold_gain":0,"player_choice":"Card Removal","damage_taken":7,"max_hp_gain":0,"max_hp_loss":0,"event_name":"Golden Wing","floor":3,"gold_loss":0},{"damage_healed":0,"gold_gain":0,"player_choice":"Paid Gold","damage_taken":0,"relics_obtained":["Tingsha"],"max_hp_gain":0,"max_hp_loss":0,"event_name":"WeMeetAgain","floor":5,"gold_loss":124},{"damage_healed":0,"gold_gain":0,"player_choice":"Entered Light","damage_taken":22,"max_hp_gain":0,"max_hp_loss":0,"event_name":"Shining Light","floor":14,"gold_loss":0,"cards_upgraded":["Defend_G","Defend_G"]},{"damage_healed":0,"gold_gain":0,"player_choice":"Bet on Owner","damage_taken":0,"max_hp_gain":0,"max_hp_loss":0,"event_name":"The Joust","floor":19,"gold_loss":50},{"damage_healed":0,"gold_gain":50,"player_choice":"Stole From Cult","damage_taken":0,"max_hp_gain":0,"max_hp_loss":0,"event_name":"Nest","floor":22,"gold_loss":0}],"is_beta":false,"boss_relics":[{"not_picked":["Fusion Hammer","Sozu"],"picked":"Astrolabe"}],"items_purged_floors":[20],"is_endless":false,"potions_floor_spawned":[6,8,16,18],"killed_by":"Slavers","ascension_level":19}}