{"host":"Bilverbakes","time":1611627913,"event":{"mods":["2.2 Compatiblity","AchievementEnabler","BaseMod","Bestiary","Colored Map","Minty Spire (QoL Compilation)","Relic Stats","StSLib","ojb\u0027s Info Mod"],"gold_per_floor":[117,134,134,154,154,154,172,172,172,137,166,176,176,206,206,282,282,295,220,135,135,135,135,170,182,182,182,182,182],"floor_reached":28,"language":"ENG","playtime":1269,"items_purged":[],"score":513,"play_id":"0610cb27-4112-4328-b068-f5da850b4925","local_time":"20210125202513","is_ascension_mode":true,"campfire_choices":[{"data":"Armaments","floor":6,"key":"SMITH"},{"data":"Carnage","floor":8,"key":"SMITH"},{"data":"Inflame","floor":15,"key":"SMITH"},{"data":"Battle Trance","floor":23,"key":"SMITH"},{"data":"Double Tap","floor":27,"key":"SMITH"}],"circlet_count":0,"master_deck":["AscendersBane","Defend_R","Defend_R","Bash","Double Tap+1","Disarm","Carnage+1","Armaments+1","Battle Trance+1","Evolve","Inflame+1","Cleave","Bite","Bite","Bite","Bite","Bite","Hemokinesis"],"relics":["Burning Blood","Juzu Bracelet","Bottled Lightning","Bronze Scales","Mark of Pain","Lantern","MealTicket"],"acts_visited":["Exordium","TheCity"],"potions_floor_usage":[11,18,24],"damage_taken":[{"damage":12,"enemies":"Jaw Worm","floor":1,"turns":2},{"damage":5,"enemies":"2 Louse","floor":2,"turns":3},{"damage":0,"enemies":"Cultist","floor":4,"turns":2},{"damage":26,"enemies":"Blue Slaver","floor":7,"turns":4},{"damage":21,"enemies":"Lagavulin","floor":11,"turns":5},{"damage":4,"enemies":"2 Fungi Beasts","floor":12,"turns":4},{"damage":15,"enemies":"3 Sentries","floor":14,"turns":7},{"damage":15,"enemies":"The Guardian","floor":16,"turns":9},{"damage":1,"enemies":"3 Byrds","floor":18,"turns":4},{"damage":48,"enemies":"Book of Stabbing","floor":24,"turns":5},{"damage":8,"enemies":"Spheric Guardian","floor":25,"turns":3},{"damage":26,"enemies":"Slavers","floor":28,"turns":2}],"seed_played":"24139803273890541","potions_obtained":[{"floor":7,"key":"Energy Potion"},{"floor":11,"key":"Energy Potion"},{"floor":12,"key":"FearPotion"},{"floor":24,"key":"ElixirPotion"}],"is_trial":false,"path_per_floor":["M","M","?","M","?","R","M","R","T","?","E","M","?","E","R","B",null,"M","?","?","?","?","R","E","M","T","R","E"],"character_chosen":"IRONCLAD","items_purchased":[],"campfire_rested":0,"item_purchase_floors":[],"current_hp_per_floor":[44,45,45,51,51,51,31,31,31,49,34,36,36,27,27,18,61,66,66,66,52,52,52,26,36,36,36,14,14],"gold":182,"neow_bonus":"TRANSFORM_TWO_CARDS","is_daily":false,"chose_seed":false,"campfire_upgraded":5,"win_rate":0.0,"timestamp":1611627913,"path_taken":["M","M","?","M","?","R","M","R","T","?","E","M","?","E","R","BOSS","M","?","?","?","?","R","E","M","T","R","E"],"items_purchased_type":[],"build_version":"2020-12-18","purchased_purges":0,"victory":false,"max_hp_per_floor":[75,75,75,75,75,75,75,75,75,75,75,75,75,75,75,75,75,75,75,75,52,52,52,52,52,52,52,52,52],"relic_stats":{"counters":[12,50],"Bronze Scales":[105],"MealTicket":0,"Juzu Bracelet":0,"obtain_stats":[{"Lantern":20,"Bronze Scales":14,"MealTicket":24,"Mark of Pain":17,"Juzu Bracelet":9,"Bottled Lightning":11,"Burning Blood":0},{"Lantern":9,"Bronze Scales":7,"MealTicket":10,"Mark of Pain":8,"Juzu Bracelet":4,"Bottled Lightning":5,"Burning Blood":0},{"Lantern":40,"Bronze Scales":27,"MealTicket":45,"Mark of Pain":36,"Juzu Bracelet":11,"Bottled Lightning":16,"Burning Blood":0}],"Burning Blood":66},"card_choices":[{"not_picked":["Havoc","Body Slam"],"picked":"Disarm","floor":1},{"not_picked":["Pommel Strike","Headbutt"],"picked":"Carnage","floor":2},{"not_picked":["Flex","Cleave"],"picked":"Armaments","floor":4},{"not_picked":["Metallicize","Headbutt"],"picked":"Battle Trance","floor":7},{"not_picked":["Rage","Seeing Red","Pummel"],"picked":"SKIP","floor":11},{"not_picked":["Rage","Seeing Red","Pummel"],"picked":"SKIP","floor":11},{"not_picked":["Rupture","Sword Boomerang"],"picked":"Evolve","floor":12},{"not_picked":["Fiend Fire","Perfected Strike"],"picked":"Inflame","floor":14},{"not_picked":["True Grit","Armaments"],"picked":"Cleave","floor":18},{"not_picked":["Pommel Strike","Barricade"],"picked":"Hemokinesis","floor":24},{"not_picked":["Warcry","Cleave","Infernal Blade"],"picked":"SKIP","floor":25}],"player_experience":816165,"relics_obtained":[{"floor":9,"key":"Juzu Bracelet"},{"floor":11,"key":"Bottled Lightning"},{"floor":14,"key":"Bronze Scales"},{"floor":24,"key":"MealTicket"}],"event_choices":[{"damage_healed":0,"gold_gain":0,"player_choice":"Fled","damage_taken":0,"max_hp_gain":0,"max_hp_loss":0,"event_name":"Scrap Ooze","floor":3,"gold_loss":0},{"damage_healed":0,"gold_gain":0,"player_choice":"Ignored","damage_taken":0,"max_hp_gain":0,"max_hp_loss":0,"event_name":"Liars Game","floor":5,"gold_loss":0},{"damage_healed":18,"gold_gain":0,"player_choice":"Healed","damage_taken":0,"max_hp_gain":0,"max_hp_loss":0,"event_name":"The Cleric","floor":10,"gold_loss":35},{"damage_healed":0,"gold_gain":0,"player_choice":"Leave","damage_taken":0,"max_hp_gain":0,"max_hp_loss":0,"event_name":"FaceTrader","floor":13,"gold_loss":0},{"cards_removed":["Defend_R"],"damage_healed":0,"gold_gain":0,"player_choice":"Gave Gold","damage_taken":0,"max_hp_gain":0,"max_hp_loss":0,"event_name":"Beggar","floor":19,"gold_loss":75},{"damage_healed":0,"gold_gain":0,"player_choice":"Obtained Relic","damage_taken":0,"relics_obtained":["Lantern"],"max_hp_gain":0,"max_hp_loss":0,"event_name":"Addict","floor":20,"gold_loss":85},{"damage_healed":0,"gold_gain":0,"player_choice":"Became a vampire","damage_taken":0,"max_hp_gain":0,"max_hp_loss":23,"event_name":"Vampires","floor":21,"gold_loss":0,"cards_obtained":["Bite","Bite","Bite","Bite","Bite"]},{"cards_removed":["Warcry"],"damage_healed":0,"gold_gain":0,"player_choice":"Elegance","damage_taken":0,"max_hp_gain":0,"max_hp_loss":0,"event_name":"Back to Basics","floor":22,"gold_loss":0}],"is_beta":true,"boss_relics":[{"not_picked":["SacredBark","Busted Crown"],"picked":"Mark of Pain"}],"items_purged_floors":[],"is_endless":false,"potions_floor_spawned":[7,11,12,24],"killed_by":"Slavers","ascension_level":20}}