{"host":"vhvubw4jk4f204qs","time":1611675173,"event":{"mods":["AchievementEnabler","BaseMod","DeckTracker","GifTheSpireLib","Minty Spire (QoL Compilation)","Permanent Neow","Quick Restart","StSLib","SuperFastMode","The IronCluck","slay the spire mod where everything is the same but ironclad has a cowboy hat"],"gold_per_floor":[111,125,142,153,170,199,199,199,199],"floor_reached":8,"language":"ENG","playtime":476,"items_purged":[],"score":120,"play_id":"a083d9ef-db04-4c18-88e0-2eb91d5724eb","local_time":"20210126103253","is_ascension_mode":true,"campfire_choices":[{"data":"Dash","floor":7,"key":"SMITH"}],"circlet_count":0,"master_deck":["AscendersBane","Strike_G","Strike_G","Strike_G","Defend_G","Defend_G","Defend_G","Defend_G","Survivor","Neutralize","Tools of the Trade+1","Doppelganger+1","Slice+1","Dagger Throw","Dash+1","Deadly Poison","Poisoned Stab","Deadly Poison","Unload"],"relics":["Astrolabe","WingedGreaves"],"acts_visited":["Exordium"],"potions_floor_usage":[6],"damage_taken":[{"damage":2,"enemies":"Jaw Worm","floor":1,"turns":4},{"damage":4,"enemies":"2 Louse","floor":2,"turns":3},{"damage":0,"enemies":"Small Slimes","floor":3,"turns":4},{"damage":4,"enemies":"Red Slaver","floor":4,"turns":3},{"damage":3,"enemies":"3 Louse","floor":5,"turns":3},{"damage":20,"enemies":"3 Sentries","floor":6,"turns":6},{"damage":8,"enemies":"Gremlin Nob","floor":8,"turns":3}],"seed_played":"8193518344774752610","potions_obtained":[{"floor":1,"key":"Fire Potion"}],"is_trial":false,"path_per_floor":["M","M","M","M","M","E","R","E"],"character_chosen":"THE_SILENT","items_purchased":[],"campfire_rested":0,"item_purchase_floors":[],"current_hp_per_floor":[57,53,53,49,46,26,26,18,18],"gold":199,"neow_bonus":"BOSS_RELIC","is_daily":false,"chose_seed":false,"campfire_upgraded":1,"win_rate":0.0,"timestamp":1611675173,"path_taken":["M","M","M","M","M","E","R","E"],"items_purchased_type":[],"build_version":"2020-12-22","purchased_purges":0,"victory":false,"max_hp_per_floor":[66,66,66,66,66,66,66,66,66],"card_choices":[{"not_picked":["Flechettes","Backflip"],"picked":"Dagger Throw","floor":1},{"not_picked":["Well Laid Plans","PiercingWail"],"picked":"Dash","floor":2},{"not_picked":["Prepared","Sucker Punch"],"picked":"Deadly Poison","floor":3},{"not_picked":["Escape Plan","Masterful Stab"],"picked":"Poisoned Stab","floor":4},{"not_picked":["Setup","Cloak And Dagger"],"picked":"Deadly Poison","floor":5},{"not_picked":["Blade Dance","Masterful Stab"],"picked":"Unload","floor":6}],"player_experience":967973,"relics_obtained":[{"floor":6,"key":"WingedGreaves"}],"event_choices":[],"is_beta":false,"boss_relics":[],"items_purged_floors":[],"is_endless":false,"potions_floor_spawned":[1],"killed_by":"Gremlin Nob","ascension_level":20}}