{"host":"8c7ixdz8x9d2d2wv","time":1611619364,"event":{"mods":["AYAYA","BaseMod","Better Altar","Better Sensory Stone","Better Third Choice","Better-Laid Plans","BetterRewards","Colored Map","Colored Powertips","Curses Come First","Dark Map","Defuse TimeMaze Blight","Emptier Cage","Good Game Mod","Highlight Path","Minty Spire (QoL Compilation)","Quick Restart","Rare Cards Sparkle","Relic Sorter","Remove Card Discount Mod","Reorder Act Four","Shop Mod","StSLib","Transform Curses","Uncapped","everything is the same but u backflip on backflip"],"gold_per_floor":[118,118,118,60,79,79,79,79],"floor_reached":7,"language":"ENG","playtime":351,"items_purged":["Searing Blow","Strike_R"],"score":39,"play_id":"7ea33caa-ea10-472a-9adf-2803b65986c4","local_time":"20210126010244","is_ascension_mode":false,"campfire_choices":[{"data":"Metallicize","floor":6,"key":"SMITH"}],"circlet_count":0,"master_deck":["Strike_R","Strike_R","Strike_R","Strike_R","Defend_R","Defend_R+1","Defend_R+1","Defend_R","Bash","Metallicize+1","Bash","Dramatic Entrance","Rampage","Flex","Body Slam"],"relics":["Burning Blood","REME:ComplimentaryCards","Juzu Bracelet","MerchantsRug","Champion Belt","Ginger","Membership Card"],"acts_visited":["Exordium"],"potions_floor_usage":[],"damage_taken":[{"damage":4,"enemies":"2 Louse","floor":1,"turns":3},{"damage":8,"enemies":"Jaw Worm","floor":5,"turns":3},{"damage":28,"enemies":"3 Sentries","floor":7,"turns":6}],"seed_played":"-7854794938578022244","potions_obtained":[{"floor":1,"key":"Dexterity Potion"}],"is_trial":false,"path_per_floor":["M","?","?","$","M","R","E"],"character_chosen":"IRONCLAD","items_purchased":["Juzu Bracelet","MerchantsRug","War Paint","Membership Card","Metallicize","Rampage","Flex"],"campfire_rested":0,"item_purchase_floors":[0,0,0,0,0,4,4],"current_hp_per_floor":[34,27,27,27,25,25,0,0],"gold":79,"neow_bonus":"","is_daily":false,"chose_seed":false,"campfire_upgraded":1,"win_rate":0.0,"timestamp":1611619364,"path_taken":["M","?","?","?","M","R","E"],"items_purchased_type":["Relic","Relic","Relic","Relic","Card","Card","Card"],"build_version":"2020-12-22","purchased_purges":2,"victory":false,"max_hp_per_floor":[80,80,80,80,80,80,80,80],"card_choices":[{"not_picked":["Feel No Pain","Wild Strike","Warcry"],"picked":"SKIP","floor":1},{"not_picked":["Thinking Ahead","PanicButton"],"picked":"Dramatic Entrance","floor":3},{"not_picked":["Shrug It Off","Warcry"],"picked":"Body Slam","floor":5}],"player_experience":691479,"relics_obtained":[],"event_choices":[{"damage_healed":0,"gold_gain":1,"player_choice":"1","damage_taken":0,"max_hp_gain":0,"max_hp_loss":0,"event_name":"betterStone:BetterStone","floor":3,"gold_loss":0}],"is_beta":false,"boss_relics":[],"items_purged_floors":[0,0],"is_endless":false,"potions_floor_spawned":[1],"killed_by":"3 Sentries","ascension_level":0}}