{"host":"e6sgj53qqwx3piqv","time":1611691890,"event":{"mods":["AchievementEnabler","Aspiration","BaseMod","BetterRewards","Colored Powertips","Downfall","Hermit","Highlight Path","Hubris","Infinite Spire","Minty Spire (QoL Compilation)","Quick Restart","Rare Cards Sparkle","Replay The Spire","Shop Mod","StSLib","The Cursed","The Disciple","The Jungle","The Runesmith"],"gold_per_floor":[156,156,53,77,77,167,167,167,167],"floor_reached":8,"language":"ENG","playtime":270,"items_purged":[],"score":52,"play_id":"8c21ea52-ce0e-4529-9f8f-88521344ecab","local_time":"20210126151130","daily_mods":["Allstar","Colorless Cards","Heirloom","Time Dilation","Flight","Cursed Run","Elite Swarm","Midas"],"is_ascension_mode":false,"campfire_choices":[{"floor":7,"key":"RECALL"}],"circlet_count":0,"master_deck":["Strike_R","Strike_R","Strike_R","Strike_R","Strike_R","Defend_R","Defend_R","Defend_R","Defend_R","Bash","Replay:Bootleg Shield Generator","Replay:Dark Deal","Violence","Crow Ritual","Transmutation","Shrug It Off","Havoc","Bash","Evolve+1","Flex+1","downfall:Haunted","Corruption"],"relics":["Cursed Key","Darkstone Periapt","Du-Vu Doll","hubris:64BitClover","Replay:Multitool"],"acts_visited":["Exordium"],"potions_floor_usage":[],"damage_taken":[{"damage":6,"enemies":"Jaw Worm","floor":1,"turns":2},{"damage":49,"enemies":"Gremlin Nob","floor":6,"turns":4},{"damage":33,"enemies":"Lagavulin","floor":8,"turns":3}],"seed_played":"-3986360019551248286","potions_obtained":[],"is_trial":true,"path_per_floor":["M","?","$","T","?","E","R","E"],"character_chosen":"IRONCLAD","items_purchased":["Evolve+1","Flex"],"campfire_rested":0,"item_purchase_floors":[3,3],"current_hp_per_floor":[74,74,74,80,80,31,31,0,0],"gold":167,"neow_bonus":"","is_daily":false,"chose_seed":false,"campfire_upgraded":0,"win_rate":0.0,"timestamp":1611691890,"path_taken":["M","?","?","?","?","E","R","E"],"items_purchased_type":["Card","Card"],"build_version":"2020-12-22","purchased_purges":0,"victory":false,"max_hp_per_floor":[80,80,80,86,86,86,86,86,86],"card_choices":[{"not_picked":["Replay:Parry","Clothesline"],"picked":"Shrug It Off","floor":1},{"not_picked":["Offering","Replay:Many Hands"],"picked":"Corruption","floor":6}],"player_experience":228469,"relics_obtained":[{"floor":6,"key":"Replay:Multitool"}],"event_choices":[{"damage_healed":0,"gold_gain":0,"player_choice":"2 cards matched","damage_taken":0,"max_hp_gain":0,"max_hp_loss":0,"event_name":"Match and Keep!","floor":2,"gold_loss":0,"cards_obtained":["Havoc","Bash"]},{"damage_healed":0,"gold_gain":0,"player_choice":"Upgraded","damage_taken":0,"max_hp_gain":0,"max_hp_loss":0,"event_name":"Upgrade Shrine","floor":5,"gold_loss":0,"cards_upgraded":["Flex"]}],"is_beta":false,"boss_relics":[],"items_purged_floors":[],"is_endless":false,"potions_floor_spawned":[],"killed_by":"Lagavulin","ascension_level":0}}