{"host":"dr5t8qsew5rvjx1s","time":1611697676,"event":{"mods":["100% Spire Juice","Act Like it!","Arknights The Spire","BaseMod","BetterRewards","Colored Powertips","Highlight Path","Mimic Mod","Minty Spire (QoL Compilation)","Reliquary","StSLib","Waifu the Spire"],"gold_per_floor":[114,114,114,114,129,159,159,179,179,179,194,194,45,72,72,168,168,183,203,214,134,134,134,145,145,180,180,68,68,68,96,96,96,96],"floor_reached":33,"language":"ENG","playtime":1515,"items_purged":[],"score":261,"play_id":"12dec223-4d79-4e26-85d7-505f5d5d8fa2","local_time":"20210126224756","is_ascension_mode":false,"campfire_choices":[{"floor":7.0,"key":"REST"},{"floor":10.0,"key":"REST"},{"data":"ats:Explosion Area Strengthen","floor":12.0,"key":"SMITH"},{"floor":15.0,"key":"REST"},{"data":"ats:Wolf Pack","floor":23.0,"key":"SMITH"},{"floor":25.0,"key":"REST"},{"floor":27.0,"key":"REST"},{"floor":32,"key":"REST"}],"circlet_count":0,"master_deck":["ats:Strike C","ats:Strike G","ats:Strike S+1","ats:Strike V","ats:Armor Crushing Shot","ats:Defend+1","ats:Defend","ats:Defend","ats:Defend","ats:Emotion Absorption+1","ats:Shell Defense+1","ats:Powerful Strike","ats:Rapid Magazine","ats:Consecutive Shot Auto","ats:Explosion Area Strengthen+1","ats:Wolf Pack+1","ats:Hammer On","ats:Ignite","ats:Guard Mode+1","ats:Song Of Battle","ats:Powerful Strike","ats:Explosion Area Strengthen","ats:Echo Reverb","ats:Apocalypse"],"relics":["ats:Sanity","Torii","ats:Originium","Vajra","reliquary:BoilingFlask","Bag of Marbles","reliquary:RoseTintedGlasses","reliquary:WritOfMandamus","The Courier","War Paint","Boot"],"acts_visited":["Exordium","TheCity"],"potions_floor_usage":[33,33],"damage_taken":[{"damage":0.0,"enemies":"Small Slimes","floor":1.0,"turns":3.0},{"damage":1.0,"enemies":"Jaw Worm","floor":5.0,"turns":5.0},{"damage":19.0,"enemies":"3 Sentries","floor":6.0,"turns":12.0},{"damage":0.0,"enemies":"Cultist","floor":8.0,"turns":4.0},{"damage":2.0,"enemies":"3 Louse","floor":11.0,"turns":3.0},{"damage":22.0,"enemies":"Slime Boss","floor":16.0,"turns":8.0},{"damage":12.0,"enemies":"3 Byrds","floor":18.0,"turns":5.0},{"damage":30.0,"enemies":"Spheric Guardian","floor":19.0,"turns":5.0},{"damage":1.0,"enemies":"Cultist and Chosen","floor":20.0,"turns":4.0},{"damage":15.0,"enemies":"Snecko","floor":24.0,"turns":4.0},{"damage":13.0,"enemies":"Snake Plant","floor":26.0,"turns":7.0},{"damage":33,"enemies":"Book of Stabbing","floor":31,"turns":5},{"damage":79,"enemies":"Collector","floor":33,"turns":8}],"seed_played":"928953750100252572","potions_obtained":[{"floor":8.0,"key":"SkillPotion"},{"floor":11.0,"key":"DuplicationPotion"},{"floor":16.0,"key":"BlessingOfTheForge"},{"floor":19.0,"key":"ColorlessPotion"}],"is_trial":false,"path_per_floor":["M","?","?","?","M","E","R","M","T","R","M","R","$","T","R","B",null,"M","M","M","$","?","R","M","R","MIM","R","$","?","?","E","R","B"],"character_chosen":"DOCTOR_CLASS","items_purchased":["Bag of Marbles","ats:Song Of Battle","ats:Echo Reverb"],"campfire_rested":6,"item_purchase_floors":[13,21,28],"current_hp_per_floor":[79,79,27,11,15,5,28,33,33,56,56,56,56,56,79,57,79,67,40,42,42,42,42,29,52,44,67,67,52,52,19,44,0,0],"gold":96,"neow_bonus":"TEN_PERCENT_HP_BONUS","is_daily":false,"chose_seed":false,"campfire_upgraded":2,"win_rate":0.0,"timestamp":1611697676,"path_taken":["M","?","?","?","M","E","R","M","T","R","?","R","$","?","R","BOSS","M","M","M","$","?","R","M","R","MIM","R","?","?","?","E","R","BOSS"],"items_purchased_type":["Relic","Card","Card"],"build_version":"2020-12-22","purchased_purges":0,"victory":false,"max_hp_per_floor":[79,79,79,79,79,79,79,79,79,79,79,79,79,79,79,79,79,79,79,79,79,79,79,79,79,79,79,79,84,84,84,84,84,84],"card_choices":[{"not_picked":["ats:Curse Doll","ats:Absolute Focus"],"picked":"ats:Shell Defense","floor":1.0},{"not_picked":["ats:Collapsing Strike","ats:Mental Burst"],"picked":"ats:Powerful Strike","floor":5.0},{"not_picked":["ats:True Silver Slash","ats:Directed Diagnosis"],"picked":"ats:Rapid Magazine","floor":6.0},{"not_picked":["ats:Apocalypse","ats:Poison Spread"],"picked":"ats:Consecutive Shot Auto","floor":8.0},{"not_picked":["ats:Guard Mode","ats:Powerful Strike"],"picked":"ats:Explosion Area Strengthen","floor":11.0},{"not_picked":["ats:Fractured Body","ats:Durian"],"picked":"ats:Wolf Pack","floor":16.0},{"not_picked":["ats:Absolute Focus","ats:Apocalypse"],"picked":"ats:Hammer On","floor":18.0},{"not_picked":["ats:Burning Ground","ats:Fractured Body"],"picked":"ats:Ignite","floor":19.0},{"not_picked":["ats:Magnetic Hammer","ats:Flexible Camouflage"],"picked":"ats:Guard Mode+1","floor":20.0},{"not_picked":["ats:Red Shift","ats:Mental Burst"],"picked":"ats:Powerful Strike","floor":24.0},{"not_picked":["ats:Red Shift","ats:Guardian Obelisk+1"],"picked":"ats:Explosion Area Strengthen","floor":26.0},{"not_picked":["ats:Absolute Focus","ats:Healing Drone"],"picked":"ats:Apocalypse","floor":31}],"player_experience":634829,"relics_obtained":[{"floor":6.0,"key":"ats:Originium"},{"floor":6.0,"key":"Vajra"},{"floor":9.0,"key":"reliquary:BoilingFlask"},{"floor":14.0,"key":"reliquary:RoseTintedGlasses"},{"floor":26.0,"key":"The Courier"},{"floor":31,"key":"ats:Originium"},{"floor":31,"key":"Boot"}],"event_choices":[{"damage_healed":0.0,"max_hp_gain":0.0,"max_hp_loss":0.0,"gold_gain":0.0,"event_name":"The Cleric","player_choice":"Leave","floor":2.0,"gold_loss":0.0,"damage_taken":0.0},{"damage_healed":0.0,"max_hp_gain":0.0,"max_hp_loss":0.0,"gold_gain":0.0,"event_name":"Scrap Ooze","player_choice":"Success","floor":3.0,"gold_loss":0.0,"damage_taken":52.0,"relics_obtained":["Torii"]},{"damage_healed":0.0,"max_hp_gain":0.0,"max_hp_loss":0.0,"gold_gain":0.0,"event_name":"Shining Light","player_choice":"Entered Light","floor":4.0,"gold_loss":0.0,"damage_taken":16.0,"cards_upgraded":["ats:Shell Defense","ats:Strike S"]},{"damage_healed":0.0,"max_hp_gain":0.0,"max_hp_loss":0.0,"gold_gain":0.0,"event_name":"Ghosts","player_choice":"Ignored","floor":22.0,"gold_loss":0.0,"damage_taken":0.0},{"damage_healed":0.0,"max_hp_gain":5.0,"max_hp_loss":0.0,"gold_gain":0.0,"event_name":"Forgotten Altar","player_choice":"Shed Blood","floor":29.0,"gold_loss":0.0,"damage_taken":20.0},{"damage_healed":0.0,"max_hp_gain":0.0,"max_hp_loss":0.0,"gold_gain":0.0,"event_name":"The Mausoleum","player_choice":"Opened","floor":30.0,"gold_loss":0.0,"damage_taken":0.0,"relics_obtained":["War Paint"]}],"is_beta":false,"boss_relics":[{"not_picked":["Fusion Hammer","Ectoplasm"],"picked":"reliquary:WritOfMandamus"}],"items_purged_floors":[],"is_endless":false,"potions_floor_spawned":[8,11,16,19,24,31],"killed_by":"Collector","ascension_level":0}}