{"host":"qy1e0kd24tpj3i2m","time":1611685087,"event":{"mods":["Act Like it!","Alarm Clock","BaseMod","Better Skull","Better Vampires","Colored Map","Colored Powertips","Custom Start","Faster Ascension Climbing","Friendly Minions","GifTheSpireLib","Gremlin Skip","Highlight Path","Minty Spire (QoL Compilation)","Permanent Neow","Poor People Problems","Quick Restart","Red Circlet Mod","Relic Filter Mod","Relic Sorter","Reorder Act Four","SacredBarkPlus","Shop Mod","StSLib","SuperFastMode","Transform Curses","没有小屋子和绿帽子啦"],"gold_per_floor":[365,365,30,46,64,394,394,413,413,423,423,438,20,35,35,106,106,122,132,132,132],"floor_reached":20,"language":"ZHS","playtime":615,"items_purged":["Normality"],"score":356,"play_id":"28d4d00e-2571-4349-ad67-34c8551f97c0","local_time":"20210127031807","is_ascension_mode":true,"campfire_choices":[{"data":"True Grit","floor":7.0,"key":"SMITH"},{"data":"Juggernaut","floor":11.0,"key":"SMITH"},{"data":"Fire Breathing","floor":15.0,"key":"SMITH"}],"circlet_count":0,"master_deck":["AscendersBane","Strike_R","Strike_R","Strike_R","Strike_R","Strike_R","Defend_R","Defend_R","Defend_R","Defend_R","Bash","True Grit+1","Uppercut","Juggernaut+1","Uppercut","Iron Wave","Metallicize","Wild Strike","Fire Breathing+1","Impervious","Dark Embrace"],"relics":["Burning Blood","TheAbacus","Bronze Scales","Old Coin","Sundial","Turnip","Cursed Key"],"acts_visited":["Exordium","TheCity"],"potions_floor_usage":[20],"damage_taken":[{"damage":2.0,"enemies":"2 Louse","floor":1.0,"turns":3.0},{"damage":1.0,"enemies":"Cultist","floor":4.0,"turns":3.0},{"damage":12.0,"enemies":"Jaw Worm","floor":5.0,"turns":4.0},{"damage":51.0,"enemies":"Gremlin Nob","floor":6.0,"turns":6.0},{"damage":17.0,"enemies":"Large Slime","floor":8.0,"turns":7.0},{"damage":9.0,"enemies":"Looter","floor":10.0,"turns":4.0},{"damage":0.0,"enemies":"3 Louse","floor":12.0,"turns":2.0},{"damage":6.0,"enemies":"Blue Slaver","floor":14.0,"turns":4.0},{"damage":7.0,"enemies":"Hexaghost","floor":16.0,"turns":7.0},{"damage":12.0,"enemies":"Spheric Guardian","floor":18.0,"turns":5.0},{"damage":19.0,"enemies":"Shell Parasite","floor":19.0,"turns":5.0},{"damage":50,"enemies":"Masked Bandits","floor":20,"turns":3}],"seed_played":"3040373127227416924","potions_obtained":[{"floor":1.0,"key":"Regen Potion"},{"floor":4.0,"key":"Dexterity Potion"},{"floor":8.0,"key":"Fire Potion"},{"floor":10.0,"key":"Energy Potion"},{"floor":14.0,"key":"LiquidBronze"},{"floor":19.0,"key":"Dexterity Potion"}],"is_trial":false,"path_per_floor":["M","?","$","M","M","E","R","M","T","M","R","M","$","M","R","B",null,"M","M","?"],"character_chosen":"IRONCLAD","items_purchased":["TheAbacus","Bronze Scales","Turnip"],"campfire_rested":0,"item_purchase_floors":[3,3,13],"current_hp_per_floor":[72,72,72,75,69,38,38,27,27,24,24,30,30,30,30,29,64,58,45,0,0],"gold":132,"neow_bonus":"TWO_FIFTY_GOLD","is_daily":false,"chose_seed":false,"campfire_upgraded":3,"win_rate":0.0,"timestamp":1611685087,"path_taken":["M","?","?","M","?","E","R","M","T","M","R","?","$","M","R","BOSS","M","?","?"],"items_purchased_type":["Relic","Relic","Relic"],"build_version":"2020-12-22","purchased_purges":1,"victory":false,"max_hp_per_floor":[75,75,75,75,75,75,75,75,75,75,75,75,75,75,75,75,75,75,75,75,75],"card_choices":[{"not_picked":["Clash","Iron Wave"],"picked":"True Grit","floor":1.0},{"not_picked":["Rupture","Headbutt"],"picked":"Uppercut","floor":4.0},{"not_picked":["Perfected Strike","Second Wind"],"picked":"Iron Wave","floor":5.0},{"not_picked":["Perfected Strike","Inflame"],"picked":"Metallicize","floor":6.0},{"not_picked":["Flex","Armaments"],"picked":"Wild Strike","floor":8.0},{"not_picked":["Flex","Cleave","Perfected Strike"],"picked":"SKIP","floor":10.0},{"not_picked":["Clash","Disarm"],"picked":"Fire Breathing","floor":12.0},{"not_picked":["Rampage","Headbutt","Anger"],"picked":"SKIP","floor":14.0},{"not_picked":["Limit Break","Berserk"],"picked":"Impervious","floor":16.0},{"not_picked":["Clothesline","Flex","Sword Boomerang"],"picked":"SKIP","floor":18.0},{"not_picked":["Spot Weakness","Warcry+1"],"picked":"Dark Embrace","floor":19.0}],"player_experience":954212,"relics_obtained":[{"floor":6.0,"key":"Old Coin"},{"floor":9.0,"key":"Sundial"}],"event_choices":[{"damage_healed":0.0,"max_hp_gain":0.0,"max_hp_loss":0.0,"gold_gain":0.0,"event_name":"Match and Keep!","player_choice":"2 cards matched","floor":2.0,"gold_loss":0.0,"damage_taken":0.0,"cards_obtained":["Uppercut","Juggernaut"]},{"damage_healed":0,"gold_gain":0,"player_choice":"Fought Bandits","damage_taken":0,"max_hp_gain":0,"max_hp_loss":0,"event_name":"Masked Bandits","floor":20,"gold_loss":0}],"is_beta":false,"boss_relics":[{"not_picked":["Calling Bell","SacredBark"],"picked":"Cursed Key"}],"items_purged_floors":[13],"is_endless":false,"potions_floor_spawned":[1,4,8,10,14,19],"killed_by":"Masked Bandits","ascension_level":20}}