{"host":"r53pw7z744tg3fxg","time":1611621274,"event":{"mods":["AchievementEnabler","BaseMod","Colored Map","Colored Powertips","Highlight Path","Minty Spire (QoL Compilation)","Quick Restart","Transform Curses"],"gold_per_floor":[109,109,109,127,127,127,157,172,172,196,227,227,227,244,244,318,318,331,364,383,383,383],"floor_reached":21,"language":"ENG","playtime":670,"items_purged":[],"score":392,"play_id":"4d9a0532-1773-43af-b4ac-a92520d4c719","local_time":"20210125173434","is_ascension_mode":true,"campfire_choices":[{"data":"Eruption","floor":6.0,"key":"SMITH"},{"floor":12,"key":"REST"},{"data":"BowlingBash","floor":15,"key":"SMITH"}],"circlet_count":0,"master_deck":["AscendersBane","Strike_P","Strike_P+1","Strike_P","Strike_P+1","Defend_P","Defend_P","Defend_P","Defend_P","Eruption+1","Vigilance","BowlingBash+1","FollowUp","WheelKick","EmptyBody","JustLucky","SpiritShield","BattleHymn","FlurryOfBlows","Wallop"],"relics":["PureWater","NeowsBlessing","Letter Opener","Oddly Smooth Stone","Smiling Mask","Odd Mushroom","Pen Nib","VioletLotus","Red Mask"],"acts_visited":["Exordium","TheCity"],"potions_floor_usage":[19,19,20,21],"damage_taken":[{"damage":0.0,"enemies":"Cultist","floor":1.0,"turns":1.0},{"damage":0.0,"enemies":"2 Louse","floor":4.0,"turns":1.0},{"damage":0.0,"enemies":"3 Sentries","floor":7.0,"turns":2.0},{"damage":0.0,"enemies":"Small Slimes","floor":8.0,"turns":2.0},{"damage":0.0,"enemies":"The Mushroom Lair","floor":10.0,"turns":1.0},{"damage":2,"enemies":"Lagavulin","floor":11,"turns":6},{"damage":1,"enemies":"3 Louse","floor":14,"turns":3},{"damage":53,"enemies":"The Guardian","floor":16,"turns":13},{"damage":1,"enemies":"Chosen","floor":18,"turns":5},{"damage":27,"enemies":"Masked Bandits","floor":19,"turns":4},{"damage":10,"enemies":"Shell Parasite","floor":20,"turns":5},{"damage":24,"enemies":"Snake Plant","floor":21,"turns":2}],"seed_played":"632287787567019556","potions_obtained":[{"floor":7.0,"key":"DistilledChaos"},{"floor":8.0,"key":"BlessingOfTheForge"},{"floor":10.0,"key":"Explosive Potion"},{"floor":20,"key":"EntropicBrew"}],"is_trial":false,"path_per_floor":["M","T","?","M","$","R","E","M","T","?","E","R","?","M","R","B",null,"M","?","M","M"],"character_chosen":"WATCHER","items_purchased":[],"campfire_rested":1,"item_purchase_floors":[],"current_hp_per_floor":[61,61,41,41,41,41,41,41,41,41,39,59,64,63,63,10,54,53,26,16,0,0],"gold":383,"neow_bonus":"THREE_ENEMY_KILL","is_daily":false,"chose_seed":false,"campfire_upgraded":2,"win_rate":0.0,"timestamp":1611621274,"path_taken":["M","?","?","M","$","R","E","M","T","?","E","R","?","?","R","BOSS","M","?","M","M"],"items_purchased_type":[],"build_version":"2020-12-22","purchased_purges":0,"victory":false,"max_hp_per_floor":[68,68,68,68,68,68,68,68,68,68,68,68,68,68,68,68,68,68,68,68,68,68],"card_choices":[{"not_picked":["FlyingSleeves","Adaptation"],"picked":"BowlingBash","floor":1.0},{"not_picked":["SashWhip","Indignation"],"picked":"FollowUp","floor":4.0},{"not_picked":["Indignation","Blasphemy"],"picked":"FollowUp","floor":7.0},{"not_picked":["CutThroughFate","JustLucky"],"picked":"WheelKick","floor":8.0},{"not_picked":["ThirdEye","FollowUp"],"picked":"EmptyBody","floor":10.0},{"not_picked":["Fasting2","Adaptation","WheelKick"],"picked":"SKIP","floor":11},{"not_picked":["Crescendo","ClearTheMind"],"picked":"JustLucky","floor":14},{"not_picked":["DeusExMachina","ConjureBlade"],"picked":"SpiritShield","floor":16},{"not_picked":["ClearTheMind","Evaluate"],"picked":"BattleHymn","floor":18},{"not_picked":["Wireheading","CutThroughFate"],"picked":"FlurryOfBlows","floor":19},{"not_picked":["EmptyFist","BowlingBash"],"picked":"Wallop","floor":20}],"player_experience":1357747,"relics_obtained":[{"floor":2.0,"key":"Letter Opener"},{"floor":7.0,"key":"Oddly Smooth Stone"},{"floor":9.0,"key":"Smiling Mask"},{"floor":10.0,"key":"Odd Mushroom"},{"floor":11,"key":"Pen Nib"},{"floor":19,"key":"Red Mask"}],"event_choices":[{"damage_healed":0.0,"max_hp_gain":0.0,"max_hp_loss":0.0,"gold_gain":0.0,"event_name":"Shining Light","player_choice":"Entered Light","floor":3.0,"gold_loss":0.0,"damage_taken":20.0,"cards_upgraded":["Strike_P","Strike_P"]},{"damage_healed":0.0,"max_hp_gain":0.0,"max_hp_loss":0.0,"gold_gain":0.0,"event_name":"Mushrooms","player_choice":"Fought Mushrooms","floor":10.0,"gold_loss":0.0,"damage_taken":0.0},{"cards_removed":["FollowUp"],"damage_healed":5,"gold_gain":0,"player_choice":"Offered Common","damage_taken":0,"max_hp_gain":0,"max_hp_loss":0,"event_name":"Bonfire Elementals","floor":13,"gold_loss":0},{"cards_removed":["FollowUp"],"damage_healed":5,"gold_gain":0,"player_choice":"Offered Special","damage_taken":0,"max_hp_gain":0,"max_hp_loss":0,"event_name":"Bonfire Elementals","floor":13,"gold_loss":0},{"damage_healed":0,"gold_gain":0,"player_choice":"Fought Bandits","damage_taken":0,"max_hp_gain":0,"max_hp_loss":0,"event_name":"Masked Bandits","floor":19,"gold_loss":0}],"is_beta":false,"boss_relics":[{"not_picked":["Runic Dome","Empty Cage"],"picked":"VioletLotus"}],"items_purged_floors":[],"is_endless":false,"potions_floor_spawned":[7,8,10,11,20],"killed_by":"Snake Plant","ascension_level":17}}