{"host":"kn32u0f2pym5bozc","time":1611627784,"event":{"mods":["2.2 Compatiblity","BaseMod","Better Third Choice","Marisa????????","Minty Spire (QoL Compilation)","Permanent Neow","Relic Stats","StSLib","The Animator"],"gold_per_floor":[119,119,137,137,152,183,201,201,201,238,238,163,163,194,194,194,194],"floor_reached":16,"language":"ENG","playtime":819,"items_purged":["animator:Strike"],"score":124,"play_id":"e5b07aff-017b-49ba-a0d6-b6708b499a9d","local_time":"20210125212304","is_ascension_mode":true,"campfire_choices":[{"data":"animator:Tohya","floor":8,"key":"SMITH"},{"data":"animator:KyokoSakura","floor":11,"key":"SMITH"},{"data":"animator:Envy","floor":15,"key":"SMITH"}],"circlet_count":0,"master_deck":["animator:Strike_LogHorizon","animator:Defend_LogHorizon","animator:Strike","animator:Strike","animator:Defend","animator:Defend","animator:Defend","animator:Tohya+1","animator:Minori","animator:OrigamiTobiichi+1","animator:KyokoSakura+1","animator:LizardPriest","animator:HiiragiShinya","animator:Envy+1"],"relics":["animator:LivingPicture","animator:TheMissingPiece","animator:PurgingStone","NeowsBlessing","Eternal Feather","Pantograph","Akabeko","Bottled Lightning"],"acts_visited":["Exordium"],"potions_floor_usage":[7],"damage_taken":[{"damage":0,"enemies":"2 Louse","floor":1,"turns":1},{"damage":0,"enemies":"Cultist","floor":3,"turns":1},{"damage":0,"enemies":"Jaw Worm","floor":5,"turns":1},{"damage":27,"enemies":"Lagavulin","floor":6,"turns":8},{"damage":4,"enemies":"Gremlin Gang","floor":7,"turns":3},{"damage":18,"enemies":"3 Sentries","floor":10,"turns":7},{"damage":18,"enemies":"Gremlin Nob","floor":14,"turns":5},{"damage":59,"enemies":"The Guardian","floor":16,"turns":10}],"seed_played":"4295854509292682546","potions_obtained":[{"floor":3,"key":"Explosive Potion"},{"floor":5,"key":"Dexterity Potion"},{"floor":14,"key":"Strength Potion"}],"is_trial":false,"path_per_floor":["M","?","M","?","M","E","M","R","T","E","R","$","?","E","R","B"],"character_chosen":"THE_ANIMATOR","items_purchased":[],"campfire_rested":0,"item_purchase_floors":[],"current_hp_per_floor":[66,71,71,71,71,44,40,49,49,31,40,40,45,27,33,0,0],"gold":194,"neow_bonus":"THREE_ENEMY_KILL","is_daily":false,"chose_seed":true,"campfire_upgraded":3,"win_rate":0.0,"timestamp":1611627784,"path_taken":["M","?","M","?","?","E","M","R","T","E","R","$","?","E","R","BOSS"],"items_purchased_type":[],"build_version":"2020-12-22","purchased_purges":1,"victory":false,"max_hp_per_floor":[66,71,71,71,71,71,71,71,71,71,71,71,71,71,71,71,71],"relic_stats":{"counters":[8,36],"Pantograph":25,"Eternal Feather":24,"obtain_stats":[{"animator:PurgingStone":0,"NeowsBlessing":0,"animator:TheMissingPiece":0,"Pantograph":9,"Eternal Feather":6,"animator:LivingPicture":0,"Bottled Lightning":14,"Akabeko":10},{"animator:PurgingStone":0,"NeowsBlessing":0,"animator:TheMissingPiece":0,"Pantograph":5,"Eternal Feather":4,"animator:LivingPicture":0,"Bottled Lightning":7,"Akabeko":6},{"animator:PurgingStone":0,"NeowsBlessing":0,"animator:TheMissingPiece":0,"Pantograph":14,"Eternal Feather":11,"animator:LivingPicture":0,"Bottled Lightning":26,"Akabeko":21}]},"card_choices":[{"not_picked":["animator:AyaShameimaru","animator:Hitei"],"picked":"animator:OrigamiTobiichi","floor":1},{"not_picked":["animator:Caster","animator:NagisaMomoe"],"picked":"animator:KyokoSakura","floor":3},{"not_picked":["animator:Alexander","animator:MarisaKirisame"],"picked":"animator:LizardPriest","floor":5},{"not_picked":["animator:Ain","animator:Lu"],"picked":"animator:Raven","floor":6},{"not_picked":["animator:DolaCouronne","animator:GuildGirl"],"picked":"animator:HiiragiShinya","floor":7},{"not_picked":["animator:Yoichi","animator:HidekiHinata"],"picked":"animator:Envy","floor":10},{"not_picked":["animator:Azekura","animator:Nanami","animator:Tet"],"picked":"SKIP","floor":14}],"player_experience":885973,"relics_obtained":[{"floor":6,"key":"Eternal Feather"},{"floor":9,"key":"Pantograph"},{"floor":10,"key":"Akabeko"},{"floor":14,"key":"Bottled Lightning"}],"event_choices":[{"damage_healed":0,"gold_gain":0,"player_choice":"Donut","damage_taken":0,"max_hp_gain":5,"max_hp_loss":0,"event_name":"Big Fish","floor":2,"gold_loss":0},{"damage_healed":0,"gold_gain":0,"player_choice":"Upgraded","damage_taken":0,"max_hp_gain":0,"max_hp_loss":0,"event_name":"Upgrade Shrine","floor":4,"gold_loss":0,"cards_upgraded":["animator:OrigamiTobiichi"]},{"cards_removed":["animator:Raven"],"damage_healed":5,"gold_gain":0,"player_choice":"Offered Common","damage_taken":0,"max_hp_gain":0,"max_hp_loss":0,"event_name":"Bonfire Elementals","floor":13,"gold_loss":0},{"cards_removed":["animator:Raven"],"damage_healed":5,"gold_gain":0,"player_choice":"Offered Special","damage_taken":0,"max_hp_gain":0,"max_hp_loss":0,"event_name":"Bonfire Elementals","floor":13,"gold_loss":0}],"is_beta":false,"boss_relics":[],"items_purged_floors":[12],"is_endless":false,"potions_floor_spawned":[3,5,14],"killed_by":"The Guardian","ascension_level":1}}