{"host":"b4vwm7jq6jdk6nca","time":1611675085,"event":{"mods":["Act Like it!","BaseMod","Hermit","Minty Spire (QoL Compilation)","Pale of the Ancients","Quick Restart","Relic Filter Mod","Spicy Shops","StSLib","TestMod","The Cursed","Wide Potions","[IsaacMod]以撒尖塔"],"gold_per_floor":[117,517,534,484,503,528,528,546,546,546,575,575,596,83,83,192,192,221,248,270,291,312,351,38,102,127,175,175,175,230,136,136,279,279,326,326,247,258,286,323,323,400,400,471,471,471],"floor_reached":45,"language":"ZHS","playtime":1242,"items_purged":["Defend_P","Writhe","Strike_P"],"score":912,"play_id":"dcae544f-d540-41b5-92a5-095aaa5f3dd9","local_time":"20210126233125","is_ascension_mode":true,"campfire_choices":[{"data":"Eruption","floor":7.0,"key":"SMITH"},{"data":"Vigilance","floor":10.0,"key":"SMITH"},{"data":"Crescendo","floor":12.0,"key":"SMITH"},{"data":"EmptyFist","floor":15.0,"key":"SMITH"},{"data":"MentalFortress","floor":28.0,"key":"SMITH"},{"data":"Devotion","floor":32,"key":"SMITH"},{"floor":41,"key":"RECALL"}],"circlet_count":0,"master_deck":["Strike_P+1","Strike_P+1","Strike_P","Defend_P+1","Defend_P+1","Eruption+1","Vigilance+1","Crescendo+1","DeceiveReality+1","EmptyMind+1","EmptyFist+1","FollowUp","Scrawl+1","Devotion+1","EmptyBody+1","Wish+1","MentalFortress+1","Halt+1","Protect+1","Wallop","Establishment","ClearTheMind+1","WindmillStrike+1","Tantrum+1"],"relics":["PureWater","HushsDoor","Damocles","testmod-BlackFramedGlasses","Vajra","TungstenRod","Pen Nib","testmod-Brilliant","Toxic Egg 2","testmod-AssaultLearning","Mercury Hourglass","CeramicFish","Boot","Happy Flower","Philosopher\u0027s Stone","MawBank","Oddly Smooth Stone","BookofShadows","HowToJump","Juzu Bracelet","Centennial Puzzle","Membership Card","Ice Cream","AnarchistCookbook","Anchor","SatanicBible","testmod-EnergyCheck","GuppysCollar","BelialBook","Whetstone","NeowsBlessing","War Paint","Pocketwatch","testmod-IndustrialRevolution","YumHeart","Nunchaku","DeadEye","Art of War","Singing Bowl","Dream Catcher"],"acts_visited":["Exordium","TheCity","TheBeyond"],"potions_floor_usage":[30,38],"damage_taken":[{"damage":0.0,"enemies":"Cultist","floor":1.0,"turns":1.0},{"damage":0.0,"enemies":"2 Louse","floor":3.0,"turns":1.0},{"damage":0.0,"enemies":"Jaw Worm","floor":5.0,"turns":1.0},{"damage":0.0,"enemies":"3 Sentries","floor":6.0,"turns":2.0},{"damage":0.0,"enemies":"3 Louse","floor":8.0,"turns":1.0},{"damage":0.0,"enemies":"Exordium Thugs","floor":11.0,"turns":1.0},{"damage":0.0,"enemies":"Exordium Wildlife","floor":13.0,"turns":1.0},{"damage":2.0,"enemies":"The Guardian","floor":16.0,"turns":2.0},{"damage":0.0,"enemies":"Chosen","floor":18.0,"turns":2.0},{"damage":0.0,"enemies":"2 Thieves","floor":19.0,"turns":1.0},{"damage":0.0,"enemies":"Snake Plant","floor":20.0,"turns":1.0},{"damage":0.0,"enemies":"Gremlin Leader","floor":23.0,"turns":2.0},{"damage":0.0,"enemies":"Slavers","floor":25.0,"turns":3.0},{"damage":0,"enemies":"Shelled Parasite and Fungi","floor":30,"turns":3},{"damage":0,"enemies":"Collector","floor":33,"turns":8},{"damage":0,"enemies":"Orb Walker","floor":35,"turns":3},{"damage":0,"enemies":"3 Darklings","floor":38,"turns":1},{"damage":0,"enemies":"Spire Growth","floor":39,"turns":1},{"damage":0,"enemies":"Nemesis","floor":40,"turns":1},{"damage":0,"enemies":"Giant Head","floor":44,"turns":5}],"seed_played":"3466743896360490167","potions_obtained":[{"floor":6.0,"key":"Swift Potion"},{"floor":11.0,"key":"SkillPotion"},{"floor":23.0,"key":"Regen Potion"},{"floor":25.0,"key":"SkillPotion"},{"floor":38,"key":"Fruit Juice"},{"floor":44,"key":"SteroidPotion"}],"is_trial":false,"path_per_floor":["M","?","M","?","M","E","R","M","T","R","M","R","M","$","R","B",null,"M","M","M","?","?","E","$","E","T","T","R","?","M","$","R","B",null,"M","?","$","M","M","E","R","T","T","E","$"],"character_chosen":"WATCHER","items_purchased":["ChaosCard","Happy Flower","Scrawl+1","Membership Card","MentalFortress","ChaosCard","Wallop","GuppysCollar","BelialBook","War Paint"],"campfire_rested":0,"item_purchase_floors":[14,14,14,24,24,24,31,34,34,37],"current_hp_per_floor":[72,72,72,72,72,72,72,72,72,72,72,72,72,72,72,70,72,72,72,72,72,72,72,72,72,72,72,72,72,72,72,72,72,49,49,49,49,61,61,61,61,61,61,61,61,61],"gold":471,"neow_bonus":"THREE_ENEMY_KILL","is_daily":false,"chose_seed":false,"campfire_upgraded":6,"win_rate":0.0,"timestamp":1611675085,"path_taken":["M","?","?","?","M","E","R","M","T","R","M","R","M","?","R","BOSS","BOSS","M","M","?","?","?","E","$","E","T","?","R","?","M","?","R","BOSS","M","?","$","M","M","E","R","?","T","E","$"],"items_purchased_type":["Card","Relic","Card","Relic","Card","Card","Card","Relic","Relic","Relic"],"build_version":"2020-12-22","purchased_purges":3,"victory":false,"max_hp_per_floor":[72,72,72,72,72,72,72,72,72,72,72,72,72,72,72,72,72,72,72,72,72,72,72,72,72,72,72,72,72,72,72,72,72,49,49,49,49,61,61,61,61,61,61,61,61,61],"card_choices":[{"not_picked":["Fasting2","Study"],"picked":"Crescendo","floor":1.0},{"not_picked":["Crescendo","MentalFortress"],"picked":"Bomb","floor":3.0},{"not_picked":["WindmillStrike","Consecrate","BowlingBash"],"picked":"SKIP","floor":5.0},{"not_picked":["PathToVictory+1","MasterReality"],"picked":"DeceiveReality+1","floor":6.0},{"not_picked":["CutThroughFate","Protect+1"],"picked":"EmptyMind+1","floor":8.0},{"not_picked":["Protect+1","BowlingBash"],"picked":"EmptyFist","floor":11.0},{"not_picked":["Consecrate","Nirvana"],"picked":"FollowUp","floor":13.0},{"not_picked":["Scrawl+1","Judgement+1"],"picked":"Devotion","floor":16.0},{"not_picked":["Evaluate+1","ThirdEye+1"],"picked":"EmptyBody+1","floor":18.0},{"not_picked":["FollowUp","Evaluate+1","EmptyMind+1"],"picked":"SKIP","floor":19.0},{"not_picked":["SashWhip","WreathOfFlame+1","WindmillStrike"],"picked":"SKIP","floor":20.0},{"not_picked":["FollowUp","CutThroughFate","Nirvana"],"picked":"SKIP","floor":23.0},{"not_picked":["Prostrate+1","Devotion"],"picked":"Halt+1","floor":25.0},{"not_picked":["Conclude","WreathOfFlame+1"],"picked":"Protect+1","floor":30},{"not_picked":["Blasphemy+1","Judgement+1"],"picked":"Establishment","floor":33},{"not_picked":["CrushJoints","SignatureMove+1","Consecrate+1"],"picked":"SKIP","floor":35},{"not_picked":["Prostrate+1","LikeWater","FollowUp+1"],"picked":"SKIP","floor":38},{"not_picked":["ThirdEye+1","Crescendo+1"],"picked":"ClearTheMind+1","floor":39},{"not_picked":["FlyingSleeves+1","ThirdEye+1"],"picked":"WindmillStrike+1","floor":40},{"not_picked":["Omniscience+1","ReachHeaven"],"picked":"Tantrum+1","floor":44}],"player_experience":315572,"relics_obtained":[{"floor":1.0,"key":"Vajra"},{"floor":3.0,"key":"TungstenRod"},{"floor":5.0,"key":"Pen Nib"},{"floor":6.0,"key":"testmod-Brilliant"},{"floor":6.0,"key":"Toxic Egg 2"},{"floor":8.0,"key":"testmod-AssaultLearning"},{"floor":9.0,"key":"Mercury Hourglass"},{"floor":11.0,"key":"CeramicFish"},{"floor":13.0,"key":"Boot"},{"floor":18.0,"key":"MawBank"},{"floor":19.0,"key":"Oddly Smooth Stone"},{"floor":20.0,"key":"BookofShadows"},{"floor":23.0,"key":"Juzu Bracelet"},{"floor":23.0,"key":"Centennial Puzzle"},{"floor":25.0,"key":"Ice Cream"},{"floor":25.0,"key":"AnarchistCookbook"},{"floor":27.0,"key":"Anchor"},{"floor":30,"key":"SatanicBible"},{"floor":35,"key":"Whetstone"},{"floor":38,"key":"Pocketwatch"},{"floor":39,"key":"testmod-IndustrialRevolution"},{"floor":40,"key":"YumHeart"},{"floor":40,"key":"Nunchaku"},{"floor":42,"key":"DeadEye"},{"floor":43,"key":"Art of War"},{"floor":44,"key":"Singing Bowl"},{"floor":44,"key":"Dream Catcher"}],"event_choices":[{"damage_healed":0.0,"max_hp_gain":0.0,"max_hp_loss":0.0,"gold_gain":400.0,"event_name":"恩洛斯的盘子","player_choice":"Sell","floor":2.0,"relics_lost":["testmod-TestBox"],"gold_loss":0.0,"damage_taken":0.0},{"cards_removed":["Defend_P"],"damage_healed":0.0,"max_hp_gain":0.0,"max_hp_loss":0.0,"gold_gain":0.0,"event_name":"The Cleric","player_choice":"Card Removal","floor":4.0,"gold_loss":50.0,"damage_taken":0.0},{"damage_healed":0.0,"max_hp_gain":0.0,"max_hp_loss":0.0,"gold_gain":0.0,"event_name":"The Library","player_choice":"Read","floor":21.0,"gold_loss":0.0,"damage_taken":0.0,"cards_obtained":["Wish"]},{"damage_healed":0.0,"max_hp_gain":0.0,"max_hp_loss":0.0,"gold_gain":0.0,"event_name":"The Mausoleum","player_choice":"Opened","floor":22.0,"gold_loss":0.0,"damage_taken":0.0,"relics_obtained":["HowToJump"],"cards_obtained":["Writhe"]},{"damage_healed":0,"gold_gain":0,"player_choice":"Ignored","damage_taken":0,"max_hp_gain":0,"max_hp_loss":0,"event_name":"Cursed Tome","floor":29,"gold_loss":0},{"damage_healed":0,"gold_gain":0,"player_choice":"Swap Relic","damage_taken":0,"relics_obtained":["NeowsBlessing"],"max_hp_gain":0,"max_hp_loss":0,"event_name":"给自己的盒子","floor":36,"relics_lost":["NeowsBlessing"],"gold_loss":0}],"is_beta":false,"boss_relics":[{"not_picked":["Velvet Choker","Tiny House"],"picked":"Philosopher\u0027s Stone"},{"not_picked":[]},{"not_picked":["HolyWater","Astrolabe"],"picked":"testmod-EnergyCheck"},{"not_picked":[]}],"items_purged_floors":[14,24,31],"is_endless":false,"potions_floor_spawned":[6,8,11,23,25,38,44],"ascension_level":2}}