{"host":"uvmuduost5bzvojs","time":1611620136,"event":{"mods":["Aspiration","Bard","BaseMod","Better Match","Block Reminder","Conspire","Hermit","Highlight Path","Hubris","Infinite Spire","Jorbs\u0027s Wanderer Trilogy","Mad Scientist","Marisa????????","Mimic Mod","Minty Spire (QoL Compilation)","Potionbrewer","Replay The Spire","Robot Space Explorer","StSLib","The Blackbeard","The Construct","The Cursed","The Disciple","The Hayseed","The Hierophant","The Juggle","The Jungle","The Poker Player","The Runesmith","The Servant 0.9.4","The Spell Scribe","The Valiant","TheBandit"],"gold_per_floor":[114,10,10,85,101,133,145,145,145],"floor_reached":8,"language":"ENG","playtime":425,"items_purged":[],"score":81,"play_id":"fd46242e-0b23-437e-af2c-638f18f7cedb","local_time":"20210125191536","is_ascension_mode":false,"campfire_choices":[],"circlet_count":0,"master_deck":["MadScienceMod:Strike_MadScience","MadScienceMod:Strike_MadScience","MadScienceMod:Strike_MadScience+1","MadScienceMod:Strike_MadScience","MadScienceMod:Defend_MadScience","MadScienceMod:Defend_MadScience","MadScienceMod:Defend_MadScience","MadScienceMod:Defend_MadScience","MadScienceMod:PoweredStrike","MadScienceMod:HideBehindJunk","MadScienceMod:FumeBlast+1","MadScienceMod:Refuel","MadScienceMod:Browse","MadScienceMod:Bayonet","MadScienceMod:AssemblyLine","MadScienceMod:Refuel"],"relics":["MadScienceMod:FuelTank","NeowsBlessing","Replay:Rubber Ducky"],"acts_visited":["Exordium"],"potions_floor_usage":[],"damage_taken":[{"damage":0,"enemies":"Cultist","floor":1,"turns":1},{"damage":0,"enemies":"Small Slimes","floor":5,"turns":2},{"damage":0,"enemies":"3 Sentries","floor":6,"turns":2},{"damage":0,"enemies":"2 Louse","floor":7,"turns":3},{"damage":62,"enemies":"Gremlin Nob","floor":8,"turns":4}],"seed_played":"6071594440172053658","potions_obtained":[{"floor":1,"key":"Energy Potion"}],"is_trial":false,"path_per_floor":["M","$","?","?","M","E","M","E"],"character_chosen":"MAD_SCIENTIST","items_purchased":["MadScienceMod:Refuel","MadScienceMod:Browse"],"campfire_rested":0,"item_purchase_floors":[2,2],"current_hp_per_floor":[75,75,60,53,53,53,53,0,0],"gold":145,"neow_bonus":"THREE_ENEMY_KILL","is_daily":false,"chose_seed":false,"campfire_upgraded":0,"win_rate":0.0,"timestamp":1611620136,"path_taken":["M","$","?","?","?","E","M","E"],"items_purchased_type":["Card","Card"],"build_version":"2020-12-22","purchased_purges":0,"victory":false,"max_hp_per_floor":[75,75,75,75,75,75,75,75,75],"card_choices":[{"not_picked":["MadScienceMod:ParticleBeam","MadScienceMod:AcidSpray"],"picked":"MadScienceMod:FumeBlast","floor":1},{"not_picked":["MadScienceMod:AntimatterBomb","MadScienceMod:Poke"],"picked":"MadScienceMod:Bayonet","floor":5},{"not_picked":["MadScienceMod:JunkLaser","MadScienceMod:MechanicalClaw"],"picked":"MadScienceMod:AssemblyLine","floor":6},{"not_picked":["MadScienceMod:Strafe","MadScienceMod:ParticleBeam"],"picked":"MadScienceMod:Refuel","floor":7}],"player_experience":1800689,"relics_obtained":[{"floor":6,"key":"Replay:Rubber Ducky"}],"event_choices":[{"damage_healed":0,"gold_gain":0,"player_choice":"Entered Light","damage_taken":15,"max_hp_gain":0,"max_hp_loss":0,"event_name":"Shining Light","floor":3,"gold_loss":0,"cards_upgraded":["MadScienceMod:Strike_MadScience","MadScienceMod:FumeBlast"]},{"damage_healed":0,"gold_gain":75,"player_choice":"Touch","damage_taken":7,"max_hp_gain":0,"max_hp_loss":0,"event_name":"FaceTrader","floor":4,"gold_loss":0}],"is_beta":false,"boss_relics":[],"items_purged_floors":[],"is_endless":false,"potions_floor_spawned":[1],"killed_by":"Gremlin Nob","ascension_level":0}}