{"host":"i0avyit1s6jb1siw","time":1611679238,"event":{"mods":["BaseMod","DeckTracker","Dota2Spire","Highlight Path","Minty Spire (QoL Compilation)","Quick Restart","StSLib","SuperFastMode"],"gold_per_floor":[111,186,186,197,212,212,237,237,263,263,293,311,327,344,344,356,356,433,433,373,373,373,373,373,373,373,373,373],"floor_reached":27,"language":"ENG","playtime":539,"items_purged":[],"score":504,"play_id":"b7fe5729-6f00-41fd-9607-0eaab6bc5b87","local_time":"20210126174038","is_ascension_mode":true,"campfire_choices":[{"data":"Flex","floor":6.0,"key":"SMITH"},{"data":"Bludgeon","floor":8.0,"key":"SMITH"},{"data":"Double Tap","floor":10.0,"key":"SMITH"},{"data":"Inflame","floor":15,"key":"SMITH"},{"floor":17,"key":"REST"},{"floor":25,"key":"REST"}],"circlet_count":0,"master_deck":["AscendersBane","Strike_R","Strike_R","Strike_R","Defend_R","Defend_R","Defend_R","Defend_R","Bash","Bludgeon+1","Reckless Charge","Double Tap+1","Battle Trance","Flex+1","Offering","Inflame+1","Ghostly Armor","Sentinel","Shrug It Off","Feed","Inflame+1"],"relics":["Burning Blood","Dota2Spire:ArcaneBoots","Ornamental Fan","Ectoplasm"],"acts_visited":["Exordium","TheCity"],"potions_floor_usage":[22,27],"damage_taken":[{"damage":6.0,"enemies":"2 Louse","floor":1.0,"turns":3.0},{"damage":7.0,"enemies":"Jaw Worm","floor":4.0,"turns":2.0},{"damage":0.0,"enemies":"Cultist","floor":5.0,"turns":2.0},{"damage":35.0,"enemies":"3 Sentries","floor":7.0,"turns":7.0},{"damage":6,"enemies":"Lagavulin","floor":11,"turns":4},{"damage":6,"enemies":"Gremlin Gang","floor":12,"turns":4},{"damage":7,"enemies":"Looter","floor":13,"turns":2},{"damage":8,"enemies":"Lots of Slimes","floor":14,"turns":4},{"damage":14,"enemies":"Large Slime","floor":16,"turns":4},{"damage":38,"enemies":"The Guardian","floor":18,"turns":14},{"damage":20,"enemies":"2 Thieves","floor":20,"turns":4},{"damage":29,"enemies":"Shell Parasite","floor":22,"turns":5},{"damage":11,"enemies":"Centurion and Healer","floor":23,"turns":5},{"damage":14,"enemies":"Snecko","floor":26,"turns":4},{"damage":50,"enemies":"Cultist and Chosen","floor":27,"turns":4}],"seed_played":"3120288971306244867","potions_obtained":[{"floor":11,"key":"Swift Potion"},{"floor":12,"key":"PowerPotion"},{"floor":22,"key":"HeartOfIron"}],"is_trial":false,"path_per_floor":["M","?","?","M","M","R","E","R","T","R","E","M","M","M","R","M","R","B",null,"M","?","M","M","?","R","M","M"],"character_chosen":"IRONCLAD","items_purchased":[],"campfire_rested":2,"item_purchase_floors":[],"current_hp_per_floor":[68,57,57,56,62,62,33,33,33,33,33,33,32,30,30,22,44,12,59,48,48,28,23,23,47,39,0,0],"gold":373,"neow_bonus":"ONE_RANDOM_RARE_CARD","is_daily":false,"chose_seed":false,"campfire_upgraded":4,"win_rate":0.0,"timestamp":1611679238,"path_taken":["M","?","?","M","?","R","E","R","T","R","E","?","M","M","R","M","R","BOSS","M","?","?","M","?","R","?","M"],"items_purchased_type":[],"build_version":"2020-12-22","purchased_purges":0,"victory":false,"max_hp_per_floor":[75,75,75,75,75,75,75,75,75,75,75,75,75,75,75,75,75,75,75,78,78,81,81,81,81,81,81,81],"card_choices":[{"not_picked":["Armaments","Havoc"],"picked":"Reckless Charge","floor":1.0},{"not_picked":["Havoc","Reckless Charge"],"picked":"Battle Trance","floor":4.0},{"not_picked":["Clash","Brutality"],"picked":"Flex","floor":5.0},{"not_picked":["Spot Weakness","Uppercut"],"picked":"Offering","floor":7.0},{"not_picked":["Uppercut","Carnage"],"picked":"Inflame","floor":11},{"not_picked":["Anger","Thunderclap"],"picked":"Ghostly Armor","floor":12},{"not_picked":["Inflame","Ghostly Armor"],"picked":"Sentinel","floor":13},{"not_picked":["Warcry","Flex","Cleave"],"picked":"SKIP","floor":14},{"not_picked":["Twin Strike","Pommel Strike"],"picked":"Shrug It Off","floor":16},{"not_picked":["Brutality","Berserk"],"picked":"Feed","floor":18},{"not_picked":["Iron Wave","Body Slam","Clash"],"picked":"SKIP","floor":20},{"not_picked":["Clash+1","True Grit","Dropkick"],"picked":"SKIP","floor":22},{"not_picked":["Reckless Charge","Twin Strike","Thunderclap"],"picked":"SKIP","floor":23},{"not_picked":["Fiend Fire","Iron Wave","Pommel Strike"],"picked":"SKIP","floor":26}],"player_experience":2352254,"relics_obtained":[{"floor":7.0,"key":"Dota2Spire:ArcaneBoots"},{"floor":11,"key":"Ornamental Fan"}],"event_choices":[{"damage_healed":0.0,"max_hp_gain":0.0,"max_hp_loss":0.0,"gold_gain":75.0,"event_name":"World of Goop","player_choice":"Gather Gold","floor":2.0,"gold_loss":0.0,"damage_taken":11.0},{"damage_healed":0.0,"max_hp_gain":0.0,"max_hp_loss":0.0,"gold_gain":0.0,"cards_transformed":["Strike_R"],"event_name":"Transmorgrifier","player_choice":"Transformed","floor":3.0,"gold_loss":0.0,"damage_taken":0.0,"cards_obtained":["Double Tap"]},{"cards_removed":["Strike_R"],"damage_healed":0,"gold_gain":0,"player_choice":"Offered Basic","damage_taken":0,"max_hp_gain":0,"max_hp_loss":0,"event_name":"Bonfire Elementals","floor":21,"gold_loss":0},{"damage_healed":0,"gold_gain":0,"player_choice":"Copied","damage_taken":0,"max_hp_gain":0,"max_hp_loss":0,"event_name":"Duplicator","floor":24,"gold_loss":0,"cards_obtained":["Inflame"]}],"is_beta":false,"boss_relics":[{"not_picked":["Mark of Pain","Fusion Hammer"],"picked":"Ectoplasm"}],"items_purged_floors":[],"is_endless":false,"potions_floor_spawned":[11,12,14,16,18,22,23],"killed_by":"Cultist and Chosen","ascension_level":20}}