{"host":"Koishi","time":1611702759,"event":{"mods":["2.2 Compatiblity","AchievementEnabler","Act Like it!","BaseMod","Better Match","Better Note","Better Sensory Stone","Better Third Choice","Colored Powertips","Minty Spire (QoL Compilation)","Quick Restart","Relic Stats","StSLib","everything is the same but u backflip on backflip","slay the spire mod where everything is the same but ironclad has a cowboy hat"],"gold_per_floor":[111,121,121,133,145,176,30,58,58,23,48,48,80,34,34,137,187,197,197,222,137,155,188,188,208,261,307,338,350,397,427,439,451,451],"floor_reached":33,"language":"ENG","playtime":1082,"items_purged":[],"score":394,"play_id":"43efadaa-be51-4efd-92f1-110bf8427db9","local_time":"20210126181239","is_ascension_mode":true,"campfire_choices":[{"data":"True Grit","floor":12,"key":"SMITH"},{"data":"Inflame","floor":15,"key":"SMITH"},{"data":"Whirlwind","floor":24,"key":"SMITH"},{"data":"Shockwave","floor":29,"key":"SMITH"},{"data":"Demon Form","floor":32,"key":"SMITH"}],"circlet_count":0,"master_deck":["Strike_R","Strike_R","Strike_R","Strike_R","Defend_R+1","Defend_R","Defend_R","Defend_R","Bash","Inflame+1","Flame Barrier","Headbutt","True Grit+1","Shockwave+1","Sentinel","Feel No Pain","Shrug It Off","Juggernaut","Twin Strike","Pommel Strike","Whirlwind+1","Inflame","Pummel+1","Twin Strike+1","Offering","Demon Form+1"],"relics":["Coffee Dripper","Tiny Chest","PreservedInsect","Omamori","Letter Opener","Happy Flower","Tiny House","Toy Ornithopter","Anchor","Shuriken","MawBank","Smiling Mask","Bag of Preparation"],"acts_visited":["Exordium","TheCity"],"potions_floor_usage":[4,16,18,27,30,31,33,33,33],"damage_taken":[{"damage":0,"enemies":"Cultist","floor":1,"turns":2},{"damage":2,"enemies":"Jaw Worm","floor":2,"turns":3},{"damage":0,"enemies":"Small Slimes","floor":4,"turns":1},{"damage":11,"enemies":"3 Louse","floor":5,"turns":3},{"damage":12,"enemies":"Lagavulin","floor":6,"turns":8},{"damage":13,"enemies":"3 Sentries","floor":8,"turns":6},{"damage":2,"enemies":"Lagavulin","floor":11,"turns":5},{"damage":9,"enemies":"3 Sentries","floor":13,"turns":6},{"damage":31,"enemies":"The Guardian","floor":16,"turns":10},{"damage":10,"enemies":"2 Thieves","floor":18,"turns":4},{"damage":0,"enemies":"3 Byrds","floor":22,"turns":3},{"damage":27,"enemies":"Gremlin Leader","floor":23,"turns":6},{"damage":23,"enemies":"3 Cultists","floor":25,"turns":4},{"damage":20,"enemies":"Slavers","floor":27,"turns":4},{"damage":0,"enemies":"Cultist and Chosen","floor":28,"turns":4},{"damage":0,"enemies":"Book of Stabbing","floor":30,"turns":3},{"damage":19,"enemies":"Sentry and Sphere","floor":31,"turns":4},{"damage":55,"enemies":"Collector","floor":33,"turns":6}],"seed_played":"4383506008040713830","potions_obtained":[{"floor":1,"key":"HeartOfIron"},{"floor":2,"key":"Explosive Potion"},{"floor":5,"key":"FearPotion"},{"floor":6,"key":"PowerPotion"},{"floor":17,"key":"HeartOfIron"},{"floor":18,"key":"Dexterity Potion"},{"floor":27,"key":"Explosive Potion"},{"floor":30,"key":"Regen Potion"},{"floor":31,"key":"BloodPotion"}],"is_trial":false,"path_per_floor":["M","M","?","M","M","E","$","E","T","?","E","R","E","$","R","B",null,"M","?","T","?","M","E","R","M","T","E","M","R","E","M","R","B"],"character_chosen":"IRONCLAD","items_purchased":["PreservedInsect","Shrug It Off"],"campfire_rested":0,"item_purchase_floors":[7,14],"current_hp_per_floor":[80,78,78,78,67,55,55,42,42,62,60,60,51,51,51,20,85,75,75,75,75,75,48,48,25,25,10,10,10,15,6,6,0,0],"gold":451,"neow_bonus":"BOSS_RELIC","is_daily":false,"chose_seed":false,"campfire_upgraded":5,"win_rate":0.0,"timestamp":1611702759,"path_taken":["M","?","?","M","M","E","?","E","T","?","E","R","E","$","R","BOSS","M","?","?","?","M","E","R","M","T","E","M","R","E","?","R","BOSS"],"items_purchased_type":["Relic","Card"],"build_version":"2020-12-18","purchased_purges":0,"victory":false,"max_hp_per_floor":[80,80,80,80,80,80,80,80,80,80,80,80,80,80,80,80,85,85,85,85,85,85,85,85,85,85,85,85,85,85,85,85,85,85],"relic_stats":{"Happy Flower":[16],"counters":[18,82],"Shuriken":[4],"Tiny Chest":1,"PreservedInsect":213,"Bag of Preparation":[4],"Letter Opener":[30],"MawBank":84,"Smiling Mask":0,"obtain_stats":[{"Tiny House":17,"Happy Flower":13,"PreservedInsect":7,"Omamori":8,"Bag of Preparation":30,"Letter Opener":11,"MawBank":26,"Smiling Mask":27,"Burning Blood":0,"Anchor":21,"Shuriken":23,"Tiny Chest":6,"Coffee Dripper":0,"Toy Ornithopter":20},{"Tiny House":9,"Happy Flower":8,"PreservedInsect":5,"Omamori":6,"Bag of Preparation":16,"Letter Opener":7,"MawBank":13,"Smiling Mask":14,"Burning Blood":0,"Anchor":10,"Shuriken":12,"Tiny Chest":5,"Coffee Dripper":0,"Toy Ornithopter":10},{"Tiny House":44,"Happy Flower":34,"PreservedInsect":17,"Omamori":23,"Bag of Preparation":72,"Letter Opener":28,"MawBank":61,"Smiling Mask":65,"Burning Blood":0,"Anchor":48,"Shuriken":57,"Tiny Chest":17,"Coffee Dripper":0,"Toy Ornithopter":48}],"Toy Ornithopter":30},"card_choices":[{"not_picked":["Flame Barrier","Heavy Blade"],"picked":"Inflame","floor":1},{"not_picked":["Clothesline","Sever Soul"],"picked":"Flame Barrier","floor":2},{"not_picked":["Reckless Charge","Body Slam"],"picked":"True Grit","floor":4},{"not_picked":["Thunderclap","Armaments","Headbutt"],"picked":"SKIP","floor":5},{"not_picked":["Havoc","Reckless Charge"],"picked":"Shockwave","floor":6},{"not_picked":["Brutality","Heavy Blade","Anger"],"picked":"SKIP","floor":8},{"not_picked":["Armaments","Wild Strike"],"picked":"Sentinel","floor":11},{"not_picked":["Entrench","Brutality"],"picked":"Feel No Pain","floor":13},{"not_picked":["Exhume","Impervious"],"picked":"Juggernaut","floor":16},{"not_picked":["Thunderclap","Havoc"],"picked":"Twin Strike","floor":17},{"not_picked":["Thunderclap","Flame Barrier"],"picked":"Pommel Strike","floor":18},{"not_picked":["Thunderclap","Shockwave"],"picked":"Inflame","floor":22},{"not_picked":["Fiend Fire","Anger"],"picked":"Pummel+1","floor":23},{"not_picked":["Flex","Second Wind"],"picked":"Twin Strike+1","floor":25},{"not_picked":["Shrug It Off","Power Through"],"picked":"Offering","floor":27},{"not_picked":["Flex","Entrench","Iron Wave"],"picked":"SKIP","floor":28},{"not_picked":["Anger","Sword Boomerang"],"picked":"Demon Form","floor":30},{"not_picked":["True Grit","Headbutt+1","Anger"],"picked":"SKIP","floor":31}],"player_experience":136031,"relics_obtained":[{"floor":6,"key":"Tiny Chest"},{"floor":8,"key":"Omamori"},{"floor":11,"key":"Letter Opener"},{"floor":13,"key":"Happy Flower"},{"floor":20,"key":"Toy Ornithopter"},{"floor":23,"key":"Shuriken"},{"floor":26,"key":"MawBank"},{"floor":27,"key":"Smiling Mask"},{"floor":30,"key":"Bag of Preparation"}],"event_choices":[{"damage_healed":0,"gold_gain":0,"cards_transformed":["Strike_R"],"player_choice":"Transformed","damage_taken":0,"max_hp_gain":0,"max_hp_loss":0,"event_name":"Transmorgrifier","floor":3,"gold_loss":0,"cards_obtained":["Headbutt"]},{"damage_healed":20,"gold_gain":0,"player_choice":"Healed","damage_taken":0,"max_hp_gain":0,"max_hp_loss":0,"event_name":"The Cleric","floor":10,"gold_loss":35},{"damage_healed":0,"gold_gain":0,"player_choice":"Read","damage_taken":0,"max_hp_gain":0,"max_hp_loss":0,"event_name":"The Library","floor":19,"gold_loss":0,"cards_obtained":["Whirlwind"]},{"damage_healed":0,"gold_gain":0,"player_choice":"Obtained Relic","damage_taken":0,"relics_obtained":["Anchor"],"max_hp_gain":0,"max_hp_loss":0,"event_name":"Addict","floor":21,"gold_loss":85}],"is_beta":true,"boss_relics":[{"not_picked":["Empty Cage","Busted Crown"],"picked":"Tiny House"}],"items_purged_floors":[],"is_endless":false,"potions_floor_spawned":[1,2,5,6,11,18,23,27,30,31],"killed_by":"Collector","ascension_level":2}}