{"host":"k5wd0jv1m6dz3iwi","time":1611624222,"event":{"mods":["BaseMod","Better Vampires","Challenge The Spire","Custom Start","Highlight Path","Minty Spire (QoL Compilation)","Rare Cards Sparkle","Relic Stats","Slay the Relics Exporter","StSLib","everything is the same but u backflip on backflip"],"gold_per_floor":[117,127,127,146,158,158,193,193,216,216,245,277,277,277,277,349,349,364,140,140,320,331,331,331,366,391,391,422,441,441,468,468,539,539,550,550,550,96,145,175,175,205,258,293,318,318,318,101,101,101,101,101,28,59,59],"floor_reached":56,"language":"ENG","playtime":2132,"items_purged":["Anger","Flex"],"score":2417,"play_id":"18ee1266-adec-410e-ab8d-d4428ff8c3d0","local_time":"20210126012342","daily_mods":["Draft","Flight","Terminal"],"is_ascension_mode":true,"campfire_choices":[{"data":"Searing Blow+1","floor":6,"key":"SMITH"},{"data":"Searing Blow+2","floor":8,"key":"SMITH"},{"data":"Searing Blow+3","floor":10,"key":"SMITH"},{"data":"Searing Blow+4","floor":13,"key":"SMITH"},{"data":"Searing Blow+6","floor":15,"key":"SMITH"},{"data":"Searing Blow+7","floor":23,"key":"SMITH"},{"data":"Searing Blow+8","floor":24,"key":"SMITH"},{"data":"Searing Blow+9","floor":27,"key":"SMITH"},{"data":"Searing Blow+10","floor":30,"key":"SMITH"},{"data":"Searing Blow+11","floor":32,"key":"SMITH"},{"data":"Searing Blow+12","floor":41,"key":"SMITH"},{"floor":46,"key":"RECALL"},{"data":"Searing Blow+13","floor":47,"key":"SMITH"},{"data":"Searing Blow+14","floor":49,"key":"SMITH"},{"data":"Searing Blow+15","floor":52,"key":"SMITH"}],"circlet_count":0,"master_deck":["AscendersBane","Pommel Strike","Iron Wave","Searing Blow+14","Disarm","Metallicize","Shockwave","Iron Wave","Cleave","Anger+1","Hemokinesis+1","Armaments","Fiend Fire","Burning Pact","Immolate","Reaper","Shrug It Off+1","Intimidate+1","Barricade+1","Anger+1","Double Tap","Warcry+1","Searing Blow+16"],"relics":["Burning Blood","Toy Ornithopter","Whetstone","Regal Pillow","Red Skull","Black Star","Omamori","Centennial Puzzle","Kunai","MealTicket","Ancient Tea Set","Bag of Marbles","Bag of Preparation","Lantern","Astrolabe","ClockworkSouvenir","Potion Belt","Lizard Tail","Bronze Scales","Anchor","Art of War","Pen Nib","Vajra","Singing Bowl","CeramicFish","White Beast Statue","DollysMirror","Paper Frog","Strawberry"],"acts_visited":["Exordium","TheCity","TheBeyond","TheEnding"],"potions_floor_usage":[7,11,18,39,55],"damage_taken":[{"damage":0,"enemies":"2 Louse","floor":1,"turns":2},{"damage":6,"enemies":"Jaw Worm","floor":2,"turns":2},{"damage":0,"enemies":"Cultist","floor":4,"turns":3},{"damage":2,"enemies":"2 Fungi Beasts","floor":5,"turns":2},{"damage":2,"enemies":"3 Sentries","floor":7,"turns":4},{"damage":5,"enemies":"Lagavulin","floor":11,"turns":5},{"damage":9,"enemies":"3 Sentries","floor":12,"turns":6},{"damage":24,"enemies":"The Guardian","floor":16,"turns":7},{"damage":6,"enemies":"2 Thieves","floor":18,"turns":2},{"damage":0,"enemies":"Spheric Guardian","floor":22,"turns":3},{"damage":11,"enemies":"Gremlin Leader","floor":25,"turns":4},{"damage":28,"enemies":"Slavers","floor":28,"turns":4},{"damage":5,"enemies":"Centurion and Healer","floor":29,"turns":6},{"damage":0,"enemies":"Book of Stabbing","floor":31,"turns":1},{"damage":0,"enemies":"Automaton","floor":33,"turns":5},{"damage":1,"enemies":"Orb Walker","floor":35,"turns":3},{"damage":13,"enemies":"2 Orb Walkers","floor":39,"turns":4},{"damage":2,"enemies":"Reptomancer","floor":40,"turns":2},{"damage":0,"enemies":"Nemesis","floor":42,"turns":1},{"damage":0,"enemies":"Giant Head","floor":44,"turns":6},{"damage":22,"enemies":"Nemesis","floor":45,"turns":3},{"damage":14,"enemies":"Donu and Deca","floor":50,"turns":4},{"damage":0,"enemies":"Shield and Spear","floor":54,"turns":1},{"damage":33,"enemies":"The Heart","floor":55,"turns":5}],"seed_played":"-3417855909928427786","potions_obtained":[{"floor":2,"key":"LiquidBronze"},{"floor":4,"key":"Energy Potion"},{"floor":5,"key":"Explosive Potion"},{"floor":7,"key":"Fire Potion"},{"floor":11,"key":"Weak Potion"},{"floor":28,"key":"SteroidPotion"},{"floor":31,"key":"LiquidMemories"},{"floor":35,"key":"DistilledChaos"},{"floor":39,"key":"FairyPotion"},{"floor":40,"key":"SteroidPotion"}],"is_trial":true,"path_per_floor":["M","M","?","M","M","R","E","R","T","R","E","E","R","?","R","B",null,"M","$","?","?","M","R","R","E","T","R","E","M","R","E","R","B",null,"M","?","?","$","?","E","R","E","T","E","E","R","R","$","R","B",null,"R","$","E","B",null],"character_chosen":"IRONCLAD","items_purchased":["Omamori","ClockworkSouvenir","Potion Belt","Swift Potion","DollysMirror","DuplicationPotion","DuplicationPotion"],"campfire_rested":0,"item_purchase_floors":[19,38,38,38,48,48,53],"current_hp_per_floor":[73,72,71,70,69,68,67,66,65,64,63,60,60,60,59,41,54,56,55,54,29,35,35,35,30,30,30,38,43,43,43,42,41,40,39,38,37,36,29,33,33,32,31,32,30,30,30,30,29,21,26,26,25,33,11],"gold":59,"neow_bonus":"","is_daily":false,"chose_seed":false,"campfire_upgraded":14,"win_rate":0.0,"timestamp":1611624222,"path_taken":["M","M","?","?","M","R","E","R","T","R","E","E","R","?","R","BOSS","M","$","?","?","?","R","R","E","T","R","E","M","R","E","R","BOSS","M","?","?","$","?","E","R","E","T","E","E","R","R","$","R","BOSS","R","$","E","BOSS"],"items_purchased_type":["Relic","Relic","Relic","Potion","Relic","Potion","Potion"],"build_version":"2020-12-22","purchased_purges":2,"victory":true,"max_hp_per_floor":[73,72,71,70,69,68,67,66,65,64,63,62,61,60,59,58,57,56,55,54,53,52,51,50,49,48,47,46,45,44,43,42,41,40,39,38,37,36,35,34,33,32,31,32,33,32,31,30,29,28,27,26,25,33,32],"relic_stats":{"Regal Pillow":0,"Singing Bowl":6,"counters":[24,85],"Astrolabe":["Intimidate","Barricade","Anger"],"CeramicFish":9,"Pen Nib":[2],"Bag of Preparation":[20],"Whetstone":["Anger","Hemokinesis"],"Burning Blood":95,"Centennial Puzzle":[24],"Lizard Tail":0,"Bronze Scales":[82],"MealTicket":1,"Black Star":8,"Art of War":[3],"Kunai":[6],"obtain_stats":[{"Regal Pillow":11,"Lantern":31,"Singing Bowl":44,"CeramicFish":45,"Vajra":44,"Bag of Preparation":31,"Whetstone":9,"Ancient Tea Set":28,"Burning Blood":0,"ClockworkSouvenir":38,"Centennial Puzzle":25,"Lizard Tail":39,"DollysMirror":48,"Strawberry":54,"MealTicket":26,"Kunai":25,"Red Skull":12,"Paper Frog":54,"Potion Belt":38,"Astrolabe":34,"Pen Nib":42,"Omamori":19,"White Beast Statue":45,"Anchor":40,"Bronze Scales":40,"Black Star":17,"Bag of Marbles":28,"Art of War":42,"Toy Ornithopter":7},{"Regal Pillow":6,"Lantern":14,"Singing Bowl":20,"CeramicFish":21,"Vajra":20,"Bag of Preparation":14,"Whetstone":5,"Ancient Tea Set":12,"Burning Blood":0,"ClockworkSouvenir":16,"Centennial Puzzle":11,"Lizard Tail":17,"DollysMirror":21,"Strawberry":23,"MealTicket":11,"Kunai":11,"Red Skull":7,"Paper Frog":23,"Potion Belt":16,"Astrolabe":15,"Pen Nib":19,"Omamori":9,"White Beast Statue":21,"Anchor":18,"Bronze Scales":18,"Black Star":8,"Bag of Marbles":12,"Art of War":19,"Toy Ornithopter":5},{"Regal Pillow":18,"Lantern":51,"Singing Bowl":72,"CeramicFish":75,"Vajra":72,"Bag of Preparation":51,"Whetstone":13,"Ancient Tea Set":44,"Burning Blood":0,"ClockworkSouvenir":59,"Centennial Puzzle":40,"Lizard Tail":63,"DollysMirror":75,"Strawberry":80,"MealTicket":40,"Kunai":40,"Red Skull":24,"Paper Frog":80,"Potion Belt":59,"Astrolabe":56,"Pen Nib":66,"Omamori":33,"White Beast Statue":75,"Anchor":65,"Bronze Scales":65,"Black Star":31,"Bag of Marbles":44,"Art of War":66,"Toy Ornithopter":13}],"Toy Ornithopter":8},"card_choices":[{"not_picked":["Second Wind","Body Slam"],"picked":"Pommel Strike","floor":0},{"not_picked":["Warcry","Bloodletting"],"picked":"Iron Wave","floor":0},{"not_picked":["Perfected Strike","Pommel Strike"],"picked":"Flex","floor":0},{"not_picked":["Warcry","Iron Wave"],"picked":"Evolve","floor":0},{"not_picked":["Sentinel","Anger"],"picked":"Searing Blow","floor":0},{"not_picked":["Headbutt","Entrench"],"picked":"Disarm","floor":0},{"not_picked":["Sword Boomerang","Iron Wave"],"picked":"Metallicize","floor":0},{"not_picked":["Wild Strike","Second Wind"],"picked":"Shockwave","floor":0},{"not_picked":["Havoc","Pommel Strike"],"picked":"Anger","floor":0},{"not_picked":["Clash","Iron Wave"],"picked":"Anger","floor":0},{"not_picked":["Twin Strike","Sword Boomerang"],"picked":"Warcry","floor":0},{"not_picked":["Body Slam","Infernal Blade"],"picked":"Iron Wave","floor":0},{"not_picked":["Headbutt","Clash"],"picked":"Cleave","floor":0},{"not_picked":["Headbutt","Bloodletting"],"picked":"Anger","floor":0},{"not_picked":["Warcry","Flex"],"picked":"Hemokinesis","floor":0},{"not_picked":["Thunderclap","Infernal Blade"],"picked":"Armaments","floor":1},{"not_picked":["Bloodletting","True Grit","Perfected Strike"],"picked":"SKIP","floor":2},{"not_picked":["Uppercut","Flex","Rampage"],"picked":"SKIP","floor":4},{"not_picked":["Dropkick","Pummel","Cleave"],"picked":"SKIP","floor":5},{"not_picked":["Inflame","Sever Soul"],"picked":"Fiend Fire","floor":7},{"not_picked":["Rupture","Havoc"],"picked":"Burning Pact","floor":11},{"not_picked":["Fire Breathing","Sever Soul"],"picked":"Immolate","floor":12},{"not_picked":["Barricade","Demon Form"],"picked":"Reaper","floor":16},{"not_picked":["Anger","Body Slam+1"],"picked":"Shrug It Off+1","floor":18},{"not_picked":["Havoc","Rupture","Shrug It Off"],"picked":"SKIP","floor":22},{"not_picked":["Clothesline","Twin Strike","Havoc"],"picked":"SKIP","floor":25},{"not_picked":["Entrench","Fire Breathing","Uppercut"],"picked":"SKIP","floor":28},{"not_picked":["Blood for Blood","Havoc","Carnage"],"picked":"SKIP","floor":29},{"not_picked":["Fiend Fire","Carnage","Pommel Strike"],"picked":"SKIP","floor":31},{"not_picked":["Iron Wave+1","Whirlwind","Clothesline+1"],"picked":"SKIP","floor":35},{"not_picked":["Twin Strike","Thunderclap"],"picked":"Double Tap","floor":39},{"not_picked":["Whirlwind","Thunderclap","True Grit"],"picked":"SKIP","floor":40},{"not_picked":["Twin Strike","Clash"],"picked":"Warcry+1","floor":42},{"not_picked":["Rampage","Reckless Charge","Clothesline"],"picked":"Singing Bowl","floor":44},{"not_picked":["Perfected Strike","Exhume","Flex"],"picked":"Singing Bowl","floor":45},{"not_picked":["Heavy Blade+1","Juggernaut","Warcry"],"picked":"Singing Bowl","floor":54}],"player_experience":1278723,"relics_obtained":[{"floor":7,"key":"Toy Ornithopter"},{"floor":9,"key":"Whetstone"},{"floor":11,"key":"Regal Pillow"},{"floor":12,"key":"Red Skull"},{"floor":25,"key":"Centennial Puzzle"},{"floor":25,"key":"Kunai"},{"floor":26,"key":"MealTicket"},{"floor":28,"key":"Ancient Tea Set"},{"floor":28,"key":"Bag of Marbles"},{"floor":31,"key":"Bag of Preparation"},{"floor":31,"key":"Lantern"},{"floor":39,"key":"Lizard Tail"},{"floor":40,"key":"Bronze Scales"},{"floor":40,"key":"Anchor"},{"floor":42,"key":"Art of War"},{"floor":42,"key":"Pen Nib"},{"floor":44,"key":"Vajra"},{"floor":44,"key":"Singing Bowl"},{"floor":45,"key":"CeramicFish"},{"floor":45,"key":"White Beast Statue"},{"floor":54,"key":"Paper Frog"},{"floor":54,"key":"Strawberry"}],"event_choices":[{"damage_healed":0,"gold_gain":0,"player_choice":"Forge","damage_taken":0,"max_hp_gain":0,"max_hp_loss":0,"event_name":"Accursed Blacksmith","floor":3,"gold_loss":0,"cards_upgraded":["Searing Blow"]},{"damage_healed":0,"gold_gain":0,"player_choice":"Grow","damage_taken":0,"max_hp_gain":0,"max_hp_loss":0,"event_name":"Living Wall","floor":14,"gold_loss":0,"cards_upgraded":["Searing Blow"]},{"damage_healed":0,"gold_gain":0,"player_choice":"Became a vampire","damage_taken":0,"max_hp_gain":0,"max_hp_loss":0,"event_name":"Vampires","floor":20,"gold_loss":0,"cards_obtained":[]},{"damage_healed":0,"gold_gain":180,"player_choice":"POTION GOLD GOLD ","damage_taken":25,"max_hp_gain":0,"max_hp_loss":0,"event_name":"Knowing Skull","floor":21,"potions_obtained":["SpeedPotion"],"gold_loss":0,"cards_obtained":[]},{"damage_healed":0,"gold_gain":0,"player_choice":"Ignored","damage_taken":0,"max_hp_gain":0,"max_hp_loss":0,"event_name":"Tomb of Lord Red Mask","floor":36,"gold_loss":0},{"damage_healed":8,"gold_gain":0,"player_choice":"Writhe","damage_taken":0,"max_hp_gain":0,"max_hp_loss":0,"event_name":"Winding Halls","floor":37,"gold_loss":0,"cards_obtained":["Writhe"]},{"damage_healed":0,"gold_gain":0,"player_choice":"Fight","damage_taken":0,"max_hp_gain":0,"max_hp_loss":0,"event_name":"Mysterious Sphere","floor":39,"gold_loss":0}],"is_beta":false,"boss_relics":[{"not_picked":["Runic Pyramid","Empty Cage"],"picked":"Black Star"},{"not_picked":["Runic Cube","Tiny House"],"picked":"Astrolabe"}],"items_purged_floors":[19,38],"is_endless":false,"potions_floor_spawned":[2,4,5,7,11,28,31,33,35,39,40,54],"ascension_level":15}}