{"host":"rhakyh2m1vy6smuu","time":1611680654,"event":{"mods":["BaseMod","Downfall","Minty Spire (QoL Compilation)","StSLib"],"gold_per_floor":[99,113,168,184,334,359,385,385,397,415,425,425,425,440,457,457,457,457],"floor_reached":16,"language":"ENG","playtime":1224,"items_purged":[],"score":109,"play_id":"396c0cac-7231-4015-84fd-84bde092d3fd","local_time":"20210126100414","is_ascension_mode":true,"campfire_choices":[{"data":"bronze:Goto","floor":1,"key":"SMITH"},{"data":"bronze:Shell","floor":8,"key":"SMITH"},{"data":"bronze:CutThrough","floor":13,"key":"SMITH"}],"circlet_count":0,"master_deck":["bronze:Strike","bronze:Strike","bronze:Strike","bronze:Strike","bronze:Defend","bronze:Defend","bronze:Defend","bronze:Defend","bronze:Replicate+1","bronze:Goto+1","bronze:Shell+1","bronze:Frontload","bronze:DelayedGuard","downfall:Icky","bronze:CutThrough+1"],"relics":["bronze:BronzeCore","Singing Bowl","PreservedInsect","Lantern"],"acts_visited":["Exordium"],"potions_floor_usage":[3,16],"damage_taken":[{"damage":6,"enemies":"2 Louse","floor":2,"turns":3},{"damage":16,"enemies":"Gremlin Nob","floor":3,"turns":3},{"damage":0,"enemies":"Small Slimes","floor":4,"turns":5},{"damage":16,"enemies":"Lagavulin","floor":6,"turns":11},{"damage":6,"enemies":"Jaw Worm","floor":9,"turns":4},{"damage":3,"enemies":"Red Slaver","floor":10,"turns":6},{"damage":12,"enemies":"Exordium Wildlife","floor":11,"turns":5},{"damage":0,"enemies":"Blue Slaver","floor":14,"turns":4},{"damage":0,"enemies":"3 Louse","floor":15,"turns":3},{"damage":52,"enemies":"SI_SHIV_ARCHETYPE","floor":16,"turns":13}],"seed_played":"8850174152313903692","potions_obtained":[{"floor":2,"key":"LiquidMemories"},{"floor":3,"key":"EssenceOfSteel"},{"floor":4,"key":"DuplicationPotion"},{"floor":10,"key":"bronze:BurnAndBuffPotion"}],"is_trial":false,"path_per_floor":["R","M","?","M","?","E","T","R","M","M","M","?","R","M","M","B"],"character_chosen":"THE_AUTOMATON","items_purchased":[],"campfire_rested":0,"item_purchase_floors":[],"current_hp_per_floor":[70,64,48,48,48,34,34,34,30,29,17,42,42,44,46,0,0,0],"gold":457,"neow_bonus":"UPGRADE_CARD","is_daily":false,"chose_seed":false,"campfire_upgraded":3,"win_rate":0.0,"timestamp":1611680654,"path_taken":["R","M","?","M","?","E","T","R","M","M","M","?","R","M","M","BOSS"],"items_purchased_type":[],"build_version":"2020-12-22","purchased_purges":0,"victory":false,"max_hp_per_floor":[70,70,70,70,70,72,72,72,74,76,76,76,76,78,80,80,80,80],"card_choices":[{"not_picked":["bronze:ClassDefault","bronze:Boost"],"picked":"bronze:Shell","floor":2},{"not_picked":["bronze:Shield","bronze:OilSpill"],"picked":"bronze:Frontload","floor":3},{"not_picked":["bronze:DarkDash","bronze:Frontload"],"picked":"bronze:DelayedGuard","floor":4},{"not_picked":["bronze:Constructor","bronze:FollowUp","bronze:Allocate"],"picked":"Singing Bowl","floor":6},{"not_picked":["bronze:Allocate","bronze:WildBeam","bronze:BronzeArmor"],"picked":"Singing Bowl","floor":9},{"not_picked":["bronze:Return","bronze:DarkDash","bronze:Backtrace"],"picked":"Singing Bowl","floor":10},{"not_picked":["bronze:BuggyMess","bronze:Allocate"],"picked":"bronze:CutThrough","floor":11},{"not_picked":["bronze:Shell","bronze:OilSpill","bronze:BugBarrage"],"picked":"Singing Bowl","floor":14},{"not_picked":["bronze:BugBarrage","bronze:Break","bronze:Separator"],"picked":"Singing Bowl","floor":15}],"player_experience":1644557,"relics_obtained":[{"floor":3,"key":"Singing Bowl"},{"floor":6,"key":"PreservedInsect"},{"floor":7,"key":"Lantern"}],"event_choices":[{"damage_healed":25,"gold_gain":0,"player_choice":"Banana","damage_taken":0,"max_hp_gain":0,"max_hp_loss":0,"event_name":"Big Fish","floor":12,"gold_loss":0}],"is_beta":false,"boss_relics":[],"items_purged_floors":[],"is_endless":false,"potions_floor_spawned":[2,3,4,10,15],"killed_by":"SI_SHIV_ARCHETYPE","ascension_level":1}}