{"host":"fuszjwm6fqgjjp4d","time":1611623619,"event":{"mods":["BaseMod","Bestiary","Colored Map","DeckTracker","Minty Spire (QoL Compilation)","Permanent Neow","Relic Sorter","Relic Stats","StSLib"],"gold_per_floor":[114,132,148,148,148,183,183,183,262,274,314,314,357,383,383,469,469,480,507,507,585,585,585,168,168,168,188,217,252,252,55,55,55,55],"floor_reached":33,"language":"ENG","playtime":1113,"items_purged":[],"score":562,"play_id":"b949aa5e-5623-46ee-a8dc-f74339307656","local_time":"20210125191339","is_ascension_mode":true,"campfire_choices":[{"data":"Pommel Strike","floor":8.0,"key":"SMITH"},{"data":"Headbutt","floor":15.0,"key":"SMITH"},{"data":"Bludgeon","floor":23,"key":"SMITH"},{"data":"Metallicize","floor":25,"key":"SMITH"},{"floor":30,"key":"REST"},{"data":"Ghostly Armor","floor":32,"key":"SMITH"}],"circlet_count":0,"master_deck":["AscendersBane","Strike_R+1","Strike_R+1","Strike_R+1","Strike_R+1","Defend_R+1","Defend_R+1","Defend_R+1","Defend_R+1","Bash+1","Ghostly Armor+1","Pommel Strike+1","Twin Strike","Headbutt+1","Shrug It Off+1","Metallicize+1","Havoc+1","Bludgeon+1","Evolve","Clothesline","Double Tap+1","Infernal Blade+1","Seeing Red+1"],"relics":["Burning Blood","Tiny Chest","Kunai","CeramicFish","Toxic Egg 2","Ice Cream","Pen Nib","Runic Dome","Red Mask","Bottled Flame","Gremlin Horn","Magic Flower","Centennial Puzzle","Membership Card"],"acts_visited":["Exordium","TheCity"],"potions_floor_usage":[18,18,19,19,28,33],"damage_taken":[{"damage":13.0,"enemies":"Cultist","floor":1.0,"turns":5.0},{"damage":10.0,"enemies":"2 Louse","floor":2.0,"turns":3.0},{"damage":2.0,"enemies":"Jaw Worm","floor":3.0,"turns":3.0},{"damage":20.0,"enemies":"3 Sentries","floor":6.0,"turns":7.0},{"damage":0.0,"enemies":"2 Fungi Beasts","floor":10.0,"turns":2.0},{"damage":26.0,"enemies":"Gremlin Nob","floor":11.0,"turns":4.0},{"damage":4.0,"enemies":"Lagavulin","floor":13.0,"turns":5.0},{"damage":3.0,"enemies":"Exordium Wildlife","floor":14.0,"turns":4.0},{"damage":29.0,"enemies":"The Guardian","floor":16.0,"turns":11.0},{"damage":16,"enemies":"Shell Parasite","floor":18,"turns":4},{"damage":9,"enemies":"Masked Bandits","floor":19,"turns":5},{"damage":0,"enemies":"Spheric Guardian","floor":27,"turns":1},{"damage":6,"enemies":"Snecko","floor":28,"turns":3},{"damage":49,"enemies":"Gremlin Leader","floor":29,"turns":4},{"damage":61,"enemies":"Automaton","floor":33,"turns":6}],"seed_played":"-6824025649679338200","potions_obtained":[{"floor":1.0,"key":"SpeedPotion"},{"floor":3.0,"key":"Strength Potion"},{"floor":6.0,"key":"SkillPotion"},{"floor":13.0,"key":"Ancient Potion"},{"floor":14.0,"key":"EntropicBrew"},{"floor":19,"key":"BlessingOfTheForge"}],"is_trial":false,"path_per_floor":["M","M","M","?","?","E","T","R","T","M","E","?","E","M","R","B",null,"M","?","?","T","?","R","$","R","T","M","M","E","R","$","R","B"],"character_chosen":"IRONCLAD","items_purchased":["Gremlin Horn","Evolve","Block Potion","Membership Card","Seeing Red+1"],"campfire_rested":1,"item_purchase_floors":[24,24,24,31,31],"current_hp_per_floor":[61,57,61,54,54,40,40,40,40,46,26,26,28,31,31,8,58,48,45,45,45,45,45,45,45,45,54,57,17,39,39,39,0,0],"gold":55,"neow_bonus":"RANDOM_COMMON_RELIC","is_daily":false,"chose_seed":false,"campfire_upgraded":5,"win_rate":0.0,"timestamp":1611623619,"path_taken":["M","?","M","?","?","E","?","R","T","M","E","?","E","M","R","BOSS","M","?","?","?","?","R","$","R","T","M","M","E","R","$","R","BOSS"],"items_purchased_type":["Relic","Card","Potion","Relic","Card"],"build_version":"2020-12-22","purchased_purges":0,"victory":false,"max_hp_per_floor":[75,75,75,75,75,75,75,75,75,75,75,75,75,75,75,75,75,75,75,75,75,75,75,75,75,75,75,75,75,75,75,75,75,75],"relic_stats":{"Centennial Puzzle":[3],"Gremlin Horn":[3,3],"counters":[15,67],"CeramicFish":81,"Magic Flower":[9],"Tiny Chest":2,"Pen Nib":[7],"Kunai":[16],"obtain_stats":[{"Ice Cream":11,"Gremlin Horn":24,"CeramicFish":7,"Magic Flower":26,"Pen Nib":13,"Burning Blood":0,"Runic Dome":17,"Bottled Flame":21,"Centennial Puzzle":29,"Tiny Chest":0,"Red Mask":19,"Kunai":6,"Membership Card":31,"Toxic Egg 2":9},{"Ice Cream":6,"Gremlin Horn":11,"CeramicFish":4,"Magic Flower":11,"Pen Nib":7,"Burning Blood":0,"Runic Dome":9,"Bottled Flame":11,"Centennial Puzzle":14,"Tiny Chest":0,"Red Mask":11,"Kunai":4,"Membership Card":14,"Toxic Egg 2":4},{"Ice Cream":24,"Gremlin Horn":53,"CeramicFish":18,"Magic Flower":53,"Pen Nib":29,"Burning Blood":0,"Runic Dome":44,"Bottled Flame":53,"Centennial Puzzle":61,"Tiny Chest":0,"Red Mask":53,"Kunai":18,"Membership Card":61,"Toxic Egg 2":18}],"Burning Blood":93},"card_choices":[{"not_picked":["Heavy Blade","Burning Pact"],"picked":"Ghostly Armor","floor":1.0},{"not_picked":["Twin Strike","Wild Strike"],"picked":"Pommel Strike","floor":2.0},{"not_picked":["Uppercut","Wild Strike"],"picked":"Twin Strike","floor":3.0},{"not_picked":["Second Wind","Berserk"],"picked":"Headbutt","floor":6.0},{"not_picked":["Hemokinesis","Ghostly Armor+1","Iron Wave"],"picked":"SKIP","floor":10.0},{"not_picked":["Clash","Wild Strike"],"picked":"Shrug It Off+1","floor":11.0},{"not_picked":["Burning Pact+1","Sword Boomerang"],"picked":"Metallicize","floor":13.0},{"not_picked":["Twin Strike","Rage+1"],"picked":"Havoc+1","floor":14.0},{"not_picked":["Berserk","Barricade"],"picked":"Bludgeon","floor":16.0},{"not_picked":["Dropkick","Cleave","Twin Strike"],"picked":"SKIP","floor":18},{"not_picked":["Dual Wield+1","Twin Strike"],"picked":"Clothesline","floor":27},{"not_picked":["Pommel Strike","Power Through+1"],"picked":"Double Tap+1","floor":28},{"not_picked":["Heavy Blade","Perfected Strike"],"picked":"Infernal Blade+1","floor":29}],"player_experience":1350072,"relics_obtained":[{"floor":6.0,"key":"Kunai"},{"floor":7.0,"key":"CeramicFish"},{"floor":9.0,"key":"Toxic Egg 2"},{"floor":11.0,"key":"Ice Cream"},{"floor":13.0,"key":"Pen Nib"},{"floor":19,"key":"Red Mask"},{"floor":21,"key":"Bottled Flame"},{"floor":26,"key":"Magic Flower"},{"floor":29,"key":"Centennial Puzzle"}],"event_choices":[{"cards_removed":["Strike_R"],"damage_healed":0.0,"max_hp_gain":0.0,"max_hp_loss":0.0,"gold_gain":0.0,"event_name":"Golden Wing","player_choice":"Card Removal","floor":4.0,"gold_loss":0.0,"damage_taken":7.0},{"damage_healed":0.0,"max_hp_gain":0.0,"max_hp_loss":0.0,"gold_gain":0.0,"event_name":"Living Wall","player_choice":"Grow","floor":5.0,"gold_loss":0.0,"damage_taken":0.0,"cards_upgraded":["Bash"]},{"damage_healed":0.0,"max_hp_gain":0.0,"max_hp_loss":0.0,"gold_gain":0.0,"event_name":"Shining Light","player_choice":"Ignored","floor":12.0,"gold_loss":0.0,"damage_taken":0.0},{"damage_healed":0,"gold_gain":0,"player_choice":"Fought Bandits","damage_taken":0,"max_hp_gain":0,"max_hp_loss":0,"event_name":"Masked Bandits","floor":19,"gold_loss":0},{"damage_healed":0,"gold_gain":0,"player_choice":"Ignored","damage_taken":0,"max_hp_gain":0,"max_hp_loss":0,"event_name":"Ghosts","floor":20,"gold_loss":0},{"damage_healed":0,"gold_gain":0,"player_choice":"Simplicity","damage_taken":0,"max_hp_gain":0,"max_hp_loss":0,"event_name":"Back to Basics","floor":22,"gold_loss":0,"cards_upgraded":["Strike_R","Strike_R","Strike_R","Strike_R","Defend_R","Defend_R","Defend_R","Defend_R"]}],"is_beta":false,"boss_relics":[{"not_picked":["Ectoplasm","Runic Cube"],"picked":"Runic Dome"}],"items_purged_floors":[],"is_endless":false,"potions_floor_spawned":[1,3,6,13,14,19,27],"killed_by":"Automaton","ascension_level":20}}