{"host":"hfxahm4y1ssattqc","time":1611626701,"event":{"mods":["2.2 Compatiblity","Act Like it!","Aspiration","BaseMod","Beaked The Cultist","Better Third Choice","BetterRewards","Colored Map","Colored Powertips","Custom Start","Googly Eyes","Halation","Hallownest","Hermit","Highlight Path","Hubris","Mimic Mod","Minty Spire (QoL Compilation)","Reorder Act Four","Shop Mod","Spikes Relics","StSLib","The Bug Knight","The IronCluck","The Jungle","Unknown Chances","slay the spire mod where everything is the same but ironclad has a cowboy hat"],"gold_per_floor":[211,19,29,29,47,77,96,96,96,96,96,127,0,29,29,127,127,147,166,166,134,134,134,149,149,149,44,70,70,36,39,39],"floor_reached":31,"language":"ENG","playtime":978,"items_purged":[],"score":251,"play_id":"431b745d-3551-4f1b-aa06-0011f9eb8784","local_time":"20210125180501","is_ascension_mode":false,"campfire_choices":[{"data":"Apotheosis","floor":11.0,"key":"SMITH"},{"floor":11.0,"key":"RECALL"},{"floor":15.0,"key":"REST"},{"data":"hermit:Maintenance","floor":23,"key":"SMITH"},{"data":"hermit:Coalescence","floor":23,"key":"SMITH"},{"floor":25,"key":"REST"}],"circlet_count":0,"master_deck":["hermit:Strike_Hermit","hermit:Strike_Hermit","hermit:Strike_Hermit","hermit:Strike_Hermit","hermit:Defend_Hermit","hermit:Defend_Hermit","hermit:Defend_Hermit","hermit:Defend_Hermit","hermit:Snapshot","hermit:Covet","hermit:Grudge","Apotheosis+1","hermit:Showdown","hermit:RoundhouseKick+1","hermit:Coalescence+1","hermit:Maintenance+1","hermit:LoneWolf+1","hermit:Determination","hermit:Determination","hermit:Manifest+1"],"relics":["hermit:Momento","Hallownest:DreamNailRelic","halation:PenCase","Shuriken","beaked:ShinyBauble","Hallownest:BankAccountRelic","Matryoshka","aspiration:PoetsPen_weak","aspiration:RitualStick","halation:IllGainedPizza","Oddly Smooth Stone"],"acts_visited":["Hallownest:Greenpath","TheCity"],"potions_floor_usage":[28,28,28,28,28,31],"damage_taken":[{"damage":0.0,"enemies":"Hallownest:2_MossCreeps","floor":1.0,"turns":5.0},{"damage":0.0,"enemies":"Hallownest:2_Baldur","floor":3.0,"turns":3.0},{"damage":7.0,"enemies":"Hallownest:monsterHuskGuard","floor":5.0,"turns":2.0},{"damage":3.0,"enemies":"Hallownest:eliteVengeflyKing","floor":6.0,"turns":4.0},{"damage":0.0,"enemies":"Hallownest:monsterAspidMother","floor":7.0,"turns":3.0},{"damage":21.0,"enemies":"Hallownest:eliteMossKnight","floor":12.0,"turns":8.0},{"damage":18.0,"enemies":"Hallownest:eliteCrystalGuardian","floor":14.0,"turns":4.0},{"damage":19.0,"enemies":"Hallownest:BossFalseKnight","floor":16.0,"turns":9.0},{"damage":5.0,"enemies":"3 Byrds","floor":18.0,"turns":3.0},{"damage":14.0,"enemies":"Spheric Guardian","floor":19.0,"turns":4.0},{"damage":32,"enemies":"Snake Plant","floor":24,"turns":3},{"damage":25,"enemies":"Chosen and Byrds","floor":28,"turns":5},{"damage":6,"enemies":"Centurion and Healer","floor":31,"turns":3}],"seed_played":"4546337881039835683","potions_obtained":[{"floor":3.0,"key":"Swift Potion"},{"floor":5.0,"key":"EntropicBrew"},{"floor":12.0,"key":"SpeedPotion"},{"floor":18.0,"key":"FearPotion"}],"is_trial":false,"path_per_floor":["M","$","M","?","M","E","M","?","T","$","R","E","?","E","R","B",null,"M","M","?","$","?","R","M","R","T","$","M","?","$","M"],"character_chosen":"HERMIT","items_purchased":["Apotheosis","hermit:Determination","Oddly Smooth Stone","DuplicationPotion"],"campfire_rested":2,"item_purchase_floors":[2,21,27,30],"current_hp_per_floor":[75,75,75,75,68,65,65,65,65,65,65,44,44,26,48,29,75,70,56,56,56,41,41,9,31,31,31,6,6,6,0,0],"gold":39,"neow_bonus":"HUNDRED_GOLD","is_daily":false,"chose_seed":false,"campfire_upgraded":3,"win_rate":0.0,"timestamp":1611626701,"path_taken":["M","$","M","?","M","E","?","?","T","$","R","E","?","E","R","BOSS","M","M","?","?","?","R","M","R","T","$","M","?","$","?"],"items_purchased_type":["Card","Card","Relic","Potion"],"build_version":"2020-12-22","purchased_purges":0,"victory":false,"max_hp_per_floor":[75,75,75,75,75,75,75,75,75,75,75,75,75,75,75,75,75,75,75,75,75,75,75,75,75,75,75,75,75,75,75,75],"card_choices":[{"not_picked":["hermit:Manifest","hermit:Spite"],"picked":"hermit:Grudge","floor":1.0},{"not_picked":["hermit:Glare","hermit:Vantage"],"picked":"hermit:Showdown","floor":3.0},{"not_picked":["hermit:LowProfile","hermit:WideOpen"],"picked":"hermit:RoundhouseKick","floor":5.0},{"not_picked":["hermit:BigShot","hermit:BodyArmor"],"picked":"hermit:Coalescence","floor":6.0},{"not_picked":["hermit:WideOpen","hermit:Vantage","hermit:HighCaliber"],"picked":"SKIP","floor":7.0},{"not_picked":["hermit:Dive","hermit:HighCaliber"],"picked":"hermit:Maintenance","floor":8.0},{"not_picked":["hermit:DeadMansHand","hermit:Spite","hermit:BodyArmor"],"picked":"SKIP","floor":12.0},{"not_picked":["hermit:TakeCover","hermit:TrackingShot","hermit:BodyArmor"],"picked":"SKIP","floor":14.0},{"not_picked":["hermit:HighCaliber","hermit:Feint+1","hermit:Ricochet"],"picked":"SKIP","floor":18.0},{"not_picked":["hermit:Malice","hermit:Ricochet"],"picked":"hermit:LoneWolf+1","floor":19.0},{"not_picked":["hermit:Roulette","hermit:Snipe"],"picked":"hermit:Determination","floor":24},{"not_picked":["hermit:Vantage","hermit:Dive+1"],"picked":"hermit:Manifest+1","floor":28}],"player_experience":907342,"relics_obtained":[{"floor":6.0,"key":"halation:PenCase"},{"floor":9.0,"key":"Shuriken"},{"floor":12.0,"key":"beaked:ShinyBauble"},{"floor":14.0,"key":"Matryoshka"},{"floor":26,"key":"halation:IllGainedPizza"}],"event_choices":[{"damage_healed":0.0,"max_hp_gain":0.0,"max_hp_loss":0.0,"gold_gain":0.0,"event_name":"Transmorgrifier","player_choice":"Ignored","floor":20.0,"gold_loss":0.0,"damage_taken":0.0},{"damage_healed":0,"gold_gain":0,"player_choice":"Upgraded","damage_taken":0,"max_hp_gain":0,"max_hp_loss":0,"event_name":"Upgrade Shrine","floor":29,"gold_loss":0,"cards_upgraded":["hermit:RoundhouseKick"]}],"is_beta":false,"boss_relics":[{"not_picked":["hubris:CrackedHourglass","Sozu"],"picked":"aspiration:PoetsPen_weak"}],"items_purged_floors":[],"is_endless":false,"potions_floor_spawned":[3,5,12,18,24],"killed_by":"Centurion and Healer","ascension_level":0}}