{"host":"d7fiu2yjkssjxoz6","time":1611634192,"event":{"mods":["AchievementEnabler","BaseMod","Duelist Mod","Minty Spire (QoL Compilation)","StSLib"],"gold_per_floor":[140,140,160,170,190,216,216,47,71,71,89,119,119,152,152,251,251,266,266,266],"floor_reached":19,"language":"ENG","playtime":1334,"items_purged":[],"score":379,"play_id":"dcbd83ea-4486-40f8-bf5c-0310fc5e1cce","local_time":"20210125200952","is_ascension_mode":true,"campfire_choices":[{"floor":7,"key":"REST"},{"data":"theDuelist:SpiritualForest","floor":10,"key":"SMITH"},{"floor":15,"key":"REST"}],"circlet_count":0,"master_deck":["AscendersBane","theDuelist:CastleWalls","theDuelist:CastleWalls","theDuelist:CrossSwordBeetle","theDuelist:EmpressMantis","theDuelist:InsectKnight","theDuelist:RazorLizard","theDuelist:RazorLizard","theDuelist:CrossSwordBeetle","theDuelist:PsiCurse","theDuelist:MotherSpider","theDuelist:FuryFire","theDuelist:HammerShot","theDuelist:WingedKuriboh","theDuelist:SpiritualForest+1","theDuelist:SpiderWeb","theDuelist:GroundSpider","Magnetism","theDuelist:SpiritualForest","theDuelist:InsectKing","theDuelist:CocoonEvolution+1","theDuelist:PoisonousMayakashi+1","theDuelist:DigitalBug+1","theDuelist:GigaMantis"],"relics":["theDuelist:MillenniumPuzzle","theDuelist:CardPoolRelic","theDuelist:CardPoolBasicRelic","theDuelist:BoosterPackPoolRelic","theDuelist:CardPoolAddRelic","theDuelist:CardPoolMinusRelic","theDuelist:CardPoolSaveRelic","theDuelist:CardPoolOptionsRelic","theDuelist:MillenniumArmor","Smiling Mask","theDuelist:ArmorPlateA","Regal Pillow","PreservedInsect","Unceasing Top","Astrolabe"],"acts_visited":["Exordium","TheCity"],"potions_floor_usage":[5,14],"damage_taken":[{"damage":0,"enemies":"Cultist","floor":1,"turns":4},{"damage":0,"enemies":"Small Slimes","floor":3,"turns":3},{"damage":0,"enemies":"2 Louse","floor":4,"turns":3},{"damage":22,"enemies":"Exordium Thugs","floor":5,"turns":6},{"damage":48,"enemies":"3 Sentries","floor":6,"turns":7},{"damage":5,"enemies":"3 Louse","floor":11,"turns":3},{"damage":0,"enemies":"Lagavulin","floor":12,"turns":11},{"damage":0,"enemies":"3 Sentries","floor":14,"turns":2},{"damage":11,"enemies":"Slime Boss","floor":16,"turns":13},{"damage":21,"enemies":"Shell Parasite","floor":18,"turns":12},{"damage":68,"enemies":"Masked Bandits","floor":19,"turns":3}],"seed_played":"-7011126195640619230","potions_obtained":[{"floor":1,"key":"theDuelist:OrbBottle"},{"floor":3,"key":"theDuelist:BigTributeBottle"},{"floor":11,"key":"LiquidMemories"},{"floor":16,"key":"Strength Potion"}],"is_trial":false,"path_per_floor":["M","?","M","M","M","E","R","$","T","R","M","E","?","E","R","B",null,"M","?"],"character_chosen":"THE_DUELIST","items_purchased":["theDuelist:SpiritualForest","theDuelist:SpiderWeb"],"campfire_rested":2,"item_purchase_floors":[8,8],"current_hp_per_floor":[80,80,80,80,58,10,36,36,36,36,31,31,24,24,65,54,80,59,0,0],"gold":266,"neow_bonus":"TEN_PERCENT_HP_BONUS","is_daily":false,"chose_seed":false,"campfire_upgraded":1,"win_rate":0.0,"timestamp":1611634192,"path_taken":["M","?","M","M","M","E","R","$","T","R","?","E","?","E","R","BOSS","M","?"],"items_purchased_type":["Card","Card"],"build_version":"2020-12-22","purchased_purges":0,"victory":false,"max_hp_per_floor":[88,88,88,88,88,88,88,88,88,88,88,88,88,88,88,88,88,88,88,88],"card_choices":[{"not_picked":["theDuelist:SpiderEgg","theDuelist:HunterSpider","theDuelist:DragonDowser","theDuelist:BugEmergency"],"picked":"theDuelist:CrossSwordBeetle","floor":1},{"not_picked":["theDuelist:DragonDowser","theDuelist:Lightserpent","theDuelist:CrossSwordBeetle","theDuelist:PinchHopper"],"picked":"theDuelist:MotherSpider","floor":3},{"not_picked":["theDuelist:WormApocalypse","theDuelist:PowerGiant","theDuelist:RedMedicine","theDuelist:ShardGreed"],"picked":"theDuelist:FuryFire","floor":4},{"not_picked":["theDuelist:Sangan","theDuelist:PreventRat","theDuelist:EarthquakeGiant","theDuelist:ShardGreed"],"picked":"theDuelist:HammerShot","floor":5},{"not_picked":["theDuelist:DarklordSuperbia","theDuelist:WormKing","theDuelist:PowerGiant","theDuelist:WormWarlord"],"picked":"theDuelist:WingedKuriboh","floor":6},{"not_picked":["theDuelist:FirestormProminence","theDuelist:RazorLizard","theDuelist:SpiderWeb","theDuelist:ReptiliannePoison"],"picked":"theDuelist:GroundSpider","floor":11},{"not_picked":["Flash of Steel","Mind Blast","Panache"],"picked":"Magnetism","floor":12},{"not_picked":["theDuelist:Zektahawk","theDuelist:Taotie","theDuelist:SpiderEgg","theDuelist:MirrorLadybug"],"picked":"theDuelist:SpiritualForest","floor":14},{"not_picked":["theDuelist:Zektarrow","theDuelist:SpiritualForest","theDuelist:GigaCricket","theDuelist:DestructionCyclone"],"picked":"theDuelist:InsectKing","floor":16},{"not_picked":["theDuelist:Denglong","theDuelist:Zektahawk"],"picked":"theDuelist:GigaMantis","floor":18}],"player_experience":298511,"relics_obtained":[{"floor":6,"key":"Smiling Mask"},{"floor":9,"key":"theDuelist:ArmorPlateA"},{"floor":12,"key":"Regal Pillow"},{"floor":14,"key":"Unceasing Top"}],"event_choices":[{"damage_healed":0,"gold_gain":0,"player_choice":"Took item - Received: Millennium Armor","duelist":true,"damage_taken":0,"max_hp_gain":0,"max_hp_loss":0,"event_name":"Millennium Items","floor":2,"gold_loss":0},{"damage_healed":0,"gold_gain":0,"player_choice":"Success","damage_taken":7,"relics_obtained":["PreservedInsect"],"max_hp_gain":0,"max_hp_loss":0,"event_name":"Scrap Ooze","floor":13,"gold_loss":0},{"damage_healed":0,"gold_gain":0,"player_choice":"Fought Bandits","damage_taken":0,"max_hp_gain":0,"max_hp_loss":0,"event_name":"Masked Bandits","floor":19,"gold_loss":0}],"is_beta":false,"boss_relics":[{"not_picked":["Runic Dome","Empty Cage"],"picked":"Astrolabe"}],"items_purged_floors":[],"is_endless":false,"potions_floor_spawned":[1,3,11,12,16,18],"killed_by":"Masked Bandits","ascension_level":12}}