{"host":"4ag909k4xupnj24b","time":1611657859,"event":{"mods":["BaseMod","Minty Spire (QoL Compilation)","StSLib"],"gold_per_floor":[111,0,17,17,28,28,57,57,57,57,69,99,109,109,109,109,109],"floor_reached":16,"language":"ENG","playtime":469,"items_purged":[],"score":198,"play_id":"15132cb9-820c-4950-8133-d43951f92739","local_time":"20210126024419","is_ascension_mode":true,"campfire_choices":[{"floor":6,"key":"REST"},{"data":"Loop","floor":10,"key":"SMITH"},{"floor":15,"key":"REST"}],"circlet_count":0,"master_deck":["AscendersBane","Strike_B","Strike_B","Strike_B+1","Strike_B","Defend_B","Defend_B","Defend_B","Defend_B","Zap","Dualcast","Gash+1","Beam Cell","Loop+1","White Noise","Chill","Beam Cell"],"relics":["Busted Crown","Emotion Chip","Singing Bowl","Kunai"],"acts_visited":["Exordium"],"potions_floor_usage":[7,13,16],"damage_taken":[{"damage":2,"enemies":"Jaw Worm","floor":1,"turns":3},{"damage":12,"enemies":"2 Louse","floor":3,"turns":3},{"damage":7,"enemies":"Small Slimes","floor":5,"turns":3},{"damage":35,"enemies":"3 Sentries","floor":7,"turns":7},{"damage":4,"enemies":"2 Fungi Beasts","floor":11,"turns":3},{"damage":49,"enemies":"Gremlin Nob","floor":12,"turns":5},{"damage":1,"enemies":"Red Slaver","floor":13,"turns":4},{"damage":29,"enemies":"Hexaghost","floor":16,"turns":9}],"seed_played":"4527374461371369574","potions_obtained":[{"floor":3,"key":"Block Potion"},{"floor":5,"key":"FairyPotion"},{"floor":12,"key":"SkillPotion"},{"floor":13,"key":"LiquidMemories"}],"is_trial":false,"path_per_floor":["M","$","M","?","M","R","E","?","T","R","M","E","M","?","R","B"],"character_chosen":"DEFECT","items_purchased":["Beam Cell","AttackPotion"],"campfire_rested":2,"item_purchase_floors":[2,2],"current_hp_per_floor":[62,62,50,29,22,43,8,31,31,31,27,5,4,4,25,0,0],"gold":109,"neow_bonus":"BOSS_RELIC","is_daily":false,"chose_seed":false,"campfire_upgraded":1,"win_rate":0.0,"timestamp":1611657859,"path_taken":["M","$","M","?","M","R","E","?","T","R","M","E","?","?","R","BOSS"],"items_purchased_type":["Card","Potion"],"build_version":"2020-12-22","purchased_purges":0,"victory":false,"max_hp_per_floor":[71,71,71,71,71,71,71,71,71,71,71,71,71,71,71,71,71],"card_choices":[{"not_picked":[],"picked":"Gash","floor":1},{"not_picked":["Aggregate"],"picked":"SKIP","floor":3},{"not_picked":["Aggregate"],"picked":"SKIP","floor":3},{"not_picked":[],"picked":"Loop","floor":5},{"not_picked":["Aggregate"],"picked":"SKIP","floor":7},{"not_picked":[],"picked":"White Noise","floor":11},{"not_picked":[],"picked":"Chill","floor":12},{"not_picked":[],"picked":"Beam Cell","floor":13}],"player_experience":874087,"relics_obtained":[{"floor":7,"key":"Emotion Chip"},{"floor":9,"key":"Singing Bowl"},{"floor":12,"key":"Kunai"}],"event_choices":[{"damage_healed":0,"gold_gain":0,"player_choice":"Entered Light","damage_taken":21,"max_hp_gain":0,"max_hp_loss":0,"event_name":"Shining Light","floor":4,"gold_loss":0,"cards_upgraded":["Gash","Strike_B"]},{"damage_healed":23,"gold_gain":0,"player_choice":"Banana","damage_taken":0,"max_hp_gain":0,"max_hp_loss":0,"event_name":"Big Fish","floor":8,"gold_loss":0},{"damage_healed":0,"gold_gain":0,"player_choice":"Fled","damage_taken":0,"max_hp_gain":0,"max_hp_loss":0,"event_name":"Scrap Ooze","floor":14,"gold_loss":0}],"is_beta":false,"boss_relics":[],"items_purged_floors":[],"is_endless":false,"potions_floor_spawned":[3,5,12,13],"killed_by":"Hexaghost","ascension_level":16}}