{"host":"avq773cl9g5msfol","time":1611687663,"event":{"mods":["100% Spire Juice","AchievementEnabler","Act Like it!","Ascension Unlocker","Aspiration","Astrologer","Bard","Bartender","BaseMod","Better Altar","Better Third Choice","BetterRewards","CapriCore","ChefMod","Colored Map","Colored Powertips","Conspire","Dio Mod","Downfall","Elementarium","Energized Spire","Gensokyo","GifTheSpireLib","GungeonMod","Hallownest","Hermit","Highlight Path","Hubris","Humility","Infinite Spire","Jorbs\u0027s Wanderer Trilogy","Koishi","Magitek Elite","Marisa????????","Marked Mod","Menagerie","Minty Spire (QoL Compilation)","Pale of the Ancients","Potionbrewer","Quarter Circle Forward PUNCH!","Rare Cards Sparkle","Reimu??????","Relic Stats","Reliquary","Remilia??????","Replay The Spire","SacredBarkPlus","Shade Mod","Somnambulant","Spicy Shops","Spire Arcade","StSLib","The Administrix","The Blue Laboratory","The Bug Knight","The Construct","The Cursed","The Disciple","The Dragon Tamer","The Exalted","The Hayseed","The Hierophant","The Immortal","The Marked","The Mystic","The Problem Sleuth","The Runesmith","The Senshi","The Vixen","The Wild Card","TheFirefly","Wandering Minibosses","Yakumo Yukari mod","vexMod"],"gold_per_floor":[111,123,123,88,102,128,128,141,141,158,158,192,48,323,323,421,421,438,456,332,332,236,262,302,359,359,395,395,408,408,440,440,548,548,578,610,588,588,184,209,209,267,316,363,363,377,396,396,396,396],"floor_reached":48,"language":"ENG","playtime":3337,"items_purged":["sneckomod:SnekBeam+1"],"score":1546,"play_id":"e1184151-56f2-4f38-b665-27792bc14a87","local_time":"20210127020103","is_ascension_mode":true,"campfire_choices":[{"data":"sneckomod:Unknown","floor":11.0,"key":"SMITH"},{"data":"Regret","floor":15.0,"key":"PURGE"},{"data":"sneckomod:Unknown","floor":30.0,"key":"SMITH"},{"data":"Gensokyo:GreaterSplit","floor":41.0,"key":"SMITH"},{"floor":45.0,"key":"REST"}],"circlet_count":0,"master_deck":["AscendersBane","sneckomod:TailWhip+1","sneckomod:SnekBite+1","sneckomod:Unknown+1","sneckomod:Unknown+1","sneckomod:SoulExchange+1","sneckomod:UnlimitedRolls+1","sneckomod:UnknownUncommonAttack+1","sneckomod:SerpentIdol+1","sneckomod:DefensiveFlair+1","sneckomod:SlitherStrike+1","sneckomod:Unknown0Cost+1","sneckomod:UnknownRareAttack+1","sneckomod:UnknownRareSkill+1","sneckomod:UnknownRarePower+1","sneckomod:SerpentIdol+1","sneckomod:TrashToTreasure+1","sneckomod:UnknownBlock+1","sneckomod:ImprovisedAttack+1","sneckomod:UnknownWeak+1","sneckomod:SnakeSap+1","sneckomod:UnknownCommonSkill+1","sneckomod:UnknownRareAttack+1","sneckomod:UnknownVulnerable+1","sneckomod:UnknownUncommonAttack+1","sneckomod:UnknownExhaust+1","sneckomod:UnknownDraw+1","sneckomod:UnknownUncommonPower+1","sneckomod:UnknownVulnerable+1","sneckomod:UnknownRareAttack+1","sneckomod:Unknown1Cost+1","sneckomod:MasterEye+1","sneckomod:SoulExchange+1","sneckomod:UnknownColorless+1","hubris:DoWhile+1","sneckomod:UnknownRareSkill+1","sneckomod:GlitteringGambit+1","sneckomod:GlitteringGambit+1","sneckomod:Unknown3Cost+1","stsjorbsmod:Possession","sneckomod:UnknownStrike+1","sneckomod:Unknown0Cost+1","sneckomod:UnknownClassTHE_SIMPLETON_BLUE+1","sneckomod:UnknownRareSkill+1","sneckomod:SerpentMind+1","sneckomod:Mudshield+1","sneckomod:UnknownDraw+1","wanderingMiniBosses:FinaleOfPromise","sneckomod:UnknownRareSkill+1","sneckomod:Unknown3Cost+1","stsjorbsmod:ShrapnelBloom","stsjorbsmod:Assertion","sneckomod:UnknownStrength","sneckomod:UnknownStrength+1","sneckomod:UnknownClassBLUE","sneckomod:SoulDraw+1","Gensokyo:GreaterSplit+1","Doubt","Gensokyo:MissMary","Gensokyo:RedCapeBlueCape","sneckomod:Restock+1","sneckomod:UnknownRarePower+1"],"relics":["stsjorbsmod:BookOfTrialsRelic","Golden Egg","Quantum Egg","Akabeko","hubris:EmptyBottle","sneckomod:RareBoosterPack","Ice Cream","Medical Kit","RuthlessExorcism:ReiMu","Strawberry","CaptainsWheel","Strange Spoon","OrangePellets","Juzu Bracelet","vexMod:HeadHunter","HornCleat","ClockworkSouvenir","Membership Card","Anchor","infinitespire:Cubic Diamond","Prayer Wheel","conspire:TopHat","reliquary:Buckler","Slimebound:PreparedRelic","Gem_Box","Elementarium:HuntersElixir","reliquary:Stiletto","theSenshi:FeatherClipsRelic","The Courier","qcfpunch:Chain_With_Nametags","wanderingMiniBosses:Blackblade","Elementarium:ElementariumTrophy","construct:ClawGrip","aspiration:FetidBarrel","DemoMod:GlassGuonStoneRelic"],"acts_visited":["Exordium","Elementarium:Elementarium","Gensokyo:Gensokyoest"],"potions_floor_usage":[],"damage_taken":[{"damage":0.0,"enemies":"2 Louse","floor":1.0,"turns":1.0},{"damage":0.0,"enemies":"Jaw Worm","floor":2.0,"turns":1.0},{"damage":0.0,"enemies":"Cultist","floor":5.0,"turns":1.0},{"damage":22.0,"enemies":"3 Sentries","floor":6.0,"turns":7.0},{"damage":5.0,"enemies":"Exordium Wildlife","floor":8.0,"turns":2.0},{"damage":0.0,"enemies":"Lots of Slimes","floor":10.0,"turns":1.0},{"damage":0.0,"enemies":"Lagavulin","floor":12.0,"turns":4.0},{"damage":1.0,"enemies":"Hexaghost","floor":16.0,"turns":7.0},{"damage":7.0,"enemies":"Elementarium:MUD_AND_TAR_GOLEMS","floor":18.0,"turns":2.0},{"damage":0.0,"enemies":"Elementarium:Cyclone","floor":19.0,"turns":2.0},{"damage":0.0,"enemies":"Elementarium:WarGolem","floor":23.0,"turns":1.0},{"damage":0.0,"enemies":"Elementarium:FIRE_NOBILITY","floor":25.0,"turns":5.0},{"damage":2.0,"enemies":"Elementarium:WarGolem","floor":27.0,"turns":2.0},{"damage":0.0,"enemies":"Elementarium:VOID_CORRUPTION_AND_ORB_OF_FIRE","floor":29.0,"turns":3.0},{"damage":0.0,"enemies":"Elementarium:3_ELEMENTALS","floor":31.0,"turns":4.0},{"damage":0.0,"enemies":"Elementarium:GolemEmperor","floor":33.0,"turns":4.0},{"damage":0.0,"enemies":"Gensokyo:AncientGuardian","floor":35.0,"turns":3.0},{"damage":1.0,"enemies":"Gensokyo:3_Boulders","floor":36.0,"turns":3.0},{"damage":33.0,"enemies":"Gensokyo:Kasen","floor":40.0,"turns":4.0},{"damage":0.0,"enemies":"Gensokyo:SeedOfUnknown","floor":42.0,"turns":2.0},{"damage":51.0,"enemies":"Gensokyo:Marisa","floor":44.0,"turns":3.0},{"damage":0.0,"enemies":"Gensokyo:AtlasGolem","floor":46.0,"turns":2.0},{"damage":0.0,"enemies":"Gensokyo:3_Boulders","floor":47.0,"turns":3.0},{"damage":0,"enemies":"Gensokyo:Doremy","floor":48,"turns":1}],"seed_played":"-4101961781563589164","potions_obtained":[{"floor":8.0,"key":"Block Potion"},{"floor":16.0,"key":"potionbrewer:CleansingPotion"},{"floor":19.0,"key":"DemoMod:LeadSkinPotion"},{"floor":28.0,"key":"Languid Potion"},{"floor":40.0,"key":"blueLaboratory:LouseDecoction"},{"floor":46.0,"key":"blueLaboratory:FruitPunch"}],"is_trial":false,"path_per_floor":["M","M","?","?","M","E","?","M","T","M","R","E","$","?","R_BF","B",null,"M","M","?","?","$","E","?","E","T","E","?","M","R","M","R_BF","B",null,"M","M","$","?","COS","E","R","M","T","E","R","M","M","E"],"character_chosen":"THE_SNECKO","items_purchased":["Akabeko","hubris:EmptyBottle","potionbrewer:DiscountPotion","sneckomod:SlitherStrike","sneckomod:Unknown0Cost","sneckomod:RareBoosterPack","sneckomod:SerpentIdol","sneckomod:TrashToTreasure","Ice Cream","Medical Kit","RuthlessExorcism:ReiMu","Strawberry","sneckomod:UnknownBlock","sneckomod:ImprovisedAttack","sneckomod:UnknownWeak","CaptainsWheel","Strange Spoon","blueLaboratory:FruitPunch","sneckomod:SnakeSap","sneckomod:UnknownCommonSkill","OrangePellets","sneckomod:UnknownRareAttack","Juzu Bracelet","sneckomod:UnknownVulnerable","sneckomod:UnknownUncommonAttack","sneckomod:UnknownExhaust","sneckomod:UnknownDraw","sneckomod:UnknownUncommonPower","HornCleat","sneckomod:UnknownVulnerable","ClockworkSouvenir","Membership Card","sneckomod:UnknownRareAttack","sneckomod:Unknown1Cost","blueLaboratory:FruitPunch","Anchor","sneckomod:MasterEye","sneckomod:SoulExchange","Slimebound:PreparedRelic","sneckomod:Unknown0Cost","sneckomod:UnknownClassTHE_SIMPLETON_BLUE","sneckomod:SoulDraw"],"campfire_rested":1,"item_purchase_floors":[0,0,0,0,0,0,0,0,0,0,0,0,0,0,0,0,0,0,0,0,0,0,0,0,0,0,0,0,0,0,0,0,0,0,0,0,0,0,13,22,22,37],"current_hp_per_floor":[82,90,90,98,98,86,86,81,81,81,81,86,86,86,86,85,95,88,88,88,93,93,93,93,98,98,98,98,98,98,98,98,98,98,98,98,98,98,98,79,79,85,85,67,96,98,100,100,100,100],"gold":396,"neow_bonus":"","is_daily":false,"chose_seed":false,"campfire_upgraded":3,"win_rate":0.0,"timestamp":1611687663,"path_taken":["M","M","?","?","M","E","?","M","T","M","R","E","?","?","R_BF","BOSS","M","M","?","?","$","E","?","E","T","E","?","M","R","M","R_BF","BOSS","M","M","$","?","COS","E","R","M","T","E","R","M","M","E"],"items_purchased_type":["Relic","Relic","Potion","Card","Card","Relic","Card","Card","Relic","Relic","Relic","Relic","Card","Card","Card","Relic","Relic","Potion","Card","Card","Relic","Card","Relic","Card","Card","Card","Card","Card","Relic","Card","Relic","Relic","Card","Card","Potion","Relic","Card","Card","Relic","Card","Card","Card"],"build_version":"2020-12-22","purchased_purges":1,"victory":false,"max_hp_per_floor":[90,98,98,98,98,98,98,98,98,98,98,98,98,98,98,98,98,98,98,98,98,98,98,98,98,98,98,98,98,98,98,98,98,98,98,98,98,98,98,98,98,98,98,98,98,98,100,100,100,100],"relic_stats":{"Strange Spoon":[91],"OrangePellets":[138],"counters":[90,290],"Prayer Wheel":11,"Juzu Bracelet":5,"Medical Kit":[15],"obtain_stats":[{"Bromod:ArcaneUltimatum":41,"Ice Cream":0,"Golden Egg":1,"sneckomod:SneckoCommon":0,"Bromod:ArcaneNullifier":0,"Bromod:ArcanePulse":0,"downfall:HeartBlessingGreen":27,"potionbrewer:SalesContract":0,"DemoMod:GlassGuonStoneRelic":8,"infinitespire:Cubic Diamond":3,"theSenshi:FeatherClipsRelic":14,"wanderingMiniBosses:OtherGremlinHorn":2,"sneckomod:SneckoSoul":0,"HornCleat":0,"DemoMod:MonsterBlood":47,"Strawberry":0,"Prayer Wheel":1,"potionbrewer:DrinkingBird":22,"qcfpunch:Chain_With_Nametags":27,"construct:RocketBooster":0,"DemoMod:Orange":47,"Dead Branch":3,"Replay:Kaleidoscope":52,"War Paint":15,"Question Card":1,"Akabeko":0,"OrangePellets":53,"wanderingMiniBosses:Blackblade":4,"qcfpunch:Broken_Tusk":41,"Elementarium:ElementariumTrophy":33,"Snecko Eye":47,"Pandora\u0027s Box":10,"Onion Ring":24,"aspiration:SilentSkillbook":34,"Slimebound:PreparedRelic":13,"infinitespire:EmpoweringShard":23,"hubris:ToyBattleship":31,"infinitespire:PuzzleCube":52,"Elementarium:HuntersElixir":20,"Regal Pillow":29,"Juzu Bracelet":0,"Hallownest:DreamNailRelic":5,"hubris:EmptyBottle":12,"Power_Wrist":29,"hubris:EvacipatedBox":1,"conspire:TopHat":6,"Cleaning_Rag":41,"ClockworkSouvenir":0,"DemoMod:SevenLeafClover":12,"Frozen Eye":8,"Mummified Hand":21,"downfall:HeartBlessingBlue":27,"Gambling Chip":24,"reliquary:Buckler":12,"hubris:CuriousFeather":0,"sneckomod:RareBoosterPack":0,"TheVixenMod:UmbreonRelic":42,"Potion Belt":10,"construct:ClawGrip":34,"downfall:HeartBlessingRed":27,"Replay:Towering Pillar of Hats":43,"aspiration:FetidBarrel":44,"Quantum Egg":1,"qcfpunch:Black_Training_Shirt":8,"Thread and Needle":39,"hubris:MedicalManual":0,"The Courier":26,"vexMod:FocusSash":21,"hubris:Towel":46,"Orichalcum":48,"Medical Kit":0,"Replay:Arrowhead":10,"Mercury Hourglass":6,"Bromod:ArcaneMomentum":8,"Strange Spoon":0,"CaptainsWheel":0,"Anchor":0,"Ornamental Fan":53,"stsjorbsmod:BookOfTrialsRelic":3,"vexMod:HeadHunter":0,"Runesmith:UraniumAnvil":17,"infinitespire:Satchel":45,"ChewingGum":17,"Bromod:ArcaneBarrier":34,"reliquary:Stiletto":23,"Bag of Marbles":38,"potionbrewer:BottledElixir":25,"Membership Card":0,"Gem_Box":22,"DemoMod:RingOfEthereal":42,"ReplayTheSpireMod:Lightbulb":53,"Toy Ornithopter":28,"hubris:Potato":0,"TungstenRod":0,"DemoMod:VorpalBullet":32,"RuthlessExorcism:ReiMu":0},{"Bromod:ArcaneUltimatum":57,"Ice Cream":66,"Golden Egg":0,"sneckomod:SneckoCommon":30,"Bromod:ArcaneNullifier":30,"Bromod:ArcanePulse":30,"downfall:HeartBlessingGreen":15,"potionbrewer:SalesContract":30,"DemoMod:GlassGuonStoneRelic":4,"infinitespire:Cubic Diamond":68,"theSenshi:FeatherClipsRelic":38,"wanderingMiniBosses:OtherGremlinHorn":1,"sneckomod:SneckoSoul":0,"HornCleat":66,"DemoMod:MonsterBlood":25,"Strawberry":66,"Prayer Wheel":0,"potionbrewer:DrinkingBird":43,"qcfpunch:Chain_With_Nametags":79,"construct:RocketBooster":30,"DemoMod:Orange":60,"Dead Branch":2,"Replay:Kaleidoscope":29,"War Paint":9,"Question Card":0,"Akabeko":66,"OrangePellets":29,"wanderingMiniBosses:Blackblade":32,"qcfpunch:Broken_Tusk":57,"Elementarium:ElementariumTrophy":82,"Snecko Eye":60,"Pandora\u0027s Box":5,"Onion Ring":14,"aspiration:SilentSkillbook":20,"Slimebound:PreparedRelic":73,"infinitespire:EmpoweringShard":14,"hubris:ToyBattleship":51,"infinitespire:PuzzleCube":64,"Elementarium:HuntersElixir":76,"Regal Pillow":17,"Juzu Bracelet":30,"Hallownest:DreamNailRelic":32,"hubris:EmptyBottle":7,"Power_Wrist":17,"hubris:EvacipatedBox":0,"conspire:TopHat":70,"Cleaning_Rag":23,"ClockworkSouvenir":66,"DemoMod:SevenLeafClover":36,"Frozen Eye":4,"Mummified Hand":12,"downfall:HeartBlessingBlue":15,"Gambling Chip":44,"reliquary:Buckler":73,"hubris:CuriousFeather":30,"sneckomod:RareBoosterPack":66,"TheVixenMod:UmbreonRelic":23,"Potion Belt":5,"construct:ClawGrip":82,"downfall:HeartBlessingRed":15,"Replay:Towering Pillar of Hats":24,"aspiration:FetidBarrel":87,"Quantum Egg":0,"qcfpunch:Black_Training_Shirt":4,"Thread and Needle":56,"hubris:MedicalManual":30,"The Courier":78,"vexMod:FocusSash":12,"hubris:Towel":25,"Orichalcum":26,"Medical Kit":30,"Replay:Arrowhead":5,"Mercury Hourglass":33,"Bromod:ArcaneMomentum":34,"Strange Spoon":66,"CaptainsWheel":66,"Anchor":66,"Ornamental Fan":64,"stsjorbsmod:BookOfTrialsRelic":68,"vexMod:HeadHunter":30,"Runesmith:UraniumAnvil":40,"infinitespire:Satchel":60,"ChewingGum":10,"Bromod:ArcaneBarrier":53,"reliquary:Stiletto":77,"Bag of Marbles":22,"potionbrewer:BottledElixir":15,"Membership Card":30,"Gem_Box":43,"DemoMod:RingOfEthereal":58,"ReplayTheSpireMod:Lightbulb":64,"Toy Ornithopter":16,"hubris:Potato":30,"TungstenRod":30,"DemoMod:VorpalBullet":52,"RuthlessExorcism:ReiMu":66},{"Bromod:ArcaneUltimatum":196,"Ice Cream":222,"Golden Egg":0,"sneckomod:SneckoCommon":112,"Bromod:ArcaneNullifier":112,"Bromod:ArcanePulse":112,"downfall:HeartBlessingGreen":39,"potionbrewer:SalesContract":112,"DemoMod:GlassGuonStoneRelic":8,"infinitespire:Cubic Diamond":224,"theSenshi:FeatherClipsRelic":138,"wanderingMiniBosses:OtherGremlinHorn":2,"sneckomod:SneckoSoul":0,"HornCleat":222,"DemoMod:MonsterBlood":81,"Strawberry":222,"Prayer Wheel":0,"potionbrewer:DrinkingBird":153,"qcfpunch:Chain_With_Nametags":258,"construct:RocketBooster":112,"DemoMod:Orange":202,"Dead Branch":3,"Replay:Kaleidoscope":99,"War Paint":24,"Question Card":0,"Akabeko":222,"OrangePellets":99,"wanderingMiniBosses:Blackblade":120,"qcfpunch:Broken_Tusk":196,"Elementarium:ElementariumTrophy":269,"Snecko Eye":202,"Pandora\u0027s Box":12,"Onion Ring":37,"aspiration:SilentSkillbook":72,"Slimebound:PreparedRelic":239,"infinitespire:EmpoweringShard":37,"hubris:ToyBattleship":179,"infinitespire:PuzzleCube":212,"Elementarium:HuntersElixir":250,"Regal Pillow":43,"Juzu Bracelet":112,"Hallownest:DreamNailRelic":120,"hubris:EmptyBottle":19,"Power_Wrist":43,"hubris:EvacipatedBox":0,"conspire:TopHat":232,"Cleaning_Rag":76,"ClockworkSouvenir":222,"DemoMod:SevenLeafClover":133,"Frozen Eye":7,"Mummified Hand":32,"downfall:HeartBlessingBlue":39,"Gambling Chip":158,"reliquary:Buckler":239,"hubris:CuriousFeather":112,"sneckomod:RareBoosterPack":222,"TheVixenMod:UmbreonRelic":76,"Potion Belt":12,"construct:ClawGrip":269,"downfall:HeartBlessingRed":39,"Replay:Towering Pillar of Hats":78,"aspiration:FetidBarrel":284,"Quantum Egg":0,"qcfpunch:Black_Training_Shirt":8,"Thread and Needle":192,"hubris:MedicalManual":112,"The Courier":256,"vexMod:FocusSash":32,"hubris:Towel":81,"Orichalcum":87,"Medical Kit":112,"Replay:Arrowhead":12,"Mercury Hourglass":123,"Bromod:ArcaneMomentum":126,"Strange Spoon":222,"CaptainsWheel":222,"Anchor":222,"Ornamental Fan":212,"stsjorbsmod:BookOfTrialsRelic":224,"vexMod:HeadHunter":112,"Runesmith:UraniumAnvil":145,"infinitespire:Satchel":202,"ChewingGum":26,"Bromod:ArcaneBarrier":185,"reliquary:Stiletto":251,"Bag of Marbles":74,"potionbrewer:BottledElixir":39,"Membership Card":112,"Gem_Box":153,"DemoMod:RingOfEthereal":199,"ReplayTheSpireMod:Lightbulb":212,"Toy Ornithopter":42,"hubris:Potato":112,"TungstenRod":112,"DemoMod:VorpalBullet":182,"RuthlessExorcism:ReiMu":222}]},"card_choices":[{"not_picked":["sneckomod:UnknownCommonAttack","sneckomod:RainOfDice","sneckomod:Nope"],"picked":"SKIP","floor":1.0},{"not_picked":["sneckomod:SerpentIdol","sneckomod:DefensiveFlair","sneckomod:MasterEye"],"picked":"SKIP","floor":2.0},{"not_picked":["sneckomod:UnknownDraw","sneckomod:UnknownCommonAttack"],"picked":"sneckomod:UnknownColorless","floor":5.0},{"not_picked":["sneckomod:Restock","sneckomod:DangerNoodle"],"picked":"sneckomod:UnknownRareSkill","floor":6.0},{"not_picked":["sneckomod:SoulRoll","sneckomod:ImprovisedAttack","sneckomod:DefensiveFlair"],"picked":"SKIP","floor":6.0},{"not_picked":["sneckomod:SnakeSap","sneckomod:TrashToTreasure","sneckomod:UnknownCommonSkill"],"picked":"SKIP","floor":8.0},{"not_picked":["sneckomod:ImprovisedGuard","sneckomod:MixItUp","sneckomod:UnknownCommonSkill"],"picked":"SKIP","floor":8.0},{"not_picked":["sneckomod:IronFang","sneckomod:RainOfDice","sneckomod:UnknownStrike"],"picked":"SKIP","floor":10.0},{"not_picked":["sneckomod:DiceCrush","sneckomod:Unknown1Cost","sneckomod:RainOfDice"],"picked":"SKIP","floor":10.0},{"not_picked":["sneckomod:MorePower","sneckomod:Transmogrify"],"picked":"sneckomod:GlitteringGambit","floor":12.0},{"not_picked":["sneckomod:UnknownExhaust","sneckomod:UnknownX"],"picked":"sneckomod:GlitteringGambit","floor":12.0},{"not_picked":["sneckomod:UnknownRareSkill","sneckomod:UnknownRareAttack"],"picked":"sneckomod:Unknown3Cost","floor":16.0},{"not_picked":["sneckomod:SlitherStrike+1","sneckomod:PureSnecko"],"picked":"sneckomod:UnknownStrike+1","floor":18.0},{"not_picked":["sneckomod:UnknownClassMARKED_PURPLE_COLOR","sneckomod:PureSnecko","sneckomod:UnknownUncommonPower"],"picked":"SKIP","floor":18.0},{"not_picked":["sneckomod:UnknownClassBLUE","sneckomod:QuickMove","sneckomod:UnknownBoss"],"picked":"SKIP","floor":19.0},{"not_picked":["sneckomod:UnknownBlock","sneckomod:Rotation","sneckomod:Unknown0Cost"],"picked":"SKIP","floor":19.0},{"not_picked":["sneckomod:GlitteringGambit","sneckomod:MorePower"],"picked":"sneckomod:UnknownRareSkill","floor":23.0},{"not_picked":["sneckomod:UnlimitedRolls","sneckomod:UnknownBlock","sneckomod:Unknown0Cost"],"picked":"SKIP","floor":23.0},{"not_picked":["sneckomod:SoulExchange","sneckomod:Mudshield"],"picked":"sneckomod:SerpentMind","floor":25.0},{"not_picked":["sneckomod:UnknownCommonAttack","sneckomod:ImprovisedGuard","sneckomod:MixItUp+1"],"picked":"SKIP","floor":25.0},{"not_picked":["sneckomod:SoulExchange","sneckomod:Transmogrify"],"picked":"sneckomod:Mudshield","floor":27.0},{"not_picked":["sneckomod:UnknownDexterity","sneckomod:Memorize","sneckomod:DiceCrush"],"picked":"SKIP","floor":27.0},{"not_picked":["sneckomod:UnknownBlock","sneckomod:IronFang"],"picked":"sneckomod:UnknownDraw+1","floor":29.0},{"not_picked":["sneckomod:TrashToTreasure","sneckomod:UnknownBlock","sneckomod:Rotation+1"],"picked":"SKIP","floor":29.0},{"not_picked":[],"picked":"wanderingMiniBosses:FinaleOfPromise","floor":31.0},{"not_picked":["sneckomod:UnknownClassMARKED_PURPLE_COLOR","sneckomod:UnknownCommonSkill","sneckomod:UnknownBlock+1"],"picked":"SKIP","floor":31.0},{"not_picked":["sneckomod:UnknownBlock","sneckomod:Unknown1Cost","sneckomod:DiceCrush"],"picked":"SKIP","floor":31.0},{"not_picked":["sneckomod:Mudshield","sneckomod:UnknownRareSkill"],"picked":"sneckomod:Unknown3Cost","floor":33.0},{"not_picked":["sneckomod:SoulDraw","sneckomod:QuickMove+1"],"picked":"sneckomod:UnknownStrength","floor":35.0},{"not_picked":["sneckomod:IronFang","sneckomod:WideSting+1","sneckomod:Unknown1Cost"],"picked":"SKIP","floor":35.0},{"not_picked":["sneckomod:UnknownClassTHE_SIMPLETON_BLUE","sneckomod:UnknownUncommonPower"],"picked":"sneckomod:UnknownStrength+1","floor":36.0},{"not_picked":["sneckomod:UnknownDraw","sneckomod:UnknownClassTHE_SIMPLETON_BLUE"],"picked":"sneckomod:UnknownClassBLUE","floor":36.0},{"not_picked":["sneckomod:MorePower","sneckomod:SerpentMind"],"picked":"sneckomod:Restock","floor":40.0},{"not_picked":["sneckomod:DefensiveFlair","sneckomod:UnknownClassMARKED_PURPLE_COLOR","sneckomod:DiceBlock"],"picked":"SKIP","floor":40.0},{"not_picked":["sneckomod:UnknownDraw+1","sneckomod:Rotation+1","sneckomod:DiceBlock+1"],"picked":"SKIP","floor":42.0},{"not_picked":["sneckomod:QuickBite","sneckomod:WideSting","sneckomod:UnknownWeak"],"picked":"SKIP","floor":42.0},{"not_picked":["sneckomod:UnlimitedRolls","sneckomod:Mudshield"],"picked":"sneckomod:UnknownRarePower","floor":44.0},{"not_picked":["sneckomod:UnknownDraw+1","sneckomod:QuickMove","sneckomod:MorePower"],"picked":"SKIP","floor":44.0},{"not_picked":["sneckomod:UnknownStrike","sneckomod:UnknownBlock","sneckomod:SnakeSap"],"picked":"SKIP","floor":46.0},{"not_picked":["sneckomod:UnknownExhaust","sneckomod:SnekBeam","sneckomod:MixItUp"],"picked":"SKIP","floor":46.0},{"not_picked":["sneckomod:UnknownClassTHE_SIMPLETON_BLUE+1","sneckomod:UnknownExhaust","sneckomod:QuickBite+1"],"picked":"SKIP","floor":47.0},{"not_picked":["sneckomod:Unknown2Cost","sneckomod:UnknownBlock","sneckomod:SoulCleanse"],"picked":"SKIP","floor":47.0}],"player_experience":1383731,"relics_obtained":[{"floor":6.0,"key":"conspire:TopHat"},{"floor":12.0,"key":"reliquary:Buckler"},{"floor":23.0,"key":"reliquary:Stiletto"},{"floor":25.0,"key":"theSenshi:FeatherClipsRelic"},{"floor":26.0,"key":"The Courier"},{"floor":27.0,"key":"qcfpunch:Chain_With_Nametags"},{"floor":31.0,"key":"wanderingMiniBosses:Blackblade"},{"floor":44.0,"key":"aspiration:FetidBarrel"}],"event_choices":[{"damage_healed":24.0,"max_hp_gain":0.0,"max_hp_loss":0.0,"gold_gain":0.0,"event_name":"The Cleric","player_choice":"Healed","floor":4.0,"gold_loss":35.0,"damage_taken":0.0},{"damage_healed":0.0,"max_hp_gain":0.0,"max_hp_loss":0.0,"gold_gain":0.0,"event_name":"Upgrade Shrine","player_choice":"Upgraded","floor":7.0,"gold_loss":0.0,"damage_taken":0.0,"cards_upgraded":["sneckomod:UnknownColorless"]},{"damage_healed":0.0,"max_hp_gain":0.0,"max_hp_loss":0.0,"gold_gain":275.0,"event_name":"Golden Shrine","player_choice":"Desecrate","floor":14.0,"gold_loss":0.0,"damage_taken":0.0,"cards_obtained":["Regret"]},{"damage_healed":0.0,"max_hp_gain":0.0,"max_hp_loss":0.0,"gold_gain":0.0,"event_name":"Elementarium:BigGameHunter","player_choice":"Sling","floor":20.0,"gold_loss":124.0,"damage_taken":0.0,"relics_obtained":["Elementarium:HuntersElixir"]},{"damage_healed":0.0,"max_hp_gain":0.0,"max_hp_loss":0.0,"gold_gain":40.0,"event_name":"Elementarium:StickySituation","player_choice":"Take","floor":24.0,"gold_loss":0.0,"damage_taken":0.0}],"is_beta":false,"boss_relics":[{"not_picked":["vexMod:CursedCompass","Velvet Choker"],"picked":"Gem_Box"},{"not_picked":["vexMod:DeviousBotling","SacredBark"],"picked":"construct:ClawGrip"}],"items_purged_floors":[0],"is_endless":false,"potions_floor_spawned":[1,8,16,19,23,29,40,42,44,46],"killed_by":"Gensokyo:Doremy","ascension_level":20,"is_humility":true}}