{"host":"uv5ws9rdk87e8i5k","time":1611670748,"event":{"mods":["AchievementEnabler","BaseMod","Colored Map","Minty Spire (QoL Compilation)","Permanent Neow","Quick Restart","StSLib","SuperFastMode","The Animator","The Cursed","The Hierophant","The Necromancer"],"gold_per_floor":[123,140,158,180,193,221,221,238,238,258,299,327,342,307,307,323,323],"floor_reached":16,"language":"ENG","playtime":793,"items_purged":[],"score":118,"play_id":"117bacfa-4093-49ea-9ec0-a1a5089ed1df","local_time":"20210126081908","is_ascension_mode":false,"campfire_choices":[{"data":"animator:Vanir","floor":7.0,"key":"SMITH"},{"data":"animator:YunYun","floor":15,"key":"SMITH"}],"circlet_count":0,"master_deck":["animator:Strike_Konosuba","animator:Defend_Konosuba","animator:Strike","animator:Strike","animator:Strike","animator:Defend","animator:Defend","animator:Defend","animator:Kazuma","animator:Aqua","animator:Eris","animator:Vanir+1","animator:YunYun","animator:Mitsurugi","animator:Chris","animator:YunYun+1"],"relics":["animator:LivingPicture","animator:TheMissingPiece","Potion Belt","Dream Catcher","Bag of Preparation"],"acts_visited":["Exordium"],"potions_floor_usage":[11,13,16],"damage_taken":[{"damage":4.0,"enemies":"Cultist","floor":1.0,"turns":5.0},{"damage":3.0,"enemies":"Jaw Worm","floor":2.0,"turns":3.0},{"damage":0.0,"enemies":"Small Slimes","floor":3.0,"turns":3.0},{"damage":8.0,"enemies":"2 Fungi Beasts","floor":4.0,"turns":3.0},{"damage":4.0,"enemies":"Exordium Wildlife","floor":5.0,"turns":2.0},{"damage":32.0,"enemies":"3 Sentries","floor":6.0,"turns":7.0},{"damage":8.0,"enemies":"Looter","floor":8.0,"turns":2.0},{"damage":0.0,"enemies":"Blue Slaver","floor":10.0,"turns":3.0},{"damage":13,"enemies":"Lagavulin","floor":11,"turns":6},{"damage":26,"enemies":"Exordium Thugs","floor":12,"turns":4},{"damage":7,"enemies":"Gremlin Gang","floor":13,"turns":3},{"damage":52,"enemies":"The Guardian","floor":16,"turns":11}],"seed_played":"7661986649715882025","potions_obtained":[{"floor":4.0,"key":"Block Potion"},{"floor":5.0,"key":"Ancient Potion"},{"floor":6.0,"key":"PowerPotion"},{"floor":8.0,"key":"Energy Potion"},{"floor":12,"key":"Regen Potion"},{"floor":13,"key":"Regen Potion"}],"is_trial":false,"path_per_floor":["M","M","M","M","M","E","R","M","T","M","E","M","M","?","R","B"],"character_chosen":"THE_ANIMATOR","items_purchased":[],"campfire_rested":0,"item_purchase_floors":[],"current_hp_per_floor":[62,64,67,59,60,34,34,31,31,36,28,7,14,31,31,0,0],"gold":323,"neow_bonus":"ONE_RANDOM_RARE_CARD","is_daily":false,"chose_seed":false,"campfire_upgraded":2,"win_rate":0.0,"timestamp":1611670748,"path_taken":["M","M","M","M","M","E","R","M","T","M","E","M","?","?","R","BOSS"],"items_purchased_type":[],"build_version":"2020-12-22","purchased_purges":0,"victory":false,"max_hp_per_floor":[66,66,67,67,67,68,68,68,68,68,68,68,68,68,68,68,68],"card_choices":[{"not_picked":["animator:Sloth","animator:ShinjiMatou"],"picked":"animator:Vanir","floor":1.0},{"not_picked":["animator:Jibril","animator:DolaStephanie","animator:SakuraMatou"],"picked":"SKIP","floor":2.0},{"not_picked":["animator:DolaSchwi","animator:Sloth"],"picked":"animator:YunYun","floor":3.0},{"not_picked":["animator:Verdia","animator:Vanir"],"picked":"animator:Mitsurugi","floor":4.0},{"not_picked":["animator:Alexander","animator:Priestess","animator:SakuraMatou"],"picked":"SKIP","floor":5.0},{"not_picked":["animator:DolaCouronne","animator:MetalKnight"],"picked":"animator:Chris","floor":6.0},{"not_picked":["animator:Bozes","animator:MaesHughes","animator:Kuribayashi"],"picked":"SKIP","floor":8.0},{"not_picked":["animator:Envy","animator:DolaSchwi"],"picked":"animator:YunYun","floor":11},{"not_picked":["animator:DolaSchwi","animator:Kuribayashi","animator:Berserker"],"picked":"SKIP","floor":12},{"not_picked":["animator:Sonic","animator:Assassin","animator:Bozes"],"picked":"SKIP","floor":13}],"player_experience":290100,"relics_obtained":[{"floor":6.0,"key":"Potion Belt"},{"floor":9.0,"key":"Dream Catcher"},{"floor":11,"key":"Bag of Preparation"}],"event_choices":[{"damage_healed":17,"gold_gain":0,"player_choice":"Healed","damage_taken":0,"max_hp_gain":0,"max_hp_loss":0,"event_name":"The Cleric","floor":14,"gold_loss":35}],"is_beta":false,"boss_relics":[],"items_purged_floors":[],"is_endless":false,"potions_floor_spawned":[4,5,6,8,12,13],"killed_by":"The Guardian","ascension_level":0}}