{"host":"9ndbo4kgsfoemf7y","time":1611662668,"event":{"mods":["AchievementEnabler","BaseMod","Colored Map","DeckTracker","Keyboard Shortcuts","Minty Spire (QoL Compilation)","Permanent Neow","Quick Restart","Relic Stats","StSLib","SuperFastMode"],"gold_per_floor":[111,36,36,50,50,83,101,101,155,155,182,182,33,43,43,145,145,162,162,162,16,28,60,60,93,93,93,109,109,122,134,134,235,235,247,261,311,117,162,188,200,241,253,276,361,386,425,437,449,461],"floor_reached":51,"language":"KOR","playtime":3239,"items_purged":["Strike_B","Strike_B","Defend_B"],"score":1178,"play_id":"0d75523b-e747-4c42-bbab-dec4c7333889","local_time":"20210126210428","is_ascension_mode":true,"campfire_choices":[{"floor":8.0,"key":"REST"},{"data":"Sweeping Beam","floor":10.0,"key":"SMITH"},{"floor":12.0,"key":"REST"},{"data":"Hologram","floor":15.0,"key":"SMITH"},{"data":"Ghostly","floor":24.0,"key":"SMITH"},{"data":"Ghostly","floor":27.0,"key":"SMITH"},{"data":"Ghostly","floor":29.0,"key":"SMITH"},{"data":"Ghostly","floor":32.0,"key":"SMITH"},{"data":"Buffer","floor":41.0,"key":"SMITH"},{"data":"Ghostly","floor":49,"key":"SMITH"}],"circlet_count":0,"master_deck":["Defend_B","Defend_B","Zap+1","Dualcast","Cold Snap","BootSequence","Sweeping Beam+1","Hologram+1","Stack","Buffer+1","Machine Learning+1","Conserve Battery+1","Ghostly+1","Ghostly+1","Ghostly+1","Ghostly+1","Ghostly+1","Go for the Eyes+1","Echo Form","Streamline","Capacitor","Hologram+1","Skim+1","Self Repair","Coolheaded+1"],"relics":["Cracked Core","CultistMask","DataDisk","Omamori","White Beast Statue","Astrolabe","Membership Card","Pear","Smiling Mask","Gambling Chip","Philosopher\u0027s Stone","StoneCalendar","Lizard Tail","Thread and Needle","MawBank","Question Card","Sundial","Molten Egg 2","Pen Nib"],"acts_visited":["Exordium","TheCity","TheBeyond"],"potions_floor_usage":[50,50,50,50,50,50],"damage_taken":[{"damage":7.0,"enemies":"Jaw Worm","floor":1.0,"turns":3.0},{"damage":0.0,"enemies":"Cultist","floor":4.0,"turns":4.0},{"damage":46.0,"enemies":"Gremlin Nob","floor":6.0,"turns":6.0},{"damage":4.0,"enemies":"Small Slimes","floor":7.0,"turns":3.0},{"damage":16.0,"enemies":"3 Sentries","floor":11.0,"turns":5.0},{"damage":0.0,"enemies":"Red Slaver","floor":14.0,"turns":2.0},{"damage":27.0,"enemies":"Slime Boss","floor":16.0,"turns":10.0},{"damage":0.0,"enemies":"Chosen","floor":18.0,"turns":5.0},{"damage":2.0,"enemies":"Spheric Guardian","floor":22.0,"turns":4.0},{"damage":2.0,"enemies":"Slavers","floor":23.0,"turns":10.0},{"damage":2.0,"enemies":"Gremlin Leader","floor":25.0,"turns":8.0},{"damage":2.0,"enemies":"Cultist and Chosen","floor":28.0,"turns":7.0},{"damage":1.0,"enemies":"Snecko","floor":30.0,"turns":5.0},{"damage":21.0,"enemies":"Sentry and Sphere","floor":31.0,"turns":8.0},{"damage":4.0,"enemies":"Collector","floor":33.0,"turns":17.0},{"damage":3.0,"enemies":"3 Shapes","floor":35.0,"turns":6.0},{"damage":22.0,"enemies":"3 Darklings","floor":36.0,"turns":9.0},{"damage":0.0,"enemies":"Mind Bloom Boss Battle","floor":37.0,"turns":9.0},{"damage":26.0,"enemies":"2 Orb Walkers","floor":39.0,"turns":7.0},{"damage":0.0,"enemies":"Giant Head","floor":40.0,"turns":12.0},{"damage":0,"enemies":"Reptomancer","floor":42,"turns":7},{"damage":0,"enemies":"Maw","floor":44,"turns":8},{"damage":0,"enemies":"Writhing Mass","floor":46,"turns":7},{"damage":0,"enemies":"Giant Head","floor":47,"turns":11},{"damage":43,"enemies":"Time Eater","floor":50,"turns":18}],"seed_played":"-7377291371066275453","potions_obtained":[{"floor":4.0,"key":"Dexterity Potion"},{"floor":11.0,"key":"ColorlessPotion"},{"floor":14.0,"key":"FearPotion"},{"floor":16.0,"key":"EntropicBrew"},{"floor":18.0,"key":"PotionOfCapacity"},{"floor":30.0,"key":"Swift Potion"},{"floor":36.0,"key":"LiquidMemories"},{"floor":39.0,"key":"AttackPotion"}],"is_trial":false,"path_per_floor":["M","$","?","M","$","E","M","R","T","R","E","R","$","M","R","B",null,"M","?","?","$","M","E","R","E","T","R","M","R","M","M","R","B",null,"M","M","?","$","?","E","R","E","T","M","T","M","E","?","R","B",null],"character_chosen":"DEFECT","items_purchased":["Hologram","Membership Card","Lizard Tail"],"campfire_rested":2,"item_purchase_floors":[13,21,38],"current_hp_per_floor":[61,61,61,61,61,15,11,33,33,33,17,39,39,39,39,12,59,59,37,37,37,35,43,43,41,41,41,39,39,38,17,17,13,39,36,14,14,14,23,23,23,23,23,30,30,44,47,47,47,11],"gold":473,"neow_bonus":"UPGRADE_CARD","is_daily":false,"chose_seed":false,"campfire_upgraded":8,"win_rate":0.0,"timestamp":1611662668,"path_taken":["M","$","?","M","?","E","M","R","T","R","E","R","?","M","R","BOSS","M","?","?","$","M","E","R","E","T","R","?","R","M","M","R","BOSS","M","M","?","$","?","E","R","E","T","M","?","?","E","?","R","BOSS"],"items_purchased_type":["Card","Relic","Relic"],"build_version":"2020-12-22","purchased_purges":3,"victory":true,"max_hp_per_floor":[75,75,75,75,75,75,75,75,75,75,75,75,75,75,75,75,75,75,37,37,37,37,47,47,47,47,47,47,47,47,47,47,47,47,47,47,47,47,47,47,47,47,47,47,47,47,47,47,47,47],"relic_stats":{"Lizard Tail":23,"counters":[25,191],"Sundial":[14],"Astrolabe":["Sunder","Sunder","Machine Learning"],"Gambling Chip":[31],"StoneCalendar":[283],"Pen Nib":[3],"Smiling Mask":13,"MawBank":132,"Question Card":3,"obtain_stats":[{"Pear":23,"Astrolabe":17,"StoneCalendar":37,"Thread and Needle":39,"Pen Nib":47,"Omamori":9,"Smiling Mask":25,"MawBank":40,"Question Card":42,"White Beast Statue":11,"DataDisk":6,"Lizard Tail":38,"Sundial":43,"Gambling Chip":26,"Philosopher\u0027s Stone":34,"Molten Egg 2":45,"CultistMask":3,"Membership Card":21,"Cracked Core":0},{"Pear":10,"Astrolabe":7,"StoneCalendar":18,"Thread and Needle":19,"Pen Nib":24,"Omamori":4,"Smiling Mask":11,"MawBank":20,"Question Card":21,"White Beast Statue":5,"DataDisk":3,"Lizard Tail":18,"Sundial":21,"Gambling Chip":11,"Philosopher\u0027s Stone":15,"Molten Egg 2":22,"CultistMask":1,"Membership Card":8,"Cracked Core":0},{"Pear":52,"Astrolabe":33,"StoneCalendar":121,"Thread and Needle":128,"Pen Nib":173,"Omamori":16,"Smiling Mask":60,"MawBank":140,"Question Card":147,"White Beast Statue":21,"DataDisk":13,"Lizard Tail":121,"Sundial":147,"Gambling Chip":60,"Philosopher\u0027s Stone":97,"Molten Egg 2":155,"CultistMask":3,"Membership Card":38,"Cracked Core":0}]},"card_choices":[{"not_picked":["Rebound","Conserve Battery"],"picked":"Cold Snap","floor":1.0},{"not_picked":["Sweeping Beam","Conserve Battery"],"picked":"BootSequence","floor":4.0},{"not_picked":["Reprogram","Barrage","Go for the Eyes"],"picked":"SKIP","floor":6.0},{"not_picked":["Streamline","Beam Cell"],"picked":"Sweeping Beam","floor":7.0},{"not_picked":["Barrage","Rebound","Fusion"],"picked":"SKIP","floor":11.0},{"not_picked":["Skim","Compile Driver"],"picked":"Stack","floor":14.0},{"not_picked":["Reboot","Multi-Cast"],"picked":"Buffer","floor":16.0},{"not_picked":["Sweeping Beam+1","Darkness"],"picked":"Conserve Battery+1","floor":18.0},{"not_picked":["Reinforced Body","Compile Driver"],"picked":"Go for the Eyes+1","floor":22.0},{"not_picked":["Leap","Hologram"],"picked":"Echo Form","floor":23.0},{"not_picked":["Ball Lightning","Machine Learning"],"picked":"Streamline","floor":25.0},{"not_picked":["Rebound","Streamline","Compile Driver"],"picked":"SKIP","floor":28.0},{"not_picked":["Barrage","Rebound"],"picked":"Capacitor","floor":30.0},{"not_picked":["Cold Snap","Reprogram+1","White Noise"],"picked":"SKIP","floor":31.0},{"not_picked":["Leap+1","Cold Snap"],"picked":"Hologram+1","floor":35.0},{"not_picked":["Core Surge","Hologram+1"],"picked":"Skim+1","floor":36.0},{"not_picked":["Ball Lightning","Streamline","Redo"],"picked":"SKIP","floor":40.0},{"not_picked":["Hyperbeam","Rebound"],"picked":"Self Repair","floor":42},{"not_picked":["Sunder","Undo","Sweeping Beam"],"picked":"Coolheaded+1","floor":44},{"not_picked":["Hologram","Stack+1","Sweeping Beam+1","Gash+1"],"picked":"SKIP","floor":46},{"not_picked":["Streamline+1","Hologram","Hello World","Turbo"],"picked":"SKIP","floor":47}],"player_experience":846621,"relics_obtained":[{"floor":6.0,"key":"DataDisk"},{"floor":9.0,"key":"Omamori"},{"floor":11.0,"key":"White Beast Statue"},{"floor":23.0,"key":"Pear"},{"floor":25.0,"key":"Smiling Mask"},{"floor":26.0,"key":"Gambling Chip"},{"floor":37.0,"key":"StoneCalendar"},{"floor":39.0,"key":"Thread and Needle"},{"floor":40.0,"key":"MawBank"},{"floor":42,"key":"Question Card"},{"floor":43,"key":"Sundial"},{"floor":45,"key":"Molten Egg 2"},{"floor":47,"key":"Pen Nib"}],"event_choices":[{"damage_healed":0.0,"max_hp_gain":0.0,"max_hp_loss":0.0,"gold_gain":0.0,"event_name":"FaceTrader","player_choice":"Trade","floor":3.0,"gold_loss":0.0,"damage_taken":0.0,"relics_obtained":["CultistMask"]},{"damage_healed":0.0,"max_hp_gain":0.0,"max_hp_loss":38.0,"gold_gain":0.0,"event_name":"Ghosts","player_choice":"Became a Ghost","floor":19.0,"gold_loss":0.0,"damage_taken":0.0,"cards_obtained":["Ghostly","Ghostly","Ghostly","Ghostly","Ghostly"]},{"cards_removed":["Sunder"],"damage_healed":0.0,"max_hp_gain":0.0,"max_hp_loss":0.0,"gold_gain":0.0,"event_name":"Bonfire Elementals","player_choice":"Offered Uncommon","floor":20.0,"gold_loss":0.0,"damage_taken":0.0},{"damage_healed":0.0,"max_hp_gain":0.0,"max_hp_loss":0.0,"gold_gain":0.0,"event_name":"MindBloom","player_choice":"Fight","floor":37.0,"gold_loss":0.0,"damage_taken":0.0},{"damage_healed":0.0,"max_hp_gain":0.0,"max_hp_loss":0.0,"gold_gain":0.0,"event_name":"Mysterious Sphere","player_choice":"Fight","floor":39.0,"gold_loss":0.0,"damage_taken":0.0},{"cards_removed":["Sunder"],"damage_healed":0,"gold_gain":0,"player_choice":"Removed Attack","damage_taken":0,"max_hp_gain":0,"max_hp_loss":0,"event_name":"Falling","floor":48,"gold_loss":0}],"is_beta":false,"boss_relics":[{"not_picked":["Cursed Key","Sozu"],"picked":"Astrolabe"},{"not_picked":["Pandora\u0027s Box","Black Star"],"picked":"Philosopher\u0027s Stone"}],"items_purged_floors":[2,13,38],"is_endless":false,"potions_floor_spawned":[4,11,14,16,18,22,23,25,28,30,31,33,35,36,37,39,40,42,44,46,47],"ascension_level":8}}