{"host":"19tvufa8xx4wr4o1","time":1611623086,"event":{"mods":["AchievementEnabler","BaseMod","Better Sensory Stone","Better Third Choice","Highlight Path","Minty Spire (QoL Compilation)","Relic Stats","StSLib"],"gold_per_floor":[109,109,56,75,91,91,107,122,122,142,142,142],"floor_reached":11,"language":"ENG","playtime":262,"items_purged":[],"score":121,"play_id":"b35523a6-dd51-4c22-a249-a1ae84944a8e","local_time":"20210125190446","is_ascension_mode":true,"campfire_choices":[{"data":"Bash","floor":6,"key":"SMITH"}],"circlet_count":0,"master_deck":["AscendersBane","Strike_R","Strike_R","Strike_R","Strike_R","Strike_R","Defend_R","Defend_R","Defend_R","Defend_R","Bash+1","Rage","Cleave","Spot Weakness","Carnage"],"relics":["Burning Blood","NeowsBlessing","Golden Idol","Omamori","Sundial"],"acts_visited":["Exordium"],"potions_floor_usage":[7],"damage_taken":[{"damage":0,"enemies":"2 Louse","floor":1,"turns":1},{"damage":0,"enemies":"Jaw Worm","floor":4,"turns":1},{"damage":0,"enemies":"Cultist","floor":5,"turns":1},{"damage":5,"enemies":"Gremlin Gang","floor":7,"turns":5},{"damage":33,"enemies":"Lots of Slimes","floor":8,"turns":4},{"damage":8,"enemies":"2 Fungi Beasts","floor":10,"turns":4},{"damage":46,"enemies":"Gremlin Nob","floor":11,"turns":4}],"seed_played":"-5632241908083082654","potions_obtained":[{"floor":1,"key":"SkillPotion"}],"is_trial":false,"path_per_floor":["M","?","?","M","M","R","M","M","T","M","E"],"character_chosen":"IRONCLAD","items_purchased":[],"campfire_rested":0,"item_purchase_floors":[],"current_hp_per_floor":[74,48,48,54,60,60,61,34,34,32,0,0],"gold":142,"neow_bonus":"THREE_ENEMY_KILL","is_daily":false,"chose_seed":false,"campfire_upgraded":1,"win_rate":0.0,"timestamp":1611623086,"path_taken":["M","?","?","M","?","R","?","M","T","?","E"],"items_purchased_type":[],"build_version":"2020-12-22","purchased_purges":0,"victory":false,"max_hp_per_floor":[75,75,75,75,75,75,75,75,75,75,75,75],"relic_stats":{"counters":[7,20],"Golden Idol":17,"Sundial":[0],"obtain_stats":[{"NeowsBlessing":0,"Golden Idol":2,"Sundial":9,"Omamori":3,"Burning Blood":0},{"NeowsBlessing":0,"Golden Idol":1,"Sundial":5,"Omamori":1,"Burning Blood":0},{"NeowsBlessing":0,"Golden Idol":1,"Sundial":12,"Omamori":1,"Burning Blood":0}],"Burning Blood":36},"card_choices":[{"not_picked":["Perfected Strike","Armaments"],"picked":"Rage","floor":1},{"not_picked":["Body Slam","Headbutt"],"picked":"Cleave","floor":4},{"not_picked":["Intimidate","Bloodletting"],"picked":"Spot Weakness","floor":5},{"not_picked":["Rupture","Havoc","Flex"],"picked":"SKIP","floor":7},{"not_picked":["Armaments","Cleave"],"picked":"Carnage","floor":8},{"not_picked":["Power Through","Flex","Armaments"],"picked":"SKIP","floor":10}],"player_experience":604976,"relics_obtained":[{"floor":9,"key":"Sundial"}],"event_choices":[{"damage_healed":0,"gold_gain":0,"player_choice":"Take Damage","damage_taken":26,"relics_obtained":["Golden Idol"],"max_hp_gain":0,"max_hp_loss":0,"event_name":"Golden Idol","floor":2,"gold_loss":0},{"damage_healed":0,"gold_gain":0,"player_choice":"Paid Gold","damage_taken":0,"relics_obtained":["Omamori"],"max_hp_gain":0,"max_hp_loss":0,"event_name":"WeMeetAgain","floor":3,"gold_loss":53}],"is_beta":false,"boss_relics":[],"items_purged_floors":[],"is_endless":false,"potions_floor_spawned":[1],"killed_by":"Gremlin Nob","ascension_level":16}}