{"host":"f251oio0chsiwdug","time":1611663379,"event":{"mods":["BaseMod","Colored Map","Downfall","Hermit","Marisa????????","Minty Spire (QoL Compilation)","Replay The Spire","Shop Mod","StSLib","The Cursed"],"gold_per_floor":[99,113,128,148,81,1810,1810,1810,1822,1841,1860,811,811,214,227,328,328,328,340,2586,2586,2606,2620,2620,1891,1902,1929,2029,1605,1505,1505,1516,1617,1617,1617,1628,1295,1348,1348,1363,1363,1376,1376,1052,1052,1067,720,730,747,747],"floor_reached":51,"language":"DEU","playtime":5725,"items_purged":["Guardian:Defend_Guardian","Guardian:Strike_Guardian"],"score":836,"play_id":"3fc29e8e-f2f5-4f72-bc65-2df72c865323","local_time":"20210126131618","is_ascension_mode":false,"campfire_choices":[{"data":"Guardian:Repulse","floor":8,"key":"SMITH"},{"floor":18,"key":"RECALL"},{"data":"ReplayTheSpireMod:Necrogeddon","floor":30,"key":"SMITH"},{"data":"Guardian:SentryBeam","floor":30,"key":"SMITH"},{"data":"Guardian:Recover","floor":35,"key":"SMITH"},{"data":"Guardian:CrystalBeam","floor":35,"key":"SMITH"},{"floor":45,"key":"DIG"}],"circlet_count":0,"master_deck":["Guardian:CurlUp","Guardian:TwinSlam","Guardian:TemporalStrike","Guardian:SentryBeam","Guardian:Repulse+1","Guardian:BronzeOrb","Guardian:SpikerProtocol","Guardian:TemporalShield","Guardian:FloatingOrbs","expansioncontent:QuickStudy+1","Guardian:SpikerProtocol","Finesse","Guardian:ArmoredProtocol","Guardian:TimeCapacitor","Guardian:Recover+1","Guardian:RevengeProtocol","Guardian:Incinerate+1","Guardian:CrystalBeam+1","Guardian:FloatingOrbs","Guardian:ChargeCore","Guardian:ChargeCore","Guardian:Clone","Guardian:TimeCapacitor","Guardian:DonusPower","Guardian:SentryBeam+1","Guardian:ChargeCore","ReplayTheSpireMod:Necrogeddon+1","Guardian:AncientConstruct","Bite","Bite","Bite","Bite","Bite","Guardian:SphericShield","CurseOfTheBell","Guardian:ShieldCharger+1","Guardian:WalkerClaw+1","Guardian:TimeCapacitor+1","Guardian:Recover+1","Guardian:PrismaticBeam+1","Guardian:ConstructionForm","Replay:SS_fish_1","expansioncontent:Chronoboost","expansioncontent:AwakenDeath","Secret Technique","Guardian:ArmoredProtocol","sneckomod:UnknownClassTHE_BRONZE_AUTOMATON","MysteriousBeam+1","sneckomod:UnknownClassSLIMEBOUND+1","Guardian:SpikerProtocol+1","champ:FocusedDefense"],"relics":["Guardian:ModeShifter","downfall:GremlinWheel","Ornamental Fan","Bag of Preparation","White Beast Statue","DollysMirror","MerchantsRug","Matryoshka","Replay:Bottled Flurry","Cauldron","Coffee Dripper","Lantern","Vajra","Strange Spoon","Regal Pillow","Garlic","Replay:WaspNest","Replay:Rubber Ducky","Frozen Eye","Juzu Bracelet","Replay:Arrowhead","Onion Ring","PreservedInsect","Replay:Bottled Snecko","Membership Card","downfall:HeartBlessingRed","Calling Bell","InkBottle","Centennial Puzzle","Prayer Wheel","Shovel","Pantograph","Question Card","ReplayTheSpireMod:TigerMarble","Bottled Flame","PrismaticShard","Kunai","Replay:Ringing Soul","Replay:Towering Pillar of Hats","TheAbacus"],"acts_visited":["Exordium","TheCity","TheBeyond"],"potions_floor_usage":[9,14,14],"damage_taken":[{"damage":8,"enemies":"2 Louse","floor":2,"turns":3},{"damage":6,"enemies":"Cultist","floor":3,"turns":4},{"damage":1,"enemies":"Jaw Worm","floor":4,"turns":3},{"damage":0,"enemies":"downfall:FleeingMerchant","floor":5,"turns":4},{"damage":56,"enemies":"downfall:FleeingMerchant","floor":6,"turns":7},{"damage":3,"enemies":"Red Slaver","floor":9,"turns":5},{"damage":5,"enemies":"3 Louse","floor":10,"turns":3},{"damage":0,"enemies":"Large Slime","floor":11,"turns":5},{"damage":0,"enemies":"downfall:FleeingMerchant","floor":12,"turns":4},{"damage":1,"enemies":"downfall:FleeingMerchant","floor":14,"turns":4},{"damage":4,"enemies":"Exordium Thugs","floor":15,"turns":5},{"damage":30,"enemies":"SI_SHIV_ARCHETYPE","floor":16,"turns":7},{"damage":0,"enemies":"Chosen","floor":19,"turns":4},{"damage":10,"enemies":"downfall:FleeingMerchant","floor":20,"turns":4},{"damage":0,"enemies":"Shell Parasite","floor":22,"turns":3},{"damage":3,"enemies":"Centurion and Healer","floor":23,"turns":5},{"damage":20,"enemies":"downfall:FleeingMerchant","floor":25,"turns":4},{"damage":0,"enemies":"Snecko","floor":26,"turns":3},{"damage":0,"enemies":"Book of Stabbing","floor":27,"turns":5},{"damage":0,"enemies":"IC_STATUS_ARCHETYPE","floor":28,"turns":5},{"damage":0,"enemies":"downfall:FleeingMerchant","floor":29,"turns":1},{"damage":0,"enemies":"Snake Plant","floor":32,"turns":4},{"damage":0,"enemies":"DF_ARCHETYPE_CLAW","floor":33,"turns":7},{"damage":0,"enemies":"Orb Walker","floor":36,"turns":3},{"damage":19,"enemies":"2 Orb Walkers","floor":38,"turns":5},{"damage":0,"enemies":"3 Darklings","floor":40,"turns":6},{"damage":0,"enemies":"Spire Growth","floor":42,"turns":4},{"damage":0,"enemies":"4 Shapes","floor":46,"turns":5},{"damage":0,"enemies":"Transient","floor":48,"turns":7},{"damage":0,"enemies":"Writhing Mass","floor":49,"turns":6},{"damage":66,"enemies":"IC_BLOCK_ARCHETYPE","floor":50,"turns":8}],"seed_played":"-7525093034182693188","potions_obtained":[{"floor":2,"key":"BlessingOfTheForge"},{"floor":3,"key":"CultistPotion"},{"floor":9,"key":"Dexterity Potion"},{"floor":13,"key":"Fruit Juice"},{"floor":13,"key":"EssenceOfSteel"},{"floor":13,"key":"Guardian:StasisDiscoveryPotion"},{"floor":14,"key":"Ancient Potion"},{"floor":14,"key":"DuplicationPotion"},{"floor":14,"key":"BlessingOfTheForge"},{"floor":14,"key":"Milkshake"},{"floor":15,"key":"Guardian:AcceleratePotion"},{"floor":16,"key":"Cursed Concoction"},{"floor":19,"key":"FearPotion"},{"floor":26,"key":"Guardian:AcceleratePotion"},{"floor":27,"key":"LiquidBronze"},{"floor":28,"key":"Swift Potion"},{"floor":32,"key":"Guardian:StasisDiscoveryPotion"},{"floor":33,"key":"SmokeBomb"},{"floor":36,"key":"SkillPotion"},{"floor":46,"key":"Ancient Potion"},{"floor":48,"key":"SpeedPotion"},{"floor":49,"key":"sneckomod:MuddlingPotion"}],"is_trial":false,"path_per_floor":["R_BF","M","M","M","$","?","T","R","M","M","M","$","?","$","M","B",null,"R","M","$","?","M","M","T","$","M","E","?","$","R","?","M","B",null,"R","M","?","?","?","M","T","M","?","$","R","M","$","M","M","B",null],"character_chosen":"GUARDIAN","items_purchased":["Adrenaline Potion","Guardian:FloatingOrbs","Bag of Preparation","White Beast Statue","expansioncontent:QuickStudy+1","DollysMirror","Finesse","MerchantsRug","Matryoshka","Replay:Bottled Flurry","Cauldron","Guardian:TimeCapacitor","Lantern","Guardian:FloatingOrbs","Guardian:ChargeCore","Vajra","Strange Spoon","Replay:WaspNest","Replay:Rubber Ducky","Frozen Eye","Guardian:TimeCapacitor","Guardian:DonusPower","Guardian:SentryBeam","ReplayTheSpireMod:Necrogeddon","Guardian:AncientConstruct","PreservedInsect","Replay:Bottled Snecko","Membership Card","Secret Technique","ReplayTheSpireMod:TigerMarble","Bottled Flame","PrismaticShard","Guardian:ArmoredProtocol","Replay:Ringing Soul","Replay:Towering Pillar of Hats","TheAbacus"],"campfire_rested":0,"item_purchase_floors":[5,12,12,12,12,12,12,12,14,14,14,14,20,20,20,20,20,25,25,25,25,25,25,29,29,29,29,29,44,44,44,44,44,47,47,47],"current_hp_per_floor":[88,80,74,73,73,17,17,17,14,39,39,39,39,43,39,19,93,93,93,83,83,83,80,80,60,60,60,60,60,60,60,62,65,65,65,65,73,54,54,58,58,58,48,48,48,52,52,69,74,13],"gold":747,"neow_bonus":"TEN_PERCENT_HP_BONUS","is_daily":false,"chose_seed":false,"campfire_upgraded":5,"win_rate":0.0,"timestamp":1611663378,"path_taken":["R_BF","M","M","M","$","?","T","R","?","M","M","?","?","$","M","BOSS","R","M","$","?","M","M","T","$","M","E","?","$","R","?","M","BOSS","R","M","?","?","?","M","T","M","?","$","R","M","$","M","M","BOSS"],"items_purchased_type":["Potion","Card","Relic","Relic","Card","Relic","Card","Relic","Relic","Relic","Relic","Card","Relic","Card","Card","Relic","Relic","Relic","Relic","Relic","Card","Card","Card","Card","Card","Relic","Relic","Relic","Card","Relic","Relic","Relic","Card","Relic","Relic","Relic"],"build_version":"2020-12-22","purchased_purges":2,"victory":true,"max_hp_per_floor":[88,88,88,88,88,88,88,88,88,88,88,88,88,93,93,93,93,93,93,93,93,93,93,93,93,93,93,93,93,93,65,65,65,65,65,65,73,73,73,73,73,73,73,73,73,73,73,76,79,79],"card_choices":[{"not_picked":["Guardian:DecasProtection","Guardian:CrystalBeam","Guardian:Planning"],"picked":"SKIP","floor":2},{"not_picked":["Guardian:VentSteam","Guardian:Planning"],"picked":"Guardian:SentryBeam","floor":3},{"not_picked":["Guardian:Gem_Red","Guardian:Reroute"],"picked":"Guardian:Gem_Cyan","floor":4},{"not_picked":["Guardian:PrimingBeam","Guardian:Harden"],"picked":"Guardian:Repulse","floor":5},{"not_picked":["Guardian:PiercingHide","Guardian:WalkerClaw"],"picked":"Guardian:BronzeOrb","floor":9},{"not_picked":["Guardian:Suspension","Guardian:TimeBomb"],"picked":"Guardian:Gem_Fragmented","floor":10},{"not_picked":["Guardian:ShieldCharger","Guardian:RefractedBeam"],"picked":"Guardian:SpikerProtocol","floor":11},{"not_picked":["Guardian:HyperBeam_Guardian","Guardian:Suspension"],"picked":"Guardian:TemporalShield","floor":12},{"not_picked":["Guardian:PrimingBeam","Guardian:Gem_White"],"picked":"Guardian:ArmoredProtocol","floor":14},{"not_picked":["Guardian:RollAttack","Guardian:PrimingBeam"],"picked":"Guardian:Recover","floor":15},{"not_picked":["Guardian:TimeSifter","Guardian:HyperBeam_Guardian"],"picked":"Guardian:RevengeProtocol","floor":16},{"not_picked":["Guardian:Gem_Cyan","Guardian:CrystalBeam"],"picked":"Guardian:Incinerate+1","floor":19},{"not_picked":["Guardian:Gem_Cyan","Guardian:Gem_Red"],"picked":"Guardian:CrystalBeam","floor":20},{"not_picked":["Guardian:Repulse+1","Guardian:Gem_Lightblue"],"picked":"Guardian:Gem_Crimson","floor":22},{"not_picked":["Guardian:Harden","Guardian:ShieldCharger"],"picked":"Guardian:ChargeCore","floor":23},{"not_picked":["Guardian:RollAttack","Guardian:ExploitGems"],"picked":"Guardian:Clone","floor":25},{"not_picked":["Guardian:PolyBeam","Guardian:BodySlam"],"picked":"Guardian:ChargeCore","floor":26},{"not_picked":["Guardian:Incinerate","Guardian:PiercingHide","Guardian:TemporalStrike"],"picked":"SKIP","floor":27},{"not_picked":["Guardian:Gem_Lightblue","Guardian:PrismaticBarrier"],"picked":"Guardian:Gem_Cyan","floor":28},{"not_picked":["Guardian:Gem_Cyan","Guardian:ChargeCore"],"picked":"Guardian:Gem_Synthetic","floor":29},{"not_picked":["Guardian:PolyBeam","Guardian:Reroute","Guardian:ShieldCharger"],"picked":"SKIP","floor":32},{"not_picked":["Guardian:AncientConstruct","Guardian:ExploitGems"],"picked":"Guardian:SphericShield","floor":33},{"not_picked":["Guardian:Incinerate+1","Guardian:ChargeCore"],"picked":"Guardian:ShieldCharger+1","floor":36},{"not_picked":["Guardian:Reroute+1","Guardian:Planning+1"],"picked":"Guardian:WalkerClaw+1","floor":36},{"not_picked":["Guardian:Gem_Lightblue","Guardian:VentSteam+1"],"picked":"Guardian:Gem_Yellow","floor":38},{"not_picked":["Guardian:Gem_Cyan","Guardian:VentSteam+1"],"picked":"Guardian:TimeCapacitor+1","floor":40},{"not_picked":["Guardian:CrystalBeam+1","Guardian:PrismaticBeam+1"],"picked":"Guardian:Recover+1","floor":40},{"not_picked":["Guardian:Emergency","Guardian:VentSteam","Guardian:Gem_Green"],"picked":"Guardian:PrismaticBeam+1","floor":42},{"not_picked":["Guardian:PrismaticBeam+1","Guardian:Clone+1","Guardian:RollAttack"],"picked":"Guardian:ConstructionForm","floor":42},{"not_picked":["Replay:SS_hec_1","expansioncontent:LastStand","Replay:SS_forest_2"],"picked":"Replay:SS_fish_1","floor":43},{"not_picked":["expansioncontent:HyperBeam","Replay:SS_forest_2","Replay:SS_hec_1"],"picked":"expansioncontent:Chronoboost","floor":43},{"not_picked":["expansioncontent:YouAreMine","expansioncontent:Hexaburn","expansioncontent:PrepareCrush"],"picked":"expansioncontent:AwakenDeath","floor":43},{"not_picked":["bronze:OilSpill","Shrug It Off+1","Sword Boomerang+1"],"picked":"sneckomod:UnknownClassTHE_BRONZE_AUTOMATON","floor":46},{"not_picked":["champ:Backstep","TheCursedMod:SpitefulStrike","bronze:Branch","TheCursedMod:ParallelWorld"],"picked":"SKIP","floor":46},{"not_picked":["Guardian:SentryBeam","Deflect+1","Slimebound:SplitLeeching+1"],"picked":"MysteriousBeam+1","floor":48},{"not_picked":["hermit:FullyLoaded","Dark Shackles+1","hermit:Desperado+1"],"picked":"sneckomod:UnknownClassSLIMEBOUND+1","floor":48},{"not_picked":["sneckomod:UnknownClassTHE_BRONZE_AUTOMATON","TheCursedMod:SmokeScreen+1","hexamod:ThermalTransfer+1"],"picked":"Guardian:SpikerProtocol+1","floor":49},{"not_picked":["champ:GutPunch","Slimebound:SlimeSpikes+1","BattleHymn"],"picked":"champ:FocusedDefense","floor":49}],"player_experience":58237,"relics_obtained":[{"floor":6,"key":"downfall:GremlinWheel"},{"floor":7,"key":"Ornamental Fan"},{"floor":24,"key":"Regal Pillow"},{"floor":24,"key":"Garlic"},{"floor":27,"key":"Juzu Bracelet"},{"floor":28,"key":"Replay:Arrowhead"},{"floor":28,"key":"Onion Ring"},{"floor":34,"key":"InkBottle"},{"floor":34,"key":"Centennial Puzzle"},{"floor":34,"key":"Prayer Wheel"},{"floor":38,"key":"Shovel"},{"floor":41,"key":"Pantograph"},{"floor":41,"key":"Question Card"},{"floor":45,"key":"Kunai"}],"event_choices":[{"cards_removed":["Guardian:Defend_Guardian"],"damage_healed":0,"gold_gain":0,"player_choice":"Card Removal","damage_taken":0,"max_hp_gain":0,"max_hp_loss":0,"event_name":"Wheel of Change","floor":8,"gold_loss":0},{"damage_healed":0,"gold_gain":0,"player_choice":"Got Potions","damage_taken":0,"max_hp_gain":0,"max_hp_loss":0,"event_name":"Lab","floor":13,"gold_loss":0},{"damage_healed":0,"gold_gain":0,"player_choice":"Became a vampire","damage_taken":0,"max_hp_gain":0,"max_hp_loss":28,"event_name":"Vampires","floor":31,"gold_loss":0,"cards_obtained":["Bite","Bite","Bite","Bite","Bite"]},{"damage_healed":0,"gold_gain":0,"player_choice":"Fight","damage_taken":0,"max_hp_gain":0,"max_hp_loss":0,"event_name":"Mysterious Sphere","floor":38,"gold_loss":0}],"is_beta":false,"boss_relics":[{"not_picked":["Sozu","ReplayTheSpireMod:DimensionalGlitch"],"picked":"Coffee Dripper"},{"not_picked":["ChewingGum","SacredBark"],"picked":"Calling Bell"}],"items_purged_floors":[12,20],"is_endless":false,"potions_floor_spawned":[2,3,9,14,15,16,19,20,22,23,25,26,27,28,29,32,33,36,38,40,42,46,48,49],"ascension_level":0}}