{"host":"4rvakrj1idbgia3f","time":1611637822,"event":{"mods":["BaseMod","Colored Map","Colored Powertips","DeckTracker","Highlight Path","Minty Spire (QoL Compilation)","Random Character Button","StSLib"],"gold_per_floor":[119,44,44,64,64,64,99,118,143,143,162,162,162,187,187,265,265,276,231,248,248,248],"floor_reached":21,"language":"JPN","playtime":41509,"items_purged":["Defend_G"],"score":428,"play_id":"638f64dd-f24f-4baa-a8c8-6e926a5bed39","local_time":"20210126141022","is_ascension_mode":true,"campfire_choices":[{"data":"Flying Knee","floor":6,"key":"SMITH"},{"data":"Terror","floor":10,"key":"SMITH"},{"data":"Malaise","floor":12,"key":"SMITH"},{"data":"Caltrops","floor":15,"key":"SMITH"}],"circlet_count":0,"master_deck":["AscendersBane","Strike_G","Strike_G","Strike_G","Strike_G","Strike_G","Defend_G","Defend_G","Defend_G","Defend_G","Survivor","Neutralize","Flying Knee+1","Terror+1","Accuracy","Malaise+1","Caltrops+1","After Image","Backflip","Cloak And Dagger"],"relics":["Ring of the Snake","NeowsBlessing","PreservedInsect","Question Card","Potion Belt","FaceOfCleric","Smiling Mask","Coffee Dripper"],"acts_visited":["Exordium","TheCity"],"potions_floor_usage":[14],"damage_taken":[{"damage":0,"enemies":"Jaw Worm","floor":1,"turns":1},{"damage":0,"enemies":"Cultist","floor":4,"turns":1},{"damage":0,"enemies":"Lagavulin","floor":7,"turns":1},{"damage":0,"enemies":"Small Slimes","floor":8,"turns":3},{"damage":6,"enemies":"2 Fungi Beasts","floor":11,"turns":4},{"damage":22,"enemies":"3 Sentries","floor":14,"turns":8},{"damage":31,"enemies":"The Guardian","floor":16,"turns":14},{"damage":8,"enemies":"Shell Parasite","floor":18,"turns":5},{"damage":17,"enemies":"2 Thieves","floor":19,"turns":5},{"damage":27,"enemies":"Shelled Parasite and Fungi","floor":20,"turns":7},{"damage":7,"enemies":"3 Cultists","floor":21,"turns":2}],"seed_played":"1115138778904590143","potions_obtained":[{"floor":11,"key":"EntropicBrew"}],"is_trial":false,"path_per_floor":["M","$","?","M","?","R","E","M","T","R","M","R","?","E","R","B",null,"M","M","M","M"],"character_chosen":"THE_SILENT","items_purchased":[],"campfire_rested":0,"item_purchase_floors":[],"current_hp_per_floor":[59,59,59,59,59,59,59,59,59,59,53,53,53,32,32,2,52,45,29,3,0,0],"gold":248,"neow_bonus":"THREE_ENEMY_KILL","is_daily":false,"chose_seed":false,"campfire_upgraded":4,"win_rate":0.0,"timestamp":1611637822,"path_taken":["M","$","?","?","?","R","E","M","T","R","M","R","?","E","R","BOSS","M","M","?","M"],"items_purchased_type":[],"build_version":"2020-12-22","purchased_purges":1,"victory":false,"max_hp_per_floor":[66,66,66,66,66,66,66,66,66,66,66,66,66,67,67,68,68,69,70,71,71,71],"card_choices":[{"not_picked":["Bane","Infinite Blades"],"picked":"Flying Knee","floor":1},{"not_picked":["Heel Hook","Bane"],"picked":"Flying Knee","floor":4},{"not_picked":["Dodge and Roll","Catalyst"],"picked":"Terror","floor":7},{"not_picked":["Slice","Reflex","Deadly Poison"],"picked":"Accuracy","floor":8},{"not_picked":["Acrobatics","Dodge and Roll","Eviscerate"],"picked":"Malaise","floor":11},{"not_picked":["Sucker Punch","Setup","Choke"],"picked":"Caltrops","floor":14},{"not_picked":["Wraith Form v2","Venomology","Doppelganger"],"picked":"After Image","floor":16},{"not_picked":["Catalyst","Slice","Concentrate"],"picked":"Backflip","floor":18},{"not_picked":["Catalyst","Riddle With Holes+1","Backflip"],"picked":"Cloak And Dagger","floor":20}],"player_experience":2077483,"relics_obtained":[{"floor":7,"key":"Question Card"},{"floor":9,"key":"Potion Belt"},{"floor":14,"key":"Smiling Mask"}],"event_choices":[{"cards_removed":["Flying Knee"],"damage_healed":0,"gold_gain":0,"player_choice":"Gave Card","damage_taken":0,"relics_obtained":["PreservedInsect"],"max_hp_gain":0,"max_hp_loss":0,"event_name":"WeMeetAgain","floor":3,"gold_loss":0},{"damage_healed":0,"gold_gain":0,"player_choice":"Ignored","damage_taken":0,"max_hp_gain":0,"max_hp_loss":0,"event_name":"Shining Light","floor":5,"gold_loss":0},{"damage_healed":0,"gold_gain":0,"player_choice":"Trade","damage_taken":0,"relics_obtained":["FaceOfCleric"],"max_hp_gain":0,"max_hp_loss":0,"event_name":"FaceTrader","floor":13,"gold_loss":0}],"is_beta":false,"boss_relics":[{"not_picked":["Runic Pyramid","Pandora\u0027s Box"],"picked":"Coffee Dripper"}],"items_purged_floors":[2],"is_endless":false,"potions_floor_spawned":[11,14,20],"killed_by":"3 Cultists","ascension_level":20}}