{"host":"3e3mwsgb9gfqiuxm","time":1611660240,"event":{"mods":["Act Like it!","BaseMod","Colored Map","Colored Powertips","Downfall","Gensokyo","Googly Eyes","Hermit","Marisa????????","Minty Spire (QoL Compilation)","Replay The Spire","StSLib","The Animator","The Bug Knight","The Cursed","The Servant 0.9.4"],"gold_per_floor":[99,114,148,175,27,27,53,180,213,213,265,265,331,400,473,657,657,657,690,690,433,468,468,468,468,468,519,519,628,735,838,901,1093,1093,1093,1182,1292,1292,1292,897,897,1074,760,849,907,922,822,923,988,1008],"floor_reached":51,"language":"ENG","playtime":3682,"items_purged":["Strike_MRS","Strike_MRS","Strike_MRS+1"],"score":962,"play_id":"61210e88-4227-43bb-8119-69c9a3698270","local_time":"20210126062400","is_ascension_mode":true,"campfire_choices":[{"data":"MasterSpark","floor":1.0,"key":"SMITH"},{"data":"WitchOfGreed","floor":6.0,"key":"SMITH"},{"data":"Robbery","floor":10.0,"key":"SMITH"},{"data":"CasketOfStar","floor":12.0,"key":"SMITH"},{"data":"MillisecondPulsars","floor":18.0,"key":"SMITH"},{"data":"WitchOfGreed","floor":23.0,"key":"SMITH"},{"data":"EventHorizon","floor":26.0,"key":"SMITH"},{"data":"MagicChant","floor":35.0,"key":"SMITH"},{"floor":47,"key":"REST"}],"circlet_count":0,"master_deck":["Defend_MRS","Defend_MRS","Defend_MRS","MasterSpark+1","UpSweep","Robbery+1","SporeBomb","UnstableBomb","PulseMagic","WitchOfGreed+1","MysteriousBeam","BlazeAway","CasketOfStar+1","OortCloud","MagicChant+1","GrandCross","MillisecondPulsars+1","OortCloud","EventHorizon+1","OortCloud","Acceleration","WitchOfGreed+1","LuminesStrike+1","AsteroidBelt","GrandCross","WitchOfGreed+1","FinalSpark","FairyDestructionRay+1","Gensokyo:RainbowDanmaku+1","Gensokyo:SevenSchoolMysteries","Gensokyo:MedicineKit","GalacticHalo+1","Flash of Steel+1","EventHorizon","GalacticHalo+1","Acceleration","6A+1"],"relics":["MiniHakkero","Replay:Baseball","Potion Belt","FossilizedHelix","Replay:Bronze Core","Simple Rune","Mercury Hourglass","Blue Candle","Akabeko","Runic Pyramid","Golden Egg","Quantum Egg","Replay:Mystery Machine","Omamori","TheAbacus","Bottled Flame","downfall:HeartBlessingGreen","Pocketwatch","Shuriken"],"acts_visited":["Exordium","Gensokyo:Gensokyoer","Gensokyo:Gensokyoest"],"potions_floor_usage":[45,45,45,45,48,48,48,48,50,50],"damage_taken":[{"damage":1.0,"enemies":"Jaw Worm","floor":2.0,"turns":4.0},{"damage":1.0,"enemies":"Cultist","floor":3.0,"turns":3.0},{"damage":3.0,"enemies":"Small Slimes","floor":4.0,"turns":3.0},{"damage":0.0,"enemies":"downfall:FleeingMerchant","floor":5.0,"turns":4.0},{"damage":11.0,"enemies":"downfall:LadyInBlue","floor":8.0,"turns":4.0},{"damage":0.0,"enemies":"HollowMod:MossKnight","floor":9.0,"turns":3.0},{"damage":0.0,"enemies":"Gremlin Nob","floor":11.0,"turns":2.0},{"damage":0.0,"enemies":"3 Louse","floor":13.0,"turns":3.0},{"damage":14.0,"enemies":"Lots of Slimes","floor":14.0,"turns":4.0},{"damage":1.0,"enemies":"Large Slime","floor":15.0,"turns":6.0},{"damage":22.0,"enemies":"SI_SHIV_ARCHETYPE","floor":16.0,"turns":7.0},{"damage":0.0,"enemies":"Gensokyo:Chomper","floor":19.0,"turns":2.0},{"damage":0.0,"enemies":"downfall:FleeingMerchant","floor":21.0,"turns":5.0},{"damage":14.0,"enemies":"Gensokyo:3_Dogs","floor":22.0,"turns":3.0},{"damage":14.0,"enemies":"Gensokyo:Wraith","floor":27.0,"turns":3.0},{"damage":10.0,"enemies":"Gensokyo:Slime_Group","floor":29.0,"turns":5.0},{"damage":13.0,"enemies":"Gensokyo:3_Gloops","floor":30.0,"turns":4.0},{"damage":27.0,"enemies":"Gensokyo:Koishi","floor":31.0,"turns":5.0},{"damage":0.0,"enemies":"Gensokyo:Mirror_and_Dog","floor":32.0,"turns":3.0},{"damage":13.0,"enemies":"DF_ARCHETYPE_CLAW","floor":33.0,"turns":6.0},{"damage":0.0,"enemies":"Gensokyo:3_Bats","floor":36.0,"turns":4.0},{"damage":0.0,"enemies":"Gensokyo:AncientGuardian","floor":37.0,"turns":4.0},{"damage":0.0,"enemies":"Gensokyo:AncientGuardian","floor":39.0,"turns":6.0},{"damage":4.0,"enemies":"Gensokyo:Kasen","floor":42.0,"turns":6.0},{"damage":4.0,"enemies":"downfall:FleeingMerchant","floor":43.0,"turns":4.0},{"damage":36.0,"enemies":"Gensokyo:AtlasGolem","floor":44.0,"turns":5.0},{"damage":15,"enemies":"Gensokyo:Marisa","floor":45,"turns":4},{"damage":18,"enemies":"Gensokyo:4_Bats","floor":46,"turns":3},{"damage":44,"enemies":"Gensokyo:Kasen","floor":48,"turns":8},{"damage":0,"enemies":"Gensokyo:SeedOfUnknown","floor":49,"turns":3},{"damage":24,"enemies":"IC_BLOCK_ARCHETYPE","floor":50,"turns":9}],"seed_played":"-1460702906499827509","potions_obtained":[{"floor":2.0,"key":"EntropicBrew"},{"floor":3.0,"key":"Cursed Concoction"},{"floor":8.0,"key":"LiquidMemories"},{"floor":8.0,"key":"LifebloodPotion"},{"floor":8.0,"key":"Block Potion"},{"floor":8.0,"key":"EntropicBrew"},{"floor":9.0,"key":"Block Potion"},{"floor":13.0,"key":"FearPotion"},{"floor":14.0,"key":"AttackPotion"},{"floor":14.0,"key":"Swift Potion"},{"floor":15.0,"key":"Weak Potion"},{"floor":16.0,"key":"Doom Potion"},{"floor":19.0,"key":"Dexterity Potion"},{"floor":22.0,"key":"Energy Potion"},{"floor":22.0,"key":"EssenceOfSteel"},{"floor":27.0,"key":"SpeedPotion"},{"floor":27.0,"key":"LiquidMemories"},{"floor":29.0,"key":"BlessingOfTheForge"},{"floor":30.0,"key":"Fruit Juice"},{"floor":30.0,"key":"Regen Potion"},{"floor":30.0,"key":"CultistPotion"},{"floor":31.0,"key":"LiquidMemories"},{"floor":32.0,"key":"Swift Potion"},{"floor":33.0,"key":"Adrenaline Potion"},{"floor":33.0,"key":"LiquidMemories"},{"floor":33.0,"key":"BlessingOfTheForge"},{"floor":36.0,"key":"Ancient Potion"},{"floor":36.0,"key":"Strength Potion"},{"floor":36.0,"key":"Dexterity Potion"},{"floor":37.0,"key":"Adrenaline Potion"},{"floor":37.0,"key":"Strength Potion"},{"floor":42.0,"key":"Fire Potion"},{"floor":42.0,"key":"PowerPotion"},{"floor":42.0,"key":"Dexterity Potion"},{"floor":42.0,"key":"Block Potion"},{"floor":43.0,"key":"Explosive Potion"},{"floor":44.0,"key":"GamblersBrew"},{"floor":44.0,"key":"SneckoOil"},{"floor":45,"key":"champ:CounterPotion"},{"floor":45,"key":"AttackPotion"},{"floor":46,"key":"champ:CounterPotion"},{"floor":48,"key":"Elixir"},{"floor":48,"key":"AttackPotion"},{"floor":48,"key":"SkillPotion"},{"floor":48,"key":"Strength Potion"},{"floor":49,"key":"BlessingOfTheForge"},{"floor":49,"key":"Block Potion"}],"is_trial":false,"path_per_floor":["R","M","M","M","$","R","T","?","E","R","E","R","M","M","M","B",null,"R","M","?","$","M","R","T","?","R","M","?","M","M","E","M","B",null,"R","M","M","?","?","COS","T","E","$","M","E","M","R","E","M","B",null],"character_chosen":"MARISA","items_purchased":["WitchOfGreed","MysteriousBeam","Acceleration","Simple Rune","Replay:Mystery Machine","Omamori","TheAbacus","GalacticHalo","Flash of Steel"],"campfire_rested":1,"item_purchase_floors":[5,5,21,21,43,43,43,43,43],"current_hp_per_floor":[82,81,80,77,77,77,77,66,73,73,73,73,73,59,58,36,89,89,89,89,89,75,75,75,70,70,56,56,46,38,25,25,12,94,94,94,94,94,94,94,94,90,86,50,35,17,45,1,3,70],"gold":1008,"neow_bonus":"TEN_PERCENT_HP_BONUS","is_daily":false,"chose_seed":false,"campfire_upgraded":8,"win_rate":0.0,"timestamp":1611660240,"path_taken":["R","M","M","M","$","R","T","?","E","R","E","R","M","?","M","BOSS","R","M","?","$","M","R","T","?","R","?","?","M","M","E","M","BOSS","R","M","M","?","?","COS","T","E","$","M","E","M","R","E","M","BOSS"],"items_purchased_type":["Card","Card","Card","Relic","Relic","Relic","Relic","Card","Card"],"build_version":"2020-12-22","purchased_purges":3,"victory":true,"max_hp_per_floor":[82,82,82,82,82,82,82,82,89,89,89,89,89,89,89,89,89,89,89,89,89,89,89,89,89,89,89,89,89,94,94,94,94,94,94,94,94,94,94,94,94,94,94,94,94,94,94,94,94,94],"card_choices":[{"not_picked":["RefractionSpark","Singularity"],"picked":"Robbery","floor":2.0},{"not_picked":["DarkSpark","GravityBeat"],"picked":"SporeBomb","floor":3.0},{"not_picked":["IllusionStar","SporeBomb"],"picked":"UnstableBomb","floor":4.0},{"not_picked":["MagicAbsorber","SprinkleStarSeal"],"picked":"PulseMagic","floor":5.0},{"not_picked":["GravityBeat","ChargingUp"],"picked":"BlazeAway","floor":8.0},{"not_picked":["NonDirectionalLaser","MilkyWay","UnstableBomb"],"picked":"SKIP","floor":9.0},{"not_picked":["OneTimeOff","SatelliteIllusion"],"picked":"CasketOfStar","floor":11.0},{"not_picked":["PowerUp","LuminesStrike"],"picked":"OortCloud","floor":13.0},{"not_picked":["PropBag","OpenUniverse"],"picked":"MagicChant","floor":14.0},{"not_picked":["MysteriousBeam","OpenUniverse"],"picked":"GrandCross","floor":15.0},{"not_picked":["SuperNova","JA"],"picked":"MillisecondPulsars","floor":16.0},{"not_picked":["PropBag","GalacticHalo"],"picked":"OortCloud","floor":19.0},{"not_picked":["StarlightTyphoon","GalacticHalo+1"],"picked":"OortCloud","floor":21.0},{"not_picked":["OortCloud","DoubleSpark"],"picked":"WitchOfGreed","floor":22.0},{"not_picked":["RefractionSpark","UnstableBomb"],"picked":"LuminesStrike+1","floor":27.0},{"not_picked":["MeteoricShower","Orbital+1"],"picked":"AsteroidBelt","floor":29.0},{"not_picked":["MagicAbsorber","NonDirectionalLaser"],"picked":"GrandCross","floor":30.0},{"not_picked":["DC","SporeBomb","NonDirectionalLaser"],"picked":"SKIP","floor":31.0},{"not_picked":["GalacticHalo","MagicAbsorber"],"picked":"WitchOfGreed+1","floor":32.0},{"not_picked":["ManaRampage","JA"],"picked":"FinalSpark","floor":33.0},{"not_picked":["NonDirectionalLaser+1","DoubleSpark+1"],"picked":"FairyDestructionRay+1","floor":36.0},{"not_picked":["ShootTheMoon","Robbery","DarkSpark"],"picked":"SKIP","floor":37.0},{"not_picked":["Gensokyo:Dawn+1","Gensokyo:HouraiInAPot+1"],"picked":"Gensokyo:RainbowDanmaku+1","floor":39.0},{"not_picked":["MaximisePower","GrandCross","WitchLeyline"],"picked":"SKIP","floor":42.0},{"not_picked":["UnstableBomb","DC+1","BlazingStar"],"picked":"SKIP","floor":43.0},{"not_picked":["ShootingEcho","GravityBeat","UnstableBomb"],"picked":"SKIP","floor":44.0},{"not_picked":["ChargingUp","ShootingEcho"],"picked":"EventHorizon","floor":45},{"not_picked":["GrandCross","PowerUp+1"],"picked":"GalacticHalo+1","floor":46},{"not_picked":["OpenUniverse","SporeBomb"],"picked":"Acceleration","floor":48},{"not_picked":["StarBarrage","DoubleSpark"],"picked":"6A+1","floor":49}],"player_experience":1326845,"relics_obtained":[{"floor":7.0,"key":"Replay:Baseball"},{"floor":8.0,"key":"Potion Belt"},{"floor":9.0,"key":"Strawberry"},{"floor":11.0,"key":"FossilizedHelix"},{"floor":24.0,"key":"Mercury Hourglass"},{"floor":31.0,"key":"Akabeko"},{"floor":41.0,"key":"Golden Egg"},{"floor":42.0,"key":"Quantum Egg"},{"floor":45,"key":"Bottled Flame"},{"floor":48,"key":"Shuriken"}],"event_choices":[],"is_beta":false,"boss_relics":[{"not_picked":["bronze:MakeshiftBattery","Cursed Key"],"picked":"Replay:Bronze Core"},{"not_picked":["Velvet Choker","Black Star"],"picked":"Runic Pyramid"}],"items_purged_floors":[5,21,43],"is_endless":false,"potions_floor_spawned":[2,3,9,11,14,15,19,22,27,30,32,42,44,45,46,48,49],"ascension_level":2}}