{"host":"1ecbliur7lfoj0sl","time":1611647594,"event":{"mods":["100% Spire Juice","BaseMod","Minty Spire (QoL Compilation)","StSLib","Waifu the Spire"],"gold_per_floor":[111,128,147,147,163,163,177,177,200,200,213,105,121,135,15,114,114,128,145,145,158,57,57,57,57,84,84,109,109,127,156,156,261,21,35,50,100,100,100,100,25,35,85,115,125,145,172,190,190,190,190,190,90,118,118],"floor_reached":56,"language":"ZHS","playtime":2816,"items_purged":["Moonworks:Defend","Moonworks:RocketCannon"],"score":1477,"play_id":"45c5a6ed-9f69-4da1-ad26-c6d6026cedda","local_time":"20210126155314","is_ascension_mode":true,"campfire_choices":[{"data":"Moonworks:ReflectiveShell","floor":6.0,"key":"SMITH"},{"data":"Moonworks:Ambush","floor":8.0,"key":"SMITH"},{"floor":15.0,"key":"REST"},{"data":"Moonworks:CloudOfSeagulls","floor":23,"key":"SMITH"},{"data":"Moonworks:StiffCrystal","floor":25,"key":"SMITH"},{"data":"Moonworks:AnotherUltimateWeapon","floor":27,"key":"SMITH"},{"data":"Moonworks:AccelHyper","floor":32,"key":"SMITH"},{"floor":40,"key":"RECALL"},{"floor":49,"key":"REST"},{"floor":52,"key":"REST"}],"circlet_count":0,"master_deck":["Moonworks:Defend","Moonworks:Defend","Moonworks:Defend","Moonworks:Ambush+1","Moonworks:LongDistanceShot","Moonworks:NicePresent","Moonworks:ImmovableObject+1","Moonworks:ReflectiveShell+1","Moonworks:LuckyCharm","Moonworks:CookingTime","Moonworks:CloudOfSeagulls+1","Moonworks:StiffCrystal+1","Moonworks:AnotherUltimateWeapon+1","Moonworks:RagingMadness","Moonworks:TreasureThief","Moonworks:AccelHyper+1","Moonworks:Dinner","Moonworks:NicePresent+1","Moonworks:ForcedRevival+1","Moonworks:JonathanRush+1","Moonworks:GoAway","Moonworks:JonathanRush+1","Moonworks:NicePresent","Moonworks:BigMagnum+1","Moonworks:Bloodlust+1","Moonworks:EvilSpyWorkPreparation+1","Moonworks:NicePresent","Moonworks:UnluckyCharm+1"],"relics":["Moonworks:BrokenBomb","Moonworks:Homemark","Runic Pyramid","Anchor","Orichalcum","Bronze Scales","Pantograph","Fusion Hammer","Gambling Chip","Oddly Smooth Stone","FossilizedHelix","Pear","HornCleat"],"acts_visited":["Exordium","TheCity","TheBeyond","TheEnding"],"potions_floor_usage":[55,55,55],"damage_taken":[{"damage":1.0,"enemies":"Cultist","floor":1.0,"turns":3.0},{"damage":6.0,"enemies":"Small Slimes","floor":2.0,"turns":4.0},{"damage":4.0,"enemies":"Jaw Worm","floor":3.0,"turns":4.0},{"damage":11.0,"enemies":"Lots of Slimes","floor":5.0,"turns":6.0},{"damage":9.0,"enemies":"Exordium Thugs","floor":7.0,"turns":5.0},{"damage":1.0,"enemies":"2 Fungi Beasts","floor":11.0,"turns":5.0},{"damage":1.0,"enemies":"Looter","floor":12.0,"turns":3.0},{"damage":16.0,"enemies":"Lots of Slimes","floor":13.0,"turns":4.0},{"damage":8.0,"enemies":"2 Fungi Beasts","floor":14.0,"turns":6.0},{"damage":0,"enemies":"Slime Boss","floor":16,"turns":6},{"damage":0,"enemies":"Spheric Guardian","floor":18,"turns":4},{"damage":10,"enemies":"2 Thieves","floor":19,"turns":5},{"damage":2,"enemies":"Chosen and Byrds","floor":21,"turns":9},{"damage":0,"enemies":"Centurion and Healer","floor":22,"turns":7},{"damage":12,"enemies":"Book of Stabbing","floor":28,"turns":6},{"damage":0,"enemies":"Shelled Parasite and Fungi","floor":30,"turns":5},{"damage":17,"enemies":"Slavers","floor":31,"turns":6},{"damage":0,"enemies":"Champ","floor":33,"turns":8},{"damage":0,"enemies":"Orb Walker","floor":35,"turns":3},{"damage":0,"enemies":"3 Darklings","floor":36,"turns":5},{"damage":0,"enemies":"Mind Bloom Boss Battle","floor":37,"turns":6},{"damage":0,"enemies":"Maw","floor":42,"turns":5},{"damage":0,"enemies":"Reptomancer","floor":44,"turns":6},{"damage":4,"enemies":"4 Shapes","floor":45,"turns":3},{"damage":0,"enemies":"Jaw Worm Horde","floor":46,"turns":3},{"damage":14,"enemies":"Nemesis","floor":47,"turns":4},{"damage":4,"enemies":"Writhing Mass","floor":48,"turns":5},{"damage":61,"enemies":"Time Eater","floor":50,"turns":7},{"damage":31,"enemies":"Shield and Spear","floor":54,"turns":5},{"damage":85,"enemies":"The Heart","floor":55,"turns":7}],"seed_played":"3880704800123947634","potions_obtained":[{"floor":1.0,"key":"Block Potion"},{"floor":11.0,"key":"SneckoOil"},{"floor":12.0,"key":"SpeedPotion"},{"floor":13.0,"key":"PowerPotion"},{"floor":19,"key":"LiquidMemories"}],"is_trial":false,"path_per_floor":["M","M","M","?","M","R","M","R","T","?","M","M","M","M","R","B",null,"M","M","?","M","M","R","?","R","T","R","E","?","M","E","R","B",null,"M","M","?","?","?","R","$","M","T","E","M","M","E","M","R","B",null,"R","$","E","B",null],"character_chosen":"THE_STARBREAKER","items_purchased":[],"campfire_rested":3,"item_purchase_floors":[],"current_hp_per_floor":[65,59,55,55,44,44,35,35,35,35,34,33,20,12,31,37,66,66,56,56,54,60,60,60,60,60,60,54,54,66,57,57,66,66,66,66,66,66,63,63,63,63,63,63,59,63,73,73,73,47,73,73,73,49,25],"gold":118,"neow_bonus":"TEN_PERCENT_HP_BONUS","is_daily":false,"chose_seed":false,"campfire_upgraded":6,"win_rate":0.0,"timestamp":1611647594,"path_taken":["M","M","?","?","M","R","M","R","T","?","M","M","?","M","R","BOSS","M","M","?","M","M","R","?","R","T","R","E","?","?","E","R","BOSS","M","M","?","?","?","R","$","M","T","E","?","M","E","M","R","BOSS","R","$","E","BOSS"],"items_purchased_type":[],"build_version":"2020-12-22","purchased_purges":2,"victory":true,"max_hp_per_floor":[66,66,66,66,66,66,66,66,66,66,66,66,66,66,66,66,66,66,66,66,66,66,66,66,66,66,66,66,66,66,66,66,66,66,66,66,66,66,63,63,63,63,63,63,63,63,73,73,73,73,73,73,73,73,73],"card_choices":[{"not_picked":["Moonworks:IndiscriminateFireSupport","Moonworks:Assault"],"picked":"Moonworks:NicePresent","floor":1.0},{"not_picked":["Moonworks:IndiscriminateFireSupport","Moonworks:UnpaidWork","Moonworks:Assault"],"picked":"SKIP","floor":2.0},{"not_picked":["Moonworks:DeployBits","Moonworks:TacticalRetreat"],"picked":"Moonworks:ImmovableObject","floor":3.0},{"not_picked":["Moonworks:BigMagnum","Moonworks:JonathanRush"],"picked":"Moonworks:ReflectiveShell","floor":5.0},{"not_picked":["Moonworks:SakisCookie","Moonworks:DeployBits","Moonworks:ReproductionOfRecords"],"picked":"SKIP","floor":7.0},{"not_picked":["Moonworks:SakisCookie","Moonworks:BigMagnum"],"picked":"Moonworks:LuckyCharm","floor":11.0},{"not_picked":["Moonworks:SakisCookie","Moonworks:ImOnFire"],"picked":"Moonworks:CookingTime","floor":12.0},{"not_picked":["Moonworks:EvilSpyWorkPreparation","Moonworks:CookingTime"],"picked":"Moonworks:CloudOfSeagulls","floor":13.0},{"not_picked":["Moonworks:CastOff","Moonworks:RagingMadness"],"picked":"Moonworks:StiffCrystal","floor":14.0},{"not_picked":["Moonworks:ShieldCounter","Moonworks:PlushieMaster"],"picked":"Moonworks:AnotherUltimateWeapon","floor":16},{"not_picked":["Moonworks:TacticalRetreat","Moonworks:Bloodlust"],"picked":"Moonworks:RagingMadness","floor":18},{"not_picked":["Moonworks:BigMagnum","Moonworks:EvilSpyWorkPreparation"],"picked":"Moonworks:TreasureThief","floor":19},{"not_picked":["Moonworks:ImOnFire","Moonworks:ReproductionOfRecords+1"],"picked":"Moonworks:Dinner","floor":21},{"not_picked":["Moonworks:ImOnFire","Moonworks:IndiscriminateFireSupport"],"picked":"Moonworks:NicePresent+1","floor":22},{"not_picked":["Moonworks:JonathanRush","Moonworks:Flamethrower"],"picked":"Moonworks:ForcedRevival+1","floor":28},{"not_picked":["Moonworks:BigBangBell+1","Moonworks:DevilHand","Moonworks:FullSpeedAlicianrone+1"],"picked":"SKIP","floor":30},{"not_picked":["Moonworks:SakisCookie","Moonworks:ImOnFire"],"picked":"Moonworks:JonathanRush+1","floor":31},{"not_picked":["Moonworks:FinalBattle","Moonworks:HolyNight"],"picked":"Moonworks:GoAway","floor":33},{"not_picked":["Moonworks:BigMagnum","Moonworks:EvilSpyWorkPreparation+1"],"picked":"Moonworks:JonathanRush+1","floor":35},{"not_picked":["Moonworks:StiffCrystal","Moonworks:CastOff"],"picked":"Moonworks:NicePresent","floor":36},{"not_picked":["Moonworks:SealedMemories","Moonworks:Assault+1","Moonworks:JonathanRush"],"picked":"SKIP","floor":42},{"not_picked":["Moonworks:RedAndBlue+1","Moonworks:OutOfAmmo"],"picked":"Moonworks:BigMagnum+1","floor":44},{"not_picked":["Moonworks:CloudOfSeagulls+1","Moonworks:ImmovableObject"],"picked":"Moonworks:Bloodlust+1","floor":45},{"not_picked":["Moonworks:CloudOfSeagulls","Moonworks:SakisCookie"],"picked":"Moonworks:EvilSpyWorkPreparation+1","floor":46},{"not_picked":["Moonworks:JonathanRush","Moonworks:DeployBits+1","Moonworks:FullSpeedAlicianrone"],"picked":"SKIP","floor":47},{"not_picked":["Moonworks:CloudOfSeagulls","Moonworks:EvilSpyWorkPreparation+1"],"picked":"Moonworks:NicePresent","floor":48},{"not_picked":["Moonworks:SealedMemories+1","Moonworks:IndiscriminateFireSupport+1"],"picked":"Moonworks:UnluckyCharm+1","floor":54}],"player_experience":7509,"relics_obtained":[{"floor":26,"key":"Anchor"},{"floor":28,"key":"Orichalcum"},{"floor":29,"key":"Bronze Scales"},{"floor":31,"key":"Pantograph"},{"floor":37,"key":"Gambling Chip"},{"floor":43,"key":"Oddly Smooth Stone"},{"floor":44,"key":"FossilizedHelix"},{"floor":47,"key":"Pear"},{"floor":54,"key":"HornCleat"}],"event_choices":[{"damage_healed":0.0,"max_hp_gain":0.0,"max_hp_loss":0.0,"gold_gain":0.0,"event_name":"Liars Game","player_choice":"Ignored","floor":4.0,"gold_loss":0.0,"damage_taken":0.0},{"damage_healed":0.0,"max_hp_gain":0.0,"max_hp_loss":0.0,"gold_gain":0.0,"event_name":"Accursed Blacksmith","player_choice":"Forge","floor":10.0,"gold_loss":0.0,"damage_taken":0.0,"cards_upgraded":["Moonworks:ImmovableObject"]},{"damage_healed":0,"gold_gain":0,"cards_transformed":["Moonworks:Strike","Moonworks:Strike"],"player_choice":"Became Test Subject","damage_taken":0,"max_hp_gain":0,"max_hp_loss":0,"event_name":"Drug Dealer","floor":20,"gold_loss":0,"cards_obtained":["Moonworks:RocketCannon","Moonworks:AccelHyper"]},{"cards_removed":["Moonworks:Strike"],"damage_healed":0,"gold_gain":0,"player_choice":"Elegance","damage_taken":0,"max_hp_gain":0,"max_hp_loss":0,"event_name":"Back to Basics","floor":24,"gold_loss":0},{"damage_healed":0,"gold_gain":0,"player_choice":"Relic","damage_taken":0,"max_hp_gain":0,"max_hp_loss":0,"event_name":"Wheel of Change","floor":29,"gold_loss":0},{"damage_healed":0,"gold_gain":0,"player_choice":"Fight","damage_taken":0,"max_hp_gain":0,"max_hp_loss":0,"event_name":"MindBloom","floor":37,"gold_loss":0},{"cards_removed":["Moonworks:Strike"],"damage_healed":0,"gold_gain":0,"player_choice":"Removed Attack","damage_taken":0,"max_hp_gain":0,"max_hp_loss":0,"event_name":"Falling","floor":38,"gold_loss":0},{"damage_healed":0,"gold_gain":0,"player_choice":"Max HP","damage_taken":0,"max_hp_gain":0,"max_hp_loss":3,"event_name":"Winding Halls","floor":39,"gold_loss":0}],"is_beta":false,"boss_relics":[{"not_picked":["Black Star","Empty Cage"],"picked":"Runic Pyramid"},{"not_picked":["Sozu","Philosopher\u0027s Stone"],"picked":"Fusion Hammer"}],"items_purged_floors":[41,53],"is_endless":false,"potions_floor_spawned":[1,11,12,13,19,21,31,35,37,44,45,47],"ascension_level":2}}