{"host":"y1oqg7uy0jc6f5mb","time":1611690219,"event":{"mods":["BaseMod","Better Altar","Better Match","Better Note","Better Sensory Stone","Better Skull","Better Third Choice","Block Reminder","Colored Map","Colored Powertips","Custom Start","DeckTracker","Displayed Cursed Tome","Highlight Path","Ironclad Rager","Minty Spire (QoL Compilation)","Permanent Neow","Quick Restart","Relic Sorter","Relic Stats","Replay The Spire","Shop Mod","StSLib"],"gold_per_floor":[118,138,138,153,153,183,27,27,51,51,86,99,111,11,11,114,114,131,131,131,147,165,165,40,55,55,97,97,137,154,203,203,305,305,323,423,52,70,20,49,60,79,79,79,156,156,156,156,191,211,211,211],"floor_reached":53,"language":"ENG","playtime":6424,"items_purged":["Defend_P","Strike_P","Pain","Sickly"],"score":781,"play_id":"4b6030b9-6919-43bd-80cb-560b3fcda428","local_time":"20210127034339","is_ascension_mode":false,"campfire_choices":[{"data":"Eruption","floor":8.0,"key":"SMITH"},{"data":"Study","floor":10.0,"key":"SMITH"},{"data":"Replay:Vibes","floor":15.0,"key":"SMITH"},{"data":"Vigilance","floor":23.0,"key":"SMITH"},{"data":"Wish","floor":28.0,"key":"SMITH"},{"data":"Adaptation","floor":32.0,"key":"SMITH"},{"data":"Fasting2","floor":46.0,"key":"SMITH"},{"data":"DevaForm","floor":48.0,"key":"SMITH"},{"data":"Replay:Vibes","floor":51,"key":"SMITH"}],"circlet_count":0,"master_deck":["Eruption+1","Vigilance+1","Replay:AllIn","EmptyBody","Study+1","BattleHymn","FlurryOfBlows","DeceiveReality","FearNoEvil","FlurryOfBlows","Replay:Vibes+1","Vault+1","Crescendo","Replay:Battleflow+1","Halt","Wish+1","Adaptation+1","Indignation+1","WaveOfTheHand+1","Alpha","Voices","EmptyFist","Fasting2+1","Halt","Consecrate+1","Consecrate","Collect+1","Prostrate+1","ClearTheMind+1","DevaForm+1","Replay:Vibes+1"],"relics":["PureWater","Ring of Peace","Bag of Preparation","PreservedInsect","Counterbalance","Coffee Dripper","WarpedTongs","Garlic","Kintsugi","Membership Card","Nunchaku","Iron Hammer","Letter Opener"],"acts_visited":["Exordium","TheCity","TheBeyond"],"potions_floor_usage":[52],"damage_taken":[{"damage":7.0,"enemies":"Jaw Worm","floor":1.0,"turns":3.0},{"damage":2.0,"enemies":"Small Slimes","floor":2.0,"turns":2.0},{"damage":0.0,"enemies":"2 Louse","floor":4.0,"turns":3.0},{"damage":4.0,"enemies":"Replay:BlueRogue","floor":6.0,"turns":7.0},{"damage":0.0,"enemies":"Gremlin Nob","floor":11.0,"turns":3.0},{"damage":0.0,"enemies":"Looter","floor":12.0,"turns":2.0},{"damage":0.0,"enemies":"Exordium Thugs","floor":13.0,"turns":3.0},{"damage":0.0,"enemies":"Slime Boss","floor":16.0,"turns":4.0},{"damage":0.0,"enemies":"Spheric Guardian","floor":18.0,"turns":1.0},{"damage":8.0,"enemies":"Chosen","floor":21.0,"turns":4.0},{"damage":25.0,"enemies":"Sentry and Sphere","floor":22.0,"turns":5.0},{"damage":0.0,"enemies":"Chosen and Byrds","floor":25.0,"turns":4.0},{"damage":0.0,"enemies":"Snake Plant","floor":27.0,"turns":4.0},{"damage":3.0,"enemies":"Centurion and Healer","floor":29.0,"turns":6.0},{"damage":0.0,"enemies":"Cultist and Chosen","floor":30.0,"turns":4.0},{"damage":0.0,"enemies":"Shelled Parasite and Fungi","floor":31.0,"turns":4.0},{"damage":5.0,"enemies":"Automaton","floor":33.0,"turns":6.0},{"damage":0.0,"enemies":"Orb Walker","floor":35.0,"turns":3.0},{"damage":0.0,"enemies":"3 Darklings","floor":38.0,"turns":3.0},{"damage":0.0,"enemies":"Reptomancer","floor":40.0,"turns":5.0},{"damage":0.0,"enemies":"4 Shapes","floor":41.0,"turns":6.0},{"damage":0.0,"enemies":"Transient","floor":42.0,"turns":5.0},{"damage":6,"enemies":"Nemesis","floor":49,"turns":5},{"damage":19,"enemies":"Spire Growth","floor":50,"turns":4},{"damage":15,"enemies":"Time Eater","floor":52,"turns":9}],"seed_played":"-3737519074798099445","potions_obtained":[{"floor":2.0,"key":"BlessingOfTheForge"},{"floor":4.0,"key":"BlessingOfTheForge"},{"floor":6.0,"key":"Explosive Potion"},{"floor":18.0,"key":"Reflective Coating"},{"floor":30.0,"key":"Strength Potion"},{"floor":31.0,"key":"Dexterity Potion"},{"floor":33.0,"key":"Block Potion"},{"floor":35.0,"key":"SpeedPotion"},{"floor":41.0,"key":"Adrenaline Potion"},{"floor":42.0,"key":"LiquidMemories"},{"floor":49,"key":"Toxic Potion"}],"is_trial":false,"path_per_floor":["M","M","?","M","?","E","$","R","T","R","E","M","M","$","R","B",null,"M","?","?","M","M","R","$","M","T","M","R","M","M","M","R","B",null,"M","?","$","M","$","E","M","M","PTL","PTL","T","R","?","R","E","M","R","B",null],"character_chosen":"WATCHER","items_purchased":["DeceiveReality","Membership Card","Fasting2","FairyPotion","Energy Potion","Halt","Consecrate","Collect+1"],"campfire_rested":0,"item_purchase_floors":[7,37,37,37,37,37,39,39],"current_hp_per_floor":[65,63,63,63,63,59,59,59,59,59,59,59,59,59,59,59,72,72,72,72,64,39,39,39,39,39,39,39,36,36,36,36,31,72,72,72,72,72,72,72,72,72,72,72,72,72,58,58,52,33,33,18],"gold":211,"neow_bonus":"TRANSFORM_CARD","is_daily":false,"chose_seed":false,"campfire_upgraded":9,"win_rate":0.0,"timestamp":1611690219,"path_taken":["M","M","?","M","?","E","$","R","T","R","E","M","M","$","R","BOSS","M","?","?","M","M","R","$","M","T","?","R","M","M","M","R","BOSS","M","?","$","M","?","E","M","M","PTL","PTL","T","R","?","R","E","M","R","BOSS"],"items_purchased_type":["Card","Relic","Card","Potion","Potion","Card","Card","Card"],"build_version":"2020-12-22","purchased_purges":4,"victory":true,"max_hp_per_floor":[72,72,72,72,72,72,72,72,72,72,72,72,72,72,72,72,72,72,72,72,72,72,72,72,72,72,72,72,72,72,72,72,72,72,72,72,72,72,72,72,72,72,72,72,72,72,72,72,72,72,72,72],"relic_stats":{"Nunchaku":[8],"counters":[25,105],"PreservedInsect":128,"Bag of Preparation":[42],"Letter Opener":[60],"obtain_stats":[{"Counterbalance":11,"PreservedInsect":9,"Bag of Preparation":6,"Letter Opener":49,"WarpedTongs":20,"Nunchaku":40,"Ring of Peace":3,"Iron Hammer":45,"Coffee Dripper":17,"Garlic":26,"Membership Card":37,"PureWater":0,"Kintsugi":34},{"Counterbalance":5,"PreservedInsect":4,"Bag of Preparation":4,"Letter Opener":23,"WarpedTongs":9,"Nunchaku":20,"Ring of Peace":2,"Iron Hammer":22,"Coffee Dripper":8,"Garlic":12,"Membership Card":18,"PureWater":0,"Kintsugi":17},{"Counterbalance":18,"PreservedInsect":15,"Bag of Preparation":15,"Letter Opener":92,"WarpedTongs":28,"Nunchaku":76,"Ring of Peace":5,"Iron Hammer":87,"Coffee Dripper":27,"Garlic":41,"Membership Card":68,"PureWater":0,"Kintsugi":65}],"WarpedTongs":[77]},"card_choices":[{"not_picked":["EmptyFist","BattleHymn"],"picked":"EmptyBody","floor":1.0},{"not_picked":["PathToVictory","Replay:ManipulateFuture"],"picked":"Study","floor":2.0},{"not_picked":["BowlingBash","PathToVictory","ClearTheMind"],"picked":"SKIP","floor":4.0},{"not_picked":["Evaluate","CarveReality"],"picked":"FlurryOfBlows","floor":6.0},{"not_picked":["FollowUp","Fasting2"],"picked":"FearNoEvil","floor":11.0},{"not_picked":["WreathOfFlame","CarveReality"],"picked":"FlurryOfBlows","floor":12.0},{"not_picked":["Protect","CutThroughFate"],"picked":"Replay:Vibes","floor":13.0},{"not_picked":["Ragnarok","Replay:AllIn"],"picked":"Vault","floor":16.0},{"not_picked":["CutThroughFate","BowlingBash+1"],"picked":"Crescendo","floor":18.0},{"not_picked":["EmptyFist","PathToVictory"],"picked":"Replay:Battleflow+1","floor":21.0},{"not_picked":["PathToVictory","FlurryOfBlows"],"picked":"Halt","floor":22.0},{"not_picked":["FlyingSleeves","CrushJoints"],"picked":"Wish","floor":25.0},{"not_picked":["Replay:ManipulateFuture+1","ThirdEye"],"picked":"Adaptation","floor":27.0},{"not_picked":["ThirdEye","Halt"],"picked":"Vengeance","floor":29.0},{"not_picked":["EmptyBody+1","Replay:Cycle+1"],"picked":"Indignation+1","floor":30.0},{"not_picked":["Perseverance+1","JustLucky"],"picked":"WaveOfTheHand+1","floor":31.0},{"not_picked":["Replay:LoomingThreat","Scrawl"],"picked":"Alpha","floor":33.0},{"not_picked":["Halt","Adaptation"],"picked":"EmptyFist","floor":35.0},{"not_picked":["Tantrum+1","CutThroughFate"],"picked":"Consecrate+1","floor":38.0},{"not_picked":["Tantrum+1","FearNoEvil"],"picked":"Prostrate+1","floor":40.0},{"not_picked":["Crescendo+1","WreathOfFlame"],"picked":"ClearTheMind+1","floor":41.0},{"not_picked":["EmptyFist","CrushJoints","CarveReality+1"],"picked":"SKIP","floor":42.0},{"not_picked":["Consecrate","FlyingSleeves+1"],"picked":"Replay:Vibes","floor":49},{"not_picked":["DeceiveReality","BowlingBash+1","Prostrate"],"picked":"SKIP","floor":50}],"player_experience":232211,"relics_obtained":[{"floor":3.0,"key":"Ring of Peace"},{"floor":6.0,"key":"Bag of Preparation"},{"floor":9.0,"key":"PreservedInsect"},{"floor":11.0,"key":"Counterbalance"},{"floor":26.0,"key":"Garlic"},{"floor":40.0,"key":"Nunchaku"},{"floor":45.0,"key":"Iron Hammer"},{"floor":49,"key":"Letter Opener"}],"event_choices":[{"damage_healed":0.0,"max_hp_gain":0.0,"max_hp_loss":0.0,"gold_gain":0.0,"cards_transformed":["Defend_P"],"event_name":"Living Wall","player_choice":"Change","floor":5.0,"gold_loss":0.0,"damage_taken":0.0,"cards_obtained":["BattleHymn"]},{"damage_healed":0.0,"max_hp_gain":0.0,"max_hp_loss":0.0,"gold_gain":0.0,"event_name":"Upgrade Shrine","player_choice":"Upgraded","floor":19.0,"gold_loss":0.0,"damage_taken":0.0,"cards_upgraded":["Vault"]},{"damage_healed":0.0,"max_hp_gain":0.0,"max_hp_loss":0.0,"gold_gain":0.0,"event_name":"Accursed Blacksmith","player_choice":"Rummage","floor":20.0,"gold_loss":0.0,"damage_taken":0.0,"relics_obtained":["WarpedTongs"],"cards_obtained":["Pain"]},{"damage_healed":0.0,"max_hp_gain":0.0,"max_hp_loss":0.0,"gold_gain":100.0,"event_name":"Golden Shrine","player_choice":"Pray","floor":36.0,"gold_loss":0.0,"damage_taken":0.0},{"damage_healed":0.0,"max_hp_gain":0.0,"max_hp_loss":14.0,"gold_gain":3.0,"event_name":"betterStone:BetterStone","player_choice":"2","floor":47.0,"gold_loss":0.0,"damage_taken":0.0}],"is_beta":false,"boss_relics":[{"not_picked":["Runic Dome","Runic Pyramid"],"picked":"Coffee Dripper"},{"not_picked":["Honey Jar","SacredBark"],"picked":"Kintsugi"}],"items_purged_floors":[7,14,24,37],"is_endless":false,"potions_floor_spawned":[2,4,6,18,30,31,33,35,41,42,49],"ascension_level":0}}