{"host":"szp1d6dso4pv7ddl","time":1611637397,"event":{"mods":["AchievementEnabler","Alarm Clock","BaseMod","Bestiary","Block Reminder","Colored Map","Colored Powertips","Curses Come First","Dark Map","Displayed Cursed Tome","Highlight Path","Minty Spire (QoL Compilation)","Permanent Neow","Quick Restart","Relic Sorter","Relic Stats","StSLib","Synergy Search"],"gold_per_floor":[109,184,184,22,34,65,65,81,156,156,187,187,198,198,198,301,301,315,94,19,37,37,37],"floor_reached":22,"language":"ENG","playtime":1036,"items_purged":["Shame"],"score":307,"play_id":"900385f9-6404-4f44-95bd-24edad033779","local_time":"20210125210317","is_ascension_mode":true,"campfire_choices":[{"data":"Fusion","floor":7.0,"key":"SMITH"},{"data":"Barrage","floor":10.0,"key":"SMITH"},{"floor":12.0,"key":"REST"},{"floor":15.0,"key":"REST"}],"circlet_count":0,"master_deck":["AscendersBane","Strike_B","Strike_B","Strike_B","Defend_B","Defend_B","Defend_B","Defend_B","Zap","Dualcast","Rebound+1","Meteor Strike","Fusion+1","Barrage+1","Leap","Turbo","Seek","Glacier","Stack"],"relics":["Cursed Key","Bag of Marbles","Singing Bowl","Lizard Tail","Nuclear Battery","Regal Pillow"],"acts_visited":["Exordium","TheCity"],"potions_floor_usage":[16,22],"damage_taken":[{"damage":2.0,"enemies":"Jaw Worm","floor":1.0,"turns":4.0},{"damage":7.0,"enemies":"Small Slimes","floor":5.0,"turns":3.0},{"damage":10.0,"enemies":"Lagavulin","floor":6.0,"turns":7.0},{"damage":0.0,"enemies":"Cultist","floor":8.0,"turns":2.0},{"damage":36.0,"enemies":"Gremlin Nob","floor":11.0,"turns":4.0},{"damage":7.0,"enemies":"2 Fungi Beasts","floor":13.0,"turns":4.0},{"damage":44,"enemies":"The Guardian","floor":16,"turns":11},{"damage":27,"enemies":"3 Byrds","floor":18,"turns":5},{"damage":11,"enemies":"2 Thieves","floor":21,"turns":5},{"damage":31,"enemies":"Cultist and Chosen","floor":22,"turns":8}],"seed_played":"-7391144442829532481","potions_obtained":[{"floor":1.0,"key":"SkillPotion"},{"floor":5.0,"key":"BlessingOfTheForge"},{"floor":11.0,"key":"SpeedPotion"},{"floor":16,"key":"BlessingOfTheForge"},{"floor":21,"key":"Swift Potion"}],"is_trial":false,"path_per_floor":["M","?","?","$","M","E","R","M","T","R","E","R","M","?","R","B",null,"M","$","?","M","M"],"character_chosen":"DEFECT","items_purchased":["Meteor Strike","Regal Pillow"],"campfire_rested":2,"item_purchase_floors":[4,19],"current_hp_per_floor":[66,55,55,55,48,38,38,38,38,38,2,24,17,17,39,32,64,37,37,37,26,0,0],"gold":37,"neow_bonus":"BOSS_RELIC","is_daily":false,"chose_seed":false,"campfire_upgraded":2,"win_rate":0.0,"timestamp":1611637397,"path_taken":["M","?","?","$","M","E","R","?","T","R","E","R","M","?","R","BOSS","M","$","?","M","M"],"items_purchased_type":["Card","Relic"],"build_version":"2020-12-22","purchased_purges":1,"victory":false,"max_hp_per_floor":[75,75,75,75,75,75,75,75,75,75,75,75,75,75,75,75,75,75,75,75,75,75,75],"relic_stats":{"Lizard Tail":37,"Regal Pillow":0,"Singing Bowl":0,"counters":[10,53],"Cursed Key":1,"obtain_stats":[{"Lizard Tail":11,"Regal Pillow":19,"Singing Bowl":9,"Bag of Marbles":6,"Cracked Core":0,"Cursed Key":0,"Nuclear Battery":17},{"Lizard Tail":5,"Regal Pillow":8,"Singing Bowl":4,"Bag of Marbles":3,"Cracked Core":0,"Cursed Key":0,"Nuclear Battery":7},{"Lizard Tail":20,"Regal Pillow":40,"Singing Bowl":16,"Bag of Marbles":14,"Cracked Core":0,"Cursed Key":0,"Nuclear Battery":35}]},"card_choices":[{"not_picked":["Steam Power","Cold Snap"],"picked":"Rebound","floor":1.0},{"not_picked":["Stack","Beam Cell"],"picked":"Fusion","floor":5.0},{"not_picked":["Storm","Streamline","Steam"],"picked":"SKIP","floor":6.0},{"not_picked":["Force Field","Conserve Battery"],"picked":"Barrage","floor":8.0},{"not_picked":["Rebound","Electrodynamics"],"picked":"Leap","floor":11.0},{"not_picked":["Rebound","Ball Lightning"],"picked":"Turbo","floor":13.0},{"not_picked":["Thunder Strike","Multi-Cast"],"picked":"Seek","floor":16},{"not_picked":["Double Energy","Reprogram"],"picked":"Glacier","floor":18},{"not_picked":["Double Energy","Hologram"],"picked":"Stack","floor":21}],"player_experience":1282175,"relics_obtained":[{"floor":6.0,"key":"Bag of Marbles"},{"floor":9.0,"key":"Singing Bowl"},{"floor":11.0,"key":"Lizard Tail"}],"event_choices":[{"damage_healed":0.0,"max_hp_gain":0.0,"max_hp_loss":0.0,"gold_gain":75.0,"event_name":"World of Goop","player_choice":"Gather Gold","floor":2.0,"gold_loss":0.0,"damage_taken":11.0},{"damage_healed":0.0,"max_hp_gain":0.0,"max_hp_loss":0.0,"gold_gain":0.0,"event_name":"Upgrade Shrine","player_choice":"Upgraded","floor":3.0,"gold_loss":0.0,"damage_taken":0.0,"cards_upgraded":["Rebound"]},{"damage_healed":0.0,"max_hp_gain":0.0,"max_hp_loss":0.0,"gold_gain":0.0,"event_name":"Liars Game","player_choice":"Ignored","floor":14.0,"gold_loss":0.0,"damage_taken":0.0},{"cards_removed":["Strike_B"],"damage_healed":0,"gold_gain":0,"player_choice":"Gave Gold","damage_taken":0,"max_hp_gain":0,"max_hp_loss":0,"event_name":"Beggar","floor":20,"gold_loss":75}],"is_beta":false,"boss_relics":[{"not_picked":["SlaversCollar","Sozu"],"picked":"Nuclear Battery"}],"items_purged_floors":[19],"is_endless":false,"potions_floor_spawned":[1,5,11,16,21],"killed_by":"Cultist and Chosen","ascension_level":12}}