{"host":"d7fiu2yjkssjxoz6","time":1611652572,"event":{"mods":["AchievementEnabler","BaseMod","Duelist Mod","Minty Spire (QoL Compilation)","StSLib"],"gold_per_floor":[137,137,150,225,241,241,170,170,170,170,190,190,190],"floor_reached":12,"language":"ENG","playtime":447,"items_purged":[],"score":116,"play_id":"16d107d6-92bc-45ed-b191-967575dcf644","local_time":"20210126011612","is_ascension_mode":true,"campfire_choices":[{"data":"theDuelist:RainbowRuins","floor":6,"key":"SMITH"},{"data":"theDuelist:HeartUnderdog","floor":8,"key":"SMITH"},{"data":"theDuelist:DarkMasterZorc","floor":10,"key":"SMITH"}],"circlet_count":0,"master_deck":["AscendersBane","theDuelist:CastleWalls","theDuelist:CastleWalls","theDuelist:DunamesDarkWitch","theDuelist:Eva+1","theDuelist:Hayate+1","theDuelist:RainbowFlower","theDuelist:RainbowKuribohBasic","theDuelist:RainbowNeos","theDuelist:Sparks","theDuelist:Sparks","Parasite","theDuelist:HeartUnderdog+1","theDuelist:RainbowRuins+1","theDuelist:CrystalRaigeki","theDuelist:DarkMasterZorc+1","theDuelist:SevenColoredFish","theDuelist:Pumpking"],"relics":["theDuelist:MillenniumPuzzle","theDuelist:CardPoolRelic","theDuelist:CardPoolBasicRelic","theDuelist:BoosterPackPoolRelic","theDuelist:CardPoolAddRelic","theDuelist:CardPoolMinusRelic","theDuelist:CardPoolSaveRelic","theDuelist:CardPoolOptionsRelic","Letter Opener"],"acts_visited":["Exordium"],"potions_floor_usage":[12,12],"damage_taken":[{"damage":0,"enemies":"Jaw Worm","floor":1,"turns":4},{"damage":0,"enemies":"2 Louse","floor":3,"turns":3},{"damage":0,"enemies":"Small Slimes","floor":5,"turns":3},{"damage":9,"enemies":"Red Slaver","floor":11,"turns":3},{"damage":32,"enemies":"Gremlin Nob","floor":12,"turns":4}],"seed_played":"8133562594693593329","potions_obtained":[{"floor":3,"key":"theDuelist:SealedPack"},{"floor":11,"key":"theDuelist:WaterBottle"}],"is_trial":false,"path_per_floor":["M","?","M","?","M","R","?","R","T","R","M","E"],"character_chosen":"THE_DUELIST","items_purchased":[],"campfire_rested":0,"item_purchase_floors":[],"current_hp_per_floor":[63,49,49,38,38,38,38,38,38,38,29,0,0],"gold":190,"neow_bonus":"THREE_RARE_CARDS","is_daily":false,"chose_seed":false,"campfire_upgraded":3,"win_rate":0.0,"timestamp":1611652572,"path_taken":["M","?","M","?","M","R","?","R","T","R","M","E"],"items_purchased_type":[],"build_version":"2020-12-22","purchased_purges":0,"victory":false,"max_hp_per_floor":[70,70,70,70,70,70,70,70,70,70,70,70,70],"card_choices":[{"not_picked":["theDuelist:GoldenBlastJuggler","theDuelist:StardustDragon"],"picked":"theDuelist:HeartUnderdog","floor":0},{"not_picked":["theDuelist:CardSafeReturn","theDuelist:WhiteHornDragon","theDuelist:Mountain"],"picked":"theDuelist:RainbowRuins","floor":1},{"not_picked":["theDuelist:IronDraw","theDuelist:OhFish","theDuelist:TyrantWing","theDuelist:RainbowGravity"],"picked":"theDuelist:CrystalRaigeki","floor":3},{"not_picked":["theDuelist:GemKnightAmethyst","theDuelist:GoldenBlastJuggler"],"picked":"theDuelist:DarkMasterZorc","floor":5},{"not_picked":["theDuelist:SuperSolarNutrient","theDuelist:SpiritHarp","theDuelist:VampireGenesis","theDuelist:GemKnightAmethyst"],"picked":"theDuelist:Pumpking","floor":11}],"player_experience":311142,"relics_obtained":[{"floor":9,"key":"Letter Opener"}],"event_choices":[{"damage_healed":0,"gold_gain":0,"player_choice":"Entered Light","damage_taken":14,"max_hp_gain":0,"max_hp_loss":0,"event_name":"Shining Light","floor":2,"gold_loss":0,"cards_upgraded":["theDuelist:Eva","theDuelist:Hayate"]},{"damage_healed":0,"gold_gain":75,"player_choice":"Gather Gold","damage_taken":11,"max_hp_gain":0,"max_hp_loss":0,"event_name":"World of Goop","floor":4,"gold_loss":0},{"damage_healed":0,"gold_gain":0,"player_choice":"Purchased 7-Colored Fish for 71 Gold.","duelist":true,"damage_taken":0,"max_hp_gain":0,"max_hp_loss":0,"event_name":"Card Trader","floor":7,"gold_loss":0}],"is_beta":false,"boss_relics":[],"items_purged_floors":[],"is_endless":false,"potions_floor_spawned":[3,11],"killed_by":"Gremlin Nob","ascension_level":14}}