{"host":"pgm1p3lvdjflie30","time":1611675651,"event":{"mods":["100% Spire Juice","AchievementEnabler","Bard","BaseMod","Colored Map","Colored Powertips","Conspire","Dark Map","Downfall","Energized Spire","Gremlin Mod","GungeonMod","Hermit","Highlight Path","HornydragonMod","Minty Spire (QoL Compilation)","Nova Terra(?娃·泰拉)","Reimu（博???）","Robot Space Explorer","SOS（斯巴?之子）","StSLib","The Bug Knight","The Dragon Tamer","The Gatherer","The IronCluck","The Jungle","The Marked","The Runesmith","The Saiyan","The Senshi","The Servant 0.9.4","TheHeartMod","Waifu the Spire","【?物卡牌】REMEMod"],"gold_per_floor":[119,133,133,153,250,250,275,275,354,367,399,399,441,716,716,895,895,912,912,912,927,945,945,961,26,26,26,41,41,90,109,109,285,285,299,309,349,45,0,0,0,0,0,16,16,51,51,62,62,2,2],"floor_reached":50,"language":"ZHS","playtime":3022,"items_purged":["Regret"],"score":536,"play_id":"079db725-345b-45d5-8c4e-9f2f975dc225","local_time":"20210126234051","is_ascension_mode":false,"campfire_choices":[{"floor":6.0,"key":"RECALL"},{"floor":8.0,"key":"REST"},{"floor":15.0,"key":"REST"},{"floor":23.0,"key":"REST"},{"data":"Mayhem","floor":29.0,"key":"SMITH"},{"floor":32.0,"key":"REST"},{"data":"theMarked:Abjuration","floor":40,"key":"SMITH"},{"data":"theMarked:AttractMetal","floor":42,"key":"SMITH"},{"data":"theMarked:BanishingWave","floor":45,"key":"SMITH"},{"data":"theMarked:SuspiciousRaven","floor":47,"key":"SMITH"},{"data":"Madness","floor":49,"key":"SMITH"}],"circlet_count":0,"master_deck":["theMarked:Strike","theMarked:Strike","theMarked:Strike","theMarked:Strike","theMarked:Strike","theMarked:Defend","theMarked:Defend","theMarked:Defend","theMarked:SoldierOfQuellstein+1","REME_WheelOfFate+1","theMarked:Static","theMarked:ChainLightning","theMarked:Frustration+1","theMarked:ShockingTouch","Madness+1","theMarked:WardOff","theMarked:StartUp","theMarked:BanishingWave+1","theMarked:Abjuration+1","theMarked:Electrocute","theJungle:PetSnecko","theMarked:ResourceFulStrike+1","theMarked:ChainLightning+1","theMarked:ChainLightning+1","Discovery","Mayhem+1","theMarked:SuspiciousRaven+1","theMarked:AttractMetal+1","theMarked:BanishingStrike","theMarked:Snap","theMarked:RepellingDischarge+1","theMarked:Friction","theMarked:Toughness","theMarked:AttractMetal","theMarked:WastefulAttack","theMarked:Overcharge+1","theMarked:BanishingStrike"],"relics":["theMarked:ArtifactOfAir","REME_ComplimentaryCards","REME_HourglassOfDeath","DemoMod:OrangeGuonStone","DemoMod:SerJunkan","Nunchaku","Black Star","Vajra","Peace Pipe","Eternal Feather","Ginger","DemoMod:PoisonVial","SlaversCollar","Dream Catcher","Lantern","REME_OnlineShoppingPlatform","Red Mask","DemoMod:Junk"],"acts_visited":["TheBeyond"],"potions_floor_usage":[37,50,50,50,50,50,50,50],"damage_taken":[{"damage":3.0,"enemies":"Cultist","floor":1.0,"turns":5.0},{"damage":0.0,"enemies":"2 Louse","floor":2.0,"turns":3.0},{"damage":6.0,"enemies":"Small Slimes","floor":4.0,"turns":3.0},{"damage":23.0,"enemies":"Red Slaver","floor":5.0,"turns":4.0},{"damage":12.0,"enemies":"3 Sentries","floor":7.0,"turns":4.0},{"damage":2.0,"enemies":"3 Louse","floor":10.0,"turns":2.0},{"damage":5.0,"enemies":"Gremlin Nob","floor":11.0,"turns":3.0},{"damage":13.0,"enemies":"Exordium Thugs","floor":13.0,"turns":3.0},{"damage":39.0,"enemies":"Hexaghost","floor":16.0,"turns":8.0},{"damage":13.0,"enemies":"theJungle:5_Spyders","floor":18.0,"turns":4.0},{"damage":5.0,"enemies":"theJungle:MUSHROOMGANG","floor":21.0,"turns":3.0},{"damage":5.0,"enemies":"theJungle:SlimyTreeVines","floor":22.0,"turns":2.0},{"damage":12.0,"enemies":"theJungle:2_Snecko_Cultists","floor":24.0,"turns":3.0},{"damage":27.0,"enemies":"Snake Plant","floor":28.0,"turns":4.0},{"damage":26.0,"enemies":"theJungle:JungleHuntersEncounter","floor":30.0,"turns":4.0},{"damage":27.0,"enemies":"theJungle:2_Snecko_Cultists","floor":31.0,"turns":4.0},{"damage":28.0,"enemies":"theJungle:FunGuy","floor":33.0,"turns":8.0},{"damage":1,"enemies":"Orb Walker","floor":35,"turns":3},{"damage":17,"enemies":"3 Shapes","floor":36,"turns":2},{"damage":13,"enemies":"Maw","floor":37,"turns":6},{"damage":0,"enemies":"Sphere and 2 Shapes","floor":44,"turns":3},{"damage":17,"enemies":"Nemesis","floor":46,"turns":5},{"damage":5,"enemies":"3 Darklings","floor":48,"turns":3},{"damage":94,"enemies":"Awakened One","floor":50,"turns":8}],"seed_played":"-4362768895094469556","potions_obtained":[{"floor":2.0,"key":"FearPotion"},{"floor":4.0,"key":"FearPotion"},{"floor":11.0,"key":"REME_GoldPotion"},{"floor":13.0,"key":"FearPotion"},{"floor":21.0,"key":"AttackPotion"},{"floor":28.0,"key":"REME_GoldPotion"},{"floor":31.0,"key":"BlessingOfTheForge"},{"floor":36,"key":"REME_GoldPotion"}],"is_trial":false,"path_per_floor":["M","M","?","M","M","R","E","R","T","M","E","?","M","?","R","B",null,"M","?","?","M","M","R","M","$","T","T","M","R","M","M","R","B",null,"M","M","M","$","?","R","?","R","T","M","R","E","R","M","R","B"],"character_chosen":"THE_DEFAULT","items_purchased":["Vajra","Discovery","Mayhem","ColorlessPotion","FearPotion","Peace Pipe","Dexterity Potion","Lantern","REME_OnlineShoppingPlatform"],"campfire_rested":4,"item_purchase_floors":[25,25,25,25,25,25,25,38,38],"current_hp_per_floor":[80,80,80,74,51,51,39,64,64,62,57,40,27,27,52,13,84,71,71,63,58,53,78,66,66,66,66,39,54,28,1,44,16,84,83,66,53,53,53,71,71,84,84,84,84,67,84,79,84,0,0],"gold":2,"neow_bonus":"TWENTY_PERCENT_HP_BONUS","is_daily":false,"chose_seed":false,"campfire_upgraded":6,"win_rate":0.0,"timestamp":1611675651,"path_taken":["M","M","?","?","?","R","E","R","T","M","E","?","M","?","R","BOSS","M","?","?","?","M","R","M","$","T","?","M","R","M","M","R","BOSS","M","M","M","$","?","R","?","R","T","M","R","E","R","?","R","BOSS"],"items_purchased_type":["Relic","Card","Card","Potion","Potion","Relic","Potion","Relic","Relic"],"build_version":"2020-12-22","purchased_purges":1,"victory":false,"max_hp_per_floor":[84,84,84,84,84,84,84,84,84,84,84,84,84,84,84,84,84,84,84,84,84,84,84,84,84,84,84,84,84,84,84,84,84,84,84,84,84,84,84,84,84,84,84,84,84,84,84,84,84,84,84],"card_choices":[{"not_picked":["theMarked:TakeCover","theMarked:Standoff"],"picked":"theMarked:Static","floor":1.0},{"not_picked":["theMarked:Frustration","theMarked:Overthink"],"picked":"theMarked:ChainLightning","floor":2.0},{"not_picked":["theMarked:ContemptForTheProud","theMarked:MysticalArsenal"],"picked":"theMarked:Frustration","floor":4.0},{"not_picked":["theMarked:BanishingStrike","theMarked:DispelDoubt"],"picked":"theMarked:ShockingTouch","floor":5.0},{"not_picked":["theMarked:CreepingChasm","theMarked:Polarize"],"picked":"theMarked:WastefulDefense","floor":7.0},{"not_picked":["theMarked:Frustration","theMarked:Static"],"picked":"theMarked:WardOff","floor":10.0},{"not_picked":["theMarked:GodGivenPower","theMarked:Polarize"],"picked":"theMarked:StartUp","floor":11.0},{"not_picked":["theMarked:Reabsorb","theMarked:TwofoldDefense"],"picked":"theMarked:BanishingWave","floor":13.0},{"not_picked":["theMarked:BindingBlade","theMarked:TakeOffHeels"],"picked":"theMarked:Abjuration","floor":16.0},{"not_picked":["theMarked:ChainLightning","theMarked:WardOff"],"picked":"theMarked:Electrocute","floor":18.0},{"not_picked":["theMarked:Frustration","theMarked:Polarize+1"],"picked":"theMarked:ResourceFulStrike+1","floor":21.0},{"not_picked":["theMarked:Aftermath","theMarked:Parkour+1"],"picked":"theMarked:ChainLightning+1","floor":22.0},{"not_picked":["theMarked:WastefulAttack","theMarked:EmpowerWeapon"],"picked":"theMarked:ChainLightning+1","floor":24.0},{"not_picked":["theMarked:Overthink+1","theMarked:ChainLightning+1"],"picked":"theMarked:SuspiciousRaven","floor":28.0},{"not_picked":["theMarked:Aftermath+1","theMarked:Frustration"],"picked":"theMarked:AttractMetal","floor":30.0},{"not_picked":["theMarked:Parkour","theMarked:HeightenedSenses"],"picked":"theMarked:BanishingStrike","floor":31.0},{"not_picked":["theMarked:MagicAdept","theMarked:TurnInvisible"],"picked":"theMarked:Snap","floor":33.0},{"not_picked":["theMarked:ResourceFulStrike","theMarked:Frustration"],"picked":"theMarked:RepellingDischarge+1","floor":35},{"not_picked":["theMarked:Frustration","theMarked:Opportunist"],"picked":"theMarked:Friction","floor":36},{"not_picked":["theMarked:RepellingDischarge","theMarked:Frustration"],"picked":"theMarked:Toughness","floor":37},{"not_picked":["theMarked:EnhanceMovement+1","theMarked:Overthink+1"],"picked":"theMarked:WastefulAttack","floor":44},{"not_picked":["theMarked:MysticalArsenal","theMarked:OneWithTheBlade"],"picked":"theMarked:Overcharge+1","floor":46},{"not_picked":["theMarked:RepellingDischarge+1","theMarked:MysticalArsenal+1"],"picked":"theMarked:BanishingStrike","floor":48}],"player_experience":352335,"relics_obtained":[{"floor":7.0,"key":"REME_HourglassOfDeath"},{"floor":9.0,"key":"DemoMod:OrangeGuonStone"},{"floor":11.0,"key":"DemoMod:SerJunkan"},{"floor":26.0,"key":"Eternal Feather"},{"floor":27.0,"key":"Ginger"},{"floor":46,"key":"DemoMod:Junk"},{"floor":46,"key":"DemoMod:Junk"}],"event_choices":[{"damage_healed":0.0,"max_hp_gain":0.0,"max_hp_loss":0.0,"gold_gain":0.0,"event_name":"Accursed Blacksmith","player_choice":"Forge","floor":3.0,"gold_loss":0.0,"damage_taken":0.0,"cards_upgraded":["REME_WheelOfFate"]},{"damage_healed":0.0,"max_hp_gain":0.0,"max_hp_loss":0.0,"gold_gain":0.0,"event_name":"Shining Light","player_choice":"Entered Light","floor":12.0,"gold_loss":0.0,"damage_taken":17.0,"cards_upgraded":["theMarked:Frustration","theMarked:SoldierOfQuellstein"]},{"damage_healed":0.0,"max_hp_gain":0.0,"max_hp_loss":0.0,"gold_gain":275.0,"event_name":"Golden Shrine","player_choice":"Desecrate","floor":14.0,"gold_loss":0.0,"damage_taken":0.0,"cards_obtained":["Regret"]},{"damage_healed":0,"gold_gain":0,"player_choice":"Paid","damage_taken":0,"relics_obtained":["Red Mask"],"max_hp_gain":0,"max_hp_loss":0,"event_name":"Tomb of Lord Red Mask","floor":39,"gold_loss":45},{"damage_healed":0,"gold_gain":0,"cards_transformed":["theMarked:Defend"],"player_choice":"Transformed","damage_taken":0,"max_hp_gain":0,"max_hp_loss":0,"event_name":"Transmorgrifier","floor":41,"gold_loss":0,"cards_obtained":["theMarked:AttractMetal"]}],"is_beta":false,"boss_relics":[{"not_picked":["Cursed Key","Sozu"],"picked":"Black Star"},{"not_picked":["Empty Cage","theMarked:SpiritSword"],"picked":"SlaversCollar"}],"items_purged_floors":[25],"is_endless":false,"potions_floor_spawned":[2,4,11,13,21,28,31,36,48],"killed_by":"Awakened One","ascension_level":0}}