{"host":"tbhNathan","time":1611640483,"event":{"mods":["AchievementEnabler","Astrologer","BaseMod","Better Third Choice","Downfall","Googly Eyes","Highlight Path","Minty Spire (QoL Compilation)","StSLib","The Disciple","The Hierophant"],"gold_per_floor":[99,109,109,2,2,2,29,39,56,70,83,32,48,8,21,124,124,124,124,137,137,96,118,118,118,118,40,63,83,83,94,118,226,226,226,240,259,277,354,354,377,387,398,425,425,425,425,425],"floor_reached":46,"language":"ENG","playtime":6286,"items_purged":[],"score":569,"play_id":"afc20fc9-29af-4161-a28e-76975bb31d38","local_time":"20210126055443","is_ascension_mode":false,"campfire_choices":[{"floor":1,"key":"RECALL"},{"data":"hexamod:UnlimitedPower","floor":18,"key":"SMITH"},{"floor":26,"key":"REST"},{"data":"hexamod:ForkedFlame","floor":30,"key":"SMITH"},{"data":"hexamod:HexaLevel","floor":35,"key":"SMITH"},{"data":"hexamod:VolcanoVisage","floor":40,"key":"SMITH"},{"floor":45,"key":"REST"}],"circlet_count":0,"master_deck":["hexamod:Strike+1","hexamod:Strike","hexamod:Strike+1","hexamod:Strike","hexamod:Defend","hexamod:Defend+1","hexamod:Defend+1","hexamod:Defend","hexamod:Sear","hexamod:Float","hexamod:ShieldOfDarkness+1","hexamod:SpectersWail+1","hexamod:AdvancingGuard+1","hexamod:Incineration","hexamod:ThirdSeal","hexamod:FastForward","hexamod:SpectersWail","hexamod:SpectersWail","hexamod:PhantomFireball+1","hexamod:FastForward","hexamod:BacktrackSmack","hexamod:SpectersWail","hexamod:EmpoweredFlame","hexamod:NightmareGuise","hexamod:Hexaguard+1","hexamod:Rewind","hexamod:HauntingEcho","hexamod:FastForward","hexamod:UnlimitedPower+1","hexamod:VolcanoVisage+1","hexamod:Haunt+1","hexamod:NightmareStrike","hexamod:FifthSeal","hexamod:SecondSeal","hexamod:SpectersWail","hexamod:SixthSeal","hexamod:Hexaguard+1","hexamod:FirstSeal","hexamod:StepThrough","hexamod:ForkedFlame+1","hexamod:Hexaguard","hexamod:RadiantFlame","hexamod:Rewind+1","hexamod:SpectersWail+1","hexamod:FirstSeal","hexamod:HexaLevel+1","hexamod:SpectersWail+1","hexamod:HeatShield+1","hexamod:FirstSeal","hexamod:ShieldOfDarkness+1","hexamod:FirstSeal","hexamod:HauntingEcho+1","hexamod:ShieldOfDarkness+1","hexamod:SpectersWail","hexamod:SoulSteal"],"relics":["hexamod:SpiritBrand","Velvet Choker","Thread and Needle","downfall:RedIOU","hexamod:SoulConsumer","Whetstone","hexamod:IceCube","Darkstone Periapt","War Paint","Bottled Lightning"],"acts_visited":["Exordium","TheCity","TheBeyond"],"potions_floor_usage":[11,13,14,16,16,16,22,27,27,33,36,38,43,44,46],"damage_taken":[{"damage":10,"enemies":"Small Slimes","floor":2,"turns":4},{"damage":0,"enemies":"downfall:FleeingMerchant","floor":4,"turns":4},{"damage":0,"enemies":"Cultist","floor":8,"turns":3},{"damage":1,"enemies":"2 Louse","floor":9,"turns":3},{"damage":2,"enemies":"Exordium Wildlife","floor":10,"turns":4},{"damage":5,"enemies":"Lots of Slimes","floor":11,"turns":3},{"damage":0,"enemies":"downfall:FleeingMerchant","floor":12,"turns":4},{"damage":7,"enemies":"Blue Slaver","floor":13,"turns":3},{"damage":3,"enemies":"downfall:FleeingMerchant","floor":14,"turns":4},{"damage":1,"enemies":"Exordium Wildlife","floor":15,"turns":4},{"damage":11,"enemies":"SI_SHIV_ARCHETYPE","floor":16,"turns":12},{"damage":5,"enemies":"3 Byrds","floor":20,"turns":3},{"damage":14,"enemies":"downfall:FleeingMerchant","floor":22,"turns":4},{"damage":5,"enemies":"Snecko","floor":23,"turns":4},{"damage":0,"enemies":"downfall:FleeingMerchant","floor":27,"turns":4},{"damage":9,"enemies":"Centurion and Healer","floor":29,"turns":5},{"damage":5,"enemies":"Sentry and Sphere","floor":31,"turns":4},{"damage":4,"enemies":"Snake Plant","floor":32,"turns":3},{"damage":22,"enemies":"IC_MUSHROOM_ARCHETYPE","floor":33,"turns":7},{"damage":11,"enemies":"Orb Walker","floor":36,"turns":2},{"damage":1,"enemies":"3 Darklings","floor":37,"turns":3},{"damage":16,"enemies":"Maw","floor":38,"turns":8},{"damage":28,"enemies":"Spire Growth","floor":42,"turns":6},{"damage":25,"enemies":"3 Darklings","floor":43,"turns":5},{"damage":48,"enemies":"Nemesis","floor":44,"turns":6},{"damage":40,"enemies":"Transient","floor":46,"turns":5}],"seed_played":"5477619221812237508","potions_obtained":[{"floor":8,"key":"Ancient Potion"},{"floor":9,"key":"Energy Potion"},{"floor":10,"key":"EssenceOfSteel"},{"floor":11,"key":"bronze:BurnAndBuffPotion"},{"floor":12,"key":"PowerPotion"},{"floor":13,"key":"Energy Potion"},{"floor":14,"key":"PowerPotion"},{"floor":15,"key":"Dexterity Potion"},{"floor":16,"key":"ColorlessPotion"},{"floor":20,"key":"Energy Potion"},{"floor":22,"key":"BlessingOfTheForge"},{"floor":23,"key":"SkillPotion"},{"floor":31,"key":"Strength Potion"},{"floor":33,"key":"hexamod:EctoCoolerPotion"},{"floor":42,"key":"SteroidPotion"},{"floor":43,"key":"champ:CounterPotion"},{"floor":44,"key":"BlessingOfTheForge"}],"is_trial":false,"path_per_floor":["R","M","?","$","?","?","T","M","M","M","M","$","M","$","M","B",null,"R","?","M","?","$","M","T","?","R","$","T","M","R","M","M","B",null,"R","M","M","M","T","R","T","M","M","E","R","M"],"character_chosen":"THE_SPIRIT","items_purchased":["hexamod:AdvancingGuard","hexamod:Incineration","hexamod:EmpoweredFlame","hexamod:HauntingEcho","hexamod:SpectersWail","hexamod:ForkedFlame","hexamod:SoulConsumer"],"campfire_rested":2,"item_purchase_floors":[4,4,12,14,22,27,27],"current_hp_per_floor":[77,67,67,67,72,72,72,72,71,69,64,64,57,54,53,42,82,82,82,77,77,63,58,58,58,82,82,82,77,77,79,79,68,82,82,75,74,76,76,76,76,66,59,15,39,0,0,0],"gold":425,"neow_bonus":"TEN_PERCENT_HP_BONUS","is_daily":false,"chose_seed":false,"campfire_upgraded":4,"win_rate":0.0,"timestamp":1611640483,"path_taken":["R","M","?","?","?","?","T","M","M","M","M","?","M","$","M","BOSS","R","?","?","?","?","M","T","?","R","?","?","M","R","M","M","BOSS","R","M","?","M","?","R","T","M","M","E","R","M"],"items_purchased_type":["Card","Card","Card","Card","Card","Card","Relic"],"build_version":"2020-12-18","purchased_purges":0,"victory":false,"max_hp_per_floor":[77,77,77,77,82,82,82,82,82,82,82,82,82,82,82,82,82,82,82,82,82,82,82,82,82,82,82,82,82,82,82,82,82,82,82,82,82,82,82,82,82,82,82,82,82,82,82,82],"card_choices":[{"not_picked":["hexamod:RecurringNightmare","hexamod:SwordOfDarkness"],"picked":"hexamod:ShieldOfDarkness","floor":2},{"not_picked":["hexamod:FastForward","hexamod:NightmareStrike"],"picked":"hexamod:SpectersWail","floor":4},{"not_picked":["hexamod:EmpoweredFlame","hexamod:GhostLash"],"picked":"hexamod:ThirdSeal","floor":8},{"not_picked":["hexamod:Rewind","hexamod:SpectralAdrenaline"],"picked":"hexamod:FastForward","floor":9},{"not_picked":["hexamod:GhostOfSpireFuture","hexamod:ShieldOfDarkness"],"picked":"hexamod:SpectersWail","floor":9},{"not_picked":["hexamod:InspiringFlames","hexamod:BurningTouch"],"picked":"hexamod:SpectersWail","floor":10},{"not_picked":["hexamod:Haunt","hexamod:BacktrackSmack"],"picked":"hexamod:HeatShield","floor":10},{"not_picked":["hexamod:InspiringFlames","hexamod:PhantomCloak"],"picked":"hexamod:PhantomFireball","floor":11},{"not_picked":["hexamod:Haunt","hexamod:HeatCrush"],"picked":"hexamod:FastForward","floor":11},{"not_picked":["hexamod:RecurringNightmare","hexamod:HexaLevel"],"picked":"hexamod:BacktrackSmack","floor":12},{"not_picked":["hexamod:CatchUp","hexamod:HeatMetal"],"picked":"hexamod:SpectersWail","floor":12},{"not_picked":["hexamod:HeatMetal","hexamod:BacktrackSmack"],"picked":"hexamod:NightmareGuise","floor":13},{"not_picked":["hexamod:GhostOfSpirePast","hexamod:BurningTouch"],"picked":"hexamod:Hexaguard","floor":14},{"not_picked":["hexamod:ParanormalForm","hexamod:BurningTouch"],"picked":"hexamod:Rewind","floor":14},{"not_picked":["hexamod:GhostOfSpirePast","hexamod:SoulSteal"],"picked":"hexamod:FastForward","floor":15},{"not_picked":["hexamod:UnleashSpirits","hexamod:GhostflameInferno"],"picked":"hexamod:UnlimitedPower","floor":16},{"not_picked":["hexamod:TurnItUp","hexamod:ParanormalForm"],"picked":"hexamod:VolcanoVisage","floor":16},{"not_picked":["hexamod:GhostLash","hexamod:SkipABeat"],"picked":"hexamod:Haunt+1","floor":20},{"not_picked":["hexamod:GhostOfSpireFuture","hexamod:HauntingEcho"],"picked":"hexamod:NightmareStrike","floor":20},{"not_picked":["hexamod:GhostflameBarrier","hexamod:ShieldOfDarkness"],"picked":"hexamod:FifthSeal","floor":22},{"not_picked":["hexamod:Again","hexamod:PhantomCloak"],"picked":"hexamod:SecondSeal","floor":22},{"not_picked":["hexamod:FirstSeal","hexamod:FourthSeal"],"picked":"hexamod:SixthSeal","floor":23},{"not_picked":["hexamod:UnleashSpirits","hexamod:NightmareStrike+1"],"picked":"hexamod:Hexaguard","floor":23},{"not_picked":["hexamod:SixthSeal","hexamod:ThirdSeal"],"picked":"hexamod:FirstSeal","floor":27},{"not_picked":["hexamod:PhantomFireball","hexamod:Hexaguard"],"picked":"hexamod:StepThrough","floor":27},{"not_picked":["hexamod:Incineration+1","hexamod:GhostLash"],"picked":"hexamod:Hexaguard","floor":29},{"not_picked":["hexamod:InspiringFlames","hexamod:HeatShield","hexamod:FastForward"],"picked":"SKIP","floor":29},{"not_picked":["hexamod:GhostOfSpirePast","hexamod:GhostShield+1"],"picked":"hexamod:RadiantFlame","floor":31},{"not_picked":["hexamod:FirstSeal","hexamod:RainOfEmbers"],"picked":"hexamod:Rewind+1","floor":32},{"not_picked":["hexamod:InspiringFlames+1","hexamod:NightmareStrike+1"],"picked":"hexamod:SpectersWail+1","floor":32},{"not_picked":["hexamod:SecondSeal","hexamod:ThirdSeal"],"picked":"hexamod:FirstSeal","floor":33},{"not_picked":["hexamod:TimeOfNeed","hexamod:GhostOfSpirePresent"],"picked":"hexamod:HexaLevel","floor":33},{"not_picked":["hexamod:GhostLash","hexamod:SkipABeat"],"picked":"hexamod:SpectersWail+1","floor":36},{"not_picked":["hexamod:GhostShield","hexamod:ThermalTransfer+1"],"picked":"hexamod:HeatShield+1","floor":37},{"not_picked":["hexamod:SecondSeal","hexamod:ThirdSeal"],"picked":"hexamod:FirstSeal","floor":38},{"not_picked":["hexamod:HeatMetal","hexamod:SecondSeal"],"picked":"hexamod:ShieldOfDarkness+1","floor":38},{"not_picked":["hexamod:ThirdSeal","hexamod:SecondSeal"],"picked":"hexamod:FirstSeal","floor":42},{"not_picked":["hexamod:NecessarySacrifice","hexamod:GhostLash"],"picked":"hexamod:HauntingEcho+1","floor":42},{"not_picked":["hexamod:SpectersWail","hexamod:ThermalTransfer"],"picked":"hexamod:ShieldOfDarkness+1","floor":43},{"not_picked":["hexamod:PhantomFireball","hexamod:SkipABeat"],"picked":"hexamod:SpectersWail","floor":43},{"not_picked":["hexamod:EmpoweredFlame","hexamod:Again"],"picked":"hexamod:SoulSteal","floor":44}],"player_experience":194818,"relics_obtained":[{"floor":24,"key":"Thread and Needle"},{"floor":28,"key":"Whetstone"},{"floor":39,"key":"Darkstone Periapt"},{"floor":41,"key":"War Paint"},{"floor":44,"key":"Bottled Lightning"}],"event_choices":[{"damage_healed":0,"gold_gain":0,"player_choice":"Donut","damage_taken":0,"max_hp_gain":5,"max_hp_loss":0,"event_name":"Big Fish","floor":5,"gold_loss":0},{"cards_removed":["hexamod:HeatShield"],"damage_healed":0,"gold_gain":0,"player_choice":"Offered Uncommon","damage_taken":0,"max_hp_gain":0,"max_hp_loss":0,"event_name":"Bonfire Elementals","floor":19,"gold_loss":0}],"is_beta":true,"boss_relics":[{"not_picked":["SacredBark","Tiny House"],"picked":"Velvet Choker"},{"not_picked":["Empty Cage","Black Star"],"picked":"hexamod:IceCube"}],"items_purged_floors":[],"is_endless":false,"potions_floor_spawned":[8,9,10,11,12,13,14,15,16,20,22,23,31,33,42,43,44],"killed_by":"Transient","ascension_level":0}}