{"host":"q3s8ewiy6v9taln3","time":1611688127,"event":{"mods":["BaseMod","Minty Spire (QoL Compilation)"],"gold_per_floor":[114,114,114,134,59,92,112,128,155,198,27,53,53,122,122,248,248,269,29,29,29,29,72,72,95,95,95,194,233,245,270,282,294,294],"floor_reached":33,"language":"ENG","playtime":1480,"items_purged":["Strike_R"],"score":377,"play_id":"edb631f0-e0b4-461c-af95-c2bd2cd622f2","local_time":"20210126140847","is_ascension_mode":true,"campfire_choices":[{"data":"Flex","floor":13,"key":"SMITH"},{"floor":15,"key":"REST"},{"data":"Metallicize","floor":24,"key":"SMITH"},{"floor":32,"key":"REST"}],"circlet_count":0,"master_deck":["Strike_R+1","Defend_R+1","Defend_R+1","Defend_R","Bash","Intimidate+1","Metallicize+1","Ghostly Armor","Hemokinesis","Flex+1","Warcry","Violence","Impervious","Blood for Blood+1","Battle Trance+1","Combust+1","Shame"],"relics":["Burning Blood","NeowsBlessing","Golden Idol","War Paint","Happy Flower","Anchor","Ancient Tea Set","Art of War","Astrolabe","Molten Egg 2","Letter Opener","CultistMask","Dream Catcher","MawBank","Enchiridion"],"acts_visited":["Exordium","TheCity"],"potions_floor_usage":[10,10,29,31],"damage_taken":[{"damage":0,"enemies":"Jaw Worm","floor":1,"turns":1},{"damage":0,"enemies":"2 Louse","floor":4,"turns":1},{"damage":0,"enemies":"Gremlin Nob","floor":6,"turns":1},{"damage":1,"enemies":"Small Slimes","floor":7,"turns":5},{"damage":2,"enemies":"Blue Slaver","floor":8,"turns":5},{"damage":8,"enemies":"Lagavulin","floor":10,"turns":5},{"damage":25,"enemies":"3 Sentries","floor":14,"turns":9},{"damage":34,"enemies":"The Guardian","floor":16,"turns":12},{"damage":18,"enemies":"Shell Parasite","floor":18,"turns":4},{"damage":17,"enemies":"Gremlin Leader","floor":23,"turns":6},{"damage":2,"enemies":"Chosen","floor":25,"turns":3},{"damage":13,"enemies":"Book of Stabbing","floor":29,"turns":5},{"damage":9,"enemies":"Snecko","floor":31,"turns":4},{"damage":71,"enemies":"Automaton","floor":33,"turns":8}],"seed_played":"-6444405592858004096","potions_obtained":[{"floor":1,"key":"PowerPotion"},{"floor":4,"key":"FearPotion"},{"floor":14,"key":"Swift Potion"},{"floor":23,"key":"Block Potion"}],"is_trial":false,"path_per_floor":["M","?","?","M","$","E","M","M","T","E","$","T","R","?","R","B",null,"M","$","?","?","?","E","R","M","T","$","?","E","?","M","R","B"],"character_chosen":"IRONCLAD","items_purchased":["Violence","Molten Egg 2"],"campfire_rested":2,"item_purchase_floors":[11,19],"current_hp_per_floor":[80,60,44,50,50,56,61,65,65,63,63,63,63,44,68,40,80,68,68,68,68,68,57,57,61,61,61,61,54,38,35,59,0,0],"gold":294,"neow_bonus":"THREE_ENEMY_KILL","is_daily":false,"chose_seed":false,"campfire_upgraded":2,"win_rate":0.0,"timestamp":1611688127,"path_taken":["M","?","?","M","?","E","M","M","T","E","$","?","R","?","R","BOSS","M","$","?","?","?","E","R","?","T","?","?","E","?","M","R","BOSS"],"items_purchased_type":["Card","Relic"],"build_version":"2020-12-22","purchased_purges":1,"victory":false,"max_hp_per_floor":[80,80,80,80,80,80,80,80,80,80,80,80,80,80,80,80,80,80,80,80,80,80,80,80,80,80,80,80,80,80,80,80,80,80],"card_choices":[{"not_picked":["Carnage","Second Wind"],"picked":"Intimidate","floor":1},{"not_picked":["Whirlwind","Rupture"],"picked":"Metallicize","floor":4},{"not_picked":["Thunderclap","Twin Strike"],"picked":"Ghostly Armor","floor":6},{"not_picked":["Power Through","True Grit"],"picked":"Hemokinesis","floor":7},{"not_picked":["Ghostly Armor","Blood for Blood"],"picked":"Flex","floor":8},{"not_picked":["Iron Wave","Clothesline"],"picked":"Warcry","floor":10},{"not_picked":["Berserk","Juggernaut"],"picked":"Impervious","floor":16},{"not_picked":["Shockwave","Shrug It Off","Armaments"],"picked":"SKIP","floor":18},{"not_picked":["Warcry","Flame Barrier","Impervious"],"picked":"SKIP","floor":23},{"not_picked":["Second Wind","Sword Boomerang+1","Blood for Blood+1"],"picked":"SKIP","floor":25},{"not_picked":["Iron Wave+1","Fire Breathing","Clothesline+1"],"picked":"SKIP","floor":29},{"not_picked":["Sentinel","Sever Soul+1","Searing Blow+1"],"picked":"SKIP","floor":31}],"player_experience":134633,"relics_obtained":[{"floor":6,"key":"War Paint"},{"floor":9,"key":"Happy Flower"},{"floor":10,"key":"Anchor"},{"floor":12,"key":"Ancient Tea Set"},{"floor":14,"key":"Art of War"},{"floor":23,"key":"Dream Catcher"},{"floor":29,"key":"MawBank"},{"floor":30,"key":"Enchiridion"}],"event_choices":[{"damage_healed":0,"gold_gain":0,"player_choice":"Take Damage","damage_taken":20,"relics_obtained":["Golden Idol"],"max_hp_gain":0,"max_hp_loss":0,"event_name":"Golden Idol","floor":2,"gold_loss":0},{"damage_healed":0,"gold_gain":0,"player_choice":"Entered Light","damage_taken":16,"max_hp_gain":0,"max_hp_loss":0,"event_name":"Shining Light","floor":3,"gold_loss":0,"cards_upgraded":["Intimidate","Strike_R"]},{"damage_healed":0,"gold_gain":0,"player_choice":"Searched \u00271\u0027 times","damage_taken":0,"max_hp_gain":0,"max_hp_loss":0,"event_name":"Dead Adventurer","floor":14,"gold_loss":0},{"damage_healed":0,"gold_gain":0,"player_choice":"Stole Relic","damage_taken":0,"relics_obtained":["Letter Opener"],"max_hp_gain":0,"max_hp_loss":0,"event_name":"Addict","floor":20,"gold_loss":0,"cards_obtained":["Shame"]},{"cards_removed":["Defend_R"],"damage_healed":0,"gold_gain":0,"player_choice":"Elegance","damage_taken":0,"max_hp_gain":0,"max_hp_loss":0,"event_name":"Back to Basics","floor":21,"gold_loss":0},{"damage_healed":0,"gold_gain":0,"player_choice":"Trade","damage_taken":0,"relics_obtained":["CultistMask"],"max_hp_gain":0,"max_hp_loss":0,"event_name":"FaceTrader","floor":22,"gold_loss":0},{"damage_healed":0,"gold_gain":99,"player_choice":"Stole From Cult","damage_taken":0,"max_hp_gain":0,"max_hp_loss":0,"event_name":"Nest","floor":28,"gold_loss":0},{"damage_healed":0,"gold_gain":0,"player_choice":"Obtained Book","damage_taken":16,"max_hp_gain":0,"max_hp_loss":0,"event_name":"Cursed Tome","floor":30,"gold_loss":0}],"is_beta":false,"boss_relics":[{"not_picked":["Busted Crown","Runic Pyramid"],"picked":"Astrolabe"}],"items_purged_floors":[5],"is_endless":false,"potions_floor_spawned":[1,4,14,23],"killed_by":"Automaton","ascension_level":4}}