{"host":"kiczkwpc36uxnkg8","time":1611677137,"event":{"mods":["AchievementEnabler","Act Like it!","Aspiration","BaseMod","Colored Powertips","Energized Spire","GifTheSpireLib","Hubris","Infinite Spire","Koishi","Minty Spire (QoL Compilation)","Pale of the Ancients","Permanent Neow","Quick Restart","Relic Filter","Remilia??????","Replay The Spire","Spicy Shops","StSLib","Stuff the Spire","The Bug Knight","The Servant 0.9.4","Wandering Minibosses"],"gold_per_floor":[110,110,35,35,82,82,113,113,187,205,226,247,261,286,286,417,417,437,437,437,437,455,455,455,455,503,503,7,22,22,46,46,174,174,192,274,27,27,27,50,65,15,15],"floor_reached":42,"language":"ENG","playtime":1381,"items_purged":["Strike_B","Strike_B"],"score":535,"play_id":"88c68ca1-8fff-407e-a951-d0772fcedffd","local_time":"20210126160537","is_ascension_mode":true,"campfire_choices":[{"data":"infinitespire:Gouge","floor":6.0,"key":"SMITH"},{"data":"Dualcast","floor":8.0,"key":"SMITH"},{"floor":15.0,"key":"REST"},{"data":"StuffTheSpire:LoadUp","floor":23.0,"key":"SMITH"},{"data":"hubris:Ukulele","floor":25.0,"key":"SMITH"},{"data":"Panic Button","floor":27.0,"key":"SMITH"},{"data":"Leap","floor":30.0,"key":"SMITH"},{"data":"Defend_B","floor":32.0,"key":"SMITH"}],"circlet_count":0,"master_deck":["Defend_B","Defend_B","Defend_B+1","Defend_B","Zap+1","Dualcast+1","Panic Button+1","infinitespire:Gouge+1","hubris:Ukulele+1","Ball Lightning+1","StuffTheSpire:Rapture","StuffTheSpire:LoadUp+1","Leap+1","Redo+1","Echo Form","Leap","Mayhem","Loop","Redo+1"],"relics":["Cracked Core","Golden Idol","Pet Ghost","hubris:AstralHammer","StuffTheSpire:ForceGauntlet","Empty Cage","hubris:Icosahedron","Boot","aspiration:ChemicalBlood","StuffTheSpire:CocoNut","Solar Panel","energizedSpire:UnstableMolecules","HollowMod:StagPassRelic"],"acts_visited":["Exordium","TheCity","TheBeyond"],"potions_floor_usage":[41,42,42,42],"damage_taken":[{"damage":8.0,"enemies":"Small Slimes","floor":1.0,"turns":3.0},{"damage":8.0,"enemies":"Gremlin Nob","floor":7.0,"turns":4.0},{"damage":2.0,"enemies":"Jaw Worm","floor":10.0,"turns":2.0},{"damage":0.0,"enemies":"Cultist","floor":11.0,"turns":2.0},{"damage":0.0,"enemies":"Exordium Wildlife","floor":12.0,"turns":2.0},{"damage":0.0,"enemies":"3 Louse","floor":13.0,"turns":2.0},{"damage":0.0,"enemies":"Blue Slaver","floor":14.0,"turns":2.0},{"damage":8.0,"enemies":"Hexaghost","floor":16.0,"turns":9.0},{"damage":7.0,"enemies":"3 Byrds","floor":18.0,"turns":5.0},{"damage":0.0,"enemies":"Chosen","floor":22.0,"turns":2.0},{"damage":0.0,"enemies":"Snake Plant","floor":29.0,"turns":2.0},{"damage":3.0,"enemies":"Shelled Parasite and Fungi","floor":31.0,"turns":2.0},{"damage":32.0,"enemies":"hubris:MusketHawk","floor":33.0,"turns":7.0},{"damage":15.0,"enemies":"3 Darklings","floor":35.0,"turns":5.0},{"damage":0.0,"enemies":"3 Shapes","floor":40.0,"turns":4.0},{"damage":12,"enemies":"Transient","floor":41,"turns":5},{"damage":47,"enemies":"Reptomancer","floor":42,"turns":7}],"seed_played":"226620530875612785","potions_obtained":[{"floor":1.0,"key":"EssenceOfSteel"},{"floor":7.0,"key":"AttackPotion"},{"floor":12.0,"key":"LiquidBronze"},{"floor":29.0,"key":"PowerPotion"},{"floor":31.0,"key":"SpeedPotion"},{"floor":41,"key":"Block Potion"},{"floor":42,"key":"Adrenaline Potion"}],"is_trial":false,"path_per_floor":["M","?","$","?","T","R","E","R","T","M","M","M","M","M","R","B",null,"M","?","?","?","M","R","AVR","R","T","R","$","M","R","M","R","B",null,"M","T","$","PTL","PTL","M","M","E"],"character_chosen":"DEFECT","items_purchased":["StuffTheSpire:CocoNut","Solar Panel","Leap","Mayhem"],"campfire_rested":1,"item_purchase_floors":[28,28,37,37],"current_hp_per_floor":[60,42,42,42,42,42,34,34,34,32,32,32,32,32,52,44,63,56,41,41,41,41,41,41,41,41,41,48,48,48,45,45,13,60,49,49,49,49,49,53,45,0,0],"gold":15,"neow_bonus":"UPGRADE_CARD","is_daily":false,"chose_seed":false,"campfire_upgraded":7,"win_rate":0.0,"timestamp":1611677137,"path_taken":["M","?","$","?","?","R","E","R","T","M","M","M","M","M","R","BOSS","M","?","?","?","M","R","AVR","R","T","R","?","M","R","M","R","BOSS","M","?","?","PTL","PTL","M","?","E"],"items_purchased_type":["Relic","Relic","Card","Card"],"build_version":"2020-12-22","purchased_purges":2,"victory":false,"max_hp_per_floor":[75,75,75,69,69,69,69,69,69,69,69,69,69,69,69,69,69,69,69,69,69,69,69,69,69,69,69,76,76,76,76,76,76,76,76,76,76,76,76,76,76,76,76],"card_choices":[{"not_picked":["StuffTheSpire:Plugnplay","Rebound"],"picked":"Panic Button","floor":1.0},{"not_picked":["infinitespire:NeuralNetwork","ReplayTheSpireMod:Chaos Vortex"],"picked":"infinitespire:Gouge","floor":2.0},{"not_picked":["Time Bomb","Chaos","Streamline"],"picked":"SKIP","floor":7.0},{"not_picked":["Turbo","StuffTheSpire:CleanHardDrive","StuffTheSpire:Purify"],"picked":"SKIP","floor":10.0},{"not_picked":["Hologram","Rebound","Compile Driver"],"picked":"SKIP","floor":11.0},{"not_picked":["Coolheaded","Undo","Time Bomb"],"picked":"SKIP","floor":12.0},{"not_picked":["Coolheaded","Hologram","BasicCrystalCard"],"picked":"SKIP","floor":13.0},{"not_picked":["Turbo","Crystallizer"],"picked":"hubris:Ukulele","floor":14.0},{"not_picked":["Go for the Eyes+1","Compile Driver"],"picked":"Ball Lightning+1","floor":18.0},{"not_picked":["StuffTheSpire:Plugnplay","All For One"],"picked":"StuffTheSpire:LoadUp","floor":22.0},{"not_picked":["ReplayGash","BasicCrystalCard"],"picked":"Leap","floor":29.0},{"not_picked":["Turbo","Barrage+1"],"picked":"Redo+1","floor":31.0},{"not_picked":["Seek","hubris:SpecializedCircuitry"],"picked":"Echo Form","floor":33.0},{"not_picked":["BasicCrystalCard+1","Skim+1","Cold Snap"],"picked":"SKIP","floor":35.0},{"not_picked":["Sweeping Beam+1","Ball Lightning"],"picked":"Loop","floor":40.0},{"not_picked":["Steam Power","Panic Button+1"],"picked":"Redo+1","floor":41}],"player_experience":645706,"relics_obtained":[{"floor":5.0,"key":"Pet Ghost"},{"floor":7.0,"key":"hubris:AstralHammer"},{"floor":9.0,"key":"StuffTheSpire:ForceGauntlet"},{"floor":26.0,"key":"aspiration:ChemicalBlood"},{"floor":36.0,"key":"HollowMod:StagPassRelic"}],"event_choices":[{"damage_healed":0.0,"max_hp_gain":0.0,"max_hp_loss":6.0,"gold_gain":0.0,"event_name":"Golden Idol","player_choice":"Lose Max HP","floor":4.0,"gold_loss":0.0,"damage_taken":0.0,"relics_obtained":["Golden Idol"]}],"is_beta":false,"boss_relics":[{"not_picked":["Nuclear Battery","Replay:Bronze Core"],"picked":"Empty Cage"},{"not_picked":["Sozu","aspiration:RunicSpoon"],"picked":"energizedSpire:UnstableMolecules"}],"items_purged_floors":[3,24],"is_endless":false,"potions_floor_spawned":[1,7,12,13,29,31,41],"killed_by":"Reptomancer","ascension_level":7}}