{"host":"bxs3jtgw91tf0zca","time":1611629117,"event":{"mods":["AchievementEnabler","Act Like it!","BaseMod","Challenge The Spire","Colored Map","Colored Powertips","GifTheSpireLib","Hubris","Minty Spire (QoL Compilation)","Replay The Spire","StSLib","Stuff the Spire","SuperFastMode","???mod?????"],"gold_per_floor":[117,117,130,130,130,130,164,177,177,177,177,44,44,44],"floor_reached":13,"language":"ENG","playtime":317,"items_purged":["Defend_Black"],"score":207,"play_id":"de7085a4-bd13-408e-907d-5e8acec73815","local_time":"20210125234517","is_ascension_mode":true,"campfire_choices":[{"data":"SharpCut_Black","floor":6,"key":"SMITH"},{"data":"WithoutFear_Black","floor":10,"key":"SMITH"}],"circlet_count":0,"master_deck":["AscendersBane","Strike_Black+1","Strike_Black+1","Defend_Black","Defend_Black","Defend_Black+1","Observe_Black","SharpCut_Black+1","StuffTheSpire:Perfection","WithoutFear_Black+1","PrewarPrepare_Black"],"relics":["TheHeartOfYui","NeowsBlessing","hubris:DisguiseKit","StuffTheSpire:PointBlank","Strawberry"],"acts_visited":["Exordium"],"potions_floor_usage":[13],"damage_taken":[{"damage":0,"enemies":"2 Louse","floor":1,"turns":1},{"damage":0,"enemies":"Small Slimes","floor":3,"turns":2},{"damage":0,"enemies":"Replay:BlueRogue","floor":7,"turns":1},{"damage":2,"enemies":"Jaw Worm","floor":8,"turns":3},{"damage":21,"enemies":"3 Sentries","floor":13,"turns":10}],"seed_played":"-5453951447924593239","potions_obtained":[{"floor":3,"key":"Languid Potion"},{"floor":7,"key":"Milkshake"}],"is_trial":false,"path_per_floor":["M","?","M","?","?","R","E","M","T","R","?","$","E"],"character_chosen":"THE_KIRITO","items_purchased":["PrewarPrepare_Black"],"campfire_rested":0,"item_purchase_floors":[12],"current_hp_per_floor":[68,68,68,68,68,68,68,66,73,73,66,66,45,45],"gold":44,"neow_bonus":"THREE_ENEMY_KILL","is_daily":false,"chose_seed":false,"campfire_upgraded":2,"win_rate":0.0,"timestamp":1611629117,"path_taken":["M","?","M","?","?","R","E","M","T","R","?","$","E"],"items_purchased_type":["Card"],"build_version":"2020-12-22","purchased_purges":1,"victory":false,"max_hp_per_floor":[75,75,75,75,75,75,75,75,82,82,82,82,82,82],"card_choices":[{"not_picked":["SunBlade_Black","WeakHit_Black","CuttingEdge_Black"],"picked":"SKIP","floor":1},{"not_picked":["WeakHit_Black","SunBlade_Black","Slice"],"picked":"SharpCut_Black","floor":3},{"not_picked":["StuffTheSpire:Vigor","StuffTheSpire:CelestialWarden"],"picked":"StuffTheSpire:Perfection","floor":4},{"not_picked":["HeroicBearing_Black","TheEnd_Black","StuffTheSpire:Incursion"],"picked":"WithoutFear_Black","floor":7},{"not_picked":["Guard_Black","DexterityTransform_Black","SunBlade_Black","Underhanded Strike"],"picked":"SKIP","floor":8}],"player_experience":396013,"relics_obtained":[{"floor":7,"key":"StuffTheSpire:PointBlank"},{"floor":9,"key":"Strawberry"}],"event_choices":[{"cards_removed":["Strike_Black"],"damage_healed":0,"gold_gain":0,"player_choice":"Forget","damage_taken":0,"max_hp_gain":0,"max_hp_loss":0,"event_name":"Living Wall","floor":5,"gold_loss":0},{"cards_removed":["Strike_Black"],"damage_healed":0,"gold_gain":0,"player_choice":"Card Removal","damage_taken":7,"max_hp_gain":0,"max_hp_loss":0,"event_name":"Golden Wing","floor":11,"gold_loss":0}],"is_beta":false,"boss_relics":[],"items_purged_floors":[12],"is_endless":false,"potions_floor_spawned":[3,7],"killed_by":"3 Sentries","ascension_level":19}}