{"host":"d7fiu2yjkssjxoz6","time":1611625365,"event":{"mods":["AchievementEnabler","BaseMod","Duelist Mod","Minty Spire (QoL Compilation)","StSLib"],"gold_per_floor":[140,158,170,189,202,202,213,225,225,236,248,265,290,308,308,412,412,425,443,454,553,570,570,570],"floor_reached":23,"language":"ENG","playtime":2006,"items_purged":[],"score":328,"play_id":"89cdd50a-c223-41a7-a8ec-f2b5209de7c0","local_time":"20210125174245","is_ascension_mode":true,"campfire_choices":[{"data":"theDuelist:WormApocalypse","floor":6,"key":"SMITH"},{"data":"theDuelist:LonefireBlossom","floor":15,"key":"SMITH"}],"circlet_count":0,"master_deck":["theDuelist:AngelTrumpeter","theDuelist:CastleWalls","theDuelist:JerryBeansMan","theDuelist:Sparks","theDuelist:JerryBeansMan","theDuelist:SuperSolarNutrient","theDuelist:Sparks","theDuelist:CactusBouncer","theDuelist:DarkworldThorns","AscendersBane","theDuelist:PotDuality","theDuelist:Inmato","theDuelist:CastleWalls","theDuelist:Inmato","theDuelist:PredaplantChlamydosundew","theDuelist:WormApocalypse+1","theDuelist:SuperSolarNutrient","theDuelist:PredaplantChlamydosundew","theDuelist:PredaplantPterapenthes","theDuelist:PredaplantPterapenthes","theDuelist:LonefireBlossom+1","theDuelist:Predapruning","theDuelist:PredaplantChlamydosundew","theDuelist:RevivalRose","theDuelist:RainbowOverdragon","theDuelist:Raigeki","theDuelist:BlueRoseDragon","theDuelist:Inmato"],"relics":["theDuelist:MillenniumPuzzle","theDuelist:CardPoolRelic","theDuelist:CardPoolBasicRelic","theDuelist:BoosterPackPoolRelic","theDuelist:CardPoolAddRelic","theDuelist:CardPoolMinusRelic","theDuelist:CardPoolSaveRelic","theDuelist:CardPoolOptionsRelic","Self Forming Clay","Tingsha","Black Star"],"acts_visited":["Exordium","TheCity"],"potions_floor_usage":[1,16,20,23],"damage_taken":[{"damage":0,"enemies":"Cultist","floor":1,"turns":4},{"damage":6,"enemies":"2 Louse","floor":2,"turns":2},{"damage":2,"enemies":"Small Slimes","floor":3,"turns":3},{"damage":0,"enemies":"Blue Slaver","floor":4,"turns":5},{"damage":26,"enemies":"Exordium Thugs","floor":5,"turns":5},{"damage":0,"enemies":"Looter","floor":7,"turns":4},{"damage":2,"enemies":"Blue Slaver","floor":8,"turns":4},{"damage":16,"enemies":"3 Louse","floor":10,"turns":3},{"damage":8,"enemies":"Large Slime","floor":11,"turns":6},{"damage":4,"enemies":"Red Slaver","floor":12,"turns":4},{"damage":14,"enemies":"3 Sentries","floor":13,"turns":5},{"damage":0,"enemies":"2 Fungi Beasts","floor":14,"turns":2},{"damage":3,"enemies":"Hexaghost","floor":16,"turns":8},{"damage":14,"enemies":"Shell Parasite","floor":18,"turns":6},{"damage":0,"enemies":"Chosen","floor":19,"turns":4},{"damage":18,"enemies":"Snake Plant","floor":20,"turns":4},{"damage":11,"enemies":"3 Cultists","floor":22,"turns":4},{"damage":32,"enemies":"Slavers","floor":23,"turns":3}],"seed_played":"3387833761625821438","potions_obtained":[{"floor":1,"key":"Fruit Juice"},{"floor":5,"key":"SteroidPotion"},{"floor":13,"key":"theDuelist:BurningPotion"},{"floor":14,"key":"LiquidMemories"},{"floor":16,"key":"theDuelist:WaterBottle"},{"floor":22,"key":"FocusPotion"}],"is_trial":false,"path_per_floor":["M","M","M","M","M","R","M","M","T","M","M","M","E","M","R","B",null,"M","M","M","?","M","E"],"character_chosen":"THE_DUELIST","items_purchased":[],"campfire_rested":0,"item_purchase_floors":[],"current_hp_per_floor":[85,79,77,77,51,51,51,49,49,33,25,21,7,7,7,4,71,57,57,39,39,28,0,0],"gold":570,"neow_bonus":"TEN_PERCENT_HP_BONUS","is_daily":false,"chose_seed":false,"campfire_upgraded":2,"win_rate":0.0,"timestamp":1611625365,"path_taken":["M","M","?","M","?","R","M","M","T","M","M","M","E","M","R","BOSS","M","M","M","?","M","E"],"items_purchased_type":[],"build_version":"2020-12-22","purchased_purges":0,"victory":false,"max_hp_per_floor":[93,93,93,93,93,93,93,93,93,93,93,93,93,93,93,93,93,93,93,93,93,93,93,93],"card_choices":[{"not_picked":["theDuelist:FuryFire","theDuelist:LightningVortex","theDuelist:MiracleFertilizer","theDuelist:CheerfulCoffin"],"picked":"theDuelist:PotDuality","floor":1},{"not_picked":["theDuelist:CactusBouncer","theDuelist:SilverApples","theDuelist:Inmato","theDuelist:RosePaladin"],"picked":"theDuelist:SuperSolarNutrient","floor":2},{"not_picked":["theDuelist:BotanicalLion","theDuelist:JerryBeansMan","theDuelist:Spore","theDuelist:MudGolem"],"picked":"theDuelist:Inmato","floor":3},{"not_picked":["theDuelist:JerryBeansMan","theDuelist:WhiteRoseDragon","theDuelist:CactusBouncer","theDuelist:Predapruning"],"picked":"theDuelist:PredaplantChlamydosundew","floor":4},{"not_picked":["theDuelist:CactusBouncer","theDuelist:WhiteRoseDragon","theDuelist:PredaplantChlamydosundew","theDuelist:Mudora"],"picked":"theDuelist:WormApocalypse","floor":5},{"not_picked":["theDuelist:CactusBouncer","theDuelist:Invigoration","theDuelist:WhiteRoseDragon","theDuelist:RagingMadPlants"],"picked":"theDuelist:SuperSolarNutrient","floor":7},{"not_picked":["theDuelist:BotanicalLion","theDuelist:SilverApples","theDuelist:Spore","theDuelist:GracefulCharity"],"picked":"theDuelist:PredaplantChlamydosundew","floor":8},{"not_picked":["theDuelist:BotanicalLion","theDuelist:SilverApples","theDuelist:Spore","theDuelist:CheerfulCoffin"],"picked":"theDuelist:PredaplantPterapenthes","floor":10},{"not_picked":["theDuelist:BotanicalLion","theDuelist:Invigoration","theDuelist:CheerfulCoffin","theDuelist:CactusBouncer"],"picked":"theDuelist:PredaplantPterapenthes","floor":11},{"not_picked":["theDuelist:SangaEarth","theDuelist:PredaplantDrosophyllum","theDuelist:WormApocalypse","theDuelist:JerryBeansMan"],"picked":"theDuelist:LonefireBlossom","floor":12},{"not_picked":["theDuelist:SangaEarth","theDuelist:MiracleFertilizer","theDuelist:CopyPlant","theDuelist:BeastFangs"],"picked":"theDuelist:Predapruning","floor":13},{"not_picked":["theDuelist:JerryBeansMan","theDuelist:Spore","theDuelist:CheerfulCoffin","theDuelist:PredaplantFlytrap"],"picked":"theDuelist:PredaplantChlamydosundew","floor":14},{"not_picked":["theDuelist:HeartUnderdog","theDuelist:BlackRoseMoonlight","theDuelist:PredaplantChimerafflesia","theDuelist:Gigaplant"],"picked":"theDuelist:RevivalRose","floor":16},{"not_picked":["theDuelist:GauntletWarrior","theDuelist:GraniteLoyalist","theDuelist:WingedKuriboh","theDuelist:WormKing"],"picked":"theDuelist:RainbowOverdragon","floor":18},{"not_picked":["theDuelist:BattleOx","theDuelist:GilfordLegend","theDuelist:LightningVortex","theDuelist:WormKing"],"picked":"theDuelist:Raigeki","floor":19},{"not_picked":["theDuelist:Reinforcements","theDuelist:MiracleFertilizer","theDuelist:CheerfulCoffin","theDuelist:CopyPlant+1"],"picked":"theDuelist:BlueRoseDragon","floor":20},{"not_picked":["theDuelist:LordPoison","theDuelist:PotDuality+1","theDuelist:FrozenRose","theDuelist:PredaplantFlytrap"],"picked":"theDuelist:Inmato","floor":22}],"player_experience":295016,"relics_obtained":[{"floor":9,"key":"Self Forming Clay"},{"floor":13,"key":"Tingsha"}],"event_choices":[{"damage_healed":0,"gold_gain":99,"player_choice":"Stole From Cult","damage_taken":0,"max_hp_gain":0,"max_hp_loss":0,"event_name":"Nest","floor":21,"gold_loss":0}],"is_beta":false,"boss_relics":[{"not_picked":["Busted Crown","Ectoplasm"],"picked":"Black Star"}],"items_purged_floors":[],"is_endless":false,"potions_floor_spawned":[1,5,13,14,16,22],"killed_by":"Slavers","ascension_level":12}}