{"host":"amu9ywnm0ttsp1dk","time":1611637226,"event":{"mods":["Act Like it!","Arknights The Spire","BaseMod","ChefMod","Chen","Downfall","Gensokyo","Hallownest","Marisa£®ÏF”Í°°ƒß¿Ì…≥£©","Minty Spire (QoL Compilation)","Rare Cards Sparkle","Reimu£®≤©¿ˆ¡È√Œ£©","Robot Space Explorer","StSLib","The Bug Knight","The Edgeheg","The Marked","Yakumo Yukari mod","Youmu£®ªÍ∆«—˝√Œ£©"],"gold_per_floor":[99,99,99,99,99,99,99,99,124,134,152,62,76,176,190,190,190],"floor_reached":16,"language":"ZHS","playtime":946,"items_purged":["downfall:Malfunctioning"],"score":129,"play_id":"97afef7a-bd38-4415-930a-2f9bad88d46f","local_time":"20210126130026","is_ascension_mode":true,"campfire_choices":[{"data":"HollowMod:FocusHealStart","floor":1,"key":"SMITH"},{"data":"HollowMod:GreatSlash","floor":6,"key":"SMITH"}],"circlet_count":0,"master_deck":["HollowMod:NailStrikeStart","HollowMod:NailStrikeStart","HollowMod:NailStrikeStart","HollowMod:QuickDashStart","HollowMod:QuickDashStart+1","HollowMod:QuickDashStart+1","HollowMod:FocusHealStart+1","HollowMod:PogoStrike+1","HollowMod:GreatSlash+1","HollowMod:GrimmsGift","HollowMod:FastStrike","HollowMod:VengefulSpirit","HollowMod:DashSlash","HollowMod:RecoilStrike+1","HollowMod:MothsMistake","HollowMod:DoubleDash","HollowMod:QuirrelsAssistance","HollowMod:PerfectDash"],"relics":["HollowMod:VesselMask","downfall:HeartsMalice","Prayer Wheel","Pear","Blood Vial"],"acts_visited":["Exordium"],"potions_floor_usage":[12,12,12,14,14,14,16],"damage_taken":[{"damage":0,"enemies":"Jaw Worm","floor":2,"turns":1},{"damage":0,"enemies":"2 Louse","floor":5,"turns":1},{"damage":0,"enemies":"3 Sentries","floor":9,"turns":1},{"damage":3,"enemies":"Small Slimes","floor":10,"turns":2},{"damage":8,"enemies":"Exordium Thugs","floor":11,"turns":2},{"damage":11,"enemies":"downfall:FleeingMerchant","floor":12,"turns":4},{"damage":8,"enemies":"Red Slaver","floor":13,"turns":3},{"damage":10,"enemies":"downfall:Heads","floor":14,"turns":4},{"damage":0,"enemies":"Blue Slaver","floor":15,"turns":2},{"damage":83,"enemies":"WA_ARCHETYPE_RETAIN","floor":16,"turns":10}],"seed_played":"-1660645140776026463","potions_obtained":[{"floor":9,"key":"EntropicBrew"},{"floor":10,"key":"DuplicationPotion"},{"floor":11,"key":"ZuzhouPotion:ReiMu"},{"floor":15,"key":"DistilledChaos"}],"is_trial":false,"path_per_floor":["R","M","?","?","M","R","T","T","E","M","M","$","M","?","M","B"],"character_chosen":"THE_BUGKNIGHT","items_purchased":[],"campfire_rested":0,"item_purchase_floors":[],"current_hp_per_floor":[75,75,75,76,76,76,76,86,86,83,77,68,68,66,68,0,0],"gold":190,"neow_bonus":"THREE_ENEMY_KILL","is_daily":false,"chose_seed":false,"campfire_upgraded":2,"win_rate":0.0,"timestamp":1611637226,"path_taken":["R","M","?","?","M","R","T","?","E","M","M","$","M","?","M","BOSS"],"items_purchased_type":[],"build_version":"2020-12-22","purchased_purges":1,"victory":false,"max_hp_per_floor":[75,75,75,76,76,76,76,86,86,86,86,86,86,86,86,86,86],"card_choices":[{"not_picked":["HollowMod:InfectedAttack","HollowMod:ChannelNail"],"picked":"HollowMod:GreatSlash","floor":2},{"not_picked":["HollowMod:ShadowDash","HollowMod:MonarchWings"],"picked":"HollowMod:GrimmsGift","floor":5},{"not_picked":["HollowMod:BrokenVessel","HollowMod:SoulMaster"],"picked":"HollowMod:FastStrike","floor":9},{"not_picked":["HollowMod:Grubsong","HollowMod:WraithStrike"],"picked":"HollowMod:VengefulSpirit","floor":10},{"not_picked":["HollowMod:WraithStrike","HollowMod:BrokenVessel","HollowMod:GoodIntentions"],"picked":"SKIP","floor":10},{"not_picked":["HollowMod:TaintedHusks","HollowMod:HowlingWraiths"],"picked":"HollowMod:DashSlash","floor":11},{"not_picked":["HollowMod:WraithStrike","HollowMod:NewGlowingWomb","HollowMod:FallenFury"],"picked":"SKIP","floor":11},{"not_picked":["HollowMod:WraithStrike","HollowMod:SoulStrike","HollowMod:NewLittleFool"],"picked":"SKIP","floor":12},{"not_picked":["HollowMod:BlackTendrils","HollowMod:GoodIntentions"],"picked":"HollowMod:RecoilStrike","floor":13},{"not_picked":["HollowMod:Grubsong","HollowMod:FallenFury","HollowMod:DescendingDark"],"picked":"SKIP","floor":13},{"not_picked":["HollowMod:VengefulSpirit","HollowMod:VengefulVoid"],"picked":"HollowMod:DoubleDash","floor":14},{"not_picked":["HollowMod:SoulStrike","HollowMod:NewJinnsSoul"],"picked":"HollowMod:QuirrelsAssistance","floor":15},{"not_picked":["HollowMod:InfectedCysts","HollowMod:GoodIntentions"],"picked":"HollowMod:PerfectDash","floor":15}],"player_experience":1620758,"relics_obtained":[{"floor":7,"key":"Prayer Wheel"},{"floor":8,"key":"Pear"},{"floor":9,"key":"Blood Vial"}],"event_choices":[],"is_beta":false,"boss_relics":[],"items_purged_floors":[12],"is_endless":false,"potions_floor_spawned":[9,10,11,15],"killed_by":"WA_ARCHETYPE_RETAIN","ascension_level":1}}