{"host":"o0df4zrtlkp0p8rf","time":1611649263,"event":{"mods":["2.2 Compatiblity","Act Like it!","Arknights The Spire","Astrologer","BaseMod","Bestiary","Better Third Choice","BetterRewards","Colored Map","Conspire","Downfall","Duelist Mod","Energized Spire","GifTheSpireLib","Halation","Hermit","Highlight Path","Hubris","Infinite Spire","Mimic Mod","Minty Spire (QoL Compilation)","Rare Cards Sparkle","Reliquary","Replay The Spire","Robot Space Explorer","Shop Mod","Small Relic Pack","Spire Arcade","StSLib","Stuff the Spire","The Accelerator","The Bug Knight","The Cursed","The Disciple","The Forsaken","The Hierophant","The Jungle","The Marked","The Necromancer","The Runesmith"],"gold_per_floor":[143,143,143,143,143,143,152,160,185,185,110,110,110,10,10,115,115,130,142,142,174,184,216,216,216],"floor_reached":24,"language":"ENG","playtime":1226,"items_purged":["theDuelist:CursedBill","theDuelist:CurseArmaments"],"score":202,"play_id":"ed5b04c2-520e-4f38-bfba-62f11594df70","local_time":"20210126002103","is_ascension_mode":false,"campfire_choices":[{"data":"theDuelist:DragonShield+1","floor":6.0,"key":"SMITH"},{"data":"theDuelist:WhiteNightDragon","floor":10.0,"key":"SMITH"},{"data":"theDuelist:SeismicShockwave","floor":12.0,"key":"SMITH"},{"data":"theDuelist:CaveDragon","floor":15.0,"key":"SMITH"}],"circlet_count":0,"master_deck":["infinitespire:Oblivion+1","theDuelist:MegafleetDragon+1","theDuelist:DragonShield+3","theDuelist:MaskedDragon+1","theDuelist:QueenDragunDjinn+1","theDuelist:BusterBladerDDS+1","theDuelist:BabyDragon","theDuelist:CastleWalls","theDuelist:CastleWalls","theDuelist:CaveDragon+1","theDuelist:CaveDragon","theDuelist:LesserDragon","theDuelist:LesserDragon","theDuelist:Sparks","theDuelist:YamataDragon","theDuelist:SeismicShockwave+1","Regret","theDuelist:SummoningCurse","downfall:Malfunctioning","theDuelist:WhiteNightDragon+1","theDuelist:TyrantWing+1","theDuelist:MirageDragon+1"],"relics":["theDuelist:MillenniumPuzzle","theDuelist:CardPoolRelic","theDuelist:CardPoolBasicRelic","theDuelist:BoosterPackPoolRelic","theDuelist:CardPoolAddRelic","theDuelist:CardPoolMinusRelic","theDuelist:CardPoolSaveRelic","theDuelist:CardPoolOptionsRelic","theForsaken:Gavel","StuffTheSpire:Mouthbags","Philosopher\u0027s Stone","theDuelist:MillenniumStone","reliquary:JackalopeAntler"],"acts_visited":["Exordium","TheCity"],"potions_floor_usage":[22],"damage_taken":[{"damage":0.0,"enemies":"2 Louse","floor":1.0,"turns":2.0},{"damage":9.0,"enemies":"Jaw Worm","floor":7.0,"turns":3.0},{"damage":0.0,"enemies":"Small Slimes","floor":8.0,"turns":1.0},{"damage":43.0,"enemies":"The Guardian","floor":16.0,"turns":12.0},{"damage":12.0,"enemies":"3 Byrds","floor":18.0,"turns":6.0},{"damage":32.0,"enemies":"Shell Parasite","floor":19.0,"turns":8.0},{"damage":20,"enemies":"Snake Plant","floor":22,"turns":4},{"damage":27,"enemies":"Gremlin Leader","floor":23,"turns":5},{"damage":1,"enemies":"Gremlin Leader","floor":24,"turns":2}],"seed_played":"8743924156965228154","potions_obtained":[{"floor":7.0,"key":"theDuelist:FusionPotion"},{"floor":16.0,"key":"SpeedPotion"},{"floor":19.0,"key":"Fire Potion"}],"is_trial":false,"path_per_floor":["M","?","?","?","?","R","M","M","T","R","$","R","?","$","R","B",null,"M","M","AVR","?","M","E","?"],"character_chosen":"THE_DUELIST","items_purchased":[],"campfire_rested":0,"item_purchase_floors":[],"current_hp_per_floor":[80,80,92,92,92,92,83,83,83,83,83,83,83,83,83,40,92,80,48,48,48,28,1,0,0],"gold":216,"neow_bonus":"ONE_RANDOM_RARE_CARD","is_daily":false,"chose_seed":false,"campfire_upgraded":4,"win_rate":0.0,"timestamp":1611649263,"path_taken":["M","?","?","?","?","R","?","M","T","R","$","R","?","$","R","BOSS","M","?","AVR","?","M","E","?"],"items_purchased_type":[],"build_version":"2020-12-22","purchased_purges":2,"victory":false,"max_hp_per_floor":[80,80,92,92,92,92,92,92,92,92,92,92,92,92,92,92,92,92,92,74,74,74,74,74,74],"card_choices":[{"not_picked":["theDuelist:VeilDarkness+1","theDuelist:SafeZone","theDuelist:FireDarts","theDuelist:DefenseDraw"],"picked":"theDuelist:DragonShield+1","floor":1.0},{"not_picked":["theDuelist:BlackBrutdrago","theDuelist:RedRisingDragon","theDuelist:Earthquake","theDuelist:SnowDragon"],"picked":"theDuelist:MaskedDragon","floor":7.0},{"not_picked":["theDuelist:BlackBrutdrago","theDuelist:SphereChaos","theDuelist:DarkstormDragon","theDuelist:FluteSummoning"],"picked":"theDuelist:WhiteNightDragon","floor":8.0},{"not_picked":["theDuelist:Scapegoat","theDuelist:OceanDragonLord","theDuelist:FiveHeaded","theDuelist:DragonMastery"],"picked":"theDuelist:BusterBladerDDS","floor":16.0},{"not_picked":["theDuelist:WingedDragonRa","theDuelist:GravityLash"],"picked":"theDuelist:QueenDragunDjinn","floor":18.0},{"not_picked":["theDuelist:MaskedDragon+1","theDuelist:LesserDragon+1","theDuelist:CaveDragon","theDuelist:FrozenFitzgerald"],"picked":"theDuelist:MegafleetDragon","floor":19.0},{"not_picked":["theDuelist:Vandalgyon","theDuelist:DragonTreasure","theDuelist:DragonMirror"],"picked":"theDuelist:TyrantWing+1","floor":22},{"not_picked":["theDuelist:Beatraptor","theDuelist:LavaDragon","theDuelist:BabyDragon","theDuelist:Earthquake"],"picked":"theDuelist:MirageDragon+1","floor":23}],"player_experience":173624,"relics_obtained":[{"floor":9.0,"key":"StuffTheSpire:Mouthbags"},{"floor":23,"key":"reliquary:JackalopeAntler"}],"event_choices":[{"damage_healed":0.0,"max_hp_gain":0.0,"max_hp_loss":0.0,"gold_gain":0.0,"event_name":"Big Fish","player_choice":"Box","floor":2.0,"gold_loss":0.0,"damage_taken":0.0,"relics_obtained":["theForsaken:Gavel"],"cards_obtained":["Regret"]},{"damage_healed":0.0,"max_hp_gain":0.0,"max_hp_loss":0.0,"gold_gain":0.0,"event_name":"Tomb of the Nameless","player_choice":"Break - +12 Max HP","duelist":true,"floor":3.0,"gold_loss":0.0,"damage_taken":0.0},{"damage_healed":0.0,"max_hp_gain":0.0,"max_hp_loss":0.0,"gold_gain":0.0,"event_name":"Relic Duplicator","player_choice":"Leave","duelist":true,"floor":5.0,"gold_loss":0.0,"damage_taken":0.0},{"damage_healed":0.0,"max_hp_gain":0.0,"max_hp_loss":0.0,"gold_gain":0.0,"event_name":"The Woman in Blue","player_choice":"Bought 0 Potions","floor":13.0,"gold_loss":0.0,"damage_taken":0.0},{"damage_healed":0.0,"max_hp_gain":0.0,"max_hp_loss":0.0,"gold_gain":0.0,"event_name":"Card Trader","player_choice":"Sold Sparks for 32 Gold.","duelist":true,"floor":21.0,"gold_loss":0.0,"damage_taken":0.0},{"damage_healed":0,"gold_gain":0,"player_choice":"Fight","duelist":true,"damage_taken":0,"max_hp_gain":0,"max_hp_loss":0,"event_name":"Battle City","floor":24,"gold_loss":0}],"is_beta":false,"boss_relics":[{"not_picked":["ChewingGum","Replay:Drink Me","Replay:Fungal Core"]}],"items_purged_floors":[11,14],"is_endless":false,"potions_floor_spawned":[7,16,19],"killed_by":"Gremlin Leader","ascension_level":0}}