{"host":"pyelotildgrd5mks","time":1611649284,"event":{"mods":["BaseMod","Downfall","Minty Spire (QoL Compilation)","Quick Restart","StSLib"],"gold_per_floor":[99,249,249,249,349,274,297,331,331,342,358,358,358,387,404,404,404,404],"floor_reached":16,"language":"ZHS","playtime":934,"items_purged":["downfall:Icky"],"score":111,"play_id":"3b272f3a-e9af-427b-87d7-d427f0f3516c","local_time":"20210126162124","is_ascension_mode":true,"campfire_choices":[{"data":"champ:Execute","floor":1.0,"key":"SMITH"},{"data":"champ:Taunt","floor":9.0,"key":"SMITH"},{"data":"champ:Lariat","floor":13.0,"key":"SMITH"}],"circlet_count":0,"master_deck":["champ:Strike","champ:Strike","champ:Strike","champ:Defend","champ:Defend","champ:Defend","champ:Defend","champ:Execute+1","champ:Taunt+1","champ:FalseCounter","champ:GladiatorForm+1","champ:Circumvent","champ:Lariat+1","champ:Endure","champ:EnchantCrown"],"relics":["champ:ChampionCrown","downfall:HeartsMalice","WarpedTongs","bronze:BronzeIdol","CaptainsWheel","downfall:ShatteredFragment","Meat on the Bone"],"acts_visited":["Exordium"],"potions_floor_usage":[16],"damage_taken":[{"damage":0.0,"enemies":"Cultist","floor":4.0,"turns":1.0},{"damage":0.0,"enemies":"downfall:Heads","floor":5.0,"turns":1.0},{"damage":0.0,"enemies":"downfall:FleeingMerchant","floor":6.0,"turns":1.0},{"damage":51.0,"enemies":"3 Sentries","floor":8.0,"turns":14.0},{"damage":0.0,"enemies":"2 Louse","floor":10.0,"turns":3.0},{"damage":10.0,"enemies":"Small Slimes","floor":11.0,"turns":6.0},{"damage":7,"enemies":"Lagavulin","floor":14,"turns":11},{"damage":0,"enemies":"Exordium Wildlife","floor":15,"turns":3},{"damage":48,"enemies":"DF_ARCHETYPE_STREAMLINE","floor":16,"turns":12}],"seed_played":"-8538607249290548172","potions_obtained":[{"floor":5.0,"key":"champ:OpenerPotion"},{"floor":14,"key":"champ:TechniquePotion"}],"is_trial":false,"path_per_floor":["R","?","?","M","?","$","T","E","R","M","M","?","R","E","M","B"],"character_chosen":"THE_CHAMP","items_purchased":[],"campfire_rested":0,"item_purchase_floors":[],"current_hp_per_floor":[90,90,90,90,90,90,90,69,69,69,69,42,42,35,47,0,0,0],"gold":404,"neow_bonus":"THREE_ENEMY_KILL","is_daily":false,"chose_seed":false,"campfire_upgraded":3,"win_rate":0.0,"timestamp":1611649284,"path_taken":["R","?","?","?","?","$","T","E","R","M","M","?","R","E","M","BOSS"],"items_purchased_type":[],"build_version":"2020-12-22","purchased_purges":1,"victory":false,"max_hp_per_floor":[90,90,90,90,90,90,90,90,90,90,90,90,90,90,90,90,90,90],"card_choices":[{"not_picked":["champ:EnGarde","champ:DefensiveStyle","champ:BladeFlurry"],"picked":"SKIP","floor":4.0},{"not_picked":["champ:PerfectedStrike","champ:EnGarde"],"picked":"champ:FalseCounter","floor":5.0},{"not_picked":["champ:PerfectedStrike","champ:Encircle"],"picked":"champ:Circumvent","floor":6.0},{"not_picked":["champ:AdrenalArmor","champ:EnGarde"],"picked":"champ:Lariat","floor":8.0},{"not_picked":["champ:Encircle","champ:SetATrap"],"picked":"champ:Endure","floor":10.0},{"not_picked":["champ:StanceDance","champ:Shatter","champ:GladiatorForm"],"picked":"SKIP","floor":11.0},{"not_picked":["champ:BringItOn","champ:EnGarde"],"picked":"champ:EnchantCrown","floor":14},{"not_picked":["champ:StanceDance","champ:PreemptiveStrike","champ:RecklessLeap"],"picked":"SKIP","floor":15}],"player_experience":662844,"relics_obtained":[{"floor":7.0,"key":"bronze:BronzeIdol"},{"floor":8.0,"key":"CaptainsWheel"},{"floor":14,"key":"Meat on the Bone"}],"event_choices":[{"damage_healed":0.0,"max_hp_gain":0.0,"max_hp_loss":0.0,"gold_gain":0.0,"event_name":"Accursed Blacksmith","player_choice":"Rummage","floor":3.0,"gold_loss":0.0,"damage_taken":0.0,"relics_obtained":["WarpedTongs"],"cards_obtained":["Pain"]}],"is_beta":false,"boss_relics":[],"items_purged_floors":[6],"is_endless":false,"potions_floor_spawned":[5,14],"killed_by":"DF_ARCHETYPE_STREAMLINE","ascension_level":1}}