{"host":"yqa5il53nhlo2jdd","time":1611654278,"event":{"mods":["AchievementEnabler","Arknights The Spire","BaseMod","BetterRewards","Minty Spire (QoL Compilation)","StSLib","[IsaacMod]ÒÔÈö¼âËþ"],"gold_per_floor":[113,113,113,132,132,159,59,59,137,137,137,148,103,113,113,190,190,207,207,207,82,181,181,96,114,140,156,5,5,19,34,34,113,113,126,143,68,82,82,82,107,107,185,185,27,45,45,57,57,57],"floor_reached":51,"language":"ZHS","playtime":2243,"items_purged":["ats:Strike V","ats:Defend","ats:Strike C","ats:Defend","ats:Strike S"],"score":1418,"play_id":"d7974c58-7d16-4e39-969d-0b45ec11a6ea","local_time":"20210126174438","is_ascension_mode":true,"campfire_choices":[{"data":"ats:Emotion Absorption","floor":8.0,"key":"SMITH"},{"data":"ats:Armor Crushing Shot","floor":11.0,"key":"SMITH"},{"data":"ats:Soul Absorption","floor":15.0,"key":"SMITH"},{"data":"ats:Neurotoxin","floor":23.0,"key":"SMITH"},{"floor":29.0,"key":"REST"},{"floor":32.0,"key":"REST"},{"data":"ats:Defend","floor":40,"key":"SMITH"},{"floor":47,"key":"REST"},{"floor":49,"key":"REST"}],"circlet_count":0,"master_deck":["AscendersBane","ats:Armor Crushing Shot+1","ats:Defend+1","ats:Emotion Absorption+1","ats:Soul Absorption+1","ats:Poison Spread+1","ats:Neurotoxin+1","ats:Very Hot Blade+1","ats:Overload+1"],"relics":["ats:Sanity","HushsDoor","SatanicBible","ats:Originium","Blood Vial","Molten Egg 2","Sozu","PillsDrop","BelialBook","Membership Card","MagicMushroom","StrikeDummy","FossilizedHelix"],"acts_visited":["Exordium","TheCity","TheBeyond"],"potions_floor_usage":[],"damage_taken":[{"damage":3.0,"enemies":"2 Louse","floor":1.0,"turns":4.0},{"damage":0.0,"enemies":"Small Slimes","floor":4.0,"turns":1.0},{"damage":0.0,"enemies":"Lagavulin","floor":6.0,"turns":9.0},{"damage":3.0,"enemies":"Jaw Worm","floor":12.0,"turns":6.0},{"damage":5.0,"enemies":"Large Slime","floor":14.0,"turns":6.0},{"damage":54.0,"enemies":"Hexaghost","floor":16.0,"turns":8.0},{"damage":20.0,"enemies":"2 Thieves","floor":18.0,"turns":4.0},{"damage":2.0,"enemies":"Chosen","floor":25.0,"turns":4.0},{"damage":17.0,"enemies":"Shelled Parasite and Fungi","floor":27.0,"turns":3.0},{"damage":14.0,"enemies":"Centurion and Healer","floor":30.0,"turns":6.0},{"damage":16.0,"enemies":"3 Cultists","floor":31.0,"turns":5.0},{"damage":34.0,"enemies":"Automaton","floor":33.0,"turns":8.0},{"damage":1.0,"enemies":"3 Darklings","floor":35.0,"turns":4.0},{"damage":6.0,"enemies":"3 Shapes","floor":36.0,"turns":4.0},{"damage":0.0,"enemies":"Spire Growth","floor":38.0,"turns":3.0},{"damage":0,"enemies":"Reptomancer","floor":41,"turns":5},{"damage":0,"enemies":"Transient","floor":46,"turns":5},{"damage":13,"enemies":"3 Darklings","floor":48,"turns":2},{"damage":0,"enemies":"Time Eater","floor":50,"turns":5}],"seed_played":"3768765009769605728","potions_obtained":[{"floor":1.0,"key":"LiquidBronze"},{"floor":6.0,"key":"Energy Potion"}],"is_trial":false,"path_per_floor":["M","?","?","M","?","E","$","R","T","?","R","M","$","M","R","B",null,"M","?","?","$","?","R","?","M","T","M","$","R","M","M","R","B",null,"M","M","$","M","?","R","E","?","T","?","$","M","R","M","R","B",null],"character_chosen":"DOCTOR_CLASS","items_purchased":["ats:Poison Spread+1","Membership Card","FossilizedHelix"],"campfire_rested":4,"item_purchase_floors":[13,28,45],"current_hp_per_floor":[62,67,67,67,67,67,67,67,67,67,67,66,66,63,63,11,61,43,43,43,43,43,43,43,43,43,31,31,55,43,29,53,21,69,71,68,68,71,71,71,74,74,74,74,74,77,77,67,80,80],"gold":57,"neow_bonus":"","is_daily":false,"chose_seed":false,"campfire_upgraded":5,"win_rate":0.0,"timestamp":1611654278,"path_taken":["M","?","?","?","?","E","$","R","T","?","R","M","?","M","R","BOSS","M","?","?","?","?","R","?","M","T","M","$","R","M","?","R","BOSS","M","M","?","M","?","R","E","?","T","?","$","M","R","?","R","BOSS"],"items_purchased_type":["Card","Relic","Relic"],"build_version":"2020-12-22","purchased_purges":5,"victory":true,"max_hp_per_floor":[72,77,77,77,77,77,77,77,77,77,77,77,77,77,77,77,77,77,77,77,77,77,77,77,77,77,80,80,80,80,80,80,80,82,77,77,77,77,77,77,77,77,77,77,77,77,77,80,80,80],"card_choices":[{"not_picked":["ats:Shell Defense","ats:Flexible Camouflage"],"picked":"Bomb","floor":1.0},{"not_picked":["ats:Apocalypse","ats:Shell Defense","ats:Closed Bolt Burst Fire"],"picked":"SKIP","floor":4.0},{"not_picked":["ats:Dogmatic Field","ats:Red Shift","ats:Blood Oath"],"picked":"SKIP","floor":6.0},{"not_picked":["ats:LN2 Cannon+1","ats:Powerful Strike+1"],"picked":"ats:Soul Absorption","floor":12.0},{"not_picked":["ats:Leaping Hammer+1","ats:Poison Spread+1"],"picked":"ats:Neurotoxin","floor":14.0},{"not_picked":["ats:Ignite+1","ats:Revitalization+1","ats:Guardian Obelisk"],"picked":"SKIP","floor":18.0},{"not_picked":["ats:Guard Mode","ats:Curse Doll","ats:Apocalypse+1"],"picked":"SKIP","floor":25.0},{"not_picked":["ats:Absolute Focus","ats:Powerful Strike+1","ats:Mental Burst+1"],"picked":"SKIP","floor":27.0},{"not_picked":["ats:Flexible Camouflage","ats:Leaping Hammer+1","ats:Curse Doll"],"picked":"SKIP","floor":30.0},{"not_picked":["ats:Consecutive Shot Auto+1","ats:Closed Bolt Burst Fire+1","ats:Curse Doll"],"picked":"SKIP","floor":31.0},{"not_picked":["ats:Absolute Focus","ats:Assault Order"],"picked":"ats:Very Hot Blade+1","floor":35.0},{"not_picked":["ats:Thermite Blade+1","ats:LN2 Cannon+1"],"picked":"ats:Overload+1","floor":36.0},{"not_picked":["ats:Hammer On+1","ats:Closed Bolt Burst Fire+1","ats:Explosion Area Strengthen+1"],"picked":"SKIP","floor":38},{"not_picked":["ats:Shadow Assault+1","ats:Guard Mode","ats:Poison Spread+1"],"picked":"SKIP","floor":41},{"not_picked":["ats:Part Time Job","ats:Revitalization","ats:Beaten Up"],"picked":"SKIP","floor":46},{"not_picked":["ats:Apocalypse+1","ats:Serious Mode","ats:Cat Scratch+1"],"picked":"SKIP","floor":48}],"player_experience":703416,"relics_obtained":[{"floor":6.0,"key":"ats:Originium"},{"floor":6.0,"key":"Blood Vial"},{"floor":9.0,"key":"Molten Egg 2"},{"floor":26.0,"key":"BelialBook"},{"floor":41,"key":"ats:Originium"},{"floor":43,"key":"StrikeDummy"}],"event_choices":[{"damage_healed":0.0,"max_hp_gain":5.0,"max_hp_loss":0.0,"gold_gain":0.0,"event_name":"Big Fish","player_choice":"Donut","floor":2.0,"gold_loss":0.0,"damage_taken":0.0},{"cards_removed":["ats:Strike G"],"damage_healed":0.0,"max_hp_gain":0.0,"max_hp_loss":0.0,"gold_gain":0.0,"event_name":"Living Wall","player_choice":"Forget","floor":3.0,"gold_loss":0.0,"damage_taken":0.0},{"damage_healed":0.0,"max_hp_gain":0.0,"max_hp_loss":0.0,"gold_gain":0.0,"event_name":"Scrap Ooze","player_choice":"Fled","floor":5.0,"gold_loss":0.0,"damage_taken":0.0},{"damage_healed":0.0,"max_hp_gain":0.0,"max_hp_loss":0.0,"gold_gain":0.0,"event_name":"The Woman in Blue","player_choice":"Bought 0 Potions","floor":10.0,"gold_loss":0.0,"damage_taken":0.0},{"damage_healed":0.0,"max_hp_gain":0.0,"max_hp_loss":0.0,"gold_gain":99.0,"event_name":"Nest","player_choice":"Stole From Cult","floor":22.0,"gold_loss":0.0,"damage_taken":0.0},{"damage_healed":0.0,"max_hp_gain":0.0,"max_hp_loss":0.0,"gold_gain":0.0,"event_name":"Addict","player_choice":"Obtained Relic","floor":24.0,"gold_loss":85.0,"damage_taken":0.0,"relics_obtained":["PillsDrop"]},{"damage_healed":0,"gold_gain":0,"player_choice":"Ignored","damage_taken":0,"max_hp_gain":0,"max_hp_loss":0,"event_name":"Tomb of Lord Red Mask","floor":39,"gold_loss":0},{"damage_healed":0,"gold_gain":0,"player_choice":"Ignored","damage_taken":0,"max_hp_gain":0,"max_hp_loss":0,"event_name":"Mysterious Sphere","floor":42,"gold_loss":0},{"cards_removed":["ats:Defend"],"damage_healed":0,"gold_gain":0,"player_choice":"Purged","damage_taken":0,"max_hp_gain":0,"max_hp_loss":0,"event_name":"Purifier","floor":44,"gold_loss":0}],"is_beta":false,"boss_relics":[{"not_picked":["ats:Tactical Delivery","Black Star"],"picked":"Sozu"},{"not_picked":[]},{"not_picked":["Calling Bell","Fusion Hammer"],"picked":"MagicMushroom"},{"not_picked":[]}],"items_purged_floors":[0,7,21,34,37],"is_endless":false,"potions_floor_spawned":[1,6,12,25,27,30,33,35,46,48],"ascension_level":13}}