{"host":"zxd7sxkt31l2m2hb","time":1611697045,"event":{"mods":["AchievementEnabler","BaseMod","BetterRewards","Colored Map","Colored Powertips","Highlight Path","Minty Spire (QoL Compilation)","Quick Restart","StSLib","SuperFastMode","The Jungle","slay the spire mod where everything is the same but ironclad has a cowboy hat"],"gold_per_floor":[115,115,35,53,53,53,53,53,76,76,23,34,47,60,60,163,163,181,280,280,280,205,205,205],"floor_reached":23,"language":"DEU","playtime":707,"items_purged":[],"score":327,"play_id":"ad412cf6-a18f-48cf-a129-03f0cfe1a358","local_time":"20210126223725","daily_mods":["SealedDeck","Hoarder","Vintage","Colorless Cards","Heirloom","Time Dilation","Flight","Lethality"],"is_ascension_mode":false,"campfire_choices":[{"data":"Seeing Red","floor":6,"key":"SMITH"},{"data":"Seeing Red","floor":7,"key":"SMITH"},{"data":"Seeing Red","floor":8,"key":"SMITH"},{"floor":15,"key":"REST"}],"circlet_count":0,"master_deck":["Blood for Blood","Blood for Blood","Armaments","Armaments","Armaments","Twin Strike","Twin Strike+1","Twin Strike+1","Armaments","Armaments","Dual Wield","Dual Wield","Dual Wield","Bloodletting","Bloodletting","Bloodletting+1","Hemokinesis","Hemokinesis","Hemokinesis","Seeing Red+1","Seeing Red+1","Seeing Red+1","Inflame","Inflame","Inflame","Heavy Blade","Heavy Blade","Heavy Blade","Shrug It Off+1","Shrug It Off+1","Shrug It Off+1","Rupture","Rupture","Rupture","Flex+1","Flex+1","Flex+1","Secret Weapon+1","Secret Weapon+1","Secret Weapon+1"],"relics":["Unceasing Top","Prayer Wheel","Toxic Egg 2","Eternal Feather","Whetstone","Red Skull","Charon\u0027s Ashes","Boot","Philosopher\u0027s Stone","CeramicFish","Nilry\u0027s Codex"],"acts_visited":["Exordium","TheCity"],"potions_floor_usage":[23],"damage_taken":[{"damage":9,"enemies":"Jaw Worm","floor":1,"turns":2},{"damage":10,"enemies":"Small Slimes","floor":4,"turns":2},{"damage":0,"enemies":"Cultist","floor":12,"turns":2},{"damage":28,"enemies":"Gremlin Gang","floor":13,"turns":2},{"damage":4,"enemies":"Exordium Thugs","floor":14,"turns":3},{"damage":72,"enemies":"Hexaghost","floor":16,"turns":4},{"damage":14,"enemies":"Shell Parasite","floor":18,"turns":2},{"damage":54,"enemies":"Slavers","floor":23,"turns":3}],"seed_played":"-4652561669821053530","potions_obtained":[{"floor":1,"key":"Dexterity Potion"},{"floor":4,"key":"Energy Potion"},{"floor":13,"key":"Dexterity Potion"}],"is_trial":true,"path_per_floor":["M","?","$","M","$","R","R","R","T","?","$","M","M","M","R","B",null,"M","?","?","?","?","E"],"character_chosen":"IRONCLAD","items_purchased":["Shrug It Off+1","Rupture","Flex+1"],"campfire_rested":1,"item_purchase_floors":[3,3,11],"current_hp_per_floor":[71,71,71,61,61,80,80,80,80,80,80,80,52,48,80,8,80,66,66,50,50,50,0,0],"gold":205,"neow_bonus":"","is_daily":false,"chose_seed":false,"campfire_upgraded":3,"win_rate":0.0,"timestamp":1611697045,"path_taken":["M","?","$","M","$","R","R","R","T","?","$","M","?","?","R","BOSS","M","?","?","?","?","E"],"items_purchased_type":["Card","Card","Card"],"build_version":"2020-12-22","purchased_purges":0,"victory":false,"max_hp_per_floor":[80,80,80,80,80,80,80,80,80,80,80,80,80,80,80,80,80,80,80,80,80,80,80,80],"card_choices":[{"not_picked":["Berserk","Impervious+1"],"picked":"Secret Weapon+1","floor":16}],"player_experience":122741,"relics_obtained":[{"floor":1,"key":"Toxic Egg 2"},{"floor":4,"key":"Eternal Feather"},{"floor":9,"key":"Whetstone"},{"floor":12,"key":"Red Skull"},{"floor":13,"key":"Charon\u0027s Ashes"},{"floor":14,"key":"Boot"},{"floor":18,"key":"CeramicFish"},{"floor":20,"key":"Nilry\u0027s Codex"}],"event_choices":[{"damage_healed":0,"gold_gain":0,"player_choice":"Ignored","damage_taken":0,"max_hp_gain":0,"max_hp_loss":0,"event_name":"Liars Game","floor":2,"gold_loss":0},{"damage_healed":0,"gold_gain":0,"player_choice":"Upgraded","damage_taken":0,"max_hp_gain":0,"max_hp_loss":0,"event_name":"Upgrade Shrine","floor":10,"gold_loss":0,"cards_upgraded":["Bloodletting"]},{"damage_healed":0,"gold_gain":99,"player_choice":"Stole From Cult","damage_taken":0,"max_hp_gain":0,"max_hp_loss":0,"event_name":"Nest","floor":19,"gold_loss":0},{"damage_healed":0,"gold_gain":0,"player_choice":"Obtained Book","damage_taken":16,"max_hp_gain":0,"max_hp_loss":0,"event_name":"Cursed Tome","floor":20,"gold_loss":0},{"cards_removed":["Blood for Blood"],"damage_healed":0,"gold_gain":0,"player_choice":"Elegance","damage_taken":0,"max_hp_gain":0,"max_hp_loss":0,"event_name":"Back to Basics","floor":21,"gold_loss":0},{"cards_removed":["Armaments"],"damage_healed":0,"gold_gain":0,"player_choice":"Gave Gold","damage_taken":0,"max_hp_gain":0,"max_hp_loss":0,"event_name":"Beggar","floor":22,"gold_loss":75}],"is_beta":false,"boss_relics":[{"not_picked":["Mark of Pain","Velvet Choker"],"picked":"Philosopher\u0027s Stone"}],"items_purged_floors":[],"is_endless":true,"potions_floor_spawned":[1,4,13,16],"killed_by":"Slavers","ascension_level":0}}