{"host":"xmr2g8b7eju0288o","time":1611688199,"event":{"mods":["AchievementEnabler","BaseMod","Colored Map","Colored Powertips","Infinite Spire","KOR Keyword Fix","Minty Spire (QoL Compilation)","Quick Restart","Spicy Shops","StSLib","SuperFastMode"],"gold_per_floor":[129,162,162,4,4,4,43,43,43,43,130,130,175,208,208,208,208],"floor_reached":16,"language":"KOR","playtime":309,"items_purged":[],"score":200,"play_id":"dbe05e41-764c-4100-b6b4-3ebcdc0304c7","local_time":"20210127040959","daily_mods":["Heirloom","Midas"],"is_ascension_mode":true,"campfire_choices":[{"floor":6.0,"key":"REST"},{"floor":8.0,"key":"REST"},{"floor":15,"key":"REST"}],"circlet_count":0,"master_deck":["AscendersBane","Strike_R","Strike_R+1","Strike_R","Strike_R","Strike_R","Defend_R","Defend_R+1","Defend_R","Defend_R","Bash","Heavy Blade","Fire Breathing","Cleave","Twin Strike+1","Iron Wave+1","Shrug It Off"],"relics":["infinitespire:DarkRift","Ice Cream","Membership Card","infinitespire:Cubic Diamond","Molten Egg 2","Champion Belt","infinitespire:Eraser"],"acts_visited":["Exordium"],"potions_floor_usage":[11,14,16],"damage_taken":[{"damage":10.0,"enemies":"2 Louse","floor":1.0,"turns":3.0},{"damage":19.0,"enemies":"Jaw Worm","floor":2.0,"turns":4.0},{"damage":14.0,"enemies":"Small Slimes","floor":7.0,"turns":3.0},{"damage":25,"enemies":"3 Sentries","floor":11,"turns":4},{"damage":16,"enemies":"3 Louse","floor":13,"turns":4},{"damage":4,"enemies":"Looter","floor":14,"turns":2},{"damage":55,"enemies":"Hexaghost","floor":16,"turns":11}],"seed_played":"-8651157860599716803","potions_obtained":[{"floor":7.0,"key":"GamblersBrew"},{"floor":11,"key":"BloodPotion"},{"floor":14,"key":"ElixirPotion"}],"is_trial":true,"path_per_floor":["M","M","?","$","?","R","M","R","T","$","E","?","M","M","R","B"],"character_chosen":"IRONCLAD","items_purchased":["Membership Card","Champion Belt"],"campfire_rested":3,"item_purchase_floors":[4,10],"current_hp_per_floor":[64,51,56,56,56,80,66,80,80,80,55,31,15,27,51,0,0],"gold":208,"neow_bonus":"","is_daily":false,"chose_seed":false,"campfire_upgraded":0,"win_rate":0.0,"timestamp":1611688199,"path_taken":["M","M","?","$","?","R","M","R","T","$","E","?","M","M","R","BOSS"],"items_purchased_type":["Relic","Relic"],"build_version":"2020-12-22","purchased_purges":0,"victory":false,"max_hp_per_floor":[75,75,80,80,80,80,80,80,80,80,80,80,80,80,80,80,80],"card_choices":[{"not_picked":["Clash","Wild Strike"],"picked":"Heavy Blade","floor":1.0},{"not_picked":["Whirlwind","Rupture"],"picked":"Fire Breathing","floor":2.0},{"not_picked":["Fire Breathing","Wild Strike"],"picked":"Cleave","floor":7.0},{"not_picked":["Entrench","Wild Strike+1"],"picked":"Twin Strike+1","floor":11},{"not_picked":["Armaments","Clothesline+1"],"picked":"Iron Wave+1","floor":13},{"not_picked":["Second Wind","Dropkick+1"],"picked":"Shrug It Off","floor":14}],"player_experience":83142,"relics_obtained":[{"floor":9.0,"key":"Molten Egg 2"},{"floor":11,"key":"infinitespire:Eraser"}],"event_choices":[{"damage_healed":0.0,"max_hp_gain":5.0,"max_hp_loss":0.0,"gold_gain":0.0,"event_name":"Big Fish","player_choice":"Donut","floor":3.0,"gold_loss":0.0,"damage_taken":0.0},{"damage_healed":0,"gold_gain":0,"player_choice":"Entered Light","damage_taken":24,"max_hp_gain":0,"max_hp_loss":0,"event_name":"Shining Light","floor":12,"gold_loss":0,"cards_upgraded":["Strike_R","Defend_R"]}],"is_beta":false,"boss_relics":[],"items_purged_floors":[],"is_endless":false,"potions_floor_spawned":[7,11,14],"killed_by":"Hexaghost","ascension_level":20}}