{"host":"dzit4ljil6490tuf","time":1611627336,"event":{"mods":["BaseMod","Downfall","Hermit","Hubris","Minty Spire (QoL Compilation)","StSLib","The Cursed","The Runesmith","The Servant 0.9.4"],"gold_per_floor":[99,114,114,129,129,159,159,174,174,204,204,219,234,184,199,299,299,299,314,329,329,71,101,101,116,116,116],"floor_reached":26,"language":"ITA","playtime":1252,"items_purged":[],"score":288,"play_id":"24f09d26-c087-4271-8af9-05e74ba04a3e","local_time":"20210126031536","daily_mods":["Heirloom","Vintage","Elite Swarm"],"is_ascension_mode":false,"campfire_choices":[{"data":"Zap","floor":1,"key":"SMITH"},{"data":"Echo Form","floor":9,"key":"SMITH"},{"floor":11,"key":"REST"},{"data":"Creative AI","floor":18,"key":"SMITH"}],"circlet_count":0,"master_deck":["Strike_B+1","Strike_B","Defend_B","Defend_B","Defend_B","Defend_B","Dualcast","Creative AI+1","Echo Form+1","hubris:DuctTapeCard","Thunder Strike","Thunder Strike","sneckomod:SnakeSap","Darkness","Barrage","Self Repair","Compile Driver","Jack Of All Trades","Biased Cognition","Normality"],"relics":["Cracked Core","Ice Cream","Whetstone","Anchor","Guardian:GemstoneGun","Cables","hubris:DuctTape","bronze:BronzeIdol","hubris:BallOfYels","DataDisk","Blue Candle","Cursed Key","Nunchaku","hubris:SphereOfDissonance","hubris:TenFootPole","Orichalcum","hubris:SoftwareUpdate"],"acts_visited":["Exordium","TheCity"],"potions_floor_usage":[16,23,25,26],"damage_taken":[{"damage":6,"enemies":"Jaw Worm","floor":2,"turns":3},{"damage":1,"enemies":"Cultist","floor":4,"turns":4},{"damage":18,"enemies":"3 Sentries","floor":6,"turns":7},{"damage":0,"enemies":"2 Louse","floor":8,"turns":2},{"damage":8,"enemies":"Lagavulin","floor":10,"turns":5},{"damage":0,"enemies":"Blue Slaver","floor":12,"turns":3},{"damage":6,"enemies":"2 Fungi Beasts","floor":13,"turns":3},{"damage":0,"enemies":"3 Louse","floor":15,"turns":2},{"damage":0,"enemies":"Slime Boss","floor":16,"turns":7},{"damage":2,"enemies":"3 Byrds","floor":19,"turns":3},{"damage":0,"enemies":"Shell Parasite","floor":20,"turns":4},{"damage":0,"enemies":"downfall:FleeingMerchant","floor":22,"turns":4},{"damage":60,"enemies":"Slavers","floor":23,"turns":5},{"damage":6,"enemies":"Centurion and Healer","floor":25,"turns":5},{"damage":21,"enemies":"Gremlin Leader","floor":26,"turns":4}],"seed_played":"-4735054310349275430","potions_obtained":[{"floor":6,"key":"Block Potion"},{"floor":12,"key":"Dexterity Potion"},{"floor":15,"key":"Weak Potion"},{"floor":19,"key":"champ:CounterPotion"}],"is_trial":false,"path_per_floor":["R","M","?","M","?","E","T","M","R","E","R","M","M","?","M","B",null,"R","M","M","?","$","E","T","M","E"],"character_chosen":"DEFECT","items_purchased":["Barrage","Self Repair","Compile Driver","Jack Of All Trades"],"campfire_rested":1,"item_purchase_floors":[22,22,22,22],"current_hp_per_floor":[75,69,69,68,68,50,50,50,50,42,64,64,58,58,58,58,75,75,73,73,73,73,20,20,21,0,0],"gold":116,"neow_bonus":"","is_daily":true,"chose_seed":false,"campfire_upgraded":3,"win_rate":0.0,"timestamp":1611627336,"path_taken":["R","M","?","?","?","E","T","M","R","E","R","?","M","?","M","BOSS","R","M","M","?","$","E","T","M","E"],"items_purchased_type":["Card","Card","Card","Card"],"build_version":"2020-12-22","purchased_purges":0,"victory":false,"max_hp_per_floor":[75,75,75,75,75,75,75,75,75,75,75,75,75,75,75,75,75,75,75,75,75,75,75,75,75,75,75],"card_choices":[{"not_picked":["Creative AI","Hyperbeam"],"picked":"Echo Form","floor":6},{"not_picked":["Creative AI","Meteor Strike"],"picked":"Thunder Strike","floor":10},{"not_picked":["hubris:DoWhile","Creative AI"],"picked":"Thunder Strike","floor":16},{"not_picked":["Streamline","Go for the Eyes"],"picked":"Darkness","floor":22},{"not_picked":["Fission","Amplify"],"picked":"Biased Cognition","floor":23}],"player_experience":603991,"relics_obtained":[{"floor":2,"key":"Whetstone"},{"floor":4,"key":"Anchor"},{"floor":6,"key":"Guardian:GemstoneGun"},{"floor":7,"key":"Cables"},{"floor":8,"key":"hubris:DuctTape"},{"floor":10,"key":"bronze:BronzeIdol"},{"floor":12,"key":"hubris:BallOfYels"},{"floor":13,"key":"DataDisk"},{"floor":15,"key":"Blue Candle"},{"floor":19,"key":"Nunchaku"},{"floor":20,"key":"hubris:SphereOfDissonance"},{"floor":23,"key":"hubris:TenFootPole"},{"floor":24,"key":"Orichalcum"},{"floor":25,"key":"hubris:SoftwareUpdate"}],"event_choices":[{"damage_healed":0,"gold_gain":0,"cards_transformed":["Strike_B"],"player_choice":"Transformed","damage_taken":0,"max_hp_gain":0,"max_hp_loss":0,"event_name":"Transmorgrifier","floor":3,"gold_loss":0,"cards_obtained":["Creative AI"]},{"damage_healed":0,"gold_gain":0,"player_choice":"1 cards matched","damage_taken":0,"max_hp_gain":0,"max_hp_loss":0,"event_name":"Match and Keep!","floor":5,"gold_loss":0,"cards_obtained":["Cold Snap"]},{"cards_removed":["Strike_B"],"damage_healed":0,"gold_gain":0,"player_choice":"Card Removal","damage_taken":0,"max_hp_gain":0,"max_hp_loss":0,"event_name":"The Cleric","floor":14,"gold_loss":50},{"damage_healed":0,"gold_gain":0,"player_choice":"Read","damage_taken":0,"max_hp_gain":0,"max_hp_loss":0,"event_name":"The Library","floor":21,"gold_loss":0,"cards_obtained":["sneckomod:SnakeSap"]}],"is_beta":false,"boss_relics":[{"not_picked":["SacredBark","Fusion Hammer"],"picked":"Cursed Key"}],"items_purged_floors":[],"is_endless":false,"potions_floor_spawned":[6,12,15,19,20],"killed_by":"Gremlin Leader","ascension_level":0}}