{"host":"z9811rt50ti81n54","time":1611676194,"event":{"mods":["BaseMod","Minty Spire (QoL Compilation)","StSLib","The Marked"],"gold_per_floor":[116,128,146,163,176,176,196,215,215,248,248,272,346,375,375,475,475,489,502,521,521,536,570,570,62,62,73,1,15,15,41,41,143,143,159,8,63,63,63,63,88,106,106,57,57,92,56,56,56],"floor_reached":48,"language":"ENG","playtime":2195,"items_purged":["theMarked:Strike","theMarked:Strike"],"score":642,"play_id":"124fe477-afd9-4416-b464-7ca46e7e0012","local_time":"20210127004954","is_ascension_mode":false,"campfire_choices":[{"data":"theMarked:ComboAttacks","floor":6.0,"key":"SMITH"},{"floor":11.0,"key":"REST"},{"floor":15.0,"key":"REST"},{"floor":24.0,"key":"REST"},{"floor":30.0,"key":"REST"},{"floor":32.0,"key":"REST"},{"floor":40.0,"key":"RECALL"}],"circlet_count":0,"master_deck":["theMarked:Strike","theMarked:Defend","theMarked:Defend","theMarked:Defend","theMarked:Defend","theMarked:SoldierOfQuellstein+1","theMarked:ChainLightning","theMarked:Standoff","theMarked:ComboAttacks+1","theMarked:Parry","theMarked:RepellingDischarge","theMarked:Static","theMarked:BindingBlade","theMarked:Improvise+1","theMarked:AttractMetal+1","theMarked:CreepingChasm+1","theMarked:Levitate+1","theMarked:Indomitable+1","theMarked:EnhanceMovement+1","theMarked:EmpowerWeapon+1","theMarked:WardOff+1","theMarked:TwofoldDefense+1","theMarked:WardOff+1","Panacea+1","theMarked:EmpowerWeapon+1","theMarked:ResourceFulStrike+1","theMarked:ChannelForce+1","theMarked:Panic+1","theMarked:ResourceFulStrike+1","theMarked:Overthink+1","theMarked:Challenge+1","theMarked:Challenge+1","theMarked:Overthink+1","theMarked:HeightenedSenses+1","theMarked:Challenge+1","theMarked:BanishingStrike+1","theMarked:Friction+1","theMarked:Memento+1","theMarked:Friction+1","theMarked:ParalyzingBlade+1"],"relics":["theMarked:ArtifactOfAir","theMarked:Gun","Toxic Egg 2","Odd Mushroom","Nunchaku","Fusion Hammer","Toy Ornithopter","Prayer Wheel","Mercury Hourglass","Du-Vu Doll","theMarked:SpiritSword","theMarked:VonisonLock","Mummified Hand","Bronze Scales","Shovel"],"acts_visited":["Exordium","TheCity","TheBeyond"],"potions_floor_usage":[45,46],"damage_taken":[{"damage":0.0,"enemies":"2 Louse","floor":1.0,"turns":2.0},{"damage":0.0,"enemies":"Small Slimes","floor":2.0,"turns":4.0},{"damage":0.0,"enemies":"Cultist","floor":3.0,"turns":3.0},{"damage":13.0,"enemies":"Large Slime","floor":4.0,"turns":5.0},{"damage":6.0,"enemies":"3 Louse","floor":5.0,"turns":2.0},{"damage":2.0,"enemies":"Blue Slaver","floor":7.0,"turns":5.0},{"damage":0.0,"enemies":"Looter","floor":8.0,"turns":4.0},{"damage":26.0,"enemies":"Gremlin Nob","floor":10.0,"turns":5.0},{"damage":9.0,"enemies":"The Mushroom Lair","floor":12.0,"turns":4.0},{"damage":3.0,"enemies":"Lagavulin","floor":14.0,"turns":7.0},{"damage":26.0,"enemies":"Slime Boss","floor":16.0,"turns":9.0},{"damage":18.0,"enemies":"3 Byrds","floor":18.0,"turns":5.0},{"damage":5.0,"enemies":"Chosen","floor":19.0,"turns":4.0},{"damage":9.0,"enemies":"Snake Plant","floor":20.0,"turns":4.0},{"damage":17.0,"enemies":"Chosen and Byrds","floor":22.0,"turns":5.0},{"damage":17.0,"enemies":"Slavers","floor":23.0,"turns":7.0},{"damage":0.0,"enemies":"Snecko","floor":27.0,"turns":3.0},{"damage":0.0,"enemies":"Snake Plant","floor":29.0,"turns":4.0},{"damage":41.0,"enemies":"Gremlin Leader","floor":31.0,"turns":5.0},{"damage":0.0,"enemies":"Champ","floor":33.0,"turns":11.0},{"damage":0.0,"enemies":"3 Shapes","floor":35.0,"turns":2.0},{"damage":35.0,"enemies":"2 Orb Walkers","floor":37.0,"turns":6.0},{"damage":0.0,"enemies":"Giant Head","floor":41.0,"turns":9.0},{"damage":0.0,"enemies":"Orb Walker","floor":42.0,"turns":2.0},{"damage":0,"enemies":"Spire Growth","floor":45,"turns":2},{"damage":56,"enemies":"Reptomancer","floor":46,"turns":4},{"damage":17,"enemies":"Jaw Worm Horde","floor":48,"turns":2}],"seed_played":"-1589302815425985779","potions_obtained":[{"floor":4.0,"key":"SmokeBomb"},{"floor":5.0,"key":"Ancient Potion"},{"floor":10.0,"key":"PowerPotion"},{"floor":12.0,"key":"SpeedPotion"},{"floor":18.0,"key":"SpeedPotion"},{"floor":33.0,"key":"ColorlessPotion"},{"floor":41.0,"key":"DuplicationPotion"}],"is_trial":false,"path_per_floor":["M","M","M","M","M","R","M","M","T","E","R","?","?","E","R","B",null,"M","M","M","?","M","E","R","$","T","M","$","M","R","E","R","B",null,"M","$","?","?","?","R","E","M","T","$","M","E","$","M"],"character_chosen":"THE_DEFAULT","items_purchased":["Panacea+1","Prayer Wheel","theMarked:EmpowerWeapon+1","theMarked:Panic+1","theMarked:HeightenedSenses+1","theMarked:Memento+1","theMarked:ParalyzingBlade+1"],"campfire_rested":5,"item_purchase_floors":[25,25,25,28,36,44,47],"current_hp_per_floor":[70,70,70,57,51,51,49,49,49,23,44,35,35,32,53,27,70,52,47,38,38,21,4,25,25,25,25,25,25,46,5,26,36,70,70,70,35,61,61,61,61,61,61,61,61,5,5,0,0],"gold":56,"neow_bonus":"UPGRADE_CARD","is_daily":false,"chose_seed":false,"campfire_upgraded":1,"win_rate":0.0,"timestamp":1611676194,"path_taken":["M","M","M","M","M","R","M","M","T","E","R","?","?","E","R","BOSS","M","M","M","?","M","E","R","$","T","M","$","M","R","E","R","BOSS","M","$","?","?","?","R","E","M","T","$","M","E","?","M"],"items_purchased_type":["Card","Relic","Card","Card","Card","Card","Card"],"build_version":"2020-12-22","purchased_purges":2,"victory":false,"max_hp_per_floor":[70,70,70,70,70,70,70,70,70,70,70,70,70,70,70,70,70,70,70,70,70,70,70,70,70,70,70,70,70,70,70,70,70,70,70,70,70,61,61,61,61,61,61,61,61,61,61,61,61],"card_choices":[{"not_picked":["theMarked:EmpowerWeapon","theMarked:RepellingDischarge"],"picked":"theMarked:ChainLightning","floor":1.0},{"not_picked":["theMarked:ElectricStrings","theMarked:Parkour"],"picked":"theMarked:Standoff","floor":2.0},{"not_picked":["theMarked:PowerFlow","theMarked:Electrify"],"picked":"theMarked:ComboAttacks","floor":3.0},{"not_picked":["theMarked:TwofoldDefense","theMarked:SwordAndMagic"],"picked":"theMarked:Parry","floor":4.0},{"not_picked":["theMarked:SwordAndMagic","theMarked:Memento"],"picked":"theMarked:RepellingDischarge","floor":5.0},{"not_picked":["theMarked:Parry","theMarked:ShockingTouch"],"picked":"theMarked:Static","floor":7.0},{"not_picked":["theMarked:SwordAndMagic","theMarked:Frustration"],"picked":"theMarked:BindingBlade","floor":8.0},{"not_picked":["theMarked:Frustration","theMarked:Aftermath+1"],"picked":"theMarked:Improvise+1","floor":10.0},{"not_picked":["theMarked:ShockingTouch","theMarked:Memento+1"],"picked":"theMarked:AttractMetal+1","floor":12.0},{"not_picked":["theMarked:Memento+1","theMarked:ChainLightning"],"picked":"theMarked:CreepingChasm+1","floor":14.0},{"not_picked":["theMarked:Abjuration","theMarked:Defy"],"picked":"theMarked:Levitate+1","floor":16.0},{"not_picked":["theMarked:SelfDefenseTraining","theMarked:TakeCover+1"],"picked":"theMarked:Indomitable+1","floor":18.0},{"not_picked":["theMarked:HeightenedSenses+1","theMarked:Static+1"],"picked":"theMarked:EnhanceMovement+1","floor":19.0},{"not_picked":["theMarked:MysticalArsenal","theMarked:RepellingDischarge+1"],"picked":"theMarked:EmpowerWeapon+1","floor":20.0},{"not_picked":["theMarked:Aftermath+1","theMarked:SwordAndMagic"],"picked":"theMarked:TwofoldDefense+1","floor":22.0},{"not_picked":["theMarked:BanishingStrike","theMarked:Standoff"],"picked":"theMarked:WardOff+1","floor":23.0},{"not_picked":["theMarked:RepellingDischarge+1","theMarked:ElectricStrings"],"picked":"theMarked:ResourceFulStrike+1","floor":27.0},{"not_picked":["theMarked:Maelstrom+1","theMarked:HeightenedSenses+1"],"picked":"theMarked:ChannelForce+1","floor":27.0},{"not_picked":["theMarked:Standoff","theMarked:Snap"],"picked":"theMarked:ResourceFulStrike+1","floor":29.0},{"not_picked":["theMarked:ResourceFulStrike","theMarked:EmpowerWeapon+1"],"picked":"theMarked:Overthink+1","floor":29.0},{"not_picked":["theMarked:Maelstrom+1","theMarked:CreepingChasm+1"],"picked":"theMarked:Challenge+1","floor":31.0},{"not_picked":["theMarked:MagusForm","theMarked:Defy"],"picked":"theMarked:Challenge+1","floor":33.0},{"not_picked":["theMarked:Parkour","theMarked:ElectricStrings"],"picked":"theMarked:Overthink+1","floor":35.0},{"not_picked":["theMarked:Improvise+1","theMarked:ChainLightning+1","theMarked:Parry+1"],"picked":"SKIP","floor":35.0},{"not_picked":["theMarked:Static+1","theMarked:EnhanceMovement+1"],"picked":"theMarked:Challenge+1","floor":41.0},{"not_picked":["theMarked:LightningStrikesTwice+1","theMarked:ChainLightning"],"picked":"theMarked:BanishingStrike+1","floor":42.0},{"not_picked":["theMarked:ElectricStrings","theMarked:EmpowerWeapon+1"],"picked":"theMarked:Friction+1","floor":42.0},{"not_picked":["theMarked:Abjuration","theMarked:Parry+1"],"picked":"theMarked:Friction+1","floor":46}],"player_experience":430824,"relics_obtained":[{"floor":9.0,"key":"theMarked:Gun"},{"floor":10.0,"key":"Toxic Egg 2"},{"floor":12.0,"key":"Odd Mushroom"},{"floor":14.0,"key":"Nunchaku"},{"floor":23.0,"key":"Toy Ornithopter"},{"floor":26.0,"key":"Mercury Hourglass"},{"floor":31.0,"key":"Du-Vu Doll"},{"floor":37.0,"key":"theMarked:VonisonLock"},{"floor":41.0,"key":"Mummified Hand"},{"floor":43.0,"key":"Bronze Scales"},{"floor":46,"key":"Shovel"}],"event_choices":[{"damage_healed":0.0,"max_hp_gain":0.0,"max_hp_loss":0.0,"gold_gain":0.0,"event_name":"Mushrooms","player_choice":"Fought Mushrooms","floor":12.0,"gold_loss":0.0,"damage_taken":0.0},{"damage_healed":0.0,"max_hp_gain":0.0,"max_hp_loss":0.0,"gold_gain":74.0,"event_name":"Golden Wing","player_choice":"Gained Gold","floor":13.0,"gold_loss":0.0,"damage_taken":0.0},{"damage_healed":0.0,"max_hp_gain":0.0,"max_hp_loss":0.0,"gold_gain":0.0,"cards_transformed":["theMarked:Strike"],"event_name":"Transmorgrifier","player_choice":"Transformed","floor":21.0,"gold_loss":0.0,"damage_taken":0.0,"cards_obtained":["theMarked:WardOff"]},{"damage_healed":0.0,"max_hp_gain":0.0,"max_hp_loss":0.0,"gold_gain":0.0,"event_name":"Mysterious Sphere","player_choice":"Fight","floor":37.0,"gold_loss":0.0,"damage_taken":0.0},{"damage_healed":61.0,"max_hp_gain":0.0,"max_hp_loss":9.0,"gold_gain":0.0,"event_name":"The Moai Head","player_choice":"Heal","floor":38.0,"gold_loss":0.0,"damage_taken":0.0},{"cards_removed":["theMarked:Strike"],"damage_healed":0.0,"max_hp_gain":0.0,"max_hp_loss":0.0,"gold_gain":0.0,"event_name":"Falling","player_choice":"Removed Attack","floor":39.0,"gold_loss":0.0,"damage_taken":0.0}],"is_beta":false,"boss_relics":[{"not_picked":["Runic Dome","Empty Cage"],"picked":"Fusion Hammer"},{"not_picked":["Velvet Choker","SacredBark"],"picked":"theMarked:SpiritSword"}],"items_purged_floors":[25,36],"is_endless":false,"potions_floor_spawned":[4,5,10,12,14,18,27,29,31,33,41,42],"killed_by":"Jaw Worm Horde","ascension_level":0}}