{"host":"4qt77pm52ljaz00q","time":1611672060,"event":{"mods":["2.2 Compatiblity","Aspiration","Bard","BaseMod","Beaked The Cultist","BetterRewards","Challenge The Spire","ChefMod","Colored Map","Conspire","Downfall","Friendly Minions","Glutton Mod","Halation","Hermit","Hubris","Infinite Spire","Jedi Mod","Mad Scientist","Marisa????????","Mimic Mod","Minty Spire (QoL Compilation)","Permanent Neow","Relic Sorter","Replay The Spire","Robot Space Explorer","Shade Mod","Shop Mod","Spires And Sneckos","StSLib","The Animator","The Bladedancer","The Bug Knight","The Construct","The Cursed","The Disciple","The Dragon Tamer","The Jungle","The Marked","The Mystic","The Necromancer","The Poker Player","The Runesmith","The Servant 0.9.4","Unknown Chances","Wandering Minibosses"],"gold_per_floor":[113,45,57,57,71,89,89,103,128,128,155,11,11,29,29,132,132,143,156,156,156,156,156,156,167,199,219,219,250,266,176,176,272,272],"floor_reached":33,"language":"ENG","playtime":1025,"items_purged":[],"score":367,"play_id":"efc00862-f07f-4a4a-acfb-91035867d51a","local_time":"20210126094100","is_ascension_mode":false,"campfire_choices":[{"data":"1","floor":7,"key":"LIFT"},{"data":"2","floor":10,"key":"LIFT"},{"data":"3","floor":13,"key":"LIFT"},{"data":"RobotSpaceExplorer:Asteroid","floor":15,"key":"SMITH"},{"data":"RobotSpaceExplorer:MiniLasers","floor":23,"key":"SMITH"},{"data":"sneckomod:TailWhip","floor":28,"key":"SMITH"},{"floor":32,"key":"REST"}],"circlet_count":0,"master_deck":["RobotSpaceExplorer:Strike","RobotSpaceExplorer:Strike+1","RobotSpaceExplorer:Strike","RobotSpaceExplorer:Defend","RobotSpaceExplorer:Defend","RobotSpaceExplorer:Defend","RobotSpaceExplorer:Defend","RobotSpaceExplorer:Scan","RobotSpaceExplorer:MiniLasers+1","sneckomod:TailWhip+1","RobotSpaceExplorer:ScrapMissile+1","RobotSpaceExplorer:Reload","RobotSpaceExplorer:SurgingShield","RobotSpaceExplorer:TurboDodge","RobotSpaceExplorer:StunGrenade","RobotSpaceExplorer:Asteroid+1","RobotSpaceExplorer:LuckyStrike","RobotSpaceExplorer:SurgingStrike","RobotSpaceExplorer:MetalStrike","RobotSpaceExplorer:ScrapMissile","RobotSpaceExplorer:Pulsar+1","RobotSpaceExplorer:LuckyStrike+1","RobotSpaceExplorer:Smokescreen+1","RobotSpaceExplorer:Comet"],"relics":["RobotSpaceExplorer:RoboCore","Girya","halation:PrussianBluePaint","Quantum Egg","RobotSpaceExplorer:SlideRule","halation:SmartPhone","hubris:DeckOfHolding","infinitespire:PuzzleCube","conspire:TreasureMap","Black Star","halation:WeightlessCrab","hubris:MobiusCoin","ReplayTheSpireMod:TigerMarble"],"acts_visited":["Exordium","TheCity"],"potions_floor_usage":[6,11,16,33,33],"damage_taken":[{"damage":2,"enemies":"Small Slimes","floor":1,"turns":5},{"damage":0,"enemies":"Cultist","floor":3,"turns":3},{"damage":0,"enemies":"infinitespire:Voidling","floor":5,"turns":2},{"damage":5,"enemies":"conspire:2 RoseBushes","floor":6,"turns":3},{"damage":0,"enemies":"Exordium Wildlife","floor":8,"turns":2},{"damage":10,"enemies":"Gremlin Nob","floor":11,"turns":3},{"damage":5,"enemies":"3 Louse","floor":14,"turns":2},{"damage":18,"enemies":"Hexaghost","floor":16,"turns":6},{"damage":1,"enemies":"2 Thieves","floor":18,"turns":3},{"damage":14,"enemies":"3 Byrds","floor":19,"turns":6},{"damage":7,"enemies":"Centurion and Healer","floor":25,"turns":3},{"damage":0,"enemies":"Chosen and Byrds","floor":26,"turns":8},{"damage":0,"enemies":"Chosen and Byrds","floor":27,"turns":3},{"damage":9,"enemies":"Book of Stabbing","floor":29,"turns":3},{"damage":0,"enemies":"Shelled Parasite and Fungi","floor":30,"turns":2},{"damage":26,"enemies":"Collector","floor":33,"turns":4}],"seed_played":"-6021563174206283925","potions_obtained":[{"floor":1,"key":"champ:CounterPotion"},{"floor":3,"key":"champ:CounterPotion"},{"floor":5,"key":"jedi:StrikingPotion"},{"floor":14,"key":"SteroidPotion"},{"floor":16,"key":"PowerPotion"},{"floor":27,"key":"SteroidPotion"}],"is_trial":false,"path_per_floor":["M","$","M","?","M","M","R","M","T","R","E","$","R","M","R","B",null,"M","M","?","$","T","R","AVR","M","MIM","M","R","E","M","?","R","B"],"character_chosen":"RobotSpaceExplorer","items_purchased":["RobotSpaceExplorer:Reload","RobotSpaceExplorer:SlideRule"],"campfire_rested":1,"item_purchase_floors":[2,12],"current_hp_per_floor":[73,73,73,73,73,68,68,68,68,68,58,58,58,53,53,35,75,74,53,46,46,46,46,46,37,30,30,30,14,7,7,29,0,0],"gold":272,"neow_bonus":"ONE_RARE_RELIC","is_daily":false,"chose_seed":false,"campfire_upgraded":3,"win_rate":0.0,"timestamp":1611672060,"path_taken":["M","$","M","?","M","M","R","M","T","R","E","$","R","?","R","BOSS","M","?","?","?","?","R","AVR","?","MIM","M","R","E","M","?","R","BOSS"],"items_purchased_type":["Card","Relic"],"build_version":"2020-12-22","purchased_purges":0,"victory":false,"max_hp_per_floor":[75,75,75,75,75,75,75,75,75,75,75,75,75,75,75,75,75,75,75,75,75,75,75,75,75,75,75,75,75,75,75,75,75,75],"card_choices":[{"not_picked":["RobotSpaceExplorer:MiniDrones","RobotSpaceExplorer:FrostMissile"],"picked":"RobotSpaceExplorer:ScrapMissile","floor":1},{"not_picked":["RobotSpaceExplorer:ImprovisedAttack","RobotSpaceExplorer:Reload"],"picked":"RobotSpaceExplorer:SurgingShield","floor":3},{"not_picked":["RobotSpaceExplorer:Reload","RobotSpaceExplorer:Counterblock"],"picked":"RobotSpaceExplorer:TurboDodge","floor":5},{"not_picked":["RobotSpaceExplorer:Ammunition","RobotSpaceExplorer:Electropulse"],"picked":"RobotSpaceExplorer:StunGrenade","floor":6},{"not_picked":["RobotSpaceExplorer:SwiftStep","RobotSpaceExplorer:Counterblock","RobotSpaceExplorer:ShockKick"],"picked":"SKIP","floor":8},{"not_picked":["RobotSpaceExplorer:RigExplosive","RobotSpaceExplorer:ShockMissile"],"picked":"RobotSpaceExplorer:Asteroid","floor":11},{"not_picked":["RobotSpaceExplorer:FrostMissile","RobotSpaceExplorer:SurgingShield"],"picked":"RobotSpaceExplorer:LuckyStrike","floor":14},{"not_picked":["RobotSpaceExplorer:ChargingLaser","RobotSpaceExplorer:HighVoltage"],"picked":"RobotSpaceExplorer:Exploration","floor":16},{"not_picked":["RobotSpaceExplorer:Blitz","RobotSpaceExplorer:GlueShot","RobotSpaceExplorer:ToxicBomb"],"picked":"SKIP","floor":18},{"not_picked":["RobotSpaceExplorer:Probe+1","RobotSpaceExplorer:Fix"],"picked":"RobotSpaceExplorer:SurgingStrike","floor":19},{"not_picked":["RobotSpaceExplorer:SurgingShield","RobotSpaceExplorer:Counterblock"],"picked":"RobotSpaceExplorer:ScrapMissile","floor":25},{"not_picked":["RobotSpaceExplorer:ImprovisedAttack","RobotSpaceExplorer:ScrapToss+1"],"picked":"RobotSpaceExplorer:Pulsar+1","floor":26},{"not_picked":["RobotSpaceExplorer:ShockKick+1","RobotSpaceExplorer:SurgingShield","RobotSpaceExplorer:Multitool"],"picked":"SKIP","floor":27},{"not_picked":["RobotSpaceExplorer:SurgingShield+1","RobotSpaceExplorer:StunGrenade"],"picked":"RobotSpaceExplorer:LuckyStrike+1","floor":29},{"not_picked":["RobotSpaceExplorer:Discharger","RobotSpaceExplorer:ScrapMissile"],"picked":"RobotSpaceExplorer:Smokescreen+1","floor":30},{"not_picked":["RobotSpaceExplorer:Asteroid","RobotSpaceExplorer:Autoloader"],"picked":"RobotSpaceExplorer:Comet","floor":33}],"player_experience":334420,"relics_obtained":[{"floor":9,"key":"halation:PrussianBluePaint"},{"floor":11,"key":"Quantum Egg"},{"floor":19,"key":"hubris:DeckOfHolding"},{"floor":22,"key":"infinitespire:PuzzleCube"},{"floor":26,"key":"halation:WeightlessCrab"},{"floor":29,"key":"hubris:MobiusCoin"},{"floor":29,"key":"ReplayTheSpireMod:TigerMarble"}],"event_choices":[{"damage_healed":0,"gold_gain":0,"player_choice":"Forge","damage_taken":0,"max_hp_gain":0,"max_hp_loss":0,"event_name":"Accursed Blacksmith","floor":4,"gold_loss":0,"cards_upgraded":["RobotSpaceExplorer:ScrapMissile"]},{"cards_removed":["RobotSpaceExplorer:Strike"],"damage_healed":0,"gold_gain":0,"player_choice":"Upgrade and Remove","damage_taken":0,"max_hp_gain":0,"max_hp_loss":0,"event_name":"Designer","floor":31,"gold_loss":90,"cards_upgraded":["RobotSpaceExplorer:Strike"]}],"is_beta":false,"boss_relics":[{"not_picked":["halation:CatFaceCupcake","Pandora\u0027s Box"],"picked":"halation:SmartPhone"}],"items_purged_floors":[],"is_endless":false,"potions_floor_spawned":[1,3,5,14,16,27,29,30],"killed_by":"Collector","ascension_level":0}}