{"host":"b7mawubrjc2hdxhd","time":1611672772,"event":{"mods":["AchievementEnabler","Aspiration","BaseMod","BetterRewards","Conspire","Hubris","Ironclad Rager","Minty Spire (QoL Compilation)","Relic Stats","Replay The Spire","Small Relic Pack","Spicy Shops","Spire Arcade","StS++","StSLib"],"gold_per_floor":[117,127,137,149,169,169,189,201,201,213,223,234,245,258,258,357,357,374,391,405,416,416,416],"floor_reached":22,"language":"ENG","playtime":1100,"items_purged":[],"score":292,"play_id":"098f0b99-31c9-4f18-90f8-14db79344cbd","local_time":"20210126145252","daily_mods":["Vintage"],"is_ascension_mode":false,"campfire_choices":[{"data":"Neutralize","floor":6,"key":"SMITH"},{"floor":15,"key":"REST"}],"circlet_count":0,"master_deck":["Strike_G+1","Strike_G","Strike_G","Strike_G+1","Strike_G","Defend_G","Defend_G","Defend_G","Defend_G","Defend_G","Survivor","Neutralize+1","Storm of Steel"],"relics":["Ring of the Snake","Eternal Feather","Vajra","Oddly Smooth Stone","The Courier","MealTicket","aspiration:Lifesprig","Boot","Whetstone","Pocketwatch","Regal Pillow","Replay:Wax Seal","Tiny Chest","conspire:BottledYoYo","WristBlade","Lantern","hubris:SphereOfDissonance","Replay:Towering Pillar of Hats","conspire:Flyswatter"],"acts_visited":["Exordium","TheCity"],"potions_floor_usage":[16,16,16],"damage_taken":[{"damage":0,"enemies":"Small Slimes","floor":1,"turns":3},{"damage":1,"enemies":"Cultist","floor":2,"turns":4},{"damage":0,"enemies":"2 Louse","floor":3,"turns":2},{"damage":4,"enemies":"Lots of Slimes","floor":4,"turns":6},{"damage":6,"enemies":"Exordium Wildlife","floor":5,"turns":4},{"damage":11,"enemies":"3 Louse","floor":7,"turns":4},{"damage":6,"enemies":"Lots of Slimes","floor":8,"turns":6},{"damage":0,"enemies":"2 Fungi Beasts","floor":10,"turns":3},{"damage":4,"enemies":"Gremlin Gang","floor":11,"turns":5},{"damage":3,"enemies":"Blue Slaver","floor":12,"turns":3},{"damage":0,"enemies":"Large Slime","floor":13,"turns":5},{"damage":4,"enemies":"Red Slaver","floor":14,"turns":3},{"damage":36,"enemies":"The Guardian","floor":16,"turns":12},{"damage":14,"enemies":"3 Byrds","floor":18,"turns":5},{"damage":12,"enemies":"Spheric Guardian","floor":19,"turns":4},{"damage":0,"enemies":"Snake Plant","floor":20,"turns":3},{"damage":11,"enemies":"Snecko","floor":21,"turns":4},{"damage":48,"enemies":"Shelled Parasite and Fungi","floor":22,"turns":4}],"seed_played":"-7505707267523322819","potions_obtained":[{"floor":1,"key":"SmokeBomb"},{"floor":4,"key":"LiquidBronze"},{"floor":8,"key":"Weak Potion"},{"floor":16,"key":"Fruit Juice"},{"floor":18,"key":"Flashbang"},{"floor":19,"key":"Energy Potion"}],"is_trial":true,"path_per_floor":["M","M","M","M","M","R","M","M","T","M","M","M","M","M","R","B",null,"M","M","M","M","M"],"character_chosen":"THE_SILENT","items_purchased":[],"campfire_rested":1,"item_purchase_floors":[],"current_hp_per_floor":[70,69,69,65,59,65,54,48,48,48,44,41,41,37,70,39,75,61,49,49,38,0,0],"gold":416,"neow_bonus":"","is_daily":false,"chose_seed":false,"campfire_upgraded":1,"win_rate":0.0,"timestamp":1611672772,"path_taken":["M","M","M","M","M","R","M","M","T","M","M","M","M","M","R","BOSS","M","M","M","M","M"],"items_purchased_type":[],"build_version":"2020-12-22","purchased_purges":0,"victory":false,"max_hp_per_floor":[70,70,70,70,70,70,70,70,70,70,70,70,70,70,70,75,75,75,75,75,75,75,75],"relic_stats":{"Regal Pillow":6,"counters":[18,80],"Eternal Feather":12,"MealTicket":0,"Tiny Chest":0,"Whetstone":["Strike_G","Strike_G"],"Boot":[32],"obtain_stats":[{"aspiration:Lifesprig":7,"Regal Pillow":11,"Lantern":18,"Replay:Towering Pillar of Hats":20,"Vajra":2,"Oddly Smooth Stone":3,"hubris:SphereOfDissonance":19,"Eternal Feather":1,"The Courier":4,"Whetstone":9,"Boot":8,"WristBlade":17,"MealTicket":5,"Tiny Chest":13,"conspire:BottledYoYo":14,"Replay:Wax Seal":12,"Ring of the Snake":0,"Pocketwatch":10,"conspire:Flyswatter":21},{"aspiration:Lifesprig":6,"Regal Pillow":9,"Lantern":14,"Replay:Towering Pillar of Hats":16,"Vajra":2,"Oddly Smooth Stone":3,"hubris:SphereOfDissonance":15,"Eternal Feather":1,"The Courier":4,"Whetstone":7,"Boot":7,"WristBlade":13,"MealTicket":5,"Tiny Chest":11,"conspire:BottledYoYo":12,"Replay:Wax Seal":10,"Ring of the Snake":0,"Pocketwatch":8,"conspire:Flyswatter":17},{"aspiration:Lifesprig":23,"Regal Pillow":37,"Lantern":65,"Replay:Towering Pillar of Hats":72,"Vajra":7,"Oddly Smooth Stone":9,"hubris:SphereOfDissonance":69,"Eternal Feather":3,"The Courier":15,"Whetstone":29,"Boot":29,"WristBlade":60,"MealTicket":19,"Tiny Chest":45,"conspire:BottledYoYo":48,"Replay:Wax Seal":40,"Ring of the Snake":0,"Pocketwatch":32,"conspire:Flyswatter":76}],"Ring of the Snake":[36],"Pocketwatch":[18]},"card_choices":[{"not_picked":["StSpp:Landslide","Tools of the Trade"],"picked":"Storm of Steel","floor":16}],"player_experience":72236,"relics_obtained":[{"floor":1,"key":"Eternal Feather"},{"floor":2,"key":"Vajra"},{"floor":3,"key":"Oddly Smooth Stone"},{"floor":4,"key":"The Courier"},{"floor":5,"key":"MealTicket"},{"floor":7,"key":"aspiration:Lifesprig"},{"floor":8,"key":"Boot"},{"floor":9,"key":"Whetstone"},{"floor":10,"key":"Pocketwatch"},{"floor":11,"key":"Regal Pillow"},{"floor":12,"key":"Replay:Wax Seal"},{"floor":13,"key":"Tiny Chest"},{"floor":14,"key":"conspire:BottledYoYo"},{"floor":18,"key":"Lantern"},{"floor":19,"key":"hubris:SphereOfDissonance"},{"floor":20,"key":"Replay:Towering Pillar of Hats"},{"floor":21,"key":"conspire:Flyswatter"}],"event_choices":[],"is_beta":false,"boss_relics":[{"not_picked":["Fusion Hammer","relicPack:KazumaCape"],"picked":"WristBlade"}],"items_purged_floors":[],"is_endless":true,"potions_floor_spawned":[1,4,8,11,12,16,18,19],"killed_by":"Shelled Parasite and Fungi","ascension_level":0}}