{"host":"6r3ioyv75hs1gp74","time":1611700673,"event":{"mods":["AchievementEnabler","Act Like it!","BaseMod","Better Sensory Stone","Better Third Choice","Block Reminder","Colored Map","Colored Powertips","Curses Come First","Minty Spire (QoL Compilation)","StSLib"],"gold_per_floor":[117,136,152,163,20,53,53,69,93,93,18,18,41,80,80,208,208,228,246,23,48,48,48,65,65,65,65,65],"floor_reached":27,"language":"ENG","playtime":1270,"items_purged":["Strike_P"],"score":300,"play_id":"0bbc1b5e-8a48-4077-bd49-e6eb480b7e78","local_time":"20210126223753","is_ascension_mode":false,"campfire_choices":[{"data":"Judgement","floor":7,"key":"SMITH"},{"floor":12,"key":"REST"},{"data":"ConjureBlade","floor":15,"key":"SMITH"},{"data":"LessonLearned","floor":23,"key":"SMITH"},{"floor":25,"key":"REST"}],"circlet_count":0,"master_deck":["Strike_P","Strike_P","Strike_P","Defend_P","Defend_P","Defend_P","Defend_P","Eruption","Vigilance","Collect","Study","Tantrum","EmptyBody","Judgement+1","TalkToTheHand","ConjureBlade+1","BattleHymn","Crescendo+1","Indignation","LessonLearned+1","ClearTheMind","FlurryOfBlows","FearNoEvil+1","ThirdEye"],"relics":["Sozu","Blood Vial","Bag of Preparation","Bloody Idol","Anchor","VioletLotus","Medical Kit","Matryoshka"],"acts_visited":["Exordium","TheCity"],"potions_floor_usage":[],"damage_taken":[{"damage":2,"enemies":"Cultist","floor":1,"turns":4},{"damage":2,"enemies":"2 Louse","floor":2,"turns":2},{"damage":6,"enemies":"Jaw Worm","floor":3,"turns":3},{"damage":17,"enemies":"Exordium Thugs","floor":4,"turns":4},{"damage":28,"enemies":"Gremlin Nob","floor":6,"turns":3},{"damage":0,"enemies":"3 Louse","floor":8,"turns":2},{"damage":2,"enemies":"Exordium Wildlife","floor":13,"turns":2},{"damage":0,"enemies":"Lagavulin","floor":14,"turns":4},{"damage":0,"enemies":"Slime Boss","floor":16,"turns":3},{"damage":0,"enemies":"Chosen","floor":18,"turns":3},{"damage":4,"enemies":"3 Byrds","floor":19,"turns":7},{"damage":21,"enemies":"Snake Plant","floor":21,"turns":4},{"damage":21,"enemies":"Snecko","floor":24,"turns":4},{"damage":58,"enemies":"Gremlin Leader","floor":27,"turns":4}],"seed_played":"629831400736445474","potions_obtained":[],"is_trial":false,"path_per_floor":["M","M","M","M","$","E","R","M","T","?","$","R","M","E","R","B",null,"M","M","$","M","?","R","M","R","T","E"],"character_chosen":"WATCHER","items_purchased":["Judgement","BattleHymn","Medical Kit"],"campfire_rested":2,"item_purchase_floors":[5,11,20],"current_hp_per_floor":[70,68,62,45,45,17,17,19,19,19,19,39,39,41,41,43,67,67,63,63,44,44,44,30,50,50,0,0],"gold":65,"neow_bonus":"BOSS_RELIC","is_daily":false,"chose_seed":false,"campfire_upgraded":3,"win_rate":0.0,"timestamp":1611700673,"path_taken":["M","M","M","M","$","E","R","?","T","?","?","R","M","E","R","BOSS","M","M","$","M","?","R","M","R","T","E"],"items_purchased_type":["Card","Card","Relic"],"build_version":"2020-12-22","purchased_purges":1,"victory":false,"max_hp_per_floor":[72,72,72,72,72,72,72,72,72,67,67,67,67,67,67,67,67,67,67,67,67,67,67,67,67,67,67,67],"card_choices":[{"not_picked":["CrushJoints","ClearTheMind"],"picked":"Collect","floor":1},{"not_picked":["FlyingSleeves","Nirvana"],"picked":"Study","floor":2},{"not_picked":["Sanctity","JustLucky"],"picked":"Tantrum","floor":3},{"not_picked":["Collect","Consecrate"],"picked":"EmptyBody","floor":4},{"not_picked":["ClearTheMind","CutThroughFate"],"picked":"TalkToTheHand","floor":6},{"not_picked":["JustLucky","Indignation"],"picked":"ConjureBlade","floor":8},{"not_picked":["BattleHymn","Vengeance"],"picked":"Crescendo","floor":13},{"not_picked":["Halt","PathToVictory"],"picked":"Indignation","floor":14},{"not_picked":["MasterReality","ConjureBlade"],"picked":"LessonLearned","floor":16},{"not_picked":["Protect","Evaluate+1"],"picked":"ClearTheMind","floor":18},{"not_picked":["Vengeance+1","Conclude"],"picked":"FlurryOfBlows","floor":19},{"not_picked":["ClearTheMind","Crescendo"],"picked":"FearNoEvil+1","floor":21},{"not_picked":["Protect","FlurryOfBlows"],"picked":"ThirdEye","floor":24}],"player_experience":109144,"relics_obtained":[{"floor":6,"key":"Blood Vial"},{"floor":9,"key":"Bag of Preparation"},{"floor":14,"key":"Anchor"},{"floor":26,"key":"Matryoshka"}],"event_choices":[{"damage_healed":0,"gold_gain":0,"player_choice":"Lose Max HP","damage_taken":0,"relics_obtained":["Golden Idol"],"max_hp_gain":0,"max_hp_loss":5,"event_name":"Golden Idol","floor":10,"gold_loss":0},{"damage_healed":0,"gold_gain":0,"player_choice":"Gave Idol","damage_taken":0,"relics_obtained":["Bloody Idol"],"max_hp_gain":0,"max_hp_loss":0,"event_name":"Forgotten Altar","floor":22,"relics_lost":["Golden Idol"],"gold_loss":0}],"is_beta":false,"boss_relics":[{"not_picked":["Runic Pyramid","Tiny House"],"picked":"VioletLotus"}],"items_purged_floors":[20],"is_endless":false,"potions_floor_spawned":[4,13,14,16,19,21,24],"killed_by":"Gremlin Leader","ascension_level":0}}