{"host":"8d3fefv2347kqkpz","time":1611656305,"event":{"mods":["AchievementEnabler","Act Like it!","Aspiration","BaseMod","Better Vampires","Colored Map","Colored Powertips","Conspire","GifTheSpireLib","Hermit","Highlight Path","Hubris","Marisa£®ÏF”Í°°ƒß¿Ì…≥£©","Mimic Mod","Minty Spire (QoL Compilation)","Quick Restart","Rare Cards Sparkle","Reimu£®≤©¿ˆ¡È√Œ£©","Relic Stats","Remilia£®¿Ÿ√◊¿Ú—«£©","Replay The Spire","Spicy Shops","StSLib","The Cursed","The Jungle","The Servant 0.9.4","Waifu the Spire","Youmu£®ªÍ∆«—˝√Œ£©"],"gold_per_floor":[113,127,145,2,12,12,12,42,342,342,361,373,388,407,407,507,507,525,536,132,148,160,160,174,3,56,56,56,56,56],"floor_reached":29,"language":"ZHS","playtime":1148,"items_purged":["Acrobatics","Strike_G"],"score":221,"play_id":"2b9047ce-17bf-4f0a-9839-c41ae3a24d14","local_time":"20210126181825","is_ascension_mode":false,"campfire_choices":[{"data":"Accuracy","floor":6.0,"key":"SMITH"},{"data":"conspire:DoublingDagger","floor":15.0,"key":"SMITH"},{"floor":23.0,"key":"REST"}],"circlet_count":0,"master_deck":["Strike_G","Strike_G","Strike_G","Strike_G","Defend_G","Defend_G","Defend_G+1","Defend_G","Defend_G","Survivor","Neutralize","Cloak And Dagger","Accuracy+1","Cloak And Dagger+1","Cloak And Dagger","Blade Dance","conspire:DoublingDagger+1","Storm of Steel","ReplayTheSpireMod:Shiv Toss","Noxious Fumes","Choke","Noxious Fumes"],"relics":["Ring of the Snake","Membership Card","Old Coin","SlaversCollar","War Paint","Ice Cream","Anchor","hubris:PeanutButter","ReplayTheSpireMod:TigerMarble","MutagenicStrength"],"acts_visited":["Exordium","TheCity"],"potions_floor_usage":[],"damage_taken":[{"damage":1.0,"enemies":"Cultist","floor":1.0,"turns":4.0},{"damage":2.0,"enemies":"conspire:RoseBush","floor":2.0,"turns":4.0},{"damage":0.0,"enemies":"Jaw Worm","floor":3.0,"turns":4.0},{"damage":3.0,"enemies":"3 Louse","floor":5.0,"turns":4.0},{"damage":4.0,"enemies":"Exordium Thugs","floor":8.0,"turns":12.0},{"damage":1.0,"enemies":"Exordium Thugs","floor":11.0,"turns":5.0},{"damage":0.0,"enemies":"2 Fungi Beasts","floor":12.0,"turns":3.0},{"damage":0.0,"enemies":"Exordium Wildlife","floor":13.0,"turns":1.0},{"damage":2.0,"enemies":"Lots of Slimes","floor":14.0,"turns":5.0},{"damage":56.0,"enemies":"The Guardian","floor":16.0,"turns":9.0},{"damage":1.0,"enemies":"Chosen","floor":18.0,"turns":3.0},{"damage":3.0,"enemies":"Shell Parasite","floor":19.0,"turns":5.0},{"damage":17.0,"enemies":"Snecko","floor":21.0,"turns":5.0},{"damage":20.0,"enemies":"conspire:HollyBat","floor":22.0,"turns":6.0},{"damage":21.0,"enemies":"Shelled Parasite and Fungi","floor":24.0,"turns":5.0},{"damage":42,"enemies":"Masked Bandits","floor":29,"turns":4}],"seed_played":"-4464811628355067660","potions_obtained":[{"floor":1.0,"key":"Strength Potion"},{"floor":5.0,"key":"Adrenaline Potion"},{"floor":11.0,"key":"Fire Potion"},{"floor":21.0,"key":"BlessingOfTheForge"},{"floor":22.0,"key":"Elixir"}],"is_trial":false,"path_per_floor":["M","M","M","$","M","R","?","MIM","T","?","M","M","M","M","R","B",null,"M","M","$","M","M","R","M","$","T","?","?","?"],"character_chosen":"THE_SILENT","items_purchased":["Membership Card","Noxious Fumes","Choke","War Paint","Ice Cream","Anchor","hubris:PeanutButter"],"campfire_rested":1,"item_purchase_floors":[4,20,20,20,20,20,25],"current_hp_per_floor":[76,74,74,74,71,71,71,67,67,67,66,66,66,64,64,8,77,76,73,73,56,36,59,38,38,38,38,38,0,0],"gold":56,"neow_bonus":"TEN_PERCENT_HP_BONUS","is_daily":false,"chose_seed":false,"campfire_upgraded":2,"win_rate":0.0,"timestamp":1611656305,"path_taken":["M","M","M","?","M","R","?","?","T","?","M","M","M","M","R","BOSS","M","M","$","M","M","R","M","$","T","?","?","?"],"items_purchased_type":["Relic","Card","Card","Relic","Relic","Relic","Relic"],"build_version":"2020-12-22","purchased_purges":2,"victory":false,"max_hp_per_floor":[77,77,77,77,77,77,77,77,77,77,77,77,77,77,77,77,77,77,77,77,77,77,77,77,77,77,77,77,77,77],"relic_stats":{"counters":[16,79],"War Paint":["Cloak And Dagger","Defend_G"],"obtain_stats":[{"Ice Cream":20,"SlaversCollar":17,"Anchor":20,"MutagenicStrength":27,"hubris:PeanutButter":25,"ReplayTheSpireMod:TigerMarble":26,"Membership Card":4,"War Paint":20,"Ring of the Snake":0,"Old Coin":9},{"Ice Cream":12,"SlaversCollar":10,"Anchor":12,"MutagenicStrength":15,"hubris:PeanutButter":15,"ReplayTheSpireMod:TigerMarble":15,"Membership Card":3,"War Paint":12,"Ring of the Snake":0,"Old Coin":5},{"Ice Cream":59,"SlaversCollar":51,"Anchor":59,"MutagenicStrength":75,"hubris:PeanutButter":75,"ReplayTheSpireMod:TigerMarble":75,"Membership Card":12,"War Paint":59,"Ring of the Snake":0,"Old Coin":28}],"Ring of the Snake":[32]},"card_choices":[{"not_picked":["Blur","Sucker Punch"],"picked":"Acrobatics","floor":1.0},{"not_picked":["Sneak Up","Deflect"],"picked":"Cloak And Dagger","floor":2.0},{"not_picked":["Poisoned Stab","Bullet Time","Backflip"],"picked":"SKIP","floor":3.0},{"not_picked":["ReplayTheSpireMod:Exploit Weakness","Tactician"],"picked":"Accuracy","floor":5.0},{"not_picked":["Catalyst","Distraction"],"picked":"Cloak And Dagger","floor":8.0},{"not_picked":["Choke","Outmaneuver"],"picked":"Blade Dance","floor":11.0},{"not_picked":["Deadly Poison","Quick Slash"],"picked":"conspire:DoublingDagger","floor":12.0},{"not_picked":["Replay:Poison Smokescreen","Sucker Punch","ReplayTheSpireMod:Exploit Weakness"],"picked":"SKIP","floor":13.0},{"not_picked":["Hidden Blade","Bullet Time","ReplayTheSpireMod:Exploit Weakness"],"picked":"SKIP","floor":14.0},{"not_picked":["Doppelganger","Unload"],"picked":"Storm of Steel","floor":16.0},{"not_picked":["conspire:PoisonWeapons","Distraction","Fluid Movement"],"picked":"SKIP","floor":18.0},{"not_picked":["Deadly Poison","Expertise+1"],"picked":"ReplayTheSpireMod:Shiv Toss","floor":19.0},{"not_picked":["Slice","PiercingWail+1","Backflip"],"picked":"SKIP","floor":21.0},{"not_picked":["Deflect","Underhanded Strike"],"picked":"Noxious Fumes","floor":22.0},{"not_picked":["Flying Knee+1","Poisoned Stab+1","Crippling Poison"],"picked":"SKIP","floor":24.0}],"player_experience":196990,"relics_obtained":[{"floor":9.0,"key":"Old Coin"},{"floor":26.0,"key":"ReplayTheSpireMod:TigerMarble"}],"event_choices":[{"damage_healed":0.0,"max_hp_gain":0.0,"max_hp_loss":0.0,"gold_gain":0.0,"event_name":"Match and Keep!","player_choice":"1 cards matched","floor":10.0,"gold_loss":0.0,"damage_taken":0.0,"cards_obtained":["Cloak And Dagger"]},{"damage_healed":0.0,"max_hp_gain":0.0,"max_hp_loss":0.0,"gold_gain":0.0,"event_name":"Drug Dealer","player_choice":"Inject Mutagens","floor":27.0,"gold_loss":0.0,"damage_taken":0.0,"relics_obtained":["MutagenicStrength"]},{"damage_healed":0,"gold_gain":0,"player_choice":"Ignored","damage_taken":0,"max_hp_gain":0,"max_hp_loss":0,"event_name":"The Mausoleum","floor":28,"gold_loss":0},{"damage_healed":0,"gold_gain":0,"player_choice":"Fought Bandits","damage_taken":0,"max_hp_gain":0,"max_hp_loss":0,"event_name":"Masked Bandits","floor":29,"gold_loss":0}],"is_beta":false,"boss_relics":[{"not_picked":["Philosopher\u0027s Stone","aspiration:RunicSpoon"],"picked":"SlaversCollar"}],"items_purged_floors":[20,25],"is_endless":false,"potions_floor_spawned":[1,5,11,13,14,18,21,22],"killed_by":"Masked Bandits","ascension_level":0}}