{"host":"f3vxwlz1n3azqp6q","time":1611637595,"event":{"mods":["BaseMod","Colored Powertips","Hermit","Minty Spire (QoL Compilation)","StSLib","The Construct","The Cursed","The Disciple","The Hierophant","The Necromancer","The Poker Player","The Servant 0.9.4"],"gold_per_floor":[114,8805,8816,8831,8791,8791,7650,7650,7650,7678,7678,7690,6174,6188,6188,6292,6292,6309,6309,5337,5358,4276,4304,4304,4325,4348,4386,4386],"floor_reached":27,"language":"ENG","playtime":2568,"items_purged":["Defend_Br","Defend_Br","LockedMercury+1","Defend_Br","Defend_Br"],"score":308,"play_id":"73ad413b-0b54-4e64-a0f9-c324490eaf1c","local_time":"20210125210635","is_ascension_mode":false,"campfire_choices":[{"floor":6,"key":"RECALL"},{"data":"LockedBlood","floor":8,"key":"SMITH"},{"data":"LockedMercury","floor":11,"key":"SMITH"},{"data":"LockedWhetstone","floor":15,"key":"SMITH"},{"data":"MasterKey","floor":24,"key":"SMITH"}],"circlet_count":0,"master_deck":["Strike_Br","Strike_Br","Strike_Br","Strike_Br","SecondHand","PatternShift","ExoVibe","LockedWhetstone","VestedLegacy","Accruing","Metamorphosis","Parity","LockedBlood+1","SlimeSpray","OverTime","Analog","LockedAnchor","WindUp","ReapSow","LockedWhetstone+1","ResonantCall","MasterKey+1","Backlash","Dark Shackles","Secret Weapon","LockedBlood","LockedBell","LockedWarPaint","Necronomicurse","Sadistic Nature","Goo","ResonantCall","LockedBlood","LockedThread","Apotheosis","LockedThread","LockedCalendar","VestedLegacy","Recurrance+1"],"relics":["Chronograph","Mango","ClockworkSouvenir","SpringShield","Pear","HandDrill","Peace Pipe","Akabeko","Girya","Oddly Smooth Stone","Lee\u0027s Waffle","Necronomicon","Ancient Tea Set","Strange Spoon","CeramicFish","OrangePellets","Bronze Scales","Blue Candle","Orichalcum","Pen Nib"],"acts_visited":["Exordium","TheCity"],"potions_floor_usage":[3,10,10,12,16,16,25],"damage_taken":[{"damage":12,"enemies":"Cultist","floor":1,"turns":5},{"damage":0,"enemies":"Small Slimes","floor":3,"turns":5},{"damage":8,"enemies":"Jaw Worm","floor":4,"turns":4},{"damage":2,"enemies":"Lagavulin","floor":10,"turns":8},{"damage":3,"enemies":"2 Fungi Beasts","floor":12,"turns":3},{"damage":6,"enemies":"Blue Slaver","floor":14,"turns":3},{"damage":77,"enemies":"Slime Boss","floor":16,"turns":9},{"damage":34,"enemies":"Spheric Guardian","floor":18,"turns":6},{"damage":22,"enemies":"Shell Parasite","floor":21,"turns":7},{"damage":22,"enemies":"Snake Plant","floor":23,"turns":4},{"damage":48,"enemies":"Sentry and Sphere","floor":25,"turns":7},{"damage":56,"enemies":"Gremlin Leader","floor":27,"turns":6}],"seed_played":"-7289195671351941164","potions_obtained":[{"floor":3,"key":"HastePotion"},{"floor":14,"key":"DistilledChaos"},{"floor":18,"key":"LiquidBronze"}],"is_trial":false,"path_per_floor":["M","$","M","M","?","R","$","R","T","E","R","M","$","M","R","B",null,"M","?","$","M","$","M","R","M","T","E"],"character_chosen":"CHRONO_CLASS","items_purchased":["LockedWhetstone","VestedLegacy","Accruing","Metamorphosis","Mango","ClockworkSouvenir","Explosive Potion","ColorlessPotion","BlessingOfTheForge","SpringShield","Parity","Pear","HandDrill","Peace Pipe","DistilledChaos","OverTime","Analog","LockedAnchor","WindUp","Girya","Oddly Smooth Stone","AttackPotion","FearPotion","FairyPotion","Lee\u0027s Waffle","LockedWhetstone","ResonantCall","MasterKey","Backlash","Dark Shackles","Secret Weapon","Ancient Tea Set","WardPotion","Strange Spoon","CeramicFish","Sadistic Nature","Goo","ResonantCall","LockedBlood","Apotheosis","LockedThread","OrangePellets","Bronze Scales","Blue Candle","PowerPotion","HastePotion"],"campfire_rested":0,"item_purchase_floors":[2,2,2,2,2,2,2,2,2,2,2,7,7,7,7,7,7,7,7,13,13,13,13,13,13,13,13,13,13,13,13,20,20,20,20,20,20,20,20,22,22,22,22,22,22,22],"current_hp_per_floor":[488,502,502,494,494,494,504,504,504,511,511,511,531,528,528,464,531,503,487,487,483,483,464,464,431,431,387,387],"gold":4386,"neow_bonus":"TEN_PERCENT_HP_BONUS","is_daily":false,"chose_seed":false,"campfire_upgraded":4,"win_rate":0.0,"timestamp":1611637595,"path_taken":["M","$","M","?","?","R","$","R","T","E","R","M","?","M","R","BOSS","M","?","$","M","$","M","R","M","T","E"],"items_purchased_type":["Card","Card","Card","Card","Relic","Relic","Potion","Potion","Potion","Relic","Card","Relic","Relic","Relic","Potion","Card","Card","Card","Card","Relic","Relic","Potion","Potion","Potion","Relic","Card","Card","Card","Card","Card","Card","Relic","Potion","Relic","Relic","Card","Card","Card","Card","Card","Card","Relic","Relic","Relic","Potion","Potion"],"build_version":"2020-12-22","purchased_purges":5,"victory":false,"max_hp_per_floor":[500,514,514,514,514,514,524,524,524,524,524,524,531,531,531,531,531,531,531,531,531,531,531,531,531,531,531,531],"card_choices":[{"not_picked":["BiteCommand","CrunchTime"],"picked":"ExoVibe","floor":1},{"not_picked":["WindUp","LockedAnchor"],"picked":"LockedBlood","floor":3},{"not_picked":["BiteCommand","Keepsakes"],"picked":"SlimeSpray","floor":4},{"not_picked":["ExoVibe","LockedMedicine"],"picked":"LockedMercury","floor":10},{"not_picked":["PrimeTime","ExoVibe"],"picked":"ReapSow","floor":12},{"not_picked":["CrunchTime","ShortSighted"],"picked":"LockedBlood","floor":14},{"not_picked":["BackFourSeconds","Echonomics"],"picked":"LockedBell","floor":16},{"not_picked":["PrimeTime","WakeUpCall"],"picked":"LockedWarPaint","floor":18},{"not_picked":["Engulf","BiteCommand"],"picked":"LockedThread","floor":21},{"not_picked":["LockedAnchor","LockedBlood"],"picked":"LockedCalendar","floor":23},{"not_picked":["HandsUpC","AlternateTimeline+1"],"picked":"VestedLegacy","floor":25},{"not_picked":["LockedAnchor","WindUp"],"picked":"Recurrance+1","floor":27}],"player_experience":275799,"relics_obtained":[{"floor":10,"key":"Akabeko"},{"floor":19,"key":"Necronomicon"},{"floor":26,"key":"Orichalcum"},{"floor":27,"key":"Pen Nib"}],"event_choices":[{"damage_healed":0,"gold_gain":0,"player_choice":"Bought 3 Potions","damage_taken":0,"max_hp_gain":0,"max_hp_loss":0,"event_name":"The Woman in Blue","floor":5,"gold_loss":0},{"damage_healed":0,"gold_gain":0,"player_choice":"Obtained Book","damage_taken":16,"max_hp_gain":0,"max_hp_loss":0,"event_name":"Cursed Tome","floor":19,"gold_loss":0}],"is_beta":false,"boss_relics":[{"not_picked":["Philosopher\u0027s Stone","SlaversCollar"],"picked":"Chronograph"}],"items_purged_floors":[2,7,13,20,22],"is_endless":false,"potions_floor_spawned":[3,4,14,18,21,23],"killed_by":"Gremlin Leader","ascension_level":0}}