{"host":"bxs3jtgw91tf0zca","time":1611619904,"event":{"mods":["AchievementEnabler","Act Like it!","BaseMod","Challenge The Spire","Colored Map","Colored Powertips","GifTheSpireLib","Hubris","Minty Spire (QoL Compilation)","Replay The Spire","StSLib","Stuff the Spire","SuperFastMode","???mod?????"],"gold_per_floor":[116,134,134,76,87,87,117,117,117,143,163,224,255,100,100,175,175,192,207,107,122,139,464,483,483,506,506,522,150,150,176,176,248,248,265,265,22,41,81,110,110,142,142,168,185,200,200,200,200,200],"floor_reached":51,"language":"ENG","playtime":3776,"items_purged":["Amnesia","Strike_Black","Strike_Black","Strike_Black"],"score":1679,"play_id":"bcd3c9f7-0356-4b9e-a211-5dd89990978e","local_time":"20210125211144","is_ascension_mode":true,"campfire_choices":[{"data":"HighSpeedReaction_Black","floor":6.0,"key":"SMITH"},{"data":"hubris:EnhanceAbility","floor":8.0,"key":"SMITH"},{"floor":15.0,"key":"REST"},{"data":"WithoutFear_Black","floor":25.0,"key":"SMITH"},{"data":"HighSpeedReaction_Black","floor":27.0,"key":"SMITH"},{"data":"BrokenRibs_Black","floor":30.0,"key":"SMITH"},{"data":"MentalSkills_Black","floor":32.0,"key":"SMITH"},{"data":"WithoutFear_Black","floor":41.0,"key":"SMITH"},{"data":"SpeedBlade1_Black","floor":47,"key":"SMITH"},{"data":"ThespeedofsoundToattack_Black","floor":49,"key":"SMITH"}],"circlet_count":0,"master_deck":["AscendersBane","Strike_Black","Defend_Black+1","Defend_Black+1","Defend_Black+1","Defend_Black+1","Observe_Black","hubris:EnhanceAbility+1","FlashPuncture_Black","HighSpeedReaction_Black+1","Defender_Black","Kiriko_Black","HorizontalSquareChopping_Black","WithoutFear_Black+1","HighSpeedReaction_Black+1","SpeedBlade1_Black+1","TrueLove_Black","CuttingEdge_Black+1","Stab_Black+1","SwordDance_Black","WithoutFear_Black+1","BrokenRibs_Black+1","MentalSkills_Black+1","DoubleSword_Black+1","WithoutFear_Black+1","ThespeedofsoundToattack_Black+1"],"relics":["TheHeartOfYui","Aincard","ReplayTheSpireMod:Ring of Exchange","ReplayTheSpireMod:Ring of Challenge","Nunchaku","Bronze Scales","Potion Belt","Replay:Accelerometer","StuffTheSpire:Experiment12","SlaversCollar","Old Coin","Golden Egg","StuffTheSpire:HeavyRock","Painkiller Herb","Pondfish Scales","Replay:Bottled Eggs","ReplayFunnel","Replay:Bottled Flurry","StuffTheSpire:SapphireSignet","StuffTheSpire:Rhapsscallions","BranchBurnRelic"],"acts_visited":["Exordium","TheCity","TheBeyond"],"potions_floor_usage":[],"damage_taken":[{"damage":0.0,"enemies":"Small Slimes","floor":1.0,"turns":5.0},{"damage":0.0,"enemies":"Cultist","floor":2.0,"turns":4.0},{"damage":0.0,"enemies":"2 Louse","floor":5.0,"turns":3.0},{"damage":9.0,"enemies":"Gremlin Nob","floor":7.0,"turns":7.0},{"damage":0.0,"enemies":"Lagavulin","floor":10.0,"turns":9.0},{"damage":3.0,"enemies":"Looter","floor":11.0,"turns":3.0},{"damage":0.0,"enemies":"2 Fungi Beasts","floor":12.0,"turns":4.0},{"damage":20.0,"enemies":"Gremlin Nob","floor":13.0,"turns":5.0},{"damage":3.0,"enemies":"Hexaghost","floor":16.0,"turns":9.0},{"damage":0.0,"enemies":"Spheric Guardian","floor":18.0,"turns":9.0},{"damage":8.0,"enemies":"Chosen","floor":19.0,"turns":6.0},{"damage":20.0,"enemies":"Shelled Parasite and Fungi","floor":21.0,"turns":10.0},{"damage":17.0,"enemies":"Snake Plant","floor":22.0,"turns":6.0},{"damage":17.0,"enemies":"Slavers","floor":23.0,"turns":8.0},{"damage":2.0,"enemies":"Cultist and Chosen","floor":24.0,"turns":8.0},{"damage":14.0,"enemies":"Centurion and Healer","floor":28.0,"turns":9.0},{"damage":0.0,"enemies":"Replay:Snechameleon","floor":31.0,"turns":6.0},{"damage":13.0,"enemies":"Collector","floor":33.0,"turns":11.0},{"damage":0.0,"enemies":"Orb Walker","floor":35.0,"turns":5.0},{"damage":1.0,"enemies":"3 Darklings","floor":38.0,"turns":7.0},{"damage":0.0,"enemies":"R_Hoarder","floor":40.0,"turns":5.0},{"damage":0.0,"enemies":"Nemesis","floor":42.0,"turns":5.0},{"damage":0.0,"enemies":"Giant Head","floor":44.0,"turns":4.0},{"damage":0,"enemies":"Spire Growth","floor":45,"turns":5},{"damage":0,"enemies":"Maw","floor":46,"turns":5},{"damage":0,"enemies":"Time Eater","floor":50,"turns":8}],"seed_played":"-7332052166473167206","potions_obtained":[{"floor":5.0,"key":"Dexterity Potion"},{"floor":11.0,"key":"BlessingOfTheForge"},{"floor":12.0,"key":"LiquidMemories"},{"floor":18.0,"key":"Fire Potion"},{"floor":22.0,"key":"LifebloodPotion"},{"floor":33.0,"key":"SkillPotion"},{"floor":39.0,"key":"Block Potion"},{"floor":39.0,"key":"EntropicBrew"}],"is_trial":false,"path_per_floor":["M","M","?","?","M","R","E","R","T","E","M","M","E","$","R","B",null,"M","M","$","M","M","E","M","R","T","R","M","$","R","E","R","B",null,"?","T","T","?","?","E","T","E","T","E","?","?","T","T","T","B",null],"character_chosen":"THE_KIRITO","items_purchased":["SpeedBlade1_Black","Golden Egg","Dead Branch","Pondfish Scales","Replay:Bottled Eggs"],"campfire_rested":1,"item_purchase_floors":[14,29,36,36,37],"current_hp_per_floor":[50,50,50,50,50,50,41,41,41,41,38,38,18,18,40,37,66,75,67,67,57,40,47,57,57,57,57,47,47,47,63,63,75,75,75,30,30,50,26,41,41,55,55,59,77,77,77,77,77,77],"gold":200,"neow_bonus":"RANDOM_COLORLESS_2","is_daily":false,"chose_seed":false,"campfire_upgraded":9,"win_rate":0.0,"timestamp":1611619904,"path_taken":["M","M","?","?","M","R","E","R","T","E","?","M","E","$","R","BOSS","M","M","$","M","M","E","M","R","T","R","M","$","R","E","R","BOSS","?","?","T","?","?","E","T","E","T","E","?","?","T","T","T","BOSS"],"items_purchased_type":["Card","Relic","Relic","Relic","Relic"],"build_version":"2020-12-22","purchased_purges":4,"victory":true,"max_hp_per_floor":[75,75,75,75,75,75,75,75,75,75,75,75,75,75,75,75,75,75,75,75,75,75,75,75,75,75,75,75,75,75,75,75,75,75,75,75,75,75,75,75,75,75,75,77,77,77,77,77,77,77],"card_choices":[{"not_picked":["ReplayTheSpireMod:Necrogeddon","Violence"],"picked":"hubris:EnhanceAbility","floor":0.0},{"not_picked":["Exercise2_Black","Track_Black"],"picked":"FlashPuncture_Black","floor":1.0},{"not_picked":["TakeAdvantage_Black","WeakHit_Black"],"picked":"HighSpeedReaction_Black","floor":2.0},{"not_picked":["Ghost_Black","Guard_Black"],"picked":"Defender_Black","floor":5.0},{"not_picked":["Guard_Black","DefensiveStance_Black"],"picked":"Kiriko_Black","floor":7.0},{"not_picked":["TheEnd_Black","Intimidate_Black","Guard_Black"],"picked":"SKIP","floor":10.0},{"not_picked":["Flash_Black","WeakHit_Black"],"picked":"HorizontalSquareChopping_Black","floor":11.0},{"not_picked":["HeroicBearing_Black","Ghost_Black"],"picked":"WithoutFear_Black","floor":12.0},{"not_picked":["SpiritCrash_Black","FlashPuncture_Black"],"picked":"HighSpeedReaction_Black","floor":13.0},{"not_picked":["TheEnd_Black","LevelUp_Black"],"picked":"TrueLove_Black","floor":16.0},{"not_picked":["SpiritCrash_Black","Advantage_Black","FlashPuncture_Black"],"picked":"SKIP","floor":18.0},{"not_picked":["Attacker_Black","DoubleCut_Black","SelfCongested_Black"],"picked":"SKIP","floor":19.0},{"not_picked":["SmokeScreen_Black","SelfCongested_Black"],"picked":"CuttingEdge_Black+1","floor":21.0},{"not_picked":["DefensiveStance_Black","HorizontalSquareChopping_Black"],"picked":"Stab_Black+1","floor":22.0},{"not_picked":["DoubleAttack_Black","Flash_Black"],"picked":"SwordDance_Black","floor":23.0},{"not_picked":["Smile_Black","BrilliantBlade_Black"],"picked":"WithoutFear_Black","floor":24.0},{"not_picked":["FlashPuncture_Black","TheEnd_Black"],"picked":"BrokenRibs_Black","floor":28.0},{"not_picked":["Mark_Black+1","SwordDance_Black"],"picked":"MentalSkills_Black","floor":31.0},{"not_picked":["Unreasonable_Black","Beater_Black"],"picked":"DoubleSword_Black","floor":33.0},{"not_picked":["MentalSkills_Black+1","SharpCut_Black"],"picked":"SelfCongested_Black+1","floor":35.0},{"not_picked":["SwordDance_Black","Defender_Black+1"],"picked":"WithoutFear_Black+1","floor":38.0},{"not_picked":["DexterityTransform_Black","MentalSkills_Black","Kiriko_Black"],"picked":"SKIP","floor":40.0},{"not_picked":["Defender_Black","Guard_Black+1","WeakHit_Black"],"picked":"SKIP","floor":42.0},{"not_picked":["Beater_Black","Defender_Black","DoubleAttack_Black"],"picked":"SKIP","floor":44.0},{"not_picked":["HorizontalSquareChopping_Black","Flash_Black"],"picked":"ThespeedofsoundToattack_Black","floor":45},{"not_picked":["Thrust_Black","SunBlade_Black","Eclipse_Black"],"picked":"SKIP","floor":46}],"player_experience":383920,"relics_obtained":[{"floor":3.0,"key":"ReplayTheSpireMod:Ring of Exchange"},{"floor":3.0,"key":"ReplayTheSpireMod:Ring of Challenge"},{"floor":7.0,"key":"Bronze Scales"},{"floor":9.0,"key":"Potion Belt"},{"floor":10.0,"key":"Replay:Accelerometer"},{"floor":13.0,"key":"StuffTheSpire:Experiment12"},{"floor":23.0,"key":"Old Coin"},{"floor":31.0,"key":"StuffTheSpire:HeavyRock"},{"floor":40.0,"key":"ReplayFunnel"},{"floor":42.0,"key":"Replay:Bottled Flurry"},{"floor":43.0,"key":"StuffTheSpire:SapphireSignet"},{"floor":44.0,"key":"StuffTheSpire:Rhapsscallions"}],"event_choices":[{"damage_healed":0.0,"max_hp_gain":0.0,"max_hp_loss":0.0,"gold_gain":0.0,"event_name":"WeMeetAgain","player_choice":"Paid Gold","floor":4.0,"gold_loss":58.0,"damage_taken":0.0,"relics_obtained":["Nunchaku"]}],"is_beta":false,"boss_relics":[{"not_picked":["Ring of Chaos","OrangePellets"],"picked":"SlaversCollar"},{"not_picked":["Runic Pyramid","TheAbacus"],"picked":"Painkiller Herb"}],"items_purged_floors":[14,20,29,36],"is_endless":false,"potions_floor_spawned":[5,11,12,18,22,23,33,35,46],"ascension_level":15}}