{"host":"0285y92tozoijo7k","time":1611696265,"event":{"mods":["AchievementEnabler","Act Like it!","BaseMod","Colored Map","DeckTracker","Keyboard Shortcuts","Minty Spire (QoL Compilation)","Permanent Neow","StSLib","SuperFastMode"],"gold_per_floor":[111,125,135,135,9,9,24,44,68,129,129,54,66,66,66,141,191,203,222,222,172,189,189,189,219,219,80,97,130,5,20,20,95,95,109,129,129,129,149,149,149],"floor_reached":40,"language":"KOR","playtime":1529,"items_purged":["Defend_B","Defend_B","Defend_B"],"score":880,"play_id":"0bfaf962-f5b1-4071-9939-da2886f0b36f","local_time":"20210127062425","is_ascension_mode":true,"campfire_choices":[{"data":"Defragment","floor":6,"key":"SMITH"},{"floor":15,"key":"REST"},{"data":"Blizzard","floor":23,"key":"SMITH"},{"data":"Capacitor","floor":32,"key":"SMITH"}],"circlet_count":0,"master_deck":["AscendersBane","Strike_B+1","Strike_B+1","Defend_B","Zap","Dualcast+1","Cold Snap","Steam","Sweeping Beam","BootSequence","Defragment+1","Coolheaded","FTL","Echo Form+1","Glacier","Hologram","Core Surge","Blizzard+1","Turbo","Capacitor+1","Consume","Coolheaded+1","Reboot"],"relics":["FrozenCore","Whetstone","Oddly Smooth Stone","Tiny House","Orichalcum","Pear","Ancient Tea Set"],"acts_visited":["Exordium","TheCity","TheBeyond"],"potions_floor_usage":[8,10,16,22,25,29,33,40,40],"damage_taken":[{"damage":5,"enemies":"Jaw Worm","floor":1,"turns":3},{"damage":7,"enemies":"Small Slimes","floor":2,"turns":3},{"damage":0,"enemies":"Cultist","floor":3,"turns":3},{"damage":4,"enemies":"Large Slime","floor":7,"turns":7},{"damage":9,"enemies":"Exordium Thugs","floor":8,"turns":4},{"damage":30,"enemies":"Gremlin Nob","floor":10,"turns":5},{"damage":0,"enemies":"Exordium Wildlife","floor":13,"turns":3},{"damage":0,"enemies":"Hexaghost","floor":16,"turns":12},{"damage":0,"enemies":"Chosen","floor":18,"turns":6},{"damage":0,"enemies":"Spheric Guardian","floor":19,"turns":6},{"damage":13,"enemies":"Snake Plant","floor":22,"turns":6},{"damage":2,"enemies":"Gremlin Leader","floor":25,"turns":8},{"damage":6,"enemies":"Centurion and Healer","floor":28,"turns":8},{"damage":13,"enemies":"Book of Stabbing","floor":29,"turns":10},{"damage":13,"enemies":"Snecko","floor":31,"turns":7},{"damage":0,"enemies":"Champ","floor":33,"turns":14},{"damage":13,"enemies":"3 Darklings","floor":35,"turns":5},{"damage":8,"enemies":"3 Shapes","floor":36,"turns":8},{"damage":0,"enemies":"Maw","floor":39,"turns":12},{"damage":69,"enemies":"Reptomancer","floor":40,"turns":5}],"seed_played":"4108225515931594734","potions_obtained":[{"floor":2,"key":"Energy Potion"},{"floor":3,"key":"SkillPotion"},{"floor":7,"key":"DistilledChaos"},{"floor":13,"key":"Strength Potion"},{"floor":17,"key":"Energy Potion"},{"floor":18,"key":"Dexterity Potion"},{"floor":25,"key":"Swift Potion"},{"floor":29,"key":"Dexterity Potion"},{"floor":33,"key":"Fire Potion"},{"floor":39,"key":"Strength Potion"}],"is_trial":false,"path_per_floor":["M","M","M","?","$","R","M","M","T","?","?","$","M","$","R","B",null,"M","M","?","?","M","R","?","E","T","$","M","E","$","M","R","B",null,"M","M","?","T","M","E"],"character_chosen":"DEFECT","items_purchased":["Defragment","Coolheaded","Capacitor"],"campfire_rested":1,"item_purchase_floors":[5,5,27],"current_hp_per_floor":[63,56,56,56,56,56,52,43,43,13,6,6,6,6,28,28,68,68,68,53,53,40,40,40,38,48,48,42,29,29,16,16,16,75,62,54,54,54,54,0,0],"gold":149,"neow_bonus":"TRANSFORM_CARD","is_daily":false,"chose_seed":false,"campfire_upgraded":3,"win_rate":0.0,"timestamp":1611696265,"path_taken":["M","M","M","?","$","R","M","M","T","?","?","$","M","$","R","BOSS","M","M","?","?","?","R","?","E","T","$","M","E","?","M","R","BOSS","M","M","?","?","M","E"],"items_purchased_type":["Card","Card","Card"],"build_version":"2020-12-22","purchased_purges":3,"victory":false,"max_hp_per_floor":[75,75,75,75,75,75,75,75,75,75,75,75,75,75,75,75,80,80,80,85,85,85,85,85,85,95,95,95,95,95,95,95,95,95,95,95,95,95,95,95,95],"card_choices":[{"not_picked":["Turbo","Stack"],"picked":"Steam","floor":1},{"not_picked":["Conserve Battery","Turbo"],"picked":"Sweeping Beam","floor":2},{"not_picked":["Steam Power","Beam Cell"],"picked":"BootSequence","floor":3},{"not_picked":["Heatsinks","Hello World"],"picked":"FTL","floor":7},{"not_picked":["Turbo","Capacitor"],"picked":"Echo Form","floor":8},{"not_picked":["Ball Lightning","Steam"],"picked":"Glacier","floor":10},{"not_picked":["Cold Snap","Tempest"],"picked":"Hologram","floor":13},{"not_picked":["Fission","Machine Learning"],"picked":"Core Surge","floor":16},{"not_picked":["Lockon","Cold Snap"],"picked":"Blizzard","floor":17},{"not_picked":["Ball Lightning","Gash"],"picked":"Turbo","floor":18},{"not_picked":["Cold Snap","Melter","BootSequence"],"picked":"SKIP","floor":19},{"not_picked":["Go for the Eyes","Undo"],"picked":"Coolheaded","floor":22},{"not_picked":["Barrage","Gash","Scrape+1"],"picked":"SKIP","floor":25},{"not_picked":["Gash","Reprogram","Fusion"],"picked":"SKIP","floor":28},{"not_picked":["Streamline+1","Barrage","Steam"],"picked":"SKIP","floor":29},{"not_picked":["Lockon","Coolheaded"],"picked":"Consume","floor":31},{"not_picked":["Go for the Eyes","Force Field"],"picked":"Coolheaded+1","floor":35},{"not_picked":["Chaos","Scrape","Gash"],"picked":"SKIP","floor":36},{"not_picked":["Cold Snap","Stack"],"picked":"Reboot","floor":39}],"player_experience":384685,"relics_obtained":[{"floor":9,"key":"Whetstone"},{"floor":10,"key":"Oddly Smooth Stone"},{"floor":25,"key":"Orichalcum"},{"floor":26,"key":"Pear"},{"floor":29,"key":"Ancient Tea Set"}],"event_choices":[{"damage_healed":0,"gold_gain":0,"player_choice":"Grow","damage_taken":0,"max_hp_gain":0,"max_hp_loss":0,"event_name":"Living Wall","floor":4,"gold_loss":0,"cards_upgraded":["Dualcast"]},{"damage_healed":0,"gold_gain":0,"player_choice":"Searched \u00271\u0027 times","damage_taken":0,"max_hp_gain":0,"max_hp_loss":0,"event_name":"Dead Adventurer","floor":10,"gold_loss":0},{"cards_removed":["Strike_B"],"damage_healed":0,"gold_gain":0,"player_choice":"Card Removal","damage_taken":7,"max_hp_gain":0,"max_hp_loss":0,"event_name":"Golden Wing","floor":11,"gold_loss":0},{"damage_healed":0,"gold_gain":0,"player_choice":"Shed Blood","damage_taken":20,"max_hp_gain":5,"max_hp_loss":0,"event_name":"Forgotten Altar","floor":20,"gold_loss":0},{"damage_healed":0,"gold_gain":0,"player_choice":"Bet on Murderer","damage_taken":0,"max_hp_gain":0,"max_hp_loss":0,"event_name":"The Joust","floor":21,"gold_loss":50},{"damage_healed":0,"gold_gain":0,"player_choice":"Upgraded","damage_taken":0,"max_hp_gain":0,"max_hp_loss":0,"event_name":"Upgrade Shrine","floor":24,"gold_loss":0,"cards_upgraded":["Coolheaded"]},{"cards_removed":["Coolheaded"],"damage_healed":0,"gold_gain":0,"player_choice":"Removed Skill","damage_taken":0,"max_hp_gain":0,"max_hp_loss":0,"event_name":"Falling","floor":37,"gold_loss":0}],"is_beta":false,"boss_relics":[{"not_picked":["SlaversCollar","Runic Dome"],"picked":"Tiny House"},{"not_picked":["Black Star","Sozu"],"picked":"FrozenCore"}],"items_purged_floors":[12,27,30],"is_endless":false,"potions_floor_spawned":[2,3,7,13,18,25,29,33,39],"killed_by":"Reptomancer","ascension_level":13}}