{"host":"y6zg4wwu39otf01a","time":1611695549,"event":{"mods":["Act Like it!","Aspiration","BaseMod","Better Altar","Better Match","Better Note","Better Sensory Stone","Better Skull","Better Third Choice","Challenge The Spire","Colored Map","Colored Powertips","Conspire","GifTheSpireLib","Glutton Mod","Halation","Hermit","Highlight Path","Hubris","Infinite Spire","Mimic Mod","Minty Spire (QoL Compilation)","Puzzle Mod","Quick Restart","Random Character Button","Rare Cards Sparkle","Replay The Spire","Retaliation","Robot Space Explorer","Shade Mod","Spicy Shops","Spire Arcade","StSLib","Stuff the Spire","The Blue Laboratory","The Jungle","The Marked","thorton"],"gold_per_floor":[114,114,114,88,103,103,118,118,118,118,155,4,34,34,64,79,79,179,179,194,30,30,30,30,60,60,90,90,90,4,34,49,79,79,179,179,194,194,209,224,99,129,129,159,199,199,214,244,244,274,274,374,374,383,387,99,111,111,111,110,118,118,140,148,148,154,160,160,219,219,216,216,216,222,213,213,63,63,63,61,61,70,81,84,84,154,204,211,115,19,88,88,88,121,121,214,223,230,242,219,215,215,354,408,410,426,376,387,396,419,703,735,778,898,922,934,27,41,91,197,250,265,279,292,323,79,107,109,129,197,184,214,256,261,306,312,432,490,560,571,571],"floor_reached":140,"language":"ENG","playtime":10963,"items_purged":["StuffTheSpire:CuriosityCurse","Looming Evil"],"score":4178,"play_id":"647bb96f-4ff3-49fa-83ce-6a0a6ee9444d","local_time":"20210126161229","daily_mods":["Cursed Run","Purple Cards","DeadlyEvents"],"is_ascension_mode":false,"campfire_choices":[{"data":"Time Bomb","floor":6.0,"key":"SMITH"},{"data":"Dualcast","floor":10.0,"key":"SMITH"},{"data":"Replay:Vibes","floor":14.0,"key":"SMITH"},{"floor":17.0,"key":"REST"},{"data":"ReplayTheSpireMod:Echo Chamber","floor":26.0,"key":"SMITH"},{"data":"ReplayTheSpireMod:Dual Polarity","floor":29.0,"key":"SMITH"},{"data":"infinitespire:Oblivion","floor":34.0,"key":"SMITH"},{"data":"DevaForm","floor":46.0,"key":"SMITH"},{"data":"StuffTheSpire:Rapture","floor":51.0,"key":"SMITH"},{"data":"Skim","floor":59.0,"key":"SMITH"},{"data":"DeusExMachina","floor":65.0,"key":"SMITH"},{"floor":68.0,"key":"DIG"},{"data":"Seek","floor":76.0,"key":"SMITH"},{"data":"Panic Button","floor":78.0,"key":"SMITH"},{"data":"Seek","floor":93.0,"key":"SMITH"},{"data":"BattleHymn","floor":95.0,"key":"SMITH"},{"floor":102.0,"key":"DIG"},{"data":"ReplayTheSpireMod:Doomed","floor":119,"key":"PURGE"},{"data":"DevaForm","floor":128,"key":"SMITH"},{"data":"ReplayTheSpireMod:Haul","floor":134,"key":"SMITH"},{"data":"Echo Form","floor":136,"key":"SMITH"}],"circlet_count":2,"master_deck":["Strike_B+1","Strike_B","Strike_B+1","Strike_B","Defend_B+1","Defend_B","Defend_B","Defend_B","Zap","Dualcast+1","Doom and Gloom+1","Time Bomb+1","EmptyMind","Replay:Vibes+1","FlyingSleeves","Clumsy","Replay:LoomingThreat+1","ReplayTheSpireMod:IOU","StuffTheSpire:Deluminance","StuffTheSpire:Deluminance+1","StuffTheSpire:Deluminance","StuffTheSpire:Deluminance+1","StuffTheSpire:Deluminance+1","infinitespire:Oblivion+1","hubris:Fate","ReplayTheSpireMod:Echo Chamber+1","DeusExMachina+1","ReplayTheSpireMod:Dual Polarity+1","Collect+1","ReplayTheSpireMod:IOU","DevaForm+1","Darkness+1","Looming Evil","StuffTheSpire:Ambrosia","Ragnarok","Double Energy","Crystallizer+1","Replay:BluntJabs+1","ReplayTheSpireMod:IOU","StuffTheSpire:Rapture+1","Perseverance","hubris:Fate","Prostrate","infinitespire:Pacifist","StuffTheSpire:CelestialWarden","Mirror Shield","ForeignInfluence","Replay:Fractal Strike","Amnesia","StuffTheSpire:BrainWave","Multi-Cast+1","CurseOfTheBell","StuffTheSpire:Rapture","Skim+1","BattleHymn+1","ReplayTheSpireMod:IOU","StuffTheSpire:CelestialWarden+1","StuffTheSpire:FreeRealEstate","Panic Button+1","Doubt","StuffTheSpire:Rapture","Coolheaded","Tempest","Study","Shame","StuffTheSpire:Innocence","Seek+1","Shame","Collect","ReplayTheSpireMod:Reroute Power","DeusExMachina","Pain","StuffTheSpire:Innocence","Seek+1","ReplayTheSpireMod:Haul+1","ReplayTheSpireMod:IOU","StuffTheSpire:Harmony","Redo","Redo","ReplayTheSpireMod:IOU","StuffTheSpire:CelestialWarden","Voices","StuffTheSpire:BrainWave","WheelKick","Mind Blast","BasicCrystalCard","Coolheaded+1","StuffTheSpire:Rapture","MasterReality","Echo Form+1","hubris:Wrath","ConjureBlade","Decay","StuffTheSpire:Innocence","Bash","Ragnarok","StuffTheSpire:FreeRealEstate","ReplayTheSpireMod:Chaos Vortex","Bloodletting","Regret","DevaForm+1","conspire:Blindness","StuffTheSpire:BrainWave","DeusExMachina","Thinking Ahead","StuffTheSpire:ForEach","infinitespire:Collect","BasicCrystalCard+1","hubris:PowerSurge","conspire:Blindness","StuffTheSpire:Rapture","StuffTheSpire:CelestialWarden","Footwork","Toxin Wave","Dodge and Roll","Replay:Cycle","ReplayTheSpireMod:Whispers of Evil","Machine Learning"],"relics":["Cursed Key","Darkstone Periapt","Du-Vu Doll","Mango","Blood Vial","Whetstone","infinitespire:SolderingIron","halation:PinkAlligatorPlush","Replay:Wax Seal","StuffTheSpire:Saxophone","StuffTheSpire:Wildfire","hubris:BottledHeart","StuffTheSpire:BlackoutCurse","Circlet","Guide Book","StuffTheSpire:Rhapsscallions","Emotion Chip","Solar Panel","aspiration:Nostalgia","m_IronSupplements","halation:KoshaPiece","Centennial Puzzle","Nuclear Battery","Cables","ReplayFunnel","StuffTheSpire:Gunfinga","Toy Ornithopter","hubris:Reverence","hubris:Potato","StuffTheSpire:Barrel","Iron Hammer","Calling Bell","hubris:RGBLights","MealTicket","Bag of Marbles","Replay:Frozen Program","conspire:IceCreamScoop","Replay:Ringing Soul","StuffTheSpire:OldFever","infinitespire:Freezer","thethorton:CrushedCigarette","CaptainsWheel","theJungle:PaperFaux","infinitespire:Lucky Rock","hubris:MobiusCoin","aspiration:ChemicalBlood","conspire:Boomerang","Pen Nib","aspiration:EnhancedActuators","ReplayTheSpireMod:CursedCoin","CeramicFish","Replay:Baseball","infinitespire:FocusingShard","hubris:Spice","ReplayTheSpireMod:SealedPack","halation:BlackBeret","Omamori","Happy Flower","Replay:Bandana","thethorton:BankDeed","halation:Prosthetics","Boot","Red Mask","Membership Card","StuffTheSpire:Experiment12","InkBottle","Replay:Rubber Ducky","Gremlin Food","SlaversCollar"],"acts_visited":["Exordium","TheCity","TheBeyond","Exordium","Exordium","TheBeyond","Exordium","TheCity","TheBeyond"],"potions_floor_usage":[],"damage_taken":[{"damage":1.0,"enemies":"2 Louse","floor":1.0,"turns":2.0},{"damage":2.0,"enemies":"Jaw Worm","floor":5.0,"turns":2.0},{"damage":15.0,"enemies":"Small Slimes","floor":7.0,"turns":4.0},{"damage":14.0,"enemies":"Exordium Wildlife","floor":11.0,"turns":7.0},{"damage":6.0,"enemies":"Replay:BlueRogue","floor":13.0,"turns":5.0},{"damage":26.0,"enemies":"Lagavulin","floor":15.0,"turns":5.0},{"damage":15.0,"enemies":"Exordium Wildlife","floor":16.0,"turns":3.0},{"damage":7.0,"enemies":"Fading Forest","floor":18.0,"turns":11.0},{"damage":35.0,"enemies":"Shell Parasite","floor":20.0,"turns":5.0},{"damage":0.0,"enemies":"conspire:SneckoGhost","floor":25.0,"turns":5.0},{"damage":1.0,"enemies":"Gremlin Leader","floor":27.0,"turns":6.0},{"damage":0.0,"enemies":"Book of Stabbing","floor":31.0,"turns":5.0},{"damage":0.0,"enemies":"Spheric Guardian","floor":32.0,"turns":1.0},{"damage":0.0,"enemies":"conspire:Head Lice","floor":33.0,"turns":4.0},{"damage":0.0,"enemies":"Collector","floor":35.0,"turns":6.0},{"damage":0.0,"enemies":"3 Shapes","floor":37.0,"turns":4.0},{"damage":0.0,"enemies":"3 Darklings","floor":39.0,"turns":6.0},{"damage":0.0,"enemies":"Maw","floor":40.0,"turns":7.0},{"damage":0.0,"enemies":"Nightmare","floor":42.0,"turns":6.0},{"damage":0.0,"enemies":"Reptomancer","floor":44.0,"turns":5.0},{"damage":0.0,"enemies":"Writhing Mass","floor":45.0,"turns":5.0},{"damage":0.0,"enemies":"Writhing Mass","floor":47.0,"turns":3.0},{"damage":0.0,"enemies":"Giant Head","floor":48.0,"turns":7.0},{"damage":0.0,"enemies":"R_Hoarder","floor":50.0,"turns":6.0},{"damage":0.0,"enemies":"Donu and Deca","floor":52.0,"turns":5.0},{"damage":0.0,"enemies":"2 Louse","floor":54.0,"turns":2.0},{"damage":0.0,"enemies":"Cultist","floor":55.0,"turns":2.0},{"damage":0.0,"enemies":"infinitespire:Voidling","floor":57.0,"turns":1.0},{"damage":0.0,"enemies":"Exordium Thugs","floor":60.0,"turns":4.0},{"damage":0.0,"enemies":"Gremlin Gang","floor":61.0,"turns":2.0},{"damage":0.0,"enemies":"Gremlin Nob","floor":63.0,"turns":2.0},{"damage":0.0,"enemies":"conspire:2 RoseBushes","floor":64.0,"turns":2.0},{"damage":0.0,"enemies":"3 Louse","floor":66.0,"turns":2.0},{"damage":0.0,"enemies":"Looter","floor":67.0,"turns":2.0},{"damage":0.0,"enemies":"Hexaghost","floor":69.0,"turns":7.0},{"damage":0.0,"enemies":"Shell Parasite","floor":71.0,"turns":4.0},{"damage":0.0,"enemies":"theJungle:MUSHROOMGANG","floor":74.0,"turns":3.0},{"damage":0.0,"enemies":"theJungle:JungleHuntersEncounter","floor":75.0,"turns":5.0},{"damage":0.0,"enemies":"theJungle:Cassacara","floor":80.0,"turns":5.0},{"damage":0.0,"enemies":"theJungle:MamaSnecko","floor":82.0,"turns":3.0},{"damage":0.0,"enemies":"theJungle:Cassacara","floor":83.0,"turns":3.0},{"damage":0.0,"enemies":"theJungle:Snecko_Cultist_And_Trap","floor":84.0,"turns":5.0},{"damage":0.0,"enemies":"theJungle:TotemBoss","floor":86.0,"turns":5.0},{"damage":0.0,"enemies":"Orb Walker","floor":88.0,"turns":2.0},{"damage":0.0,"enemies":"3 Darklings","floor":91.0,"turns":2.0},{"damage":0.0,"enemies":"R_Hoarder","floor":94.0,"turns":2.0},{"damage":0.0,"enemies":"Nemesis","floor":97.0,"turns":5.0},{"damage":0.0,"enemies":"Writhing Mass","floor":98.0,"turns":2.0},{"damage":0.0,"enemies":"Sphere and 2 Shapes","floor":99.0,"turns":2.0},{"damage":0.0,"enemies":"Transient","floor":100.0,"turns":5.0},{"damage":0.0,"enemies":"Maw","floor":101.0,"turns":3.0},{"damage":0.0,"enemies":"conspire:OrnateMirror","floor":103.0,"turns":3.0},{"damage":0.0,"enemies":"Small Slimes","floor":105.0,"turns":2.0},{"damage":0,"enemies":"Jaw Worm","floor":106,"turns":1},{"damage":0,"enemies":"Cultist","floor":108,"turns":1},{"damage":0,"enemies":"Red Slaver","floor":109,"turns":1},{"damage":0,"enemies":"Gremlin Nob","floor":110,"turns":2},{"damage":0,"enemies":"Replay:BlueRogue","floor":112,"turns":2},{"damage":0,"enemies":"Lagavulin","floor":114,"turns":2},{"damage":0,"enemies":"Replay:BlueRogue","floor":115,"turns":2},{"damage":0,"enemies":"Blue Slaver","floor":116,"turns":1},{"damage":0,"enemies":"3 Louse","floor":118,"turns":2},{"damage":0,"enemies":"Hexaghost","floor":120,"turns":2},{"damage":0,"enemies":"Chosen","floor":122,"turns":1},{"damage":0,"enemies":"Masked Bandits","floor":124,"turns":1},{"damage":0,"enemies":"3 Byrds","floor":125,"turns":1},{"damage":0,"enemies":"Replay:Snechameleon","floor":127,"turns":2},{"damage":0,"enemies":"Snecko","floor":129,"turns":1},{"damage":0,"enemies":"conspire:HollyBat","floor":130,"turns":1},{"damage":0,"enemies":"conspire:HollyBat","floor":131,"turns":8},{"damage":0,"enemies":"conspire:Head Lice","floor":133,"turns":2},{"damage":0,"enemies":"Gremlin Leader","floor":135,"turns":2},{"damage":0,"enemies":"Collector","floor":137,"turns":2},{"damage":0,"enemies":"Orb Walker","floor":139,"turns":1}],"seed_played":"-4692305807027556167","potions_obtained":[{"floor":7.0,"key":"Languid Potion"},{"floor":16.0,"key":"Languid Potion"},{"floor":20.0,"key":"blueLaboratory:RelayPotion"},{"floor":27.0,"key":"SkillPotion"},{"floor":31.0,"key":"blueLaboratory:BubblePotion"},{"floor":32.0,"key":"Swift Potion"},{"floor":37.0,"key":"SneckoOil"},{"floor":42.0,"key":"Strength Potion"},{"floor":44.0,"key":"Dexterity Potion"},{"floor":48.0,"key":"blueLaboratory:BottleOfRum"},{"floor":57.0,"key":"PotionOfCapacity"},{"floor":66.0,"key":"blueLaboratory:EmptyBottle"},{"floor":69.0,"key":"Adrenaline Potion"},{"floor":71.0,"key":"blueLaboratory:EnragingPotion"},{"floor":80.0,"key":"blueLaboratory:RelayPotion"},{"floor":82.0,"key":"Doom Potion"},{"floor":109,"key":"blueLaboratory:CorrosionFlask"},{"floor":112,"key":"blueLaboratory:BiasPotion"}],"is_trial":false,"path_per_floor":["M","?","?","$","M","R","M","PTL","PTL","R","MIM","$","E","R","E","M","R","B",null,"M","$","?","?","AVR","E","R","E","T","R","$","E","M","E","R","B",null,"M","?","M","M","$","NM","?","E","MIM","R","M","E","?","E","R","B",null,"M","M","$","M","?","R","M","M","T","E","M","R","M","M","R_BF","B",null,"M","T","?","M","M","R","$","R","T","E","$","E","E","M","R_BF","B",null,"M","$","$","M","?","R","E","R","T","E","M","M","M","M","R_BF","B",null,"M","M","?","M","M","E","?","E","T","E","E","M","$","M","R_BF","B",null,"M","AVR","?","M","$","E","R","M","MIM","M","?","E","R","E","R","B",null,"M","?"],"character_chosen":"DEFECT","items_purchased":["Prostrate","Replay:Vibes","Replay:Wax Seal","StuffTheSpire:Saxophone","StuffTheSpire:Wildfire","Collect","aspiration:Nostalgia","ReplayFunnel","StuffTheSpire:Gunfinga","Bag of Marbles","StuffTheSpire:FreeRealEstate","Replay:Frozen Program","conspire:IceCreamScoop","infinitespire:Lucky Rock","Redo","aspiration:EnhancedActuators","ReplayTheSpireMod:CursedCoin","WheelKick","CeramicFish","Mind Blast","DeusExMachina","thethorton:BankDeed","Thinking Ahead","Membership Card","StuffTheSpire:Experiment12","InkBottle"],"campfire_rested":1,"item_purchase_floors":[4,12,21,21,21,30,30,41,41,56,56,56,56,77,89,89,90,90,90,90,117,117,117,126,126,126],"current_hp_per_floor":[74,74,94,94,92,92,77,77,77,77,69,69,65,65,41,28,58,69,107,72,78,1,1,1,1,1,1,1,1,1,1,1,1,1,1,1,1,1,1,1,1,1,1,1,1,1,1,1,1,1,1,1,1,1,1,1,1,1,1,1,1,1,1,1,1,1,1,1,1,1,1,1,1,1,1,1,1,1,1,1,1,1,1,1,1,1,1,1,1,1,1,1,1,1,1,1,1,1,1,1,1,1,1,1,1,1,1,1,1,1,1,1,1,1,1,1,1,1,1,1,1,1,1,1,1,1,1,1,1,1,1,1,1,1,1,1,1,1,1,0,0],"gold":571,"neow_bonus":"","is_daily":true,"chose_seed":false,"campfire_upgraded":17,"win_rate":0.0,"timestamp":1611695549,"path_taken":["M","?","?","$","M","R","M","PTL","PTL","R","R","MIM","$","E","R","?","M","R","BOSS","M","$","?","?","AVR","?","R","E","T","R","?","?","?","?","R","BOSS","M","?","M","M","$","NM","?","?","MIM","R","M","E","?","E","R","BOSS","M","M","$","M","?","R","?","M","T","?","?","R","?","M","R_BF","BOSS","M","?","?","M","M","R","$","R","T","E","?","E","?","M","R_BF","BOSS","M","?","$","?","?","R","?","R","T","E","?","M","M","?","R_BF","BOSS","M","?","?","M","M","E","?","?","T","?","E","M","$","M","R_BF","BOSS","M","AVR","?","?","$","E","R","M","MIM","M","?","E","R","?","R","BOSS","M","?"],"items_purchased_type":["Card","Card","Relic","Relic","Relic","Card","Relic","Relic","Relic","Relic","Card","Relic","Relic","Relic","Card","Relic","Relic","Card","Relic","Card","Card","Relic","Card","Relic","Relic","Relic"],"build_version":"2020-12-22","purchased_purges":2,"victory":false,"max_hp_per_floor":[75,75,95,95,95,95,95,95,95,95,101,101,101,101,101,101,101,107,107,107,113,1,1,1,1,1,1,1,1,1,1,1,1,1,1,1,1,1,1,1,1,1,1,1,1,1,1,1,1,1,1,1,1,1,1,1,1,1,1,1,1,1,1,1,1,1,1,1,1,1,1,1,1,1,1,1,1,1,1,1,1,1,1,1,1,1,1,1,1,1,1,1,1,1,1,1,1,1,1,1,1,1,1,1,1,1,1,1,1,1,1,1,1,1,1,1,1,1,1,1,1,1,1,1,1,1,1,1,1,1,1,1,1,1,1,1,1,1,1,1,1],"card_choices":[{"not_picked":["Auto Shields","EmptyBody"],"picked":"Doom and Gloom","floor":1.0},{"not_picked":["Storm","Redo"],"picked":"Time Bomb","floor":5.0},{"not_picked":["Reprogram","Cold Snap","Ball Lightning"],"picked":"SKIP","floor":7.0},{"not_picked":["ReplayGash","Heatsinks"],"picked":"EmptyMind","floor":11.0},{"not_picked":["ReplaySolidLightProjector","Replay:AtTheReady","Aggregate"],"picked":"SKIP","floor":13.0},{"not_picked":["StuffTheSpire:NuclearReactor","Auto Shields","Force Field"],"picked":"SKIP","floor":15.0},{"not_picked":["Protect","Chaos"],"picked":"FlyingSleeves","floor":16.0},{"not_picked":["Wish","ReplayTheSpireMod:Omega Cannon"],"picked":"Replay:LoomingThreat","floor":18.0},{"not_picked":["Cold Snap","JustLucky+1"],"picked":"Hello World+1","floor":20.0},{"not_picked":["Crescendo+1","ClearTheMind"],"picked":"DeusExMachina","floor":25.0},{"not_picked":["StuffTheSpire:Plugnplay","ReplayTheSpireMod:Repulse"],"picked":"ReplayTheSpireMod:Dual Polarity","floor":27.0},{"not_picked":["conspire:SharedLibrary","BasicCrystalCard"],"picked":"DevaForm","floor":31.0},{"not_picked":["Hologram","Compile Driver","Conserve Battery+1"],"picked":"SKIP","floor":32.0},{"not_picked":["Doom and Gloom","Scrape"],"picked":"Darkness+1","floor":33.0},{"not_picked":["Replay:AllIn","Vault"],"picked":"Ragnarok","floor":35.0},{"not_picked":["Replay:BluntJabs","ReplayTheSpireMod:Reroute Power"],"picked":"Double Energy","floor":37.0},{"not_picked":["Gash+1","StuffTheSpire:LoadUp"],"picked":"Crystallizer+1","floor":39.0},{"not_picked":["Vengeance+1","StuffTheSpire:GlassShard+1"],"picked":"Replay:BluntJabs","floor":40.0},{"not_picked":["Ball Lightning","Perseverance","Leap"],"picked":"SKIP","floor":42.0},{"not_picked":["Ball Lightning","Leap"],"picked":"Perseverance","floor":42.0},{"not_picked":["CutThroughFate","StuffTheSpire:Plugnplay"],"picked":"Prostrate","floor":44.0},{"not_picked":["JustLucky+1","BowlingBash+1"],"picked":"Mirror Shield","floor":45.0},{"not_picked":["CarveReality+1","Compile Driver"],"picked":"ForeignInfluence","floor":47.0},{"not_picked":["Conserve Battery+1","Stack+1","LikeWater"],"picked":"SKIP","floor":48.0},{"not_picked":["infinitespire:Punishment","infinitespire:TheBestDefense"],"picked":"Replay:Fractal Strike","floor":49.0},{"not_picked":["Ball Lightning+1","SashWhip+1","Creative AI"],"picked":"SKIP","floor":50.0},{"not_picked":["Core Surge","StuffTheSpire:Purify"],"picked":"Multi-Cast","floor":52.0},{"not_picked":["Replay:AtTheReady","FlyingSleeves"],"picked":"Skim","floor":54.0},{"not_picked":["Prostrate","hubris:PowerSurge"],"picked":"BattleHymn","floor":55.0},{"not_picked":["Loop","Consume","Consecrate"],"picked":"SKIP","floor":57.0},{"not_picked":["FlyingSleeves","ThirdEye","Turbo"],"picked":"SKIP","floor":60.0},{"not_picked":["Barrage","Wireheading"],"picked":"Panic Button","floor":61.0},{"not_picked":["EmptyFist","Barrage","CrushJoints"],"picked":"SKIP","floor":63.0},{"not_picked":["Beam Cell","StuffTheSpire:Rend"],"picked":"Coolheaded","floor":64.0},{"not_picked":["Consecrate","StuffTheSpire:LaunchingStrike"],"picked":"Tempest","floor":66.0},{"not_picked":["Study","DeceiveReality","EmptyBody"],"picked":"SKIP","floor":67.0},{"not_picked":["DeceiveReality","EmptyBody"],"picked":"Study","floor":67.0},{"not_picked":["Replay:AllIn","StuffTheSpire:LaunchingStrike"],"picked":"Seek","floor":69.0},{"not_picked":["Steam","Reprogram","Gash"],"picked":"SKIP","floor":71.0},{"not_picked":["JustLucky","WindmillStrike"],"picked":"Collect","floor":74.0},{"not_picked":["Replay:AtTheReady","Prostrate","Sweeping Beam"],"picked":"SKIP","floor":75.0},{"not_picked":["Rebound","Replay:Battleflow"],"picked":"ReplayTheSpireMod:Reroute Power","floor":80.0},{"not_picked":["Prostrate+1","PathToVictory+1","LikeWater+1"],"picked":"SKIP","floor":82.0},{"not_picked":["Electrodynamics","ReplayTheSpireMod:Repulse","Steam+1"],"picked":"SKIP","floor":83.0},{"not_picked":["Redo","Streamline","FlurryOfBlows"],"picked":"SKIP","floor":84.0},{"not_picked":["Biased Cognition","Buffer"],"picked":"Seek","floor":86.0},{"not_picked":["ReplayTheSpireMod:Chaos Vortex","ReplayTheSpireMod:Echo Chamber"],"picked":"ReplayTheSpireMod:Haul","floor":87.0},{"not_picked":["Melter","Replay:ManipulateFuture","Worship+1"],"picked":"SKIP","floor":88.0},{"not_picked":["Go for the Eyes","Worship"],"picked":"BasicCrystalCard","floor":91.0},{"not_picked":["EmptyMind+1","Lockon+1"],"picked":"Coolheaded+1","floor":94.0},{"not_picked":["ThirdEye","Worship"],"picked":"MasterReality","floor":97.0},{"not_picked":["BootSequence","FlurryOfBlows+1","StuffTheSpire:NuclearReactor+1"],"picked":"SKIP","floor":98.0},{"not_picked":["ClearTheMind","Defragment"],"picked":"Echo Form","floor":99.0},{"not_picked":["Conserve Battery","Go for the Eyes","ReplayTheSpireMod:System Scan+1"],"picked":"SKIP","floor":100.0},{"not_picked":["Replay:Anticipation+1","PathToVictory","Replay:Hum"],"picked":"SKIP","floor":101.0},{"not_picked":["ReplayTheSpireMod:Fabricate Wheel","StuffTheSpire:EventHorizon"],"picked":"ConjureBlade","floor":103.0},{"not_picked":["thethorton:CreditCard","Shade:AnimateDead"],"picked":"Bash","floor":104.0},{"not_picked":["Wish","hubris:DoWhile"],"picked":"Ragnarok","floor":104.0},{"not_picked":["Swift Strike","Replay:Sssssssssshield"],"picked":"StuffTheSpire:FreeRealEstate","floor":104.0},{"not_picked":["infinitespire:SevenWalls","ReplayTheSpireMod:Haul"],"picked":"ReplayTheSpireMod:Chaos Vortex","floor":104.0},{"not_picked":["FlyingSleeves","ClearTheMind","Protect"],"picked":"SKIP","floor":105.0},{"not_picked":["Heatsinks","Redo"],"picked":"Bloodletting","floor":106},{"not_picked":["EmptyBody","Reprogram","Replay:AtTheReady"],"picked":"SKIP","floor":108},{"not_picked":["EmptyMind","Gash","CrushJoints"],"picked":"SKIP","floor":109},{"not_picked":["Beam Cell","StuffTheSpire:Coldhearted","Self Repair"],"picked":"SKIP","floor":110},{"not_picked":["Nirvana","Replay:Hum"],"picked":"DevaForm","floor":112},{"not_picked":["Wireheading","Ball Lightning","Sweeping Beam"],"picked":"SKIP","floor":114},{"not_picked":["Coolheaded","Sanctity","Aggregate"],"picked":"SKIP","floor":115},{"not_picked":["Force Field","Consecrate","CrushJoints"],"picked":"SKIP","floor":116},{"not_picked":["EmptyBody","BowlingBash","DeceiveReality"],"picked":"SKIP","floor":118},{"not_picked":["Rainbow","All For One"],"picked":"StuffTheSpire:ForEach","floor":120},{"not_picked":["Consecrate","Meditate+1","StuffTheSpire:LoadUp"],"picked":"SKIP","floor":122},{"not_picked":["FlyingSleeves+1","MentalFortress"],"picked":"BasicCrystalCard+1","floor":125},{"not_picked":["InnerPeace","Cold Snap+1","Replay:DivineShield"],"picked":"SKIP","floor":127},{"not_picked":["hubris:SpiceAddiction","Swivel"],"picked":"hubris:PowerSurge","floor":129},{"not_picked":["Ball Lightning","Hologram"],"picked":"hubris:SpiceAddiction","floor":130},{"not_picked":["Conserve Battery","Gash","Chaos+1"],"picked":"SKIP","floor":131},{"not_picked":["hubris:SpiceAddiction","Replay:Anticipation+1","Auto Shields"],"picked":"SKIP","floor":133},{"not_picked":["Multi-Cast","Chill"],"picked":"Replay:Cycle","floor":135},{"not_picked":["hubris:SpiceAddiction","ReplayRNGCard"],"picked":"Machine Learning","floor":137},{"not_picked":["hubris:SpiceAddiction","FlyingSleeves","hubris:SpiceAddiction"],"picked":"SKIP","floor":139}],"player_experience":714605,"relics_obtained":[{"floor":11.0,"key":"Blood Vial"},{"floor":13.0,"key":"Whetstone"},{"floor":15.0,"key":"infinitespire:SolderingIron"},{"floor":25.0,"key":"StuffTheSpire:Rhapsscallions"},{"floor":27.0,"key":"Emotion Chip"},{"floor":28.0,"key":"Solar Panel"},{"floor":31.0,"key":"halation:KoshaPiece"},{"floor":33.0,"key":"Centennial Puzzle"},{"floor":42.0,"key":"Toy Ornithopter"},{"floor":44.0,"key":"hubris:Reverence"},{"floor":45.0,"key":"hubris:Potato"},{"floor":48.0,"key":"StuffTheSpire:Barrel"},{"floor":50.0,"key":"Iron Hammer"},{"floor":53.0,"key":"hubris:RGBLights"},{"floor":53.0,"key":"MealTicket"},{"floor":53.0,"key":"vexMod:PlasmaPancake"},{"floor":62.0,"key":"Replay:Ringing Soul"},{"floor":63.0,"key":"StuffTheSpire:OldFever"},{"floor":68.0,"key":"infinitespire:Freezer"},{"floor":72.0,"key":"CaptainsWheel"},{"floor":79.0,"key":"hubris:MobiusCoin"},{"floor":80.0,"key":"aspiration:ChemicalBlood"},{"floor":82.0,"key":"conspire:Boomerang"},{"floor":83.0,"key":"Pen Nib"},{"floor":94.0,"key":"Replay:Baseball"},{"floor":96.0,"key":"Circlet"},{"floor":97.0,"key":"infinitespire:FocusingShard"},{"floor":102.0,"key":"hubris:Spice"},{"floor":110,"key":"halation:BlackBeret"},{"floor":112,"key":"hubris:Spice"},{"floor":113,"key":"Omamori"},{"floor":114,"key":"Happy Flower"},{"floor":115,"key":"Replay:Bandana"},{"floor":124,"key":"Red Mask"},{"floor":127,"key":"Replay:Rubber Ducky"},{"floor":130,"key":"hubris:Spice"},{"floor":133,"key":"hubris:Spice"},{"floor":135,"key":"Gremlin Food"}],"event_choices":[{"damage_healed":0.0,"max_hp_gain":0.0,"max_hp_loss":0.0,"gold_gain":0.0,"event_name":"Duplicator","player_choice":"Copied","floor":43.0,"gold_loss":0.0,"damage_taken":0.0,"cards_obtained":["hubris:Fate"]},{"damage_healed":1.0,"max_hp_gain":0.0,"max_hp_loss":1.0,"gold_gain":0.0,"event_name":"betterThird:BetterShining","player_choice":"Upgrade","floor":58.0,"gold_loss":0.0,"damage_taken":0.0,"cards_upgraded":["Replay:BluntJabs","StuffTheSpire:Deluminance"]},{"damage_healed":0.0,"max_hp_gain":0.0,"max_hp_loss":0.0,"gold_gain":5.0,"event_name":"betterStone:BetterStone","player_choice":"4","floor":85.0,"gold_loss":0.0,"damage_taken":0.0,"cards_obtained":["DeusExMachina"]},{"damage_healed":0.0,"max_hp_gain":0.0,"max_hp_loss":0.0,"gold_gain":0.0,"event_name":"conspire:Investor","player_choice":"Leave","floor":92.0,"gold_loss":0.0,"damage_taken":0.0},{"cards_removed":["hubris:Sloth"],"damage_healed":0,"gold_gain":0,"player_choice":"Card Removal","damage_taken":0,"max_hp_gain":0,"max_hp_loss":0,"event_name":"The Cleric","floor":107,"gold_loss":50},{"damage_healed":0,"gold_gain":275,"player_choice":"Desecrate","damage_taken":0,"max_hp_gain":0,"max_hp_loss":0,"event_name":"Golden Shrine","floor":111,"gold_loss":0,"cards_obtained":["Regret"]},{"damage_healed":0,"gold_gain":0,"player_choice":"Fought Bandits","damage_taken":0,"max_hp_gain":0,"max_hp_loss":0,"event_name":"Masked Bandits","floor":124,"gold_loss":0}],"is_beta":false,"boss_relics":[{"not_picked":["ReplayTheSpireMod:DimensionalGlitch","conspire:SeveredTorchhead"],"picked":"halation:PinkAlligatorPlush"},{"not_picked":["Fusion Hammer","Runic Pyramid"],"picked":"Nuclear Battery"},{"not_picked":["hubris:HollowSoul","vexMod:ImprovementManual"],"picked":"Calling Bell"},{"not_picked":["conspire:SlowCooker","halation:Prosthetics"],"picked":"thethorton:CrushedCigarette"},{"not_picked":["ChewingGum","hubris:BlackHole"],"picked":"Circlet"},{"not_picked":["Runic Dome","halation:SmartPhone"],"picked":"ReplayTheSpireMod:SealedPack"},{"not_picked":["halation:CatFaceCupcake","hubris:Spice"],"picked":"halation:Prosthetics"},{"not_picked":["hubris:Spice","hubris:Spice"],"picked":"SlaversCollar"}],"items_purged_floors":[12,123],"is_endless":true,"potions_floor_spawned":[7,16,20,27,31,32,37,42,44,48,57,60,63,66,69,71,74,80,82,99,100,101,109,112,114,120,122,125,127,129,133],"ascension_level":0}}