{"host":"1pwde2j81wdvsae3","time":1611635143,"event":{"mods":["BaseMod","Minty Spire (QoL Compilation)","Replay The Spire","Shop Mod","StSLib"],"gold_per_floor":[118,137,137,149,149,161,193,228,288,319,360,399,433,457,457],"floor_reached":14,"language":"ZHS","playtime":313,"items_purged":[],"score":165,"play_id":"aa520b7b-808d-40dd-8b06-d3275f908994","local_time":"20210126122543","is_ascension_mode":true,"campfire_choices":[{"data":"Uppercut","floor":6,"key":"SMITH"}],"circlet_count":0,"master_deck":["AscendersBane","Strike_R","Strike_R","Strike_R","Strike_R","Strike_R","Defend_R","Defend_R","Defend_R","Defend_R","Bash+1","Parasite","Immolate","Uppercut+1","Perfected Strike","Battle Trance","Rupture","Dropkick","Evolve","Wild Strike","Thunderclap"],"relics":["Burning Blood","MawBank","Art of War","Replay:Mystery Machine","Replay:Bandana"],"acts_visited":["Exordium"],"potions_floor_usage":[7,11,14,14],"damage_taken":[{"damage":0,"enemies":"Small Slimes","floor":1,"turns":3},{"damage":1,"enemies":"Cultist","floor":2,"turns":3},{"damage":7,"enemies":"Jaw Worm","floor":4,"turns":3},{"damage":31,"enemies":"Exordium Wildlife","floor":7,"turns":4},{"damage":0,"enemies":"3 Louse","floor":10,"turns":1},{"damage":10,"enemies":"3 Sentries","floor":11,"turns":4},{"damage":30,"enemies":"Lots of Slimes","floor":12,"turns":4},{"damage":0,"enemies":"Large Slime","floor":13,"turns":4},{"damage":30,"enemies":"Lagavulin","floor":14,"turns":3}],"seed_played":"7754916904416764195","potions_obtained":[{"floor":2,"key":"Languid Potion"},{"floor":4,"key":"ColorlessPotion"},{"floor":10,"key":"Explosive Potion"},{"floor":12,"key":"ColorlessPotion"}],"is_trial":false,"path_per_floor":["M","M","?","M","?","R","M","T","T","M","E","M","M","E"],"character_chosen":"IRONCLAD","items_purchased":[],"campfire_rested":0,"item_purchase_floors":[],"current_hp_per_floor":[74,75,75,74,63,63,38,38,38,44,40,16,22,0,0],"gold":457,"neow_bonus":"THREE_RARE_CARDS","is_daily":false,"chose_seed":false,"campfire_upgraded":1,"win_rate":0.0,"timestamp":1611635143,"path_taken":["M","M","?","?","?","R","M","?","T","M","E","M","M","E"],"items_purchased_type":[],"build_version":"2020-12-22","purchased_purges":0,"victory":false,"max_hp_per_floor":[75,75,75,75,75,75,75,75,75,75,75,75,75,75,75],"card_choices":[{"not_picked":["Demon Form","Replay:Many Hands"],"picked":"Immolate","floor":0},{"not_picked":["Sword Boomerang","Searing Blow"],"picked":"Uppercut","floor":1},{"not_picked":["Dual Wield","Combust"],"picked":"Perfected Strike","floor":2},{"not_picked":["Armaments","Abandon"],"picked":"Battle Trance","floor":4},{"not_picked":["ReplayTheSpireMod:Corrosion Curse","Anger"],"picked":"Rupture","floor":7},{"not_picked":["Battle Trance","Flex"],"picked":"Dropkick","floor":10},{"not_picked":["Infernal Blade","Clothesline"],"picked":"Evolve","floor":11},{"not_picked":["Iron Wave","Intimidate"],"picked":"Wild Strike","floor":12},{"not_picked":["Sword Boomerang","Second Wind"],"picked":"Thunderclap","floor":13}],"player_experience":239524,"relics_obtained":[{"floor":8,"key":"Art of War"},{"floor":9,"key":"Replay:Mystery Machine"},{"floor":11,"key":"Replay:Bandana"}],"event_choices":[{"damage_healed":0,"gold_gain":0,"player_choice":"Upgraded","damage_taken":0,"max_hp_gain":0,"max_hp_loss":0,"event_name":"Upgrade Shrine","floor":3,"gold_loss":0,"cards_upgraded":["Bash"]},{"damage_healed":0,"gold_gain":0,"player_choice":"Success","damage_taken":11,"relics_obtained":["MawBank"],"max_hp_gain":0,"max_hp_loss":0,"event_name":"Scrap Ooze","floor":5,"gold_loss":0}],"is_beta":false,"boss_relics":[],"items_purged_floors":[],"is_endless":false,"potions_floor_spawned":[2,4,10,12,13],"killed_by":"Lagavulin","ascension_level":15}}