{"host":"uvmuduost5bzvojs","time":1611623436,"event":{"mods":["Aspiration","Bard","BaseMod","Better Match","Block Reminder","Conspire","Hermit","Highlight Path","Hubris","Infinite Spire","Jorbs\u0027s Wanderer Trilogy","Mad Scientist","Marisa????????","Mimic Mod","Minty Spire (QoL Compilation)","Potionbrewer","Replay The Spire","Robot Space Explorer","StSLib","The Blackbeard","The Construct","The Cursed","The Disciple","The Hayseed","The Hierophant","The Juggle","The Jungle","The Poker Player","The Runesmith","The Servant 0.9.4","The Spell Scribe","The Valiant","TheBandit"],"gold_per_floor":[115,115,129,129,129,164,164,164,164],"floor_reached":8,"language":"ENG","playtime":683,"items_purged":[],"score":79,"play_id":"cf1c0ee7-6054-4723-823e-68c88ad51cd4","local_time":"20210125201036","is_ascension_mode":false,"campfire_choices":[{"data":"bard:MantleOfInspiration","floor":7,"key":"SMITH"}],"circlet_count":0,"master_deck":["bard:Strike","bard:Strike","bard:Strike","bard:Defend","bard:Defend","bard:Defend","bard:Defend","bard:Inspire","bard:LingeringPerformance","bard:Solo","Replay:Fractal Strike","bard:Fermata+1","bard:MantleOfInspiration+1"],"relics":["bard:PitchPipe","bard:BagPipes","NeowsBlessing","Tiny Chest"],"acts_visited":["Exordium"],"potions_floor_usage":[],"damage_taken":[{"damage":0,"enemies":"Jaw Worm","floor":1,"turns":1},{"damage":0,"enemies":"Small Slimes","floor":3,"turns":2},{"damage":0,"enemies":"Gremlin Nob","floor":6,"turns":1},{"damage":0,"enemies":"3 Sentries","floor":8,"turns":3}],"seed_played":"8038342099958312569","potions_obtained":[{"floor":6,"key":"potionbrewer:DiscountPotion"}],"is_trial":false,"path_per_floor":["M","?","M","?","?","E","R","E"],"character_chosen":"BARD","items_purchased":[],"campfire_rested":0,"item_purchase_floors":[],"current_hp_per_floor":[70,63,63,47,47,47,47,47,47],"gold":164,"neow_bonus":"THREE_ENEMY_KILL","is_daily":false,"chose_seed":false,"campfire_upgraded":1,"win_rate":0.0,"timestamp":1611623436,"path_taken":["M","?","M","?","?","E","R","E"],"items_purchased_type":[],"build_version":"2020-12-22","purchased_purges":0,"victory":false,"max_hp_per_floor":[70,70,70,70,70,70,70,70,70],"card_choices":[{"not_picked":["bard:EchoEcho","bard:PhantasmalForce"],"picked":"bard:LingeringPerformance","floor":1},{"not_picked":["bard:Gamble","bard:EchoEcho"],"picked":"bard:Solo","floor":3},{"not_picked":["infinitespire:Starlight","infinitespire:Punishment"],"picked":"Replay:Fractal Strike","floor":4},{"not_picked":["bard:StudiedStrike","bard:PrismaticSpray"],"picked":"bard:MantleOfInspiration","floor":6}],"player_experience":1803646,"relics_obtained":[{"floor":6,"key":"Tiny Chest"}],"event_choices":[{"cards_removed":["bard:Strike"],"damage_healed":0,"gold_gain":0,"player_choice":"Card Removal","damage_taken":7,"max_hp_gain":0,"max_hp_loss":0,"event_name":"Golden Wing","floor":2,"gold_loss":0}],"is_beta":false,"boss_relics":[],"items_purged_floors":[],"is_endless":false,"potions_floor_spawned":[6],"killed_by":"3 Sentries","ascension_level":0}}