{"host":"zzywh33h0f2x053k","time":1611673075,"event":{"mods":["Act Like it!","Aspiration","BaseMod","Colored Map","Gensokyo","Grow up Mod","GungeonMod","Hallownest","KomeijiMod","Minty Spire (QoL Compilation)","Quick Restart","Reimu£¨²©ÀöÁéÃÎ£©","RumiaBox-Â¶Ã×æ«µÄÉñÃØºÐ×Ó","Shop Mod","Spicy Shops","StSLib","The Bug Knight","WarShipGirlsR/Õ½½¢ÉÙÅ®R mod","Yakumo Yukari mod","Youmu£¨»êÆÇÑýÃÎ£©","noobMod","¡¾ÒÅÎï¿¨ÅÆ¡¿REMEMod","óô»ðÖ¸ÄÏ"],"gold_per_floor":[113,132,166,183,40,69,388,414,465,779,805,152,12,26,26,126,126,136,146,146,156,21,56,56,90,90,105,29,29,47,147,147,252,252,287,287,121,144,144,200,54,81,81,112,149,149,149,149,46,76,76,76,37,64,64],"floor_reached":56,"language":"ZHS","playtime":3832,"items_purged":["Defend_P","Defend_P","Leg Sweep","ClearTheMind"],"score":1351,"play_id":"bbd0c6d8-e090-4b15-9cd0-4876d03546a4","local_time":"20210126225755","is_ascension_mode":false,"campfire_choices":[{"data":"Alpha","floor":15,"key":"SMITH"},{"floor":24,"key":"RECALL"},{"data":"Scrawl","floor":32,"key":"SMITH"},{"data":"Wish","floor":47,"key":"SMITH"}],"circlet_count":0,"master_deck":["Strike_P+1","Strike_P","Strike_P+1","Strike_P+1","Nirvana","DevaForm","DevaForm+1","Fasting2+1","LessonLearned+1","Scrawl+1","Prepared+1","REME_CopyPotion+1","Crescendo+1","Wish+1","ForeignInfluence+1","Eviscerate","Concentrate","Study+1","Consecrate","FearNoEvil","EmptyBody","EmptyFist","Prostrate+1","Weave","Prostrate+1","ClearTheMind"],"relics":["PureWater","ice","REME_ComplimentaryCards","FlyPower:ReiMu","Happy Flower","Kunai","Mercury Hourglass","Vajra","Tea:ReiMu","MerchantsRug","GodSword4","REME_IWantAll","Coffee Dripper","DemoMod:LamentConfigurum","Dream Catcher","Shuriken","MagicDraw1","StoneCalendar","SlaversCollar","DemoMod:GundromedaStrain","Gensokyo:TheCrow","KyoryuNoHagoromo","Toolbox","Dead Branch","Gambling Chip","Membership Card","Art of War","Sling","Du-Vu Doll","SSSystem"],"acts_visited":["Gensokyo:Gensokyo","Gensokyo:Gensokyoer","Gensokyo:Gensokyoest","TheEnding"],"potions_floor_usage":[8,11],"damage_taken":[{"damage":15,"enemies":"Gensokyo:2_Kodama","floor":1,"turns":3},{"damage":0,"enemies":"Gensokyo:Gryphon","floor":2,"turns":2},{"damage":25,"enemies":"Gensokyo:Cirno","floor":3,"turns":6},{"damage":26,"enemies":"Gensokyo:3_Fairies","floor":4,"turns":5},{"damage":21,"enemies":"Gensokyo:Aya","floor":6,"turns":5},{"damage":17,"enemies":"Gensokyo:VengefulSpirit","floor":7,"turns":7},{"damage":41,"enemies":"Gensokyo:Cirno","floor":8,"turns":10},{"damage":17,"enemies":"Gensokyo:3_Kodama","floor":10,"turns":6},{"damage":3,"enemies":"Gensokyo:Aya","floor":11,"turns":4},{"damage":8,"enemies":"Gensokyo:5_Fairies","floor":14,"turns":4},{"damage":30,"enemies":"Gensokyo:Yukari","floor":16,"turns":5},{"damage":23,"enemies":"Gensokyo:CosmicMonolith","floor":18,"turns":3},{"damage":40,"enemies":"Gensokyo:Chomper","floor":19,"turns":5},{"damage":96,"enemies":"Gensokyo:3_Gloops","floor":21,"turns":4},{"damage":75,"enemies":"Gensokyo:Tenshi","floor":23,"turns":5},{"damage":8,"enemies":"Gensokyo:Koishi","floor":25,"turns":4},{"damage":36,"enemies":"Gensokyo:Wraith","floor":27,"turns":4},{"damage":83,"enemies":"Gensokyo:Wraith","floor":31,"turns":5},{"damage":62,"enemies":"Gensokyo:Eternal_Rivals","floor":33,"turns":5},{"damage":48,"enemies":"Gensokyo:3_Bats","floor":35,"turns":4},{"damage":39,"enemies":"Gensokyo:Doremy","floor":40,"turns":4},{"damage":56,"enemies":"Gensokyo:Marisa","floor":42,"turns":2},{"damage":89,"enemies":"Gensokyo:Kasen","floor":44,"turns":3},{"damage":12,"enemies":"Gensokyo:AncientGuardian","floor":45,"turns":4},{"damage":0,"enemies":"Gensokyo:3_Boulders","floor":48,"turns":2},{"damage":18,"enemies":"Gensokyo:Scarlet_Devils","floor":50,"turns":4},{"damage":56,"enemies":"Shield and Spear","floor":54,"turns":3},{"damage":106,"enemies":"The Heart","floor":55,"turns":5}],"seed_played":"-82967238318278684","potions_obtained":[{"floor":1,"key":"Block Potion"},{"floor":4,"key":"BlessingOfTheForge"},{"floor":10,"key":"SkillPotion"},{"floor":16,"key":"Dexterity Potion"},{"floor":23,"key":"SpeedPotion"},{"floor":27,"key":"EssenceOfSteel"},{"floor":33,"key":"Dexterity Potion"},{"floor":35,"key":"LiquidMemories"},{"floor":42,"key":"Block Potion"},{"floor":45,"key":"Strength Potion"}],"is_trial":false,"path_per_floor":["M","M","?","M","COS","E","M","E","T","M","E","$","?","M","R","B",null,"M","M","?","M","$","E","R","E","T","M","COS","?","$","?","R","B",null,"M","?","$","T","?","E","$","E","T","E","M","?","R","M","R","B",null,"R","$","E","B",null],"character_chosen":"WATCHER","items_purchased":["MerchantsRug","GodSword4","DemoMod:MeatBun","DemoMod:LamentConfigurum","Tiny Chest","DemoMod:GundromedaStrain","Toolbox","Membership Card","Art of War","Sling","Du-Vu Doll"],"campfire_rested":0,"item_purchase_floors":[12,12,12,22,30,37,41,49,49,53,53],"current_hp_per_floor":[77,87,72,56,66,55,48,17,27,20,27,51,61,63,139,119,252,239,209,219,133,143,78,88,90,100,84,94,104,114,41,51,400,433,395,405,415,425,435,406,416,370,380,304,305,315,325,335,345,337,629,639,649,603,520],"gold":64,"neow_bonus":"NOSTALGIA","is_daily":false,"chose_seed":false,"campfire_upgraded":3,"win_rate":0.0,"timestamp":1611673075,"path_taken":["M","M","?","M","COS","E","M","E","T","M","E","$","?","M","R","BOSS","M","M","?","?","$","E","R","E","T","M","COS","?","$","?","R","BOSS","M","?","?","?","?","E","$","E","T","E","?","?","R","M","R","BOSS","R","$","E","BOSS"],"items_purchased_type":["Relic","Relic","Relic","Relic","Relic","Relic","Relic","Relic","Relic","Relic","Relic"],"build_version":"2020-12-22","purchased_purges":4,"victory":true,"max_hp_per_floor":[92,102,112,122,132,142,152,162,172,182,192,202,212,222,232,242,252,262,272,282,292,302,312,322,332,342,362,372,382,392,402,412,423,433,447,457,467,477,487,500,510,526,536,554,568,578,588,598,608,619,629,639,649,665,733],"card_choices":[{"not_picked":["SashWhip","WaveOfTheHand"],"picked":"Nirvana","floor":1},{"not_picked":["TalkToTheHand","Conclude","Nirvana"],"picked":"SKIP","floor":2},{"not_picked":["REME_Repentance","REME_EmptyShield"],"picked":"Indignation","floor":3},{"not_picked":["PathToVictory","WreathOfFlame","CrushJoints"],"picked":"SKIP","floor":4},{"not_picked":["ForeignInfluence","Nirvana"],"picked":"DevaForm","floor":6},{"not_picked":["Brilliance","Blasphemy"],"picked":"DevaForm","floor":7},{"not_picked":["Collect","Prostrate"],"picked":"Fasting2","floor":7},{"not_picked":["ThirdEye","REME_Repentance"],"picked":"LessonLearned","floor":8},{"not_picked":["ThirdEye","FlyingSleeves","BowlingBash"],"picked":"SKIP","floor":10},{"not_picked":["CrushJoints","SashWhip","JustLucky"],"picked":"SKIP","floor":11},{"not_picked":["ClearTheMind","REME_WorshipGod","Consecrate"],"picked":"SKIP","floor":14},{"not_picked":["Blasphemy","Alpha"],"picked":"Scrawl","floor":16},{"not_picked":["Fasting2","Sanctity","PathToVictory"],"picked":"SKIP","floor":18},{"not_picked":["Consecrate","Evaluate","REME_MusicOfDeath"],"picked":"SKIP","floor":19},{"not_picked":["CarveReality","Nirvana","SashWhip"],"picked":"SKIP","floor":21},{"not_picked":["Collect","JustLucky"],"picked":"Crescendo","floor":23},{"not_picked":["FollowUp","DevaForm","JustLucky"],"picked":"SKIP","floor":25},{"not_picked":["FlurryOfBlows","Swivel","DeceiveReality"],"picked":"SKIP","floor":27},{"not_picked":["REME_Repentance","ClearTheMind"],"picked":"Crescendo+1","floor":31},{"not_picked":["REME_WorshipGod","DeusExMachina"],"picked":"Wish","floor":33},{"not_picked":["TalkToTheHand+1","Meditate"],"picked":"ForeignInfluence+1","floor":35},{"not_picked":["Evaluate","Establishment"],"picked":"Study+1","floor":40},{"not_picked":["Consecrate","ClearTheMind","FearNoEvil"],"picked":"SKIP","floor":42},{"not_picked":["Mind Blast","Deep Breath","Dark Shackles"],"picked":"Singing Bowl","floor":44},{"not_picked":["EmptyBody","EmptyFist","Crescendo"],"picked":"SKIP","floor":44},{"not_picked":["Apotheosis","Chrysalis","DemoMod:Spice"],"picked":"Singing Bowl","floor":45},{"not_picked":["ClearTheMind","CutThroughFate","ThirdEye"],"picked":"SKIP","floor":45},{"not_picked":["SignatureMove+1","Collect","Establishment"],"picked":"SKIP","floor":48},{"not_picked":["Weave","ClearTheMind"],"picked":"Prostrate+1","floor":54},{"not_picked":["Magnetism","Master of Strategy","Dark Shackles"],"picked":"Singing Bowl","floor":55}],"player_experience":8714,"relics_obtained":[{"floor":3,"key":"Happy Flower"},{"floor":6,"key":"Kunai"},{"floor":8,"key":"Mercury Hourglass"},{"floor":9,"key":"Vajra"},{"floor":11,"key":"Tea:ReiMu"},{"floor":23,"key":"Dream Catcher"},{"floor":25,"key":"Shuriken"},{"floor":26,"key":"MagicDraw1"},{"floor":31,"key":"StoneCalendar"},{"floor":31,"key":"Lizard Tail"},{"floor":38,"key":"Whetstone"},{"floor":40,"key":"Darkstone Periapt"},{"floor":42,"key":"Dead Branch"},{"floor":44,"key":"Gambling Chip"},{"floor":54,"key":"SSSystem"}],"event_choices":[],"is_beta":false,"boss_relics":[{"not_picked":["aspiration:PoetsPen_weak","Runic Pyramid"],"picked":"Coffee Dripper"},{"not_picked":["aspiration:RitualDagger","REME_DuelDisc"],"picked":"SlaversCollar"}],"items_purged_floors":[12,12,37,49],"is_endless":false,"potions_floor_spawned":[1,4,10,16,23,27,33,35,42,45],"ascension_level":0}}