{"host":"tbhNathan","time":1611689760,"event":{"mods":["AchievementEnabler","Astrologer","BaseMod","Better Third Choice","Googly Eyes","Highlight Path","Jorbs\u0027s Wanderer Trilogy","Minty Spire (QoL Compilation)","StSLib","The Disciple","The Hierophant"],"gold_per_floor":[118,118,118,133,186,186,203,233,279,291,309,324,342,377,377,480,480,490,503,503,46,62,392,392,407,407,417,445,445,445,456,456,561,561,579,579,579,579,595,595,612,612,612,629,657,677,34,51,51,51],"floor_reached":51,"language":"ENG","playtime":5794,"items_purged":[],"score":783,"play_id":"666bf740-8444-4d75-8987-23a19ad6550a","local_time":"20210126193600","is_ascension_mode":false,"campfire_choices":[{"data":"Shockwave","floor":6,"key":"SMITH"},{"floor":15,"key":"REST"},{"data":"Corruption","floor":24,"key":"SMITH"},{"data":"Inflame","floor":29,"key":"SMITH"},{"floor":32,"key":"REST"},{"data":"Rupture","floor":40,"key":"SMITH"},{"floor":42,"key":"REST"},{"data":"Infernal Blade","floor":49,"key":"SMITH"}],"circlet_count":0,"master_deck":["Strike_R+1","Strike_R","Strike_R","Strike_R","Strike_R","Defend_R","Defend_R","Defend_R","Defend_R","Bash","Doubt","Dual Wield","Shockwave+1","Carnage+1","Hemokinesis","Cleave","Heavy Blade","Battle Trance","Iron Wave","Anger","Corruption+1","Shrug It Off","Armaments","Writhe","Hemokinesis","Rupture+1","Pummel","Inflame+1","Clothesline","Pummel","True Grit+1","Shrug It Off","Reckless Charge+1","Cleave","Pummel","Heavy Blade+1","Cleave+1","Madness","Madness","Metallicize+1","Burning Pact","Pummel+1","Disarm+1","Infernal Blade+1"],"relics":["Burning Blood","Bird Faced Urn","Bag of Preparation","PreservedInsect","Bottled Lightning","Nunchaku","The Courier","Busted Crown","Omamori","Blood Vial","Whetstone","Orrery","Old Coin","Matryoshka","Red Skull","betterThird:NestCultRelic","SacredBark","Vajra","Question Card","Regal Pillow","Bag of Marbles","Gambling Chip","Orichalcum","Toolbox"],"acts_visited":["Exordium","TheCity","TheBeyond"],"potions_floor_usage":[8,12,14,16,22,27,28,33,41,46,48,50],"damage_taken":[{"damage":6,"enemies":"Jaw Worm","floor":1,"turns":6},{"damage":12,"enemies":"Cultist","floor":4,"turns":5},{"damage":5,"enemies":"Small Slimes","floor":7,"turns":5},{"damage":29,"enemies":"3 Sentries","floor":8,"turns":7},{"damage":2,"enemies":"2 Fungi Beasts","floor":10,"turns":2},{"damage":7,"enemies":"Large Slime","floor":11,"turns":5},{"damage":7,"enemies":"Exordium Thugs","floor":12,"turns":3},{"damage":3,"enemies":"Lots of Slimes","floor":13,"turns":2},{"damage":21,"enemies":"Lagavulin","floor":14,"turns":4},{"damage":18,"enemies":"Hexaghost","floor":16,"turns":6},{"damage":16,"enemies":"Spheric Guardian","floor":18,"turns":4},{"damage":10,"enemies":"3 Byrds","floor":19,"turns":5},{"damage":20,"enemies":"Snake Plant","floor":22,"turns":4},{"damage":29,"enemies":"Slavers","floor":23,"turns":3},{"damage":0,"enemies":"Chosen and Byrds","floor":25,"turns":5},{"damage":14,"enemies":"Cultist and Chosen","floor":27,"turns":3},{"damage":15,"enemies":"Gremlin Leader","floor":28,"turns":5},{"damage":22,"enemies":"Sentry and Sphere","floor":31,"turns":4},{"damage":48,"enemies":"Champ","floor":33,"turns":9},{"damage":14,"enemies":"Orb Walker","floor":35,"turns":3},{"damage":6,"enemies":"3 Shapes","floor":39,"turns":4},{"damage":28,"enemies":"3 Darklings","floor":41,"turns":4},{"damage":59,"enemies":"4 Shapes","floor":44,"turns":5},{"damage":28,"enemies":"Nemesis","floor":45,"turns":5},{"damage":23,"enemies":"Maw","floor":46,"turns":6},{"damage":0,"enemies":"Writhing Mass","floor":48,"turns":4},{"damage":60,"enemies":"Time Eater","floor":50,"turns":7}],"seed_played":"3940553640951963348","potions_obtained":[{"floor":7,"key":"Energy Potion"},{"floor":11,"key":"Energy Potion"},{"floor":12,"key":"AttackPotion"},{"floor":14,"key":"PowerPotion"},{"floor":16,"key":"ElixirPotion"},{"floor":19,"key":"GamblersBrew"},{"floor":23,"key":"Weak Potion"},{"floor":25,"key":"Energy Potion"},{"floor":27,"key":"LiquidMemories"},{"floor":41,"key":"FairyPotion"},{"floor":45,"key":"DuplicationPotion"},{"floor":46,"key":"Block Potion"},{"floor":48,"key":"FairyPotion"}],"is_trial":false,"path_per_floor":["M","$","?","M","T","R","M","E","T","M","M","M","M","E","R","B",null,"M","M","?","$","M","E","R","M","T","M","E","R","?","M","R","B",null,"M","?","?","?","M","R","M","R","T","M","E","M","$","M","R","B",null],"character_chosen":"IRONCLAD","items_purchased":["Blood Vial","Whetstone","Hemokinesis","Rupture","Orrery","Bag of Marbles","Gambling Chip","Orichalcum","Toolbox","Strength Potion"],"campfire_rested":3,"item_purchase_floors":[21,21,21,21,21,47,47,47,47,47],"current_hp_per_floor":[80,80,68,62,62,62,63,40,40,44,43,42,45,30,54,44,80,70,66,66,66,60,41,41,53,53,47,44,44,44,32,56,18,80,72,72,62,62,66,66,48,72,72,25,7,49,49,61,61,15],"gold":51,"neow_bonus":"ONE_RARE_RELIC","is_daily":false,"chose_seed":false,"campfire_upgraded":5,"win_rate":0.0,"timestamp":1611689760,"path_taken":["M","$","?","M","?","R","M","E","T","?","M","M","M","E","R","BOSS","M","M","?","$","M","E","R","M","T","M","E","R","?","M","R","BOSS","M","?","?","?","M","R","?","R","T","M","E","M","$","?","R","BOSS"],"items_purchased_type":["Relic","Relic","Card","Card","Relic","Relic","Relic","Relic","Relic","Potion"],"build_version":"2020-12-18","purchased_purges":0,"victory":true,"max_hp_per_floor":[80,80,80,80,80,80,80,80,80,80,80,80,80,80,80,80,80,80,80,80,80,80,80,80,80,80,80,80,80,80,80,80,80,80,80,80,80,80,80,80,80,80,80,80,80,80,80,80,80,80],"card_choices":[{"not_picked":["Blood for Blood","True Grit"],"picked":"Dual Wield","floor":1},{"not_picked":["Pommel Strike","Searing Blow"],"picked":"Shockwave","floor":4},{"not_picked":["Clash","Shrug It Off"],"picked":"Carnage","floor":7},{"not_picked":["Offering","Rage"],"picked":"Hemokinesis","floor":8},{"not_picked":["Flex","Clash"],"picked":"Cleave","floor":10},{"not_picked":["Combust","Perfected Strike"],"picked":"Heavy Blade","floor":11},{"not_picked":["Whirlwind","Clash"],"picked":"Battle Trance","floor":12},{"not_picked":["Clash","Dark Embrace"],"picked":"Iron Wave","floor":13},{"not_picked":["Brutality","Shockwave"],"picked":"Anger","floor":14},{"not_picked":["Berserk","Impervious"],"picked":"Corruption","floor":16},{"not_picked":[],"picked":"Shrug It Off","floor":18},{"not_picked":[],"picked":"Armaments","floor":19},{"not_picked":[],"picked":"Pummel","floor":21},{"not_picked":[],"picked":"Inflame","floor":21},{"not_picked":[],"picked":"Clothesline","floor":21},{"not_picked":[],"picked":"Pummel","floor":21},{"not_picked":[],"picked":"True Grit+1","floor":21},{"not_picked":[],"picked":"Shrug It Off","floor":22},{"not_picked":["Body Slam"],"picked":"SKIP","floor":23},{"not_picked":[],"picked":"Reckless Charge+1","floor":25},{"not_picked":[],"picked":"Cleave","floor":27},{"not_picked":[],"picked":"Pummel","floor":28},{"not_picked":[],"picked":"Heavy Blade","floor":31},{"not_picked":[],"picked":"Cleave+1","floor":35},{"not_picked":["Body Slam"],"picked":"SKIP","floor":39},{"not_picked":[],"picked":"Metallicize+1","floor":41},{"not_picked":["Second Wind+1"],"picked":"Burning Pact","floor":44},{"not_picked":["Shockwave"],"picked":"Pummel+1","floor":45},{"not_picked":["Twin Strike"],"picked":"Disarm+1","floor":46},{"not_picked":["Disarm"],"picked":"Infernal Blade","floor":48}],"player_experience":188225,"relics_obtained":[{"floor":5,"key":"PreservedInsect"},{"floor":8,"key":"Bottled Lightning"},{"floor":9,"key":"Nunchaku"},{"floor":14,"key":"The Courier"},{"floor":23,"key":"Old Coin"},{"floor":26,"key":"Matryoshka"},{"floor":28,"key":"Red Skull"},{"floor":43,"key":"Vajra"},{"floor":43,"key":"Question Card"},{"floor":45,"key":"Regal Pillow"}],"event_choices":[{"damage_healed":0,"gold_gain":0,"player_choice":"Relic ","damage_taken":12,"max_hp_gain":0,"max_hp_loss":0,"event_name":"betterThird:BetterScrap","floor":3,"gold_loss":0,"cards_obtained":["Buffer"]},{"damage_healed":0,"gold_gain":0,"player_choice":"Opened","damage_taken":0,"relics_obtained":["Omamori"],"max_hp_gain":0,"max_hp_loss":0,"event_name":"The Mausoleum","floor":20,"gold_loss":0,"cards_obtained":["Writhe"]},{"damage_healed":0,"gold_gain":0,"player_choice":"Madness","damage_taken":0,"relics_obtained":["betterThird:NestCultRelic"],"max_hp_gain":0,"max_hp_loss":0,"event_name":"betterThird:BetterNest","floor":30,"gold_loss":0},{"damage_healed":0,"gold_gain":0,"player_choice":"Ignored","damage_taken":0,"max_hp_gain":0,"max_hp_loss":0,"event_name":"Tomb of Lord Red Mask","floor":36,"gold_loss":0},{"damage_healed":0,"gold_gain":0,"player_choice":"Embrace Madness","damage_taken":10,"max_hp_gain":0,"max_hp_loss":0,"event_name":"Winding Halls","floor":37,"gold_loss":0,"cards_obtained":["Madness","Madness"]},{"damage_healed":0,"gold_gain":0,"player_choice":"Forge","damage_taken":0,"max_hp_gain":0,"max_hp_loss":0,"event_name":"Accursed Blacksmith","floor":38,"gold_loss":0,"cards_upgraded":["Heavy Blade"]}],"is_beta":true,"boss_relics":[{"not_picked":["Mark of Pain","Philosopher\u0027s Stone"],"picked":"Busted Crown"},{"not_picked":["Runic Pyramid","Runic Dome"],"picked":"SacredBark"}],"items_purged_floors":[],"is_endless":false,"potions_floor_spawned":[7,11,12,14,16,19,23,25,27,41,45,46,48],"ascension_level":0}}