{"host":"kabf61oc9jgfwufg","time":1611632866,"event":{"mods":["AchievementEnabler","Aspiration","BaseMod","Conspire","Defuse TimeMaze Blight","Energized Spire","GifTheSpireLib","Halation","HexUI Lib","Hubris","Hyrulean Relics","Infinite Spire","Melee Mod","Minty Spire (QoL Compilation)","Poor People Problems","Quick Restart","Rare Cards Sparkle","Replay The Spire","Shop Mod","Small Relic Pack","StSLib","Transform Curses"],"gold_per_floor":[114,39,39,56,75,102,113,132,132,146,146,3,36,46,46,46,46],"floor_reached":16,"language":"ENG","playtime":566,"items_purged":["Defend_R"],"score":120,"play_id":"0f631182-572d-4381-9e87-64c7c073ba27","local_time":"20210126034746","is_ascension_mode":true,"campfire_choices":[{"floor":11,"key":"REST"},{"floor":15,"key":"DIG"}],"circlet_count":0,"master_deck":["Strike_R","Strike_R","Strike_R","Strike_R","Strike_R","Defend_R","Defend_R","Defend_R","Bash","conspire:HitWhereItHurts+1","Whirlwind+1","Fire Breathing","hubris:SharpeningStone","True Grit","Inflame"],"relics":["Burning Blood","infinitespire:WardingShard","conspire:Boomerang","aspiration:TomeofQuesting","Guide Book","infinitespire:CheckeredPen","Replay:Bottled Steam"],"acts_visited":["Exordium"],"potions_floor_usage":[10,16],"damage_taken":[{"damage":6.0,"enemies":"Cultist","floor":1.0,"turns":3.0},{"damage":0,"enemies":"2 Louse","floor":4,"turns":3},{"damage":10,"enemies":"Small Slimes","floor":5,"turns":3},{"damage":54,"enemies":"Lagavulin","floor":6,"turns":7},{"damage":14,"enemies":"Looter","floor":7,"turns":4},{"damage":6,"enemies":"2 Fungi Beasts","floor":8,"turns":2},{"damage":6,"enemies":"Blue Slaver","floor":10,"turns":2},{"damage":6,"enemies":"Gremlin Nob","floor":13,"turns":3},{"damage":10,"enemies":"Looter","floor":14,"turns":3},{"damage":40,"enemies":"Hexaghost","floor":16,"turns":9}],"seed_played":"-8536196185350449111","potions_obtained":[{"floor":5,"key":"Ancient Potion"},{"floor":7,"key":"FearPotion"},{"floor":13,"key":"Dexterity Potion"}],"is_trial":false,"path_per_floor":["M","$","?","M","M","E","M","M","T","M","R","$","E","M","R","B"],"character_chosen":"IRONCLAD","items_purchased":["Guide Book"],"campfire_rested":1,"item_purchase_floors":[12],"current_hp_per_floor":[80,80,80,80,76,28,20,20,20,20,44,44,44,40,40,0,0],"gold":46,"neow_bonus":"ONE_RANDOM_RARE_CARD","is_daily":false,"chose_seed":false,"campfire_upgraded":0,"win_rate":0.0,"timestamp":1611632866,"path_taken":["M","?","?","?","?","E","M","M","T","M","R","$","E","M","R","BOSS"],"items_purchased_type":["Relic"],"build_version":"2020-12-22","purchased_purges":1,"victory":false,"max_hp_per_floor":[80,80,80,80,80,80,80,80,80,80,80,80,80,80,80,80,80],"card_choices":[{"not_picked":["Perfected Strike","Headbutt"],"picked":"Pommel Strike","floor":1.0},{"not_picked":["Rupture","Shrug It Off"],"picked":"Whirlwind","floor":4},{"not_picked":["Heavy Blade","Replay:Undeath\u0027s Touch"],"picked":"Fire Breathing","floor":5},{"not_picked":["Sentinel","Entrench"],"picked":"hubris:SharpeningStone","floor":6},{"not_picked":["Headbutt","Sword Boomerang"],"picked":"True Grit","floor":7},{"not_picked":["conspire:Charge","Twin Strike"],"picked":"Inflame","floor":8},{"not_picked":["Sever Soul","Uppercut","Corruption"],"picked":"SKIP","floor":10},{"not_picked":["Massacre","ReplayTheSpireMod:Strike From Hell","Armaments"],"picked":"SKIP","floor":13},{"not_picked":["hubris:ReadiedAction","ReplayTheSpireMod:Stacked","Perfected Strike"],"picked":"SKIP","floor":14}],"player_experience":182875,"relics_obtained":[{"floor":6,"key":"conspire:Boomerang"},{"floor":9,"key":"aspiration:TomeofQuesting"},{"floor":13,"key":"infinitespire:CheckeredPen"},{"floor":15,"key":"Replay:Bottled Steam"}],"event_choices":[{"cards_removed":["Pommel Strike"],"damage_healed":0.0,"max_hp_gain":0.0,"max_hp_loss":0.0,"gold_gain":0.0,"event_name":"WeMeetAgain","player_choice":"Gave Card","floor":3.0,"gold_loss":0.0,"damage_taken":0.0,"relics_obtained":["infinitespire:WardingShard"]}],"is_beta":false,"boss_relics":[],"items_purged_floors":[2],"is_endless":false,"potions_floor_spawned":[5,7,13],"killed_by":"Hexaghost","ascension_level":1}}