{"host":"aj7el8l5kufbk20z","time":1611638455,"event":{"mods":["AchievementEnabler","BaseMod","Colored Map","Colored Powertips","Curses Come First","Highlight Path","Minty Spire (QoL Compilation)","Permanent Neow","Poor People Problems","Quick Restart","Rare Cards Sparkle","Relic Stats","StSLib","SuperFastMode","Waifu the Spire"],"gold_per_floor":[115,115,115,128,145,145,158,158,158,158,113,113,113,147,147,238,238,258,271,271,295,34,34,58,58,82,82,122,174,89,89,89,182,182,195,195,195,216,216,257,257,257,281,281,281,304,324,274,274,274],"floor_reached":51,"language":"ZHS","playtime":3362,"items_purged":["Injury","Strike_R","Uppercut","Reaper+1"],"score":1175,"play_id":"b90875d8-ccee-440d-b651-d2de53a77565","local_time":"20210126132055","is_ascension_mode":true,"campfire_choices":[{"data":"Barricade","floor":6.0,"key":"SMITH"},{"data":"Metallicize","floor":12.0,"key":"SMITH"},{"data":"True Grit","floor":15.0,"key":"SMITH"},{"data":"Armaments","floor":23.0,"key":"SMITH"},{"data":"Metallicize","floor":25.0,"key":"SMITH"},{"data":"Dark Embrace","floor":32.0,"key":"SMITH"},{"floor":41.0,"key":"DIG"},{"floor":44.0,"key":"DIG"},{"data":"Feel No Pain","floor":49.0,"key":"SMITH"}],"circlet_count":0,"master_deck":["AscendersBane","Strike_R","Defend_R","Defend_R","Defend_R","Barricade+1","Flame Barrier","Sword Boomerang","Warcry","True Grit+1","Metallicize+1","Limit Break","Cleave","Dark Embrace+1","Impervious","Body Slam+1","Iron Wave+1","Headbutt","Metallicize+1","Armaments+1","Heavy Blade","Feel No Pain+1","Demon Form+1","CurseOfTheBell","Warcry","Juggernaut+1","Shrug It Off+1","Enlightenment","Shrug It Off","Shrug It Off+1"],"relics":["Burning Blood","Champion Belt","Golden Idol","Darkstone Periapt","Medical Kit","Shuriken","Astrolabe","MealTicket","Akabeko","Frozen Egg 2","Kunai","Juzu Bracelet","Calling Bell","Ancient Tea Set","Letter Opener","Shovel","Bottled Lightning","Bottled Flame","Bronze Scales","Smiling Mask"],"acts_visited":["Exordium","TheCity","TheBeyond"],"potions_floor_usage":[50,50],"damage_taken":[{"damage":23.0,"enemies":"Jaw Worm","floor":1.0,"turns":9.0},{"damage":6.0,"enemies":"Cultist","floor":4.0,"turns":4.0},{"damage":0.0,"enemies":"2 Louse","floor":5.0,"turns":3.0},{"damage":6.0,"enemies":"2 Fungi Beasts","floor":7.0,"turns":5.0},{"damage":14.0,"enemies":"Looter","floor":11.0,"turns":5.0},{"damage":27.0,"enemies":"Lagavulin","floor":14.0,"turns":11.0},{"damage":20.0,"enemies":"Slime Boss","floor":16.0,"turns":23.0},{"damage":28.0,"enemies":"3 Byrds","floor":18.0,"turns":7.0},{"damage":5.0,"enemies":"Spheric Guardian","floor":19.0,"turns":12.0},{"damage":19.0,"enemies":"Snake Plant","floor":21.0,"turns":10.0},{"damage":2.0,"enemies":"Centurion and Healer","floor":24.0,"turns":10.0},{"damage":99.0,"enemies":"Slavers","floor":28.0,"turns":11.0},{"damage":51.0,"enemies":"Automaton","floor":33.0,"turns":15.0},{"damage":49.0,"enemies":"Orb Walker","floor":35.0,"turns":7.0},{"damage":22.0,"enemies":"3 Shapes","floor":38.0,"turns":5.0},{"damage":41.0,"enemies":"Nemesis","floor":40.0,"turns":8.0},{"damage":171.0,"enemies":"Transient","floor":46.0,"turns":5.0},{"damage":25.0,"enemies":"Maw","floor":47.0,"turns":11.0},{"damage":61,"enemies":"Time Eater","floor":50,"turns":11}],"seed_played":"-2935135712367228775","potions_obtained":[{"floor":1.0,"key":"DuplicationPotion"},{"floor":4.0,"key":"DistilledChaos"},{"floor":16.0,"key":"FearPotion"},{"floor":24.0,"key":"SpeedPotion"},{"floor":28.0,"key":"Strength Potion"},{"floor":33.0,"key":"FearPotion"},{"floor":38.0,"key":"SkillPotion"}],"is_trial":false,"path_per_floor":["M","?","$","M","M","R","M","?","T","$","M","R","$","E","R","B",null,"M","M","?","M","$","R","M","R","T","?","E","$","?","$","R","B",null,"M","?","$","M","$","E","R","?","T","R","?","M","M","$","R","B",null],"character_chosen":"IRONCLAD","items_purchased":["Metallicize","Medical Kit","Limit Break","MealTicket","PowerPotion","Kunai"],"campfire_rested":0,"item_purchase_floors":[10,10,10,22,29,29],"current_hp_per_floor":[51,51,51,51,57,57,57,57,57,57,49,49,49,75,75,61,72,53,54,54,41,41,41,45,45,45,45,75,75,75,75,75,75,81,81,81,81,65,80,45,45,45,45,45,45,81,62,77,77,75],"gold":274,"neow_bonus":"ONE_RANDOM_RARE_CARD","is_daily":false,"chose_seed":false,"campfire_upgraded":7,"win_rate":0.0,"timestamp":1611638455,"path_taken":["M","?","$","M","?","R","M","?","T","?","M","R","$","E","R","BOSS","M","M","?","M","$","R","M","R","T","?","E","$","?","?","R","BOSS","M","?","$","M","?","E","R","?","T","R","?","M","M","$","R","BOSS"],"items_purchased_type":["Card","Relic","Card","Relic","Potion","Relic"],"build_version":"2020-12-22","purchased_purges":4,"victory":true,"max_hp_per_floor":[75,75,75,75,75,75,75,75,75,75,75,75,75,75,75,75,75,75,75,75,75,75,75,75,75,75,75,75,75,75,75,75,75,81,81,81,81,81,81,81,81,81,81,81,81,81,81,81,81,81],"relic_stats":{"Darkstone Periapt":6,"counters":[19,172],"Golden Idol":111,"Astrolabe":["Body Slam","Reaper","Iron Wave"],"Juzu Bracelet":1,"Letter Opener":[23],"Medical Kit":[27],"Smiling Mask":100,"Burning Blood":90,"Shovel":2,"Shuriken":[6],"Bronze Scales":[114],"MealTicket":30,"Champion Belt":[11],"Kunai":[1],"obtain_stats":[{"Darkstone Periapt":9,"Golden Idol":8,"Astrolabe":17,"Juzu Bracelet":30,"Letter Opener":34,"Frozen Egg 2":28,"Medical Kit":10,"Ancient Tea Set":34,"Smiling Mask":44,"Burning Blood":0,"Akabeko":26,"Calling Bell":34,"Bottled Flame":41,"Shovel":34,"Shuriken":14,"Bronze Scales":43,"MealTicket":22,"Champion Belt":2,"Kunai":29,"Bottled Lightning":40},{"Darkstone Periapt":4,"Golden Idol":4,"Astrolabe":7,"Juzu Bracelet":12,"Letter Opener":13,"Frozen Egg 2":12,"Medical Kit":4,"Ancient Tea Set":13,"Smiling Mask":16,"Burning Blood":0,"Akabeko":11,"Calling Bell":13,"Bottled Flame":16,"Shovel":13,"Shuriken":6,"Bronze Scales":16,"MealTicket":10,"Champion Belt":1,"Kunai":12,"Bottled Lightning":16},{"Darkstone Periapt":21,"Golden Idol":21,"Astrolabe":60,"Juzu Bracelet":110,"Letter Opener":125,"Frozen Egg 2":110,"Medical Kit":21,"Ancient Tea Set":125,"Smiling Mask":145,"Burning Blood":0,"Akabeko":99,"Calling Bell":125,"Bottled Flame":145,"Shovel":125,"Shuriken":37,"Bronze Scales":145,"MealTicket":89,"Champion Belt":9,"Kunai":110,"Bottled Lightning":145}]},"card_choices":[{"not_picked":["Uppercut","Hemokinesis"],"picked":"Flame Barrier","floor":1.0},{"not_picked":["Infernal Blade","Havoc"],"picked":"Sword Boomerang","floor":4.0},{"not_picked":["Rupture","Anger"],"picked":"Warcry","floor":5.0},{"not_picked":["Rage","Clash"],"picked":"True Grit","floor":7.0},{"not_picked":["Searing Blow","Bloodletting"],"picked":"Cleave","floor":11.0},{"not_picked":["True Grit","Blood for Blood"],"picked":"Dark Embrace","floor":14.0},{"not_picked":["Exhume","Brutality"],"picked":"Impervious","floor":16.0},{"not_picked":["Perfected Strike","Havoc"],"picked":"Headbutt","floor":18.0},{"not_picked":["Twin Strike","Warcry+1"],"picked":"Metallicize","floor":19.0},{"not_picked":["Iron Wave","Twin Strike+1","Reckless Charge"],"picked":"SKIP","floor":21.0},{"not_picked":["Havoc","Rage"],"picked":"Heavy Blade","floor":24.0},{"not_picked":["Heavy Blade","Bloodletting","Brutality+1"],"picked":"SKIP","floor":28.0},{"not_picked":["Berserk+1","Brutality+1"],"picked":"Demon Form+1","floor":33.0},{"not_picked":["Hemokinesis","Clothesline"],"picked":"Warcry","floor":35.0},{"not_picked":["Cleave","Sword Boomerang"],"picked":"Shrug It Off+1","floor":38.0},{"not_picked":["Offering","Burning Pact+1","Perfected Strike"],"picked":"SKIP","floor":40.0},{"not_picked":["Panacea","Dramatic Entrance"],"picked":"Enlightenment","floor":42.0},{"not_picked":["Clash","Cleave"],"picked":"Shrug It Off","floor":46.0},{"not_picked":["Iron Wave","Power Through"],"picked":"Shrug It Off+1","floor":47.0}],"player_experience":392384,"relics_obtained":[{"floor":9.0,"key":"Darkstone Periapt"},{"floor":14.0,"key":"Shuriken"},{"floor":26.0,"key":"Akabeko"},{"floor":28.0,"key":"Frozen Egg 2"},{"floor":34.0,"key":"Ancient Tea Set"},{"floor":34.0,"key":"Letter Opener"},{"floor":34.0,"key":"Shovel"},{"floor":40.0,"key":"Bottled Lightning"},{"floor":41.0,"key":"Bottled Flame"},{"floor":43.0,"key":"Bronze Scales"},{"floor":44.0,"key":"Smiling Mask"}],"event_choices":[{"damage_healed":0.0,"max_hp_gain":0.0,"max_hp_loss":0.0,"gold_gain":0.0,"event_name":"WeMeetAgain","player_choice":"Gave Potion","floor":2.0,"gold_loss":0.0,"damage_taken":0.0,"relics_obtained":["Champion Belt"]},{"damage_healed":0.0,"max_hp_gain":0.0,"max_hp_loss":0.0,"gold_gain":0.0,"event_name":"Golden Idol","player_choice":"Take Wound","floor":8.0,"gold_loss":0.0,"damage_taken":0.0,"relics_obtained":["Golden Idol"],"cards_obtained":["Injury"]},{"damage_healed":0.0,"max_hp_gain":0.0,"max_hp_loss":0.0,"gold_gain":0.0,"event_name":"The Library","player_choice":"Read","floor":20.0,"gold_loss":0.0,"damage_taken":0.0,"cards_obtained":["Armaments"]},{"damage_healed":0.0,"max_hp_gain":0.0,"max_hp_loss":0.0,"gold_gain":0.0,"cards_transformed":["Defend_R","Bash"],"event_name":"Drug Dealer","player_choice":"Became Test Subject","floor":27.0,"gold_loss":0.0,"damage_taken":0.0,"cards_obtained":["Feel No Pain","Uppercut"]},{"damage_healed":0.0,"max_hp_gain":0.0,"max_hp_loss":0.0,"gold_gain":0.0,"event_name":"Addict","player_choice":"Obtained Relic","floor":30.0,"gold_loss":85.0,"damage_taken":0.0,"relics_obtained":["Juzu Bracelet"]},{"damage_healed":0.0,"max_hp_gain":0.0,"max_hp_loss":0.0,"gold_gain":0.0,"event_name":"Match and Keep!","player_choice":"1 cards matched","floor":36.0,"gold_loss":0.0,"damage_taken":0.0,"cards_obtained":["Juggernaut"]},{"damage_healed":0.0,"max_hp_gain":0.0,"max_hp_loss":0.0,"gold_gain":0.0,"event_name":"SensoryStone","player_choice":"Memory 1","floor":42.0,"gold_loss":0.0,"damage_taken":0.0},{"damage_healed":0.0,"max_hp_gain":0.0,"max_hp_loss":0.0,"gold_gain":0.0,"event_name":"Tomb of Lord Red Mask","player_choice":"Ignored","floor":45.0,"gold_loss":0.0,"damage_taken":0.0}],"is_beta":false,"boss_relics":[{"not_picked":["Black Star","Tiny House"],"picked":"Astrolabe"},{"not_picked":["Fusion Hammer","Philosopher\u0027s Stone"],"picked":"Calling Bell"}],"items_purged_floors":[10,22,29,48],"is_endless":false,"potions_floor_spawned":[1,4,16,24,28,33,38,46,47],"ascension_level":16}}