{"host":"w6q69c5vmy05l1mm","time":1611673609,"event":{"mods":["BaseMod","Better Third Choice","Colored Map","Colored Powertips","Minty Spire (QoL Compilation)","Replay The Spire","StSLib"],"gold_per_floor":[112,127,127,145,155,184,184,134,134,146,166,10,10,36,36,136,136,152,29,29,45,45,45,121,121,144,144,176,188,188,188,188,188,188],"floor_reached":33,"language":"ENG","playtime":1359,"items_purged":["Languid"],"score":501,"play_id":"e7d5fc73-fa5a-4645-85dd-743a1f819eb9","local_time":"20210126170649","is_ascension_mode":true,"campfire_choices":[{"data":"BattleHymn","floor":7,"key":"SMITH"},{"floor":13,"key":"REST"},{"data":"Vigilance","floor":15,"key":"SMITH"},{"data":"Crescendo","floor":23,"key":"SMITH"},{"data":"Judgement","floor":25,"key":"SMITH"},{"floor":27,"key":"REST"},{"data":"Consecrate","floor":30,"key":"SMITH"},{"floor":32,"key":"REST"}],"circlet_count":0,"master_deck":["AscendersBane","Strike_P","Strike_P","Strike_P","Defend_P","Defend_P","Defend_P","Defend_P","Eruption+1","Vigilance+1","Consecrate+1","BattleHymn+1","ThirdEye","EmptyFist","EmptyFist+1","Crescendo+1","EmptyBody","BowlingBash+1","Judgement+1","Regret","Writhe","Replay:BluntJabs+1","FlurryOfBlows+1","ReachHeaven+1","FlurryOfBlows+1"],"relics":["PureWater","NeowsBlessing","Molten Egg 2","Replay:WaspNest","Tiny Chest","Bottled Tornado","Replay:Ancient Bell","Akabeko","TeardropLocket","Turnip","Centennial Puzzle","Blue Candle","ReplayTheSpireMod:Lightbulb","Toy Ornithopter","Replay:Ringing Soul"],"acts_visited":["Exordium","TheCity"],"potions_floor_usage":[6,16,29],"damage_taken":[{"damage":0,"enemies":"Cultist","floor":1,"turns":1},{"damage":0,"enemies":"Small Slimes","floor":2,"turns":1},{"damage":0,"enemies":"Jaw Worm","floor":4,"turns":1},{"damage":1,"enemies":"Looter","floor":5,"turns":2},{"damage":0,"enemies":"Gremlin Nob","floor":6,"turns":2},{"damage":14,"enemies":"Lots of Slimes","floor":10,"turns":3},{"damage":16,"enemies":"Exordium Thugs","floor":11,"turns":3},{"damage":0,"enemies":"Replay:BlueRogue","floor":14,"turns":4},{"damage":25,"enemies":"Hexaghost","floor":16,"turns":6},{"damage":14,"enemies":"Shell Parasite","floor":18,"turns":3},{"damage":4,"enemies":"2 Thieves","floor":21,"turns":2},{"damage":6,"enemies":"Book of Stabbing","floor":28,"turns":3},{"damage":27,"enemies":"Snake Plant","floor":29,"turns":3},{"damage":114,"enemies":"Champ","floor":33,"turns":8}],"seed_played":"5746335410714738307","potions_obtained":[{"floor":2,"key":"DistilledChaos"},{"floor":4,"key":"DistilledChaos"},{"floor":5,"key":"Energy Potion"},{"floor":16,"key":"FairyPotion"},{"floor":21,"key":"Languid Potion"}],"is_trial":false,"path_per_floor":["M","M","?","M","M","E","R","?","T","M","M","$","R","E","R","B",null,"M","$","?","M","$","R","T","R","T","R","E","M","R","T","R","B"],"character_chosen":"WATCHER","items_purchased":["Tiny Chest","FlurryOfBlows+1"],"campfire_rested":3,"item_purchase_floors":[12,19],"current_hp_per_floor":[65,65,65,65,64,64,64,64,64,50,34,34,55,55,55,30,62,48,48,48,44,44,44,44,44,44,65,59,37,37,37,58,0,0],"gold":188,"neow_bonus":"THREE_ENEMY_KILL","is_daily":false,"chose_seed":false,"campfire_upgraded":5,"win_rate":0.0,"timestamp":1611673609,"path_taken":["M","?","?","?","M","E","R","?","T","M","M","$","R","E","R","BOSS","M","$","?","?","$","R","?","R","T","R","E","M","R","?","R","BOSS"],"items_purchased_type":["Relic","Card"],"build_version":"2020-12-22","purchased_purges":1,"victory":false,"max_hp_per_floor":[72,72,72,72,72,72,72,72,72,72,72,72,72,72,72,72,72,72,72,72,72,72,72,72,72,72,72,72,72,72,72,72,72,72],"card_choices":[{"not_picked":["CutThroughFate","Wireheading"],"picked":"Consecrate","floor":1},{"not_picked":["WheelKick","PathToVictory"],"picked":"BattleHymn","floor":2},{"not_picked":["ClearTheMind","Meditate"],"picked":"ThirdEye","floor":4},{"not_picked":["PathToVictory","Nirvana"],"picked":"EmptyFist","floor":5},{"not_picked":["BattleHymn","Replay:Vibes"],"picked":"EmptyFist+1","floor":6},{"not_picked":["Collect","BowlingBash+1"],"picked":"Crescendo","floor":10},{"not_picked":["PathToVictory","Replay:Cycle"],"picked":"EmptyBody","floor":11},{"not_picked":["Meditate","DeceiveReality"],"picked":"BowlingBash+1","floor":14},{"not_picked":["DevaForm","Brilliance+1"],"picked":"Judgement","floor":16},{"not_picked":["Overencumbered","Spreading Infection"],"picked":"Regret","floor":17},{"not_picked":["Overencumbered","Regret"],"picked":"Languid","floor":17},{"not_picked":["Pain","Spreading Infection"],"picked":"Writhe","floor":17},{"not_picked":["BowlingBash+1","Crescendo"],"picked":"Replay:BluntJabs+1","floor":18},{"not_picked":["Worship","Omniscience"],"picked":"ReachHeaven+1","floor":21},{"not_picked":["PathToVictory+1","Replay:Anticipation"],"picked":"FlurryOfBlows+1","floor":28},{"not_picked":["WaveOfTheHand","EmptyFist+1","WindmillStrike+1"],"picked":"SKIP","floor":29}],"player_experience":392757,"relics_obtained":[{"floor":6,"key":"Molten Egg 2"},{"floor":9,"key":"Replay:WaspNest"},{"floor":14,"key":"Bottled Tornado"},{"floor":24,"key":"Blue Candle"},{"floor":26,"key":"ReplayTheSpireMod:Lightbulb"},{"floor":28,"key":"Toy Ornithopter"},{"floor":31,"key":"Replay:Ringing Soul"}],"event_choices":[{"damage_healed":0,"gold_gain":0,"player_choice":"Upgraded","damage_taken":0,"max_hp_gain":0,"max_hp_loss":0,"event_name":"Upgrade Shrine","floor":3,"gold_loss":0,"cards_upgraded":["Eruption"]},{"cards_removed":["Strike_P"],"damage_healed":0,"gold_gain":0,"player_choice":"Card Removal","damage_taken":0,"max_hp_gain":0,"max_hp_loss":0,"event_name":"The Cleric","floor":8,"gold_loss":50}],"is_beta":false,"boss_relics":[{"not_picked":["ChewingGum","Honey Jar"],"picked":"Replay:Ancient Bell"},{"not_picked":["CeramicFish","Boot"],"picked":"Akabeko"},{"not_picked":["ReplayTheSpireMod:Ninjato","Gremlin Horn"],"picked":"TeardropLocket"},{"not_picked":["Durian","Thread and Needle"],"picked":"Turnip"}],"items_purged_floors":[19],"is_endless":false,"potions_floor_spawned":[2,4,5,16,21],"killed_by":"Champ","ascension_level":11}}