{"host":"fuszjwm6fqgjjp4d","time":1611650933,"event":{"mods":["BaseMod","Bestiary","Colored Map","DeckTracker","Downfall","Minty Spire (QoL Compilation)","Permanent Neow","Relic Sorter","Relic Stats","StSLib"],"gold_per_floor":[0,17,117,134,134,147,195,215,215,61,46,58,83,98,115,115,115,115],"floor_reached":16,"language":"ENG","playtime":557,"items_purged":[],"score":104,"play_id":"11648f0c-c178-411d-ae81-047824bd2cc4","local_time":"20210126024853","is_ascension_mode":false,"campfire_choices":[{"data":"bronze:RecursiveStrike","floor":1,"key":"SMITH"},{"data":"bronze:Iterate","floor":9,"key":"SMITH"}],"circlet_count":0,"master_deck":["bronze:Strike","bronze:Strike","bronze:Strike","bronze:Strike","bronze:Defend","bronze:Defend","bronze:Defend","bronze:Defend","bronze:Replicate","bronze:Goto","bronze:RecursiveStrike+1","bronze:FollowUp","bronze:FineTuning","bronze:Iterate+1","bronze:RecursiveStrike"],"relics":["bronze:BronzeCore","MealTicket","Gremlin Horn"],"acts_visited":["Exordium"],"potions_floor_usage":[8,13,14,14,16],"damage_taken":[{"damage":0,"enemies":"Small Slimes","floor":2,"turns":3},{"damage":3,"enemies":"Jaw Worm","floor":4,"turns":4},{"damage":4,"enemies":"2 Louse","floor":6,"turns":3},{"damage":1,"enemies":"Exordium Thugs","floor":8,"turns":2},{"damage":5,"enemies":"downfall:FleeingMerchant","floor":10,"turns":4},{"damage":11,"enemies":"downfall:FleeingMerchant","floor":11,"turns":4},{"damage":3,"enemies":"Blue Slaver","floor":12,"turns":3},{"damage":10,"enemies":"Lagavulin","floor":13,"turns":4},{"damage":4,"enemies":"Lots of Slimes","floor":14,"turns":2},{"damage":0,"enemies":"2 Fungi Beasts","floor":15,"turns":2},{"damage":62,"enemies":"WA_ARCHETYPE_RETAIN","floor":16,"turns":5}],"seed_played":"-344778456711995570","potions_obtained":[{"floor":4,"key":"FearPotion"},{"floor":12,"key":"EntropicBrew"},{"floor":13,"key":"Regen Potion"},{"floor":15,"key":"bronze:CleanCodePotion"}],"is_trial":false,"path_per_floor":["R","M","?","M","?","M","T","M","R","$","$","M","E","M","M","B"],"character_chosen":"THE_AUTOMATON","items_purchased":["bronze:RecursiveStrike"],"campfire_rested":0,"item_purchase_floors":[10],"current_hp_per_floor":[70,70,70,67,67,63,63,62,62,65,59,56,46,47,47,0,0,0],"gold":115,"neow_bonus":"THREE_RARE_CARDS","is_daily":false,"chose_seed":false,"campfire_upgraded":2,"win_rate":0.0,"timestamp":1611650933,"path_taken":["R","M","?","M","?","M","T","M","R","?","$","M","E","?","M","BOSS"],"items_purchased_type":["Card"],"build_version":"2020-12-22","purchased_purges":0,"victory":false,"max_hp_per_floor":[70,70,70,70,70,70,70,70,70,70,70,70,70,70,70,70,70,70],"relic_stats":{"Gremlin Horn":[5,5],"counters":[11,36],"MealTicket":13,"obtain_stats":[{"bronze:BronzeCore":0,"Gremlin Horn":13,"MealTicket":7},{"bronze:BronzeCore":0,"Gremlin Horn":8,"MealTicket":3},{"bronze:BronzeCore":0,"Gremlin Horn":27,"MealTicket":10}]},"card_choices":[{"not_picked":["bronze:FindAndReplace","bronze:CleanCode"],"picked":"bronze:RecursiveStrike","floor":0},{"not_picked":["bronze:BugBarrage","bronze:Backtrace"],"picked":"bronze:FollowUp","floor":2},{"not_picked":["bronze:BuggyMess","bronze:Frontload"],"picked":"bronze:FineTuning","floor":4},{"not_picked":["bronze:Overheat","bronze:Safeguard","bronze:WildBeam"],"picked":"SKIP","floor":6},{"not_picked":["bronze:BronzeOrb","bronze:Deprecate"],"picked":"bronze:Iterate","floor":8},{"not_picked":["bronze:CutThrough","bronze:BronzeArmor","bronze:BuggyMess"],"picked":"SKIP","floor":10},{"not_picked":["bronze:Frontload","bronze:GetLatest","bronze:Fortify"],"picked":"SKIP","floor":11},{"not_picked":["bronze:ClassDefault","bronze:ItsAFeature","bronze:Mutator"],"picked":"SKIP","floor":12},{"not_picked":["bronze:BitShift","bronze:DelayedGuard","bronze:Shield"],"picked":"SKIP","floor":13},{"not_picked":["bronze:BronzeOrb","bronze:GetLatest","bronze:BronzeArmor"],"picked":"SKIP","floor":14},{"not_picked":["bronze:Branch","bronze:Fortify","bronze:Deprecate"],"picked":"SKIP","floor":15}],"player_experience":1649899,"relics_obtained":[{"floor":7,"key":"MealTicket"},{"floor":13,"key":"Gremlin Horn"}],"event_choices":[],"is_beta":false,"boss_relics":[],"items_purged_floors":[],"is_endless":false,"potions_floor_spawned":[4,12,13,15],"killed_by":"WA_ARCHETYPE_RETAIN","ascension_level":0}}