{"host":"bhbf7zxbh2qxgvbr","time":1611646869,"event":{"mods":["BaseMod","Chen","Friendly Minions","Marisa£®ÏF”Í°°ƒß¿Ì…≥£©","Minty Spire (QoL Compilation)","Quick Restart","Reimu£®≤©¿ˆ¡È√Œ£©","Remilia£®¿Ÿ√◊¿Ú—«£©","StSLib","The Administrix","The Servant 0.9.4","Youmu£®ªÍ∆«—˝√Œ£©"],"gold_per_floor":[113,113,126,126,51,85,85,101,101,101,176,176,176,176,176,299,299,320,336,251,3,21,21,21,21],"floor_reached":24,"language":"ZHS","playtime":476,"items_purged":["Defend_MRS","Strike_MRS"],"score":271,"play_id":"d66b6f84-4551-4691-8d26-7aa7ea8074d5","local_time":"20210126154109","is_ascension_mode":true,"campfire_choices":[{"data":"DoubleSpark","floor":7.0,"key":"SMITH"},{"data":"MagicAbsorber","floor":10.0,"key":"SMITH"},{"data":"MasterSpark","floor":13.0,"key":"SMITH"},{"floor":15.0,"key":"RECALL"},{"data":"CollectingQuirk","floor":23.0,"key":"SMITH"}],"circlet_count":0,"master_deck":["Strike_MRS","Defend_MRS","Defend_MRS","MasterSpark+1","UpSweep+1","DoubleSpark+1","MagicAbsorber+1","TreasureHunter","CollectingQuirk+1","DoubleSpark+1"],"relics":["MiniHakkero","NeowsBlessing","Golden Idol","StrikeDummy","Omamori","InkBottle","Empty Cage","Calipers"],"acts_visited":["Exordium","TheCity"],"potions_floor_usage":[],"damage_taken":[{"damage":0.0,"enemies":"Jaw Worm","floor":1.0,"turns":1.0},{"damage":0.0,"enemies":"Small Slimes","floor":3.0,"turns":1.0},{"damage":0.0,"enemies":"Gremlin Nob","floor":6.0,"turns":1.0},{"damage":0.0,"enemies":"Cultist","floor":8.0,"turns":3.0},{"damage":12.0,"enemies":"Slime Boss","floor":16.0,"turns":7.0},{"damage":7.0,"enemies":"Chosen","floor":18.0,"turns":3.0},{"damage":10.0,"enemies":"3 Byrds","floor":19.0,"turns":5.0},{"damage":28.0,"enemies":"Centurion and Healer","floor":22.0,"turns":4.0},{"damage":0,"enemies":"Book of Stabbing","floor":24,"turns":1}],"seed_played":"9010901040699319068","potions_obtained":[{"floor":3.0,"key":"GamblersBrew"},{"floor":6.0,"key":"Fire Potion"},{"floor":16.0,"key":"Swift Potion"},{"floor":22.0,"key":"SkillPotion"}],"is_trial":false,"path_per_floor":["M","?","M","?","$","E","R","M","T","R","?","?","R","?","R","B",null,"M","M","?","$","M","R","E"],"character_chosen":"MARISA","items_purchased":["CollectingQuirk"],"campfire_rested":0,"item_purchase_floors":[21],"current_hp_per_floor":[75,57,57,57,57,57,57,57,57,57,46,46,46,46,46,34,65,58,48,48,48,20,20,20,20],"gold":21,"neow_bonus":"THREE_ENEMY_KILL","is_daily":false,"chose_seed":false,"campfire_upgraded":4,"win_rate":0.0,"timestamp":1611646869,"path_taken":["M","?","M","?","$","E","R","?","T","R","?","?","R","?","R","BOSS","M","?","?","$","M","R","E"],"items_purchased_type":["Card"],"build_version":"2020-12-22","purchased_purges":2,"victory":false,"max_hp_per_floor":[75,75,75,75,75,75,75,75,75,75,75,75,75,75,75,75,75,75,75,75,75,75,75,75,75],"card_choices":[{"not_picked":["UnstableBomb","GasGiant"],"picked":"DoubleSpark","floor":1.0},{"not_picked":["SporeBomb","DC","SuperPerseids"],"picked":"SKIP","floor":3.0},{"not_picked":["GrandCross","WitchOfGreed","LuminesStrike"],"picked":"SKIP","floor":6.0},{"not_picked":["PropBag","EventHorizon"],"picked":"MagicAbsorber","floor":8.0},{"not_picked":["BinaryStars","CollectingQuirk"],"picked":"TreasureHunter","floor":16.0},{"not_picked":["GravityBeat","IllusionStar+1","DC"],"picked":"SKIP","floor":18.0},{"not_picked":["AsteroidBelt","StarBarrage","PowerUp"],"picked":"SKIP","floor":19.0},{"not_picked":["EnergyRecoil","MeteoricShower"],"picked":"DoubleSpark+1","floor":22.0}],"player_experience":377422,"relics_obtained":[{"floor":6.0,"key":"StrikeDummy"},{"floor":9.0,"key":"Omamori"}],"event_choices":[{"damage_healed":0.0,"max_hp_gain":0.0,"max_hp_loss":0.0,"gold_gain":0.0,"event_name":"Golden Idol","player_choice":"Take Damage","floor":2.0,"gold_loss":0.0,"damage_taken":18.0,"relics_obtained":["Golden Idol"]},{"cards_removed":["Strike_MRS"],"damage_healed":0.0,"max_hp_gain":0.0,"max_hp_loss":0.0,"gold_gain":0.0,"event_name":"Purifier","player_choice":"Purged","floor":4.0,"gold_loss":0.0,"damage_taken":0.0},{"damage_healed":0.0,"max_hp_gain":0.0,"max_hp_loss":0.0,"gold_gain":75.0,"event_name":"World of Goop","player_choice":"Gather Gold","floor":11.0,"gold_loss":0.0,"damage_taken":11.0},{"damage_healed":0.0,"max_hp_gain":0.0,"max_hp_loss":0.0,"gold_gain":0.0,"event_name":"Dead Adventurer","player_choice":"Searched \u00272\u0027 times","floor":12.0,"gold_loss":0.0,"damage_taken":0.0,"relics_obtained":["InkBottle"]},{"damage_healed":0.0,"max_hp_gain":0.0,"max_hp_loss":0.0,"gold_gain":0.0,"event_name":"Upgrade Shrine","player_choice":"Upgraded","floor":14.0,"gold_loss":0.0,"damage_taken":0.0,"cards_upgraded":["UpSweep"]},{"damage_healed":0.0,"max_hp_gain":0.0,"max_hp_loss":0.0,"gold_gain":0.0,"event_name":"Addict","player_choice":"Obtained Relic","floor":20.0,"gold_loss":85.0,"damage_taken":0.0,"relics_obtained":["Calipers"]}],"is_beta":false,"boss_relics":[{"not_picked":["Tiny House","Ectoplasm"],"picked":"Empty Cage"}],"items_purged_floors":[5,21],"is_endless":false,"potions_floor_spawned":[3,6,16,22],"killed_by":"Book of Stabbing","ascension_level":5}}