{"host":"q6gu1aul14zxqpxq","time":1611688567,"event":{"mods":["AchievementEnabler","BaseMod","Colored Map","Colored Powertips","Googly Eyes","Highlight Path","Minty Spire (QoL Compilation)","Rare Cards Sparkle","StSLib","everything is the same but u backflip on backflip"],"gold_per_floor":[14,30,43,53,66,66,95,95,95,9,20,46,46,58,58,161,161,176,186,217,229,241,241,259,293,293,100,126,126,126,138,138,239,239,249,265,282,299,319,347,347,323,350,572,588,599,599,627,627,627,627],"floor_reached":50,"language":"ENG","playtime":2776,"items_purged":[],"score":786,"play_id":"b113476b-d9eb-4072-8e1e-52b54579d1fe","local_time":"20210126201607","is_ascension_mode":true,"campfire_choices":[{"data":"Electrodynamics","floor":6,"key":"SMITH"},{"data":"Beam Cell","floor":8,"key":"SMITH"},{"floor":15,"key":"REST"},{"data":"Echo Form","floor":23,"key":"SMITH"},{"floor":29,"key":"REST"},{"data":"Sweeping Beam","floor":32,"key":"SMITH"},{"data":"Dualcast","floor":41,"key":"SMITH"},{"floor":47,"key":"RECALL"},{"floor":49,"key":"REST"}],"circlet_count":0,"master_deck":["Defend_B","Defend_B","Zap","Dualcast+1","Electrodynamics+1","Genetic Algorithm","Beam Cell+1","Steam","Steam+1","Impatience+1","Reprogram+1","Auto Shields+1","Reprogram+1","Fission+1","Coolheaded+1","Reprogram+1","Darkness+1","Echo Form+1","Beam Cell+1","FTL+1","Skim+1","Thinking Ahead+1","Bite","Bite","Bite","Bite","Bite","Sweeping Beam+1","BootSequence+1","Fission+1","Gash","Parasite","Hologram+1"],"relics":["Cracked Core","Toxic Egg 2","Ornamental Fan","HornCleat","Astrolabe","Red Mask","Singing Bowl","Bottled Tornado","Art of War","Cursed Key","Shuriken","Dream Catcher"],"acts_visited":["Exordium","TheCity","TheBeyond"],"potions_floor_usage":[28,28,33,48],"damage_taken":[{"damage":1,"enemies":"Cultist","floor":1,"turns":3},{"damage":0,"enemies":"2 Louse","floor":2,"turns":3},{"damage":2,"enemies":"Jaw Worm","floor":3,"turns":3},{"damage":2,"enemies":"Looter","floor":4,"turns":3},{"damage":6,"enemies":"Exordium Wildlife","floor":5,"turns":2},{"damage":23,"enemies":"Gremlin Nob","floor":7,"turns":4},{"damage":4,"enemies":"Red Slaver","floor":11,"turns":3},{"damage":0,"enemies":"Lagavulin","floor":12,"turns":7},{"damage":8,"enemies":"Lots of Slimes","floor":14,"turns":3},{"damage":6,"enemies":"Hexaghost","floor":16,"turns":13},{"damage":11,"enemies":"Spheric Guardian","floor":18,"turns":6},{"damage":0,"enemies":"Chosen","floor":19,"turns":4},{"damage":0,"enemies":"Masked Bandits","floor":20,"turns":1},{"damage":23,"enemies":"Snecko","floor":21,"turns":6},{"damage":6,"enemies":"Shelled Parasite and Fungi","floor":22,"turns":4},{"damage":6,"enemies":"Centurion and Healer","floor":24,"turns":4},{"damage":4,"enemies":"Gremlin Leader","floor":25,"turns":7},{"damage":17,"enemies":"Book of Stabbing","floor":28,"turns":5},{"damage":2,"enemies":"Chosen and Byrds","floor":31,"turns":5},{"damage":39,"enemies":"Collector","floor":33,"turns":9},{"damage":0,"enemies":"Orb Walker","floor":35,"turns":2},{"damage":5,"enemies":"3 Darklings","floor":36,"turns":4},{"damage":42,"enemies":"Writhing Mass","floor":37,"turns":5},{"damage":0,"enemies":"Jaw Worm Horde","floor":38,"turns":3},{"damage":4,"enemies":"3 Darklings","floor":39,"turns":3},{"damage":16,"enemies":"Giant Head","floor":40,"turns":7},{"damage":8,"enemies":"Writhing Mass","floor":45,"turns":5},{"damage":0,"enemies":"4 Shapes","floor":46,"turns":2},{"damage":58,"enemies":"Nemesis","floor":48,"turns":7},{"damage":94,"enemies":"Time Eater","floor":50,"turns":5}],"seed_played":"-2548875270863505092","potions_obtained":[{"floor":1,"key":"Block Potion"},{"floor":3,"key":"PowerPotion"},{"floor":5,"key":"Energy Potion"},{"floor":14,"key":"BlessingOfTheForge"},{"floor":20,"key":"DistilledChaos"},{"floor":36,"key":"LiquidBronze"},{"floor":37,"key":"Strength Potion"},{"floor":38,"key":"Weak Potion"},{"floor":40,"key":"Block Potion"},{"floor":45,"key":"FairyPotion"}],"is_trial":false,"path_per_floor":["M","M","M","M","M","R","E","R","T","$","M","E","?","M","R","B",null,"M","M","?","M","M","R","M","E","T","$","E","R","?","M","R","B",null,"M","M","M","M","M","E","R","$","T","?","M","M","R","E","R","B"],"character_chosen":"DEFECT","items_purchased":["Impatience+1","Thinking Ahead+1","Gash"],"campfire_rested":3,"item_purchase_floors":[10,27,42],"current_hp_per_floor":[67,67,65,63,57,57,34,34,34,34,30,30,30,22,44,38,66,55,55,55,32,26,26,20,18,18,18,3,26,26,36,36,19,48,54,56,30,44,50,51,51,51,51,51,57,63,63,17,39,0,0],"gold":627,"neow_bonus":"THREE_RARE_CARDS","is_daily":false,"chose_seed":false,"campfire_upgraded":5,"win_rate":0.0,"timestamp":1611688567,"path_taken":["M","M","M","?","M","R","E","R","T","?","M","E","?","M","R","BOSS","M","M","?","M","M","R","M","E","T","$","E","R","?","M","R","BOSS","M","M","M","M","M","E","R","$","T","?","M","M","R","E","R","BOSS"],"items_purchased_type":["Card","Card","Card"],"build_version":"2020-12-22","purchased_purges":0,"victory":false,"max_hp_per_floor":[75,75,75,75,75,75,75,75,75,75,75,75,75,75,75,75,75,75,75,75,75,75,75,75,77,77,77,79,79,55,55,55,57,57,59,61,61,63,65,65,65,65,65,65,67,69,69,69,71,71,71],"card_choices":[{"not_picked":["Biased Cognition","Creative AI"],"picked":"Electrodynamics","floor":0},{"not_picked":["Redo","Fusion"],"picked":"Genetic Algorithm","floor":1},{"not_picked":["Barrage","Fusion","Static Discharge"],"picked":"SKIP","floor":2},{"not_picked":["Hologram","Loop"],"picked":"Beam Cell","floor":3},{"not_picked":["Recycle","Rebound"],"picked":"Steam","floor":4},{"not_picked":["Force Field","Coolheaded","Steam"],"picked":"SKIP","floor":5},{"not_picked":["Reinforced Body+1","Darkness+1"],"picked":"Steam+1","floor":7},{"not_picked":["Ball Lightning","Conserve Battery+1"],"picked":"Reprogram+1","floor":11},{"not_picked":["Barrage","Self Repair"],"picked":"Auto Shields+1","floor":12},{"not_picked":["Defragment","Tempest+1","Reprogram+1"],"picked":"SKIP","floor":14},{"not_picked":["Defragment","Tempest+1"],"picked":"Reprogram+1","floor":14},{"not_picked":["Biased Cognition","Machine Learning"],"picked":"Fission+1","floor":16},{"not_picked":["Streamline","Barrage+1","Static Discharge"],"picked":"SKIP","floor":18},{"not_picked":["Leap+1","Loop"],"picked":"Echo Form","floor":19},{"not_picked":["Hologram+1","Chill+1"],"picked":"Beam Cell+1","floor":20},{"not_picked":["Glacier+1","Go for the Eyes","Rebound+1"],"picked":"SKIP","floor":21},{"not_picked":["Redo+1","Self Repair"],"picked":"FTL+1","floor":22},{"not_picked":["Rebound","Storm+1"],"picked":"Skim+1","floor":24},{"not_picked":["Ball Lightning","Meteor Strike","Steam+1"],"picked":"Singing Bowl","floor":25},{"not_picked":["Fusion+1","Storm","Defragment"],"picked":"Singing Bowl","floor":28},{"not_picked":["Barrage","Turbo+1"],"picked":"Sweeping Beam","floor":31},{"not_picked":["Echo Form","Creative AI","Amplify+1"],"picked":"Singing Bowl","floor":33},{"not_picked":["Beam Cell","Hologram+1","Compile Driver"],"picked":"Singing Bowl","floor":35},{"not_picked":["Blizzard+1","Beam Cell+1","Ball Lightning+1"],"picked":"Singing Bowl","floor":36},{"not_picked":["Steam+1","Sunder"],"picked":"BootSequence+1","floor":37},{"not_picked":["Thunder Strike","Genetic Algorithm+1","Beam Cell"],"picked":"Singing Bowl","floor":38},{"not_picked":["Beam Cell","Steam+1","Sunder+1"],"picked":"Singing Bowl","floor":39},{"not_picked":["FTL+1","Auto Shields+1"],"picked":"Fission+1","floor":40},{"not_picked":["Melter","Redo+1","Coolheaded+1"],"picked":"Singing Bowl","floor":45},{"not_picked":["Reinforced Body+1","Skim+1","Beam Cell"],"picked":"Singing Bowl","floor":46},{"not_picked":["Auto Shields+1","Rebound+1"],"picked":"Hologram+1","floor":48},{"not_picked":["Static Discharge+1","Consume+1","Barrage+1"],"picked":"Singing Bowl","floor":49}],"player_experience":345044,"relics_obtained":[{"floor":7,"key":"Toxic Egg 2"},{"floor":9,"key":"Ornamental Fan"},{"floor":12,"key":"HornCleat"},{"floor":20,"key":"Red Mask"},{"floor":25,"key":"Singing Bowl"},{"floor":26,"key":"Bottled Tornado"},{"floor":28,"key":"Art of War"},{"floor":40,"key":"Shuriken"},{"floor":48,"key":"Dream Catcher"}],"event_choices":[{"cards_removed":["Defend_B"],"damage_healed":0,"gold_gain":0,"player_choice":"Purged","damage_taken":0,"max_hp_gain":0,"max_hp_loss":0,"event_name":"Purifier","floor":13,"gold_loss":0},{"damage_healed":0,"gold_gain":0,"player_choice":"Fought Bandits","damage_taken":0,"max_hp_gain":0,"max_hp_loss":0,"event_name":"Masked Bandits","floor":20,"gold_loss":0},{"damage_healed":0,"gold_gain":0,"player_choice":"Became a vampire","damage_taken":0,"max_hp_gain":0,"max_hp_loss":24,"event_name":"Vampires","floor":30,"gold_loss":0,"cards_obtained":["Bite","Bite","Bite","Bite","Bite"]},{"damage_healed":0,"gold_gain":222,"player_choice":"Wore Mask","damage_taken":0,"max_hp_gain":0,"max_hp_loss":0,"event_name":"Tomb of Lord Red Mask","floor":44,"gold_loss":0}],"is_beta":false,"boss_relics":[{"not_picked":["SacredBark","Empty Cage"],"picked":"Astrolabe"},{"not_picked":["Black Star","Velvet Choker"],"picked":"Cursed Key"}],"items_purged_floors":[],"is_endless":false,"potions_floor_spawned":[1,3,5,14,19,20,22,25,36,37,38,40,45],"killed_by":"Time Eater","ascension_level":6}}