{"host":"d7fiu2yjkssjxoz6","time":1611637747,"event":{"mods":["AchievementEnabler","BaseMod","Duelist Mod","Minty Spire (QoL Compilation)","StSLib"],"gold_per_floor":[135,235,252,527,540,572,572,582,607,669,669,695,695,711,711,808,808,824,841,841,841,163,163,191,210,210,230,261,261,273,273,273,371,371,384,394,406,406,424,453,453,453,479,494,494,525,537,22,22,22,22,22,22,22,22],"floor_reached":54,"language":"ENG","playtime":3516,"items_purged":["Regret","theDuelist:CurseAging"],"score":1472,"play_id":"2a9d31da-0d20-42cd-abbc-b76e6cf40924","local_time":"20210125210907","is_ascension_mode":true,"campfire_choices":[{"data":"theDuelist:ShallowGrave","floor":7,"key":"SMITH"},{"data":"theDuelist:RainbowOverdragon","floor":13,"key":"SMITH"},{"data":"theDuelist:FrillerRabca","floor":15,"key":"SMITH"},{"data":"Ghostly","floor":23,"key":"SMITH"},{"floor":32,"key":"REST"},{"data":"Ghostly","floor":41,"key":"SMITH"},{"floor":45,"key":"REST"},{"floor":49,"key":"RECALL"},{"data":"Ghostly","floor":52,"key":"SMITH"}],"circlet_count":0,"master_deck":["theDuelist:GoblinKing","theDuelist:RainbowFlower","theDuelist:RainbowOverdragon+1","theDuelist:RainbowFlower","theDuelist:SuperSolarNutrient","theDuelist:RainbowOverdragon+1","theDuelist:MaleficRainbowDragon","theDuelist:HeartUnderdog","theDuelist:DunamesDarkWitch","theDuelist:ShallowGrave+1","theDuelist:DunamesDarkWitch","theDuelist:WhiteMagicalHat","theDuelist:SuperSolarNutrient+1","theDuelist:RainbowDragon","theDuelist:Biofalcon","theDuelist:FrillerRabca+1","theDuelist:AlphaMagnet+1","theDuelist:Eva","theDuelist:RainbowFlower","theDuelist:RainbowDragon","theDuelist:Hayate","Ghostly","theDuelist:Pumpking","theDuelist:RainbowMagician","theDuelist:LightningDarts","theDuelist:Sparks","theDuelist:Sparks","theDuelist:Eva","theDuelist:CastleWalls","Ghostly+1","Madness","theDuelist:OniGamiCombo","theDuelist:CastleWalls","theDuelist:ClearKuriboh","theDuelist:RainbowKuribohBasic+1","theDuelist:CallMummy","theDuelist:AlphaMagnet","theDuelist:RainbowNeos","theDuelist:GemKnightAmethyst","Ghostly+1","theDuelist:GateGuardian","theDuelist:ClearKuriboh","Ghostly+1","Madness","AscendersBane","Ghostly","theDuelist:RainbowRefraction","theDuelist:HappyLover","theDuelist:GateGuardian","theDuelist:RainbowKuriboh","theDuelist:YellowBelliedOni","theDuelist:OniGamiCombo","theDuelist:AlphaMagnet","theDuelist:RainbowFlower"],"relics":["theDuelist:MillenniumPuzzle","theDuelist:CardPoolRelic","theDuelist:CardPoolBasicRelic","theDuelist:BoosterPackPoolRelic","theDuelist:CardPoolAddRelic","theDuelist:CardPoolMinusRelic","theDuelist:CardPoolSaveRelic","theDuelist:CardPoolOptionsRelic","theDuelist:MillenniumCoin","Orichalcum","theDuelist:SummonAnchor","Centennial Puzzle","Blood Vial","Black Star","Ancient Tea Set","Charon\u0027s Ashes","Orrery","Bird Faced Urn","Matryoshka","Smiling Mask","theDuelist:BoosterPackHealer","Lizard Tail","Bronze Scales","Dream Catcher","MutagenicStrength","Mark of Pain","Regal Pillow","theDuelist:SolderToken","Ornamental Fan","Red Skull","MawBank","theDuelist:MillenniumRod","Bag of Preparation"],"acts_visited":["Exordium","TheCity","TheBeyond","TheEnding"],"potions_floor_usage":[33,39,44,54],"damage_taken":[{"damage":0,"enemies":"Jaw Worm","floor":1,"turns":2},{"damage":1,"enemies":"2 Louse","floor":3,"turns":2},{"damage":2,"enemies":"Cultist","floor":5,"turns":3},{"damage":7,"enemies":"Lagavulin","floor":6,"turns":4},{"damage":3,"enemies":"Blue Slaver","floor":8,"turns":4},{"damage":7,"enemies":"Gremlin Nob","floor":10,"turns":3},{"damage":2,"enemies":"3 Sentries","floor":12,"turns":3},{"damage":3,"enemies":"2 Fungi Beasts","floor":14,"turns":3},{"damage":10,"enemies":"Hexaghost","floor":16,"turns":8},{"damage":21,"enemies":"Spheric Guardian","floor":18,"turns":4},{"damage":13,"enemies":"Shell Parasite","floor":19,"turns":5},{"damage":6,"enemies":"Gremlin Leader","floor":24,"turns":7},{"damage":0,"enemies":"Snecko","floor":25,"turns":3},{"damage":4,"enemies":"Chosen and Byrds","floor":27,"turns":4},{"damage":16,"enemies":"Book of Stabbing","floor":28,"turns":8},{"damage":14,"enemies":"Snake Plant","floor":30,"turns":4},{"damage":4,"enemies":"Champ","floor":33,"turns":12},{"damage":7,"enemies":"3 Shapes","floor":35,"turns":4},{"damage":13,"enemies":"3 Darklings","floor":36,"turns":3},{"damage":8,"enemies":"4 Shapes","floor":37,"turns":4},{"damage":47,"enemies":"Writhing Mass","floor":39,"turns":5},{"damage":5,"enemies":"Nemesis","floor":40,"turns":5},{"damage":17,"enemies":"Transient","floor":44,"turns":5},{"damage":23,"enemies":"Giant Head","floor":46,"turns":7},{"damage":15,"enemies":"Donu and Deca","floor":50,"turns":7},{"damage":48,"enemies":"Shield and Spear","floor":54,"turns":3}],"seed_played":"7272453166066486580","potions_obtained":[{"floor":1,"key":"SteroidPotion"},{"floor":5,"key":"theDuelist:SolderPotionB"},{"floor":18,"key":"CultistPotion"},{"floor":33,"key":"Dexterity Potion"},{"floor":39,"key":"Energy Potion"},{"floor":46,"key":"DistilledChaos"}],"is_trial":false,"path_per_floor":["M","?","M","?","M","E","R","M","T","?","?","E","R","M","R","B",null,"M","M","?","?","$","R","E","M","T","M","E","T","M","?","R","B",null,"M","M","M","?","M","E","R","?","T","M","R","E","?","$","R","B",null,"R","$","E"],"character_chosen":"THE_DUELIST","items_purchased":["Ancient Tea Set","Charon\u0027s Ashes","Orrery","theDuelist:YellowBelliedOni","theDuelist:OniGamiCombo","Bag of Preparation","theDuelist:AlphaMagnet","theDuelist:RainbowFlower"],"campfire_rested":2,"item_purchase_floors":[22,22,22,48,48,48,48,48],"current_hp_per_floor":[80,80,79,79,77,70,70,67,67,60,60,58,58,57,57,49,78,59,48,31,31,31,31,27,29,29,27,13,13,5,5,18,18,39,40,29,27,27,27,28,28,22,22,11,39,22,22,22,22,23,40,40,40,0,0],"gold":22,"neow_bonus":"TEN_PERCENT_HP_BONUS","is_daily":false,"chose_seed":false,"campfire_upgraded":6,"win_rate":0.0,"timestamp":1611637747,"path_taken":["M","?","M","?","?","E","R","M","T","?","?","E","R","?","R","BOSS","M","M","?","?","?","R","E","?","T","M","E","?","M","?","R","BOSS","M","M","M","?","?","E","R","?","T","M","R","E","?","$","R","BOSS","R","$","E"],"items_purchased_type":["Relic","Relic","Relic","Card","Card","Relic","Card","Card"],"build_version":"2020-12-22","purchased_purges":2,"victory":false,"max_hp_per_floor":[88,88,88,88,88,88,88,88,88,88,88,88,88,88,88,88,88,88,88,93,46,46,46,46,46,46,46,46,46,46,46,46,46,46,46,46,46,46,46,46,46,46,46,46,46,46,46,46,46,46,46,46,46,46,46],"card_choices":[{"not_picked":["theDuelist:TwinHeadedFire","theDuelist:VampireLord","theDuelist:BeastTalwar","theDuelist:Zombyra"],"picked":"theDuelist:Pumpking","floor":1},{"not_picked":["theDuelist:SangaEarth","theDuelist:HorusServant","theDuelist:RainbowLife","theDuelist:SuperancientDinobeast"],"picked":"theDuelist:AlphaMagnet","floor":3},{"not_picked":["theDuelist:SilverApples","theDuelist:WeepingIdol","theDuelist:Mausoleum","theDuelist:RadiantMirrorForce"],"picked":"theDuelist:LightningDarts","floor":5},{"not_picked":["theDuelist:TwinHeadedFire","theDuelist:DunamesDarkWitch","theDuelist:CaveDragon","theDuelist:BetaMagnet"],"picked":"theDuelist:ShallowGrave","floor":6},{"not_picked":["theDuelist:BetaMagnet","theDuelist:RainbowDragon","theDuelist:SuperSolarNutrient","theDuelist:TwinHeadedFire"],"picked":"theDuelist:Biofalcon","floor":8},{"not_picked":["theDuelist:YamataDragon","theDuelist:NeoMagic","theDuelist:IslandTurtle","theDuelist:FrillerRabca"],"picked":"theDuelist:WhiteMagicalHat","floor":10},{"not_picked":["theDuelist:ExploderDragonwing","theDuelist:DragonZombie","theDuelist:MaskedDragon","theDuelist:BabyDragon"],"picked":"theDuelist:RainbowOverdragon","floor":12},{"not_picked":["theDuelist:ZombieMammoth","theDuelist:BigWhale","theDuelist:Jinzo","theDuelist:Umi"],"picked":"theDuelist:FrillerRabca","floor":14},{"not_picked":["theDuelist:OrbMetronome","theDuelist:Metronome","theDuelist:QueenDragunDjinn","theDuelist:WingedKuribohLv10"],"picked":"theDuelist:RainbowMagician","floor":16},{"not_picked":["theDuelist:ClearKuriboh","theDuelist:Cloning","theDuelist:LightningDarts","theDuelist:DianKeto+1"],"picked":"theDuelist:ClearKuriboh","floor":18},{"not_picked":["theDuelist:GoblinZombie","theDuelist:IslandTurtle+1","theDuelist:FogKing+1","theDuelist:IronCall"],"picked":"theDuelist:GoblinKing","floor":19},{"not_picked":["theDuelist:Zombyra","theDuelist:DesLacooda","theDuelist:RevivalJam","theDuelist:BetaMagnet"],"picked":"theDuelist:AlphaMagnet+1","floor":22},{"not_picked":["theDuelist:BeastTalwar","theDuelist:GraydleSlimeJr","theDuelist:Illusionist+1","theDuelist:BabyDragon"],"picked":"theDuelist:RainbowRefraction","floor":22},{"not_picked":["theDuelist:GreenGraveOni","theDuelist:EarthGiant","theDuelist:OneForOne","theDuelist:Kuribohrn"],"picked":"theDuelist:ClearKuriboh","floor":22},{"not_picked":["theDuelist:SangaThunder","theDuelist:CaveDragon","theDuelist:Kasha","theDuelist:OhFish+1"],"picked":"theDuelist:SuperSolarNutrient+1","floor":22},{"not_picked":["theDuelist:FogKing","theDuelist:MysticalElf","theDuelist:NeoMagic","theDuelist:Illusionist"],"picked":"theDuelist:RainbowFlower","floor":22},{"not_picked":["theDuelist:ExploderDragonwing","theDuelist:DragonPiper","theDuelist:AncientRules+1","theDuelist:RainbowLife"],"picked":"theDuelist:CallMummy","floor":24},{"not_picked":["theDuelist:VampireGenesis","theDuelist:CharcoalInpachi+1","theDuelist:CosmicHorrorGangiel","theDuelist:SangaWater"],"picked":"theDuelist:GateGuardian","floor":25},{"not_picked":["theDuelist:DragonZombie+1","theDuelist:DeepDiver","theDuelist:RainbowGravity","theDuelist:AmphibiousBugroth"],"picked":"theDuelist:RainbowDragon","floor":27},{"not_picked":["theDuelist:Kasha","theDuelist:Boneheimer","theDuelist:MysticalElf","theDuelist:ZombieWarrior"],"picked":"theDuelist:DunamesDarkWitch","floor":28},{"not_picked":["theDuelist:BetaMagnet","theDuelist:HorusServant","theDuelist:AmphibiousBugroth","theDuelist:VanityFiend"],"picked":"theDuelist:GemKnightAmethyst","floor":30},{"not_picked":["theDuelist:VampireFraulein","theDuelist:IslandTurtle"],"picked":"theDuelist:SuperSolarNutrient","floor":32},{"not_picked":["theDuelist:BlasterDragonInfernos","theDuelist:GoldenBlastJuggler+1","theDuelist:IceQueen","theDuelist:RainbowMagician"],"picked":"theDuelist:HeartUnderdog","floor":33},{"not_picked":["theDuelist:SuperancientDinobeast+1","theDuelist:RainbowNeos","theDuelist:RainbowDragon","theDuelist:MaleficRainbowDragon"],"picked":"theDuelist:Eva","floor":35},{"not_picked":["theDuelist:Wiretap","theDuelist:PowerGiant","theDuelist:HammerShot","theDuelist:BattleguardKing"],"picked":"theDuelist:RainbowOverdragon+1","floor":36},{"not_picked":["theDuelist:DarkMasterZorc","theDuelist:SangaEarth+1"],"picked":"theDuelist:MaleficRainbowDragon","floor":37},{"not_picked":["theDuelist:BlacklandFireDragon","theDuelist:CommandKnight","theDuelist:Lajinn","theDuelist:SpiritPharaoh"],"picked":"theDuelist:OniGamiCombo","floor":39},{"not_picked":["theDuelist:BlastAsmodian+1","theDuelist:DoomcaliberKnight","theDuelist:BlizzardDefender+1","theDuelist:VampireGrace+1"],"picked":"theDuelist:RainbowDragon","floor":40},{"not_picked":["theDuelist:DragonZombie","theDuelist:BabyDragon+1","theDuelist:RainbowNeos+1","theDuelist:MaleficRainbowDragon+1"],"picked":"theDuelist:HappyLover","floor":44},{"not_picked":["theDuelist:Yami","theDuelist:RainbowDragon"],"picked":"theDuelist:RainbowFlower","floor":45},{"not_picked":["theDuelist:DarkEnergy","theDuelist:Wingedtortoise+1","theDuelist:CrystalEmeraldTortoise","theDuelist:RainbowJar"],"picked":"theDuelist:GateGuardian","floor":46},{"not_picked":["theDuelist:SpiralSpearStrike","theDuelist:BlastAsmodian","theDuelist:SpiritPharaoh","theDuelist:HeartUnderdog"],"picked":"theDuelist:RainbowKuriboh","floor":47}],"player_experience":299845,"relics_obtained":[{"floor":6,"key":"Orichalcum"},{"floor":9,"key":"theDuelist:SummonAnchor"},{"floor":10,"key":"Centennial Puzzle"},{"floor":12,"key":"Blood Vial"},{"floor":24,"key":"Bird Faced Urn"},{"floor":24,"key":"Matryoshka"},{"floor":26,"key":"Smiling Mask"},{"floor":28,"key":"theDuelist:BoosterPackHealer"},{"floor":28,"key":"Lizard Tail"},{"floor":29,"key":"Bronze Scales"},{"floor":29,"key":"Dream Catcher"},{"floor":40,"key":"theDuelist:SolderToken"},{"floor":40,"key":"Ornamental Fan"},{"floor":43,"key":"Red Skull"},{"floor":46,"key":"MawBank"},{"floor":46,"key":"theDuelist:MillenniumRod"}],"event_choices":[{"damage_healed":0,"gold_gain":0,"player_choice":"Took item - Received: Millennium Coin","duelist":true,"damage_taken":0,"max_hp_gain":0,"max_hp_loss":0,"event_name":"Millennium Items","floor":2,"gold_loss":0},{"damage_healed":0,"gold_gain":275,"player_choice":"Desecrate","damage_taken":0,"max_hp_gain":0,"max_hp_loss":0,"event_name":"Golden Shrine","floor":4,"gold_loss":0,"cards_obtained":["Regret"]},{"damage_healed":0,"gold_gain":0,"player_choice":"Searched \u00271\u0027 times","damage_taken":0,"max_hp_gain":0,"max_hp_loss":0,"event_name":"Dead Adventurer","floor":10,"gold_loss":0},{"damage_healed":0,"gold_gain":0,"player_choice":"Upgraded","damage_taken":0,"max_hp_gain":0,"max_hp_loss":0,"event_name":"Upgrade Shrine","floor":11,"gold_loss":0,"cards_upgraded":["theDuelist:RainbowKuribohBasic"]},{"damage_healed":0,"gold_gain":0,"player_choice":"Shed Blood","damage_taken":22,"max_hp_gain":5,"max_hp_loss":0,"event_name":"Forgotten Altar","floor":20,"gold_loss":0},{"damage_healed":0,"gold_gain":0,"player_choice":"Became a Ghost","damage_taken":0,"max_hp_gain":0,"max_hp_loss":47,"event_name":"Ghosts","floor":21,"gold_loss":0,"cards_obtained":["Ghostly","Ghostly","Ghostly","Ghostly","Ghostly"]},{"damage_healed":0,"gold_gain":0,"player_choice":"Inject Mutagens","damage_taken":0,"relics_obtained":["MutagenicStrength"],"max_hp_gain":0,"max_hp_loss":0,"event_name":"Drug Dealer","floor":31,"gold_loss":0},{"damage_healed":0,"gold_gain":0,"player_choice":"Gave Potion","damage_taken":0,"relics_obtained":["Regal Pillow"],"max_hp_gain":0,"max_hp_loss":0,"event_name":"WeMeetAgain","floor":38,"gold_loss":0},{"damage_healed":0,"gold_gain":0,"player_choice":"Embrace Madness","damage_taken":6,"max_hp_gain":0,"max_hp_loss":0,"event_name":"Winding Halls","floor":42,"gold_loss":0,"cards_obtained":["Madness","Madness"]},{"damage_healed":0,"gold_gain":0,"player_choice":"Memory 1","damage_taken":0,"max_hp_gain":0,"max_hp_loss":0,"event_name":"SensoryStone","floor":47,"gold_loss":0}],"is_beta":false,"boss_relics":[{"not_picked":["theDuelist:GamblerChip","theDuelist:ElectricKey"],"picked":"Black Star"},{"not_picked":["HoveringKite","Runic Pyramid"],"picked":"Mark of Pain"}],"items_purged_floors":[22,48],"is_endless":false,"potions_floor_spawned":[1,5,10,12,16,18,27,30,33,39,46],"killed_by":"Shield and Spear","ascension_level":12}}