{"host":"t7mx8yfj1no5p62f","time":1611620791,"event":{"mods":["BaseMod","Bestiary","Colored Map","Colored Powertips","Minty Spire (QoL Compilation)","Relic Stats","StSLib","ojb\u0027s Info Mod"],"gold_per_floor":[117,135,135,135,155,155,169,169,169,194,194,194,3,34,34,34,34],"floor_reached":16,"language":"ENG","playtime":646,"items_purged":["Strike_G"],"score":216,"play_id":"3b973802-301e-4f87-99bc-86e12911b885","local_time":"20210125192631","is_ascension_mode":true,"campfire_choices":[{"data":"Dagger Spray","floor":6.0,"key":"SMITH"},{"data":"Neutralize","floor":8.0,"key":"SMITH"},{"floor":12,"key":"REST"},{"data":"Well Laid Plans","floor":15,"key":"SMITH"}],"circlet_count":0,"master_deck":["AscendersBane","Strike_G+1","Strike_G","Strike_G","Strike_G","Defend_G","Defend_G","Defend_G","Defend_G","Defend_G","Survivor","Neutralize+1","Dagger Spray+1","Endless Agony","Dagger Spray+1","Leg Sweep","Well Laid Plans+1"],"relics":["SlaversCollar","Kunai","Dream Catcher"],"acts_visited":["Exordium"],"potions_floor_usage":[14],"damage_taken":[{"damage":16.0,"enemies":"Jaw Worm","floor":1.0,"turns":6.0},{"damage":5.0,"enemies":"Small Slimes","floor":2.0,"turns":4.0},{"damage":1.0,"enemies":"Cultist","floor":5.0,"turns":4.0},{"damage":6.0,"enemies":"Looter","floor":7.0,"turns":3.0},{"damage":18,"enemies":"Lagavulin","floor":10,"turns":8},{"damage":4,"enemies":"3 Sentries","floor":14,"turns":6},{"damage":64,"enemies":"Slime Boss","floor":16,"turns":9}],"seed_played":"2808537158494192768","potions_obtained":[{"floor":2.0,"key":"FairyPotion"},{"floor":7.0,"key":"Swift Potion"}],"is_trial":false,"path_per_floor":["M","M","?","?","M","R","M","R","T","E","?","R","$","E","R","B"],"character_chosen":"THE_SILENT","items_purchased":["Leg Sweep","Well Laid Plans"],"campfire_rested":1,"item_purchase_floors":[13,13],"current_hp_per_floor":[43,38,60,40,39,39,33,33,33,15,15,34,34,30,30,0,0],"gold":34,"neow_bonus":"BOSS_RELIC","is_daily":false,"chose_seed":false,"campfire_upgraded":3,"win_rate":0.0,"timestamp":1611620791,"path_taken":["M","M","?","?","M","R","M","R","T","E","?","R","$","E","R","BOSS"],"items_purchased_type":["Card","Card"],"build_version":"2020-12-22","purchased_purges":1,"victory":false,"max_hp_per_floor":[66,66,66,66,66,66,66,66,66,66,66,66,66,66,66,66,66],"relic_stats":{"Dream Catcher":0,"counters":[7,40],"Kunai":[5],"obtain_stats":[{"SlaversCollar":0,"Dream Catcher":14,"Kunai":10,"Ring of the Snake":0},{"SlaversCollar":0,"Dream Catcher":6,"Kunai":5,"Ring of the Snake":0},{"SlaversCollar":0,"Dream Catcher":31,"Kunai":25,"Ring of the Snake":0}]},"card_choices":[{"not_picked":["Cloak And Dagger","Prepared"],"picked":"Dagger Spray","floor":1.0},{"not_picked":["Slice","Sucker Punch"],"picked":"Endless Agony","floor":2.0},{"not_picked":["Slice","Outmaneuver"],"picked":"Dagger Spray","floor":5.0},{"not_picked":["Quick Slash","Backstab","Slice"],"picked":"SKIP","floor":7.0},{"not_picked":["Bullet Time","Underhanded Strike","Poisoned Stab"],"picked":"SKIP","floor":10},{"not_picked":["Poisoned Stab","Dodge and Roll","Unload"],"picked":"SKIP","floor":14}],"player_experience":1858300,"relics_obtained":[{"floor":10,"key":"Kunai"},{"floor":14,"key":"Dream Catcher"}],"event_choices":[{"damage_healed":22.0,"max_hp_gain":0.0,"max_hp_loss":0.0,"gold_gain":0.0,"event_name":"Big Fish","player_choice":"Banana","floor":3.0,"gold_loss":0.0,"damage_taken":0.0},{"damage_healed":0.0,"max_hp_gain":0.0,"max_hp_loss":0.0,"gold_gain":0.0,"event_name":"Shining Light","player_choice":"Entered Light","floor":4.0,"gold_loss":0.0,"damage_taken":20.0,"cards_upgraded":["Dagger Spray","Strike_G"]},{"damage_healed":0,"gold_gain":0,"player_choice":"Fled","damage_taken":0,"max_hp_gain":0,"max_hp_loss":0,"event_name":"Scrap Ooze","floor":11,"gold_loss":0}],"is_beta":false,"boss_relics":[],"items_purged_floors":[13],"is_endless":false,"potions_floor_spawned":[2,7,10],"killed_by":"Slime Boss","ascension_level":20}}