{"host":"pgm1p3lvdjflie30","time":1611679701,"event":{"mods":["100% Spire Juice","AchievementEnabler","Bard","BaseMod","Colored Map","Colored Powertips","Conspire","Dark Map","Downfall","Energized Spire","Gremlin Mod","GungeonMod","Hermit","Highlight Path","HornydragonMod","Minty Spire (QoL Compilation)","Nova Terra(?娃·泰拉)","Reimu（博???）","Robot Space Explorer","SOS（斯巴?之子）","StSLib","The Bug Knight","The Dragon Tamer","The Gatherer","The IronCluck","The Jungle","The Runesmith","The Saiyan","The Senshi","The Servant 0.9.4","TheHeartMod","Waifu the Spire","【?物卡牌】REMEMod"],"gold_per_floor":[112,175,191,191,208,60,77,89,137,137,62,62,62,81,81,182,182,167,10,24,36,36,96,96,122,122,122,136,80,40,40,40,137,137,180,230,230,275,275,275,339,339,394,409,444,471,76,133,133,133,133,133,31,64,64,64],"floor_reached":55,"language":"ZHS","playtime":3835,"items_purged":["hermit:Defend_Hermit","hermit:Defend_Hermit"],"score":705,"play_id":"c94d107d-1e7d-4d0a-8a76-716f013305bb","local_time":"20210127004821","is_ascension_mode":false,"campfire_choices":[{"floor":10,"key":"RECALL"},{"data":"hermit:TrackingShot","floor":13,"key":"SMITH"},{"data":"hermit:HighCaliber","floor":15,"key":"SMITH"},{"floor":24,"key":"REST"},{"floor":32,"key":"REST"},{"data":"hermit:CursedWeapon","floor":40,"key":"SMITH"},{"floor":42,"key":"REST"},{"floor":49,"key":"REST"},{"data":"Moonworks:CrystalBarrier","floor":52,"key":"SMITH"}],"circlet_count":0,"master_deck":["hermit:Strike_Hermit","hermit:Strike_Hermit","hermit:Strike_Hermit","hermit:Defend_Hermit","hermit:Defend_Hermit+1","hermit:Snapshot+1","hermit:Covet","Moonworks:CrystalBarrier+1","hermit:GhostlyPresence","hermit:TrackingShot+1","hermit:Coalescence","hermit:LowProfile","hermit:FullyLoaded","hermit:HighCaliber+1","hermit:DeadOrAlive","hermit:TakeCover","hermit:Shortfuse","hermit:Desperado+1","hermit:Virtue+1","hermit:Ricochet+1","hermit:ShadowCloak","hermit:Coalescence+1","hermit:CursedWeapon+1","hermit:Roughhouse","CurseOfTheBell","hermit:HighCaliber+1","hermit:Misfire+1","hermit:WideOpen+1","hermit:Dissolve","hermit:HoleUp+1","hermit:GoldenBullet","hermit:Malice","hermit:CalledShot"],"relics":["hermit:Momento","REME_ComplimentaryCards","HandDrill","DemoMod:RiddleOfLead","DemoMod:MonsterBlood","hermit:RyeStalk","Red Mask","MoneyPower","Potion Belt","Calling Bell","Tiny Chest","Mercury Hourglass","DemoMod:ResourcefulSack","Calipers","Runesmith:AutoHammer","Omamori","Smiling Mask","Happy Flower","Cauldron","DemoMod:ClearGuonStone","War Paint"],"acts_visited":["Exordium","TheCity","TheBeyond","TheEnding"],"potions_floor_usage":[16,16,18,21,21,35,38,45,47,48,48,50,50,50,54,54,54],"damage_taken":[{"damage":1,"enemies":"conspire:RoseBush","floor":1,"turns":3},{"damage":5,"enemies":"Small Slimes","floor":3,"turns":3},{"damage":2,"enemies":"Cultist","floor":5,"turns":5},{"damage":11,"enemies":"Red Slaver","floor":7,"turns":4},{"damage":16,"enemies":"3 Louse","floor":8,"turns":6},{"damage":10,"enemies":"Lots of Slimes","floor":14,"turns":5},{"damage":40,"enemies":"The Guardian","floor":16,"turns":14},{"damage":12,"enemies":"2 Thieves","floor":18,"turns":4},{"damage":36,"enemies":"conspire:FuzzyDice","floor":20,"turns":7},{"damage":37,"enemies":"Shelled Parasite and Fungi","floor":21,"turns":6},{"damage":12,"enemies":"Book of Stabbing","floor":23,"turns":6},{"damage":19,"enemies":"Masked Bandits","floor":25,"turns":3},{"damage":0,"enemies":"Snecko","floor":28,"turns":6},{"damage":61,"enemies":"Collector","floor":33,"turns":25},{"damage":13,"enemies":"3 Darklings","floor":35,"turns":8},{"damage":41,"enemies":"Mind Bloom Boss Battle","floor":36,"turns":6},{"damage":24,"enemies":"3 Shapes","floor":38,"turns":3},{"damage":47,"enemies":"Reptomancer","floor":41,"turns":6},{"damage":17,"enemies":"3 Darklings","floor":44,"turns":5},{"damage":19,"enemies":"Sphere and 2 Shapes","floor":45,"turns":4},{"damage":20,"enemies":"3 Darklings","floor":48,"turns":5},{"damage":29,"enemies":"Time Eater","floor":50,"turns":11},{"damage":85,"enemies":"Shield and Spear","floor":54,"turns":6},{"damage":10,"enemies":"The Heart","floor":55,"turns":6}],"seed_played":"-7413695904651196726","potions_obtained":[{"floor":7,"key":"bronze:BurnAndBuffPotion"},{"floor":8,"key":"Swift Potion"},{"floor":14,"key":"hermit:Tonic"},{"floor":18,"key":"FearPotion"},{"floor":20,"key":"Fire Potion"},{"floor":33,"key":"REME_GoldPotion"},{"floor":36,"key":"REME_GoldPotion"},{"floor":41,"key":"BlessingOfTheForge"},{"floor":47,"key":"BlessingOfTheForge"},{"floor":47,"key":"REME_GoldPotion"},{"floor":47,"key":"Fruit Juice"},{"floor":47,"key":"DemoMod:LeadSkinPotion"},{"floor":47,"key":"PowerPotion"},{"floor":48,"key":"LiquidBronze"}],"is_trial":false,"path_per_floor":["M","?","M","?","M","$","M","M","T","R","$","?","R","M","R","B",null,"M","$","M","M","?","E","R","?","T","?","M","?","$","?","R","B",null,"M","?","T","M","?","R","E","R","T","M","M","T","$","M","R","B",null,"R","$","E","B"],"character_chosen":"HERMIT","items_purchased":["HandDrill","DemoMod:MonsterBlood","hermit:CursedWeapon","Cauldron","DemoMod:ClearGuonStone","Energy Potion","Block Potion","Fire Potion"],"campfire_rested":4,"item_purchase_floors":[6,19,30,47,47,47,53,53],"current_hp_per_floor":[88,88,83,83,81,81,70,54,54,54,54,54,54,44,44,4,96,84,91,55,18,18,6,36,17,17,17,17,37,37,37,67,6,103,90,49,49,25,90,90,43,70,70,53,34,34,39,19,47,18,95,95,95,10,0,0],"gold":64,"neow_bonus":"TWENTY_PERCENT_HP_BONUS","is_daily":false,"chose_seed":false,"campfire_upgraded":4,"win_rate":0.0,"timestamp":1611679701,"path_taken":["M","?","M","?","M","$","M","?","T","R","?","?","R","M","R","BOSS","M","?","M","M","?","E","R","?","T","?","?","?","$","?","R","BOSS","M","?","?","M","?","R","E","R","T","M","M","?","$","?","R","BOSS","R","$","E","BOSS"],"items_purchased_type":["Relic","Relic","Card","Relic","Relic","Potion","Potion","Potion"],"build_version":"2020-12-22","purchased_purges":2,"victory":false,"max_hp_per_floor":[89,89,89,86,86,86,86,86,86,86,86,86,86,86,86,86,96,96,103,103,103,103,103,103,103,103,103,103,103,103,103,103,103,103,103,103,103,103,90,90,90,90,90,90,90,90,95,95,95,95,95,95,95,95,95,95],"card_choices":[{"not_picked":["hermit:LowProfile","hermit:Showdown"],"picked":"hermit:GhostlyPresence","floor":1},{"not_picked":["hermit:Feint","hermit:Ricochet"],"picked":"hermit:TrackingShot","floor":3},{"not_picked":["hermit:SprayPray","hermit:Snipe"],"picked":"hermit:Coalescence","floor":5},{"not_picked":["hermit:BigShot","hermit:LuckOfTheDraw"],"picked":"hermit:LowProfile","floor":7},{"not_picked":["hermit:Manifest","hermit:Showdown"],"picked":"hermit:FullyLoaded","floor":8},{"not_picked":["hermit:FatalDesire","hermit:Glare"],"picked":"hermit:HighCaliber","floor":14},{"not_picked":["hermit:Adapt","hermit:RoundhouseKick"],"picked":"hermit:DeadOrAlive","floor":16},{"not_picked":["hermit:Midnight+1","hermit:LuckOfTheDraw"],"picked":"hermit:TakeCover","floor":18},{"not_picked":["hermit:TrackingShot","hermit:Grudge+1"],"picked":"hermit:Shortfuse","floor":20},{"not_picked":["hermit:Horror","hermit:HoleUp"],"picked":"hermit:Desperado+1","floor":21},{"not_picked":["hermit:Coalescence","hermit:DeadMansHand"],"picked":"hermit:Virtue","floor":23},{"not_picked":["hermit:Quickdraw","hermit:TrackingShot"],"picked":"hermit:Ricochet+1","floor":25},{"not_picked":["hermit:BodyArmor","hermit:Glare"],"picked":"hermit:Coalescence+1","floor":28},{"not_picked":["hermit:HeroicBravado","hermit:Purgatory"],"picked":"hermit:Roughhouse","floor":33},{"not_picked":["hermit:LowProfile","hermit:Brawl"],"picked":"hermit:HighCaliber+1","floor":35},{"not_picked":["hermit:Virtue","hermit:Glare"],"picked":"hermit:Misfire+1","floor":36},{"not_picked":["hermit:LoneWolf+1","hermit:ItchyTrigger"],"picked":"hermit:WideOpen+1","floor":38},{"not_picked":["hermit:Glare","hermit:EternalForm"],"picked":"hermit:Dissolve","floor":41},{"not_picked":["hermit:Showdown+1","hermit:TrackingShot"],"picked":"hermit:HoleUp+1","floor":44},{"not_picked":["hermit:Quickdraw","hermit:Glare+1"],"picked":"hermit:GoldenBullet","floor":45},{"not_picked":["hermit:FlashPowder","hermit:Misfire+1"],"picked":"hermit:Malice","floor":48},{"not_picked":["hermit:Quickdraw","hermit:Virtue"],"picked":"hermit:CalledShot","floor":54}],"player_experience":327844,"relics_obtained":[{"floor":23,"key":"hermit:RyeStalk"},{"floor":25,"key":"Red Mask"},{"floor":26,"key":"MoneyPower"},{"floor":34,"key":"Tiny Chest"},{"floor":34,"key":"Mercury Hourglass"},{"floor":34,"key":"DemoMod:ResourcefulSack"},{"floor":36,"key":"Calipers"},{"floor":37,"key":"Runesmith:AutoHammer"},{"floor":41,"key":"Omamori"},{"floor":43,"key":"Smiling Mask"},{"floor":46,"key":"Happy Flower"},{"floor":54,"key":"War Paint"}],"event_choices":[{"damage_healed":0,"gold_gain":63,"player_choice":"Gained Gold","damage_taken":0,"max_hp_gain":0,"max_hp_loss":0,"event_name":"Golden Wing","floor":2,"gold_loss":0},{"cards_removed":["Parasite"],"damage_healed":0,"gold_gain":0,"player_choice":"Removed Curses","damage_taken":0,"max_hp_gain":0,"max_hp_loss":0,"event_name":"Fountain of Cleansing","floor":4,"gold_loss":0},{"damage_healed":0,"gold_gain":0,"player_choice":"Forge","damage_taken":0,"max_hp_gain":0,"max_hp_loss":0,"event_name":"Accursed Blacksmith","floor":12,"gold_loss":0,"cards_upgraded":["hermit:Snapshot"]},{"damage_healed":0,"gold_gain":0,"player_choice":"Fought Bandits","damage_taken":0,"max_hp_gain":0,"max_hp_loss":0,"event_name":"Masked Bandits","floor":25,"gold_loss":0},{"damage_healed":0,"gold_gain":0,"cards_transformed":["hermit:Strike_Hermit"],"player_choice":"Transformed","damage_taken":0,"max_hp_gain":0,"max_hp_loss":0,"event_name":"Transmorgrifier","floor":27,"gold_loss":0,"cards_obtained":["hermit:ShadowCloak"]},{"damage_healed":0,"gold_gain":0,"player_choice":"Opened","damage_taken":0,"relics_obtained":["Potion Belt"],"max_hp_gain":0,"max_hp_loss":0,"event_name":"The Mausoleum","floor":31,"gold_loss":0},{"damage_healed":0,"gold_gain":0,"player_choice":"Fight","damage_taken":0,"max_hp_gain":0,"max_hp_loss":0,"event_name":"MindBloom","floor":36,"gold_loss":0},{"damage_healed":90,"gold_gain":0,"player_choice":"Heal","damage_taken":0,"max_hp_gain":0,"max_hp_loss":13,"event_name":"The Moai Head","floor":39,"gold_loss":0}],"is_beta":false,"boss_relics":[{"not_picked":["Coffee Dripper","REME_DuelDisc"],"picked":"DemoMod:RiddleOfLead"},{"not_picked":["Fusion Hammer","energizedSpire:StickyHand"],"picked":"Calling Bell"}],"items_purged_floors":[11,47],"is_endless":false,"potions_floor_spawned":[7,8,14,18,20,33,36,41,48],"killed_by":"The Heart","ascension_level":0}}