{"host":"zrg8yzdwi219jxzu","time":1611638948,"event":{"mods":["BaseMod","Dio Mod","Minty Spire (QoL Compilation)","StSLib","The IronCluck","slay the spire mod where everything is the same but ironclad has a cowboy hat"],"gold_per_floor":[115,115,115,135,155,190,210,210,210,240,240,275,300,19,19,120,120,133,232,242,257,257,270,0,13,13,48,48,67,67,85,85,181,181,194,212,230,0,20,55,55,55,55,68,94,145,145,156,156,156,156,156,4,30,30],"floor_reached":56,"language":"ENG","playtime":3986,"items_purged":["Bite","dioMod:GoodbyeJojo"],"score":1274,"play_id":"a4d64692-9235-4a75-914f-83138816ab9d","local_time":"20210126002908","is_ascension_mode":false,"campfire_choices":[{"data":"dioMod:ZaWarudo","floor":8.0,"key":"SMITH"},{"floor":11.0,"key":"REST"},{"data":"dioMod:SadisticLaugh","floor":15.0,"key":"SMITH"},{"data":"dioMod:HeavyLifting","floor":28,"key":"SMITH"},{"data":"dioMod:Regeneration","floor":30,"key":"SMITH"},{"data":"dioMod:Pluck","floor":32,"key":"SMITH"},{"data":"dioMod:PhantomBlood","floor":42,"key":"SMITH"},{"floor":47,"key":"RECALL"},{"data":"dioMod:UltimateSacrifice","floor":49,"key":"SMITH"},{"data":"dioMod:DaggerSpree","floor":52,"key":"SMITH"}],"circlet_count":0,"master_deck":["dioMod:WRYYY","dioMod:ComposedMuda","dioMod:LaserVision","dioMod:SecretPlan","dioMod:SadisticLaugh+1","dioMod:ZaWarudo+1","dioMod:DominatingPresence","dioMod:BloodSuck","dioMod:BloodShield","dioMod:BloodTransfusion","dioMod:BloodSplash","dioMod:GoldVial","dioMod:CoffinBath","dioMod:CautiousMuda","dioMod:ComboFever","dioMod:Diversion","dioMod:SevenPageMuda","dioMod:LaserVision","dioMod:Muda","dioMod:VengefulMuda","dioMod:DarkRebirth","dioMod:Pluck+1","dioMod:DaggerSpree+1","dioMod:HeavyLifting+1","dioMod:Regeneration+1","dioMod:UltimateSacrifice+1","dioMod:VengefulMuda+1","dioMod:BloodShield+1","dioMod:DoubleTime","dioMod:PhantomBlood+1","dioMod:SecretPlan+1","dioMod:Muda+1"],"relics":["dioMod:JoestarBlood","Omamori","Pantograph","Gambling Chip","Oddly Smooth Stone","Odd Mushroom","Bag of Preparation","Pandora\u0027s Box","Chemical X","Vajra","Red Mask","Thread and Needle","Pocketwatch","Question Card","Prayer Wheel","Orichalcum"],"acts_visited":["Exordium","TheCity","TheBeyond","TheEnding"],"potions_floor_usage":[23,27,27,27,27,37,40,44,50,50,55,55],"damage_taken":[{"damage":6.0,"enemies":"Small Slimes","floor":1.0,"turns":5.0},{"damage":10.0,"enemies":"Cultist","floor":4.0,"turns":4.0},{"damage":5.0,"enemies":"Jaw Worm","floor":5.0,"turns":4.0},{"damage":57.0,"enemies":"3 Sentries","floor":6.0,"turns":9.0},{"damage":6.0,"enemies":"2 Fungi Beasts","floor":7.0,"turns":4.0},{"damage":46.0,"enemies":"Gremlin Nob","floor":10.0,"turns":6.0},{"damage":4.0,"enemies":"3 Sentries","floor":12.0,"turns":4.0},{"damage":34.0,"enemies":"The Mushroom Lair","floor":13.0,"turns":4.0},{"damage":96.0,"enemies":"Slime Boss","floor":16.0,"turns":15.0},{"damage":4.0,"enemies":"2 Thieves","floor":18.0,"turns":3.0},{"damage":17.0,"enemies":"Chosen","floor":20.0,"turns":6.0},{"damage":11,"enemies":"3 Cultists","floor":21,"turns":5},{"damage":32,"enemies":"Snake Plant","floor":23,"turns":5},{"damage":9,"enemies":"Shelled Parasite and Fungi","floor":25,"turns":3},{"damage":2,"enemies":"Gremlin Leader","floor":27,"turns":4},{"damage":32,"enemies":"Centurion and Healer","floor":29,"turns":5},{"damage":2,"enemies":"Sentry and Sphere","floor":31,"turns":2},{"damage":54,"enemies":"Collector","floor":33,"turns":9},{"damage":38,"enemies":"3 Darklings","floor":35,"turns":5},{"damage":26,"enemies":"3 Shapes","floor":36,"turns":3},{"damage":37,"enemies":"Writhing Mass","floor":37,"turns":4},{"damage":12,"enemies":"Jaw Worm Horde","floor":39,"turns":3},{"damage":21,"enemies":"Giant Head","floor":40,"turns":4},{"damage":17,"enemies":"Transient","floor":44,"turns":6},{"damage":43,"enemies":"Nemesis","floor":45,"turns":7},{"damage":34,"enemies":"2 Orb Walkers","floor":46,"turns":5},{"damage":54,"enemies":"Writhing Mass","floor":48,"turns":7},{"damage":70,"enemies":"Jotaro","floor":50,"turns":8},{"damage":15,"enemies":"Shield and Spear","floor":54,"turns":4},{"damage":134,"enemies":"Kars","floor":55,"turns":10}],"seed_played":"1839673048824650565","potions_obtained":[{"floor":10.0,"key":"EntropicBrew"},{"floor":12.0,"key":"Regen Potion"},{"floor":13.0,"key":"BlessingOfTheForge"},{"floor":16.0,"key":"Ancient Potion"},{"floor":18.0,"key":"EntropicBrew"},{"floor":21,"key":"Fire Potion"},{"floor":25,"key":"PowerPotion"},{"floor":27,"key":"dioMod:HumanBlood"},{"floor":39,"key":"PowerPotion"},{"floor":40,"key":"Fire Potion"},{"floor":44,"key":"Swift Potion"}],"is_trial":false,"path_per_floor":["M","?","?","M","M","E","M","R","T","E","R","E","?","$","R","B",null,"M","?","M","M","?","M","$","M","T","E","R","M","R","M","R","B",null,"M","M","M","?","M","E","?","R","T","M","E","?","R","M","R","B",null,"R","$","E","B",null],"character_chosen":"THE_DEFAULT","items_purchased":["dioMod:BloodTransfusion","dioMod:BloodSplash","Bag of Preparation","Chemical X","dioMod:DaggerSpree","FearPotion"],"campfire_rested":1,"item_purchase_floors":[14,14,14,24,24,53],"current_hp_per_floor":[82,87,87,82,84,42,46,46,46,5,31,61,65,65,65,28,87,87,87,82,83,83,73,73,80,80,87,87,69,69,73,73,63,87,80,74,87,87,80,87,87,87,87,87,83,87,87,75,75,87,87,87,87,83,21],"gold":30,"neow_bonus":"TEN_PERCENT_HP_BONUS","is_daily":false,"chose_seed":false,"campfire_upgraded":8,"win_rate":0.0,"timestamp":1611638948,"path_taken":["M","?","?","?","M","E","M","R","T","E","R","E","?","$","R","BOSS","M","?","M","M","?","?","?","M","T","E","R","M","R","M","R","BOSS","M","M","M","?","M","E","?","R","T","?","E","?","R","M","R","BOSS","R","$","E","BOSS"],"items_purchased_type":["Card","Card","Relic","Relic","Card","Potion"],"build_version":"2020-12-22","purchased_purges":2,"victory":true,"max_hp_per_floor":[82,87,87,87,87,87,87,87,87,87,87,87,87,87,87,87,87,87,87,87,87,87,87,87,87,87,87,87,87,87,87,87,87,87,87,87,87,87,87,87,87,87,87,87,87,87,87,87,87,87,87,87,87,87,87],"card_choices":[{"not_picked":["dioMod:FlyAway","dioMod:DaggerToss"],"picked":"dioMod:WRYYY","floor":1.0},{"not_picked":["dioMod:Roundabout","dioMod:CoffinBath"],"picked":"dioMod:LaserVision","floor":4.0},{"not_picked":["dioMod:BlendIn","dioMod:CautiousMuda"],"picked":"dioMod:SecretPlan","floor":5.0},{"not_picked":["dioMod:Roundabout","dioMod:VengefulMuda"],"picked":"dioMod:SadisticLaugh","floor":6.0},{"not_picked":["dioMod:StreetSign","dioMod:ComboFever"],"picked":"dioMod:ZaWarudo","floor":7.0},{"not_picked":["dioMod:Diversion","dioMod:SadisticLaugh"],"picked":"dioMod:DominatingPresence","floor":10.0},{"not_picked":["dioMod:TripleThreat","dioMod:Hiss"],"picked":"dioMod:BloodSuck","floor":12.0},{"not_picked":["dioMod:Freeze","dioMod:DoubleTime"],"picked":"dioMod:BloodShield","floor":13.0},{"not_picked":["dioMod:SevenPageMuda","dioMod:Refresh"],"picked":"dioMod:GoldVial","floor":16.0},{"not_picked":["dioMod:WRYYY","dioMod:BlendIn","dioMod:DaggerToss"],"picked":"SKIP","floor":18.0},{"not_picked":["dioMod:FlyAway+1","dioMod:Minions"],"picked":"dioMod:Muda","floor":20.0},{"not_picked":["dioMod:GoodbyeJojo","dioMod:DoubleTime"],"picked":"dioMod:VengefulMuda","floor":21},{"not_picked":["dioMod:Hiss","dioMod:DaggerSpree+1"],"picked":"dioMod:Pluck","floor":23},{"not_picked":["dioMod:BlendIn+1","dioMod:SecretPlan"],"picked":"dioMod:HeavyLifting","floor":25},{"not_picked":["dioMod:MudaMudaMuda","dioMod:TripleThreat+1"],"picked":"dioMod:Regeneration","floor":27},{"not_picked":["dioMod:DoubleTime","dioMod:Freeze+1","dioMod:TripleThreat"],"picked":"SKIP","floor":29},{"not_picked":["dioMod:BloodTransfusion+1","dioMod:SecretPlan","dioMod:BloodSplash"],"picked":"SKIP","floor":31},{"not_picked":["dioMod:SevenPageMuda","dioMod:RoadRoller"],"picked":"dioMod:UltimateSacrifice","floor":33},{"not_picked":["dioMod:BlendIn+1","dioMod:SecretPlan+1"],"picked":"dioMod:VengefulMuda+1","floor":35},{"not_picked":["dioMod:StreetSign","dioMod:ComboFever+1"],"picked":"dioMod:BloodShield+1","floor":36},{"not_picked":["dioMod:ComboFever","dioMod:DaggerSpree","dioMod:Diversion"],"picked":"SKIP","floor":37},{"not_picked":["dioMod:ComboFever","dioMod:DaggerSpree+1"],"picked":"dioMod:DoubleTime","floor":39},{"not_picked":["dioMod:Freeze","dioMod:MudaMudaMuda+1"],"picked":"dioMod:PhantomBlood","floor":40},{"not_picked":["dioMod:DarkRebirth","dioMod:BloodSuck","dioMod:DisarmingVoice"],"picked":"SKIP","floor":44},{"not_picked":["dioMod:BloodTransfusion+1","dioMod:BloodShield+1","dioMod:SadisticLaugh+1"],"picked":"SKIP","floor":45},{"not_picked":["dioMod:HeavyLifting+1","dioMod:StreetSign","dioMod:DaggerToss"],"picked":"dioMod:SecretPlan+1","floor":46},{"not_picked":["dioMod:BlendIn","dioMod:Roundabout+1","dioMod:TripleThreat+1"],"picked":"dioMod:Muda+1","floor":48},{"not_picked":["dioMod:Hiss","dioMod:Muda","dioMod:BloodSplash+1","dioMod:SecretPlan"],"picked":"SKIP","floor":48},{"not_picked":["dioMod:WRYYY","dioMod:SlashThroughTime+1","dioMod:BloodSplash+1","dioMod:DominatingPresence+1"],"picked":"SKIP","floor":54}],"player_experience":138689,"relics_obtained":[{"floor":6.0,"key":"Omamori"},{"floor":9.0,"key":"Pantograph"},{"floor":10.0,"key":"Gambling Chip"},{"floor":12.0,"key":"Oddly Smooth Stone"},{"floor":13.0,"key":"Odd Mushroom"},{"floor":27,"key":"Vajra"},{"floor":40,"key":"Thread and Needle"},{"floor":43,"key":"Pocketwatch"},{"floor":45,"key":"Question Card"},{"floor":46,"key":"Prayer Wheel"},{"floor":54,"key":"Orichalcum"}],"event_choices":[{"damage_healed":0.0,"max_hp_gain":5.0,"max_hp_loss":0.0,"gold_gain":0.0,"event_name":"Big Fish","player_choice":"Donut","floor":2.0,"gold_loss":0.0,"damage_taken":0.0},{"damage_healed":0.0,"max_hp_gain":0.0,"max_hp_loss":0.0,"gold_gain":0.0,"cards_transformed":["dioMod:Strike"],"event_name":"Transmorgrifier","player_choice":"Transformed","floor":3.0,"gold_loss":0.0,"damage_taken":0.0,"cards_obtained":["dioMod:ComposedMuda"]},{"damage_healed":0.0,"max_hp_gain":0.0,"max_hp_loss":0.0,"gold_gain":0.0,"event_name":"Mushrooms","player_choice":"Fought Mushrooms","floor":13.0,"gold_loss":0.0,"damage_taken":0.0},{"damage_healed":0.0,"max_hp_gain":0.0,"max_hp_loss":0.0,"gold_gain":99.0,"event_name":"Nest","player_choice":"Stole From Cult","floor":19.0,"gold_loss":0.0,"damage_taken":0.0},{"damage_healed":0,"gold_gain":0,"player_choice":"2 cards matched","damage_taken":0,"max_hp_gain":0,"max_hp_loss":0,"event_name":"Match and Keep!","floor":22,"gold_loss":0,"cards_obtained":["Clumsy","dioMod:DarkRebirth"]},{"damage_healed":0,"gold_gain":0,"player_choice":"Paid","damage_taken":0,"relics_obtained":["Red Mask"],"max_hp_gain":0,"max_hp_loss":0,"event_name":"Tomb of Lord Red Mask","floor":38,"gold_loss":230},{"damage_healed":0,"gold_gain":0,"player_choice":"0 cards matched","damage_taken":0,"max_hp_gain":0,"max_hp_loss":0,"event_name":"Match and Keep!","floor":41,"gold_loss":0,"cards_obtained":[]},{"damage_healed":0,"gold_gain":0,"player_choice":"Fight","damage_taken":0,"max_hp_gain":0,"max_hp_loss":0,"event_name":"Mysterious Sphere","floor":46,"gold_loss":0}],"is_beta":false,"boss_relics":[{"not_picked":["Busted Crown","Empty Cage"],"picked":"Pandora\u0027s Box"},{"not_picked":["Philosopher\u0027s Stone","Astrolabe"],"picked":"dioMod:JoestarBlood"}],"items_purged_floors":[24,53],"is_endless":false,"potions_floor_spawned":[10,12,13,16,18,21,25,27,39,40,44],"ascension_level":0}}