{"host":"9l1knhxfturzliqa","time":1611652820,"event":{"mods":["BaseMod","Colored Map","Colored Powertips","DeckTracker","Highlight Path","Keyboard Shortcuts","Minty Spire (QoL Compilation)","Random Character Button"],"gold_per_floor":[115,132,132,152,169,169,202,213,213,233,265,291,291,310,310,413,413,428,441,381,396,409,409,434,434,487,504,517,530,530,530,530,628,628,638,638,655,702,717,717,717,717],"floor_reached":41,"language":"KOR","playtime":2736,"items_purged":[],"score":545,"play_id":"89afa7cf-b6bd-401c-9b34-d8553874820c","local_time":"20210126182020","is_ascension_mode":true,"campfire_choices":[{"data":"Eruption","floor":6.0,"key":"SMITH"},{"floor":15.0,"key":"REST"},{"data":"Adaptation","floor":23.0,"key":"SMITH"},{"data":"ClearTheMind","floor":25.0,"key":"SMITH"},{"data":"Meditate","floor":30.0,"key":"SMITH"},{"data":"CrushJoints","floor":32.0,"key":"SMITH"},{"data":"Ragnarok","floor":40.0,"key":"SMITH"}],"circlet_count":0,"master_deck":["Strike_P","Strike_P","Strike_P","Defend_P","Defend_P","Defend_P","Defend_P","Eruption+1","Consecrate","FearNoEvil","CrushJoints+1","Tantrum","ClearTheMind+1","FlurryOfBlows+1","EmptyBody","Halt","Adaptation+1","Evaluate+1","Meditate+1","Ragnarok+1","CurseOfTheBell","TalkToTheHand+1","Crescendo+1","MentalFortress+1"],"relics":["PureWater","WingedGreaves","The Courier","Pantograph","StrikeDummy","Odd Mushroom","Letter Opener","Coffee Dripper","Question Card","Happy Flower","Matryoshka","Calling Bell","Strawberry","Yang","Torii","Ice Cream"],"acts_visited":["Exordium","TheCity","TheBeyond"],"potions_floor_usage":[41,41],"damage_taken":[{"damage":0.0,"enemies":"Cultist","floor":1.0,"turns":3.0},{"damage":0.0,"enemies":"Small Slimes","floor":2.0,"turns":2.0},{"damage":2.0,"enemies":"Jaw Worm","floor":4.0,"turns":3.0},{"damage":0.0,"enemies":"Exordium Thugs","floor":5.0,"turns":4.0},{"damage":17.0,"enemies":"Lagavulin","floor":7.0,"turns":6.0},{"damage":8.0,"enemies":"Blue Slaver","floor":8.0,"turns":3.0},{"damage":6.0,"enemies":"Red Slaver","floor":10.0,"turns":4.0},{"damage":13.0,"enemies":"Gremlin Nob","floor":11.0,"turns":3.0},{"damage":7.0,"enemies":"The Mushroom Lair","floor":12.0,"turns":2.0},{"damage":1.0,"enemies":"Exordium Thugs","floor":14.0,"turns":3.0},{"damage":54.0,"enemies":"The Guardian","floor":16.0,"turns":14.0},{"damage":0.0,"enemies":"Spheric Guardian","floor":18.0,"turns":1.0},{"damage":18.0,"enemies":"Shell Parasite","floor":19.0,"turns":3.0},{"damage":0.0,"enemies":"Centurion and Healer","floor":21.0,"turns":4.0},{"damage":24.0,"enemies":"Snake Plant","floor":22.0,"turns":4.0},{"damage":0.0,"enemies":"Slavers","floor":24.0,"turns":2.0},{"damage":2.0,"enemies":"Shelled Parasite and Fungi","floor":27.0,"turns":4.0},{"damage":0.0,"enemies":"Cultist and Chosen","floor":28.0,"turns":4.0},{"damage":0.0,"enemies":"Snecko","floor":29.0,"turns":3.0},{"damage":10.0,"enemies":"Collector","floor":33.0,"turns":6.0},{"damage":2.0,"enemies":"Orb Walker","floor":35.0,"turns":3.0},{"damage":5.0,"enemies":"3 Shapes","floor":37.0,"turns":7.0},{"damage":36.0,"enemies":"2 Orb Walkers","floor":38.0,"turns":3.0},{"damage":10.0,"enemies":"3 Darklings","floor":39.0,"turns":4.0},{"damage":68,"enemies":"Reptomancer","floor":41,"turns":2}],"seed_played":"7012128524896152116","potions_obtained":[{"floor":1.0,"key":"LiquidBronze"},{"floor":4.0,"key":"Regen Potion"},{"floor":7.0,"key":"Strength Potion"},{"floor":10.0,"key":"PowerPotion"},{"floor":18.0,"key":"BlessingOfTheForge"},{"floor":22.0,"key":"StancePotion"},{"floor":24.0,"key":"BlessingOfTheForge"},{"floor":28.0,"key":"Explosive Potion"},{"floor":29.0,"key":"Regen Potion"},{"floor":35.0,"key":"Weak Potion"},{"floor":39.0,"key":"Ancient Potion"}],"is_trial":false,"path_per_floor":["M","M","?","M","M","R","E","M","T","M","E","?","T","M","R","B",null,"M","M","?","M","M","R","E","R","T","M","M","M","R","T","R","B",null,"M","?","M","?","M","R","E"],"character_chosen":"WATCHER","items_purchased":[],"campfire_rested":1,"item_purchase_floors":[],"current_hp_per_floor":[72,72,65,63,63,63,46,38,38,32,19,12,12,11,32,3,72,72,54,54,54,30,30,30,30,30,28,28,37,37,37,37,52,79,77,77,72,36,26,26,0,0],"gold":717,"neow_bonus":"ONE_RARE_RELIC","is_daily":false,"chose_seed":false,"campfire_upgraded":6,"win_rate":0.0,"timestamp":1611652820,"path_taken":["M","M","?","M","M","R","E","M","T","M","E","?","?","?","R","BOSS","M","M","?","M","M","R","E","R","T","M","M","?","R","?","R","BOSS","M","?","M","?","M","R","E"],"items_purchased_type":[],"build_version":"2020-12-22","purchased_purges":0,"victory":false,"max_hp_per_floor":[72,72,72,72,72,72,72,72,72,72,72,72,72,72,72,72,72,72,72,72,72,72,72,72,72,72,72,72,72,72,72,72,72,79,79,79,79,79,79,79,79,79],"card_choices":[{"not_picked":["ClearTheMind","CutThroughFate"],"picked":"Consecrate","floor":1.0},{"not_picked":["Protect","FlurryOfBlows","Consecrate"],"picked":"SKIP","floor":2.0},{"not_picked":["Wireheading","BowlingBash"],"picked":"FearNoEvil","floor":4.0},{"not_picked":["Protect","ForeignInfluence","Prostrate"],"picked":"SKIP","floor":5.0},{"not_picked":["SashWhip","WaveOfTheHand"],"picked":"CrushJoints","floor":7.0},{"not_picked":["FlyingSleeves","FlurryOfBlows","Weave"],"picked":"SKIP","floor":8.0},{"not_picked":["PathToVictory","Alpha","Consecrate"],"picked":"SKIP","floor":10.0},{"not_picked":["Halt","FlurryOfBlows"],"picked":"Tantrum","floor":11.0},{"not_picked":["FlyingSleeves","Establishment"],"picked":"ClearTheMind","floor":12.0},{"not_picked":["Prostrate","CrushJoints","PathToVictory"],"picked":"SKIP","floor":14.0},{"not_picked":["ClearTheMind","Pray"],"picked":"FlurryOfBlows+1","floor":18.0},{"not_picked":["Sanctity","Consecrate"],"picked":"EmptyBody","floor":19.0},{"not_picked":["CutThroughFate+1","Consecrate"],"picked":"Halt","floor":21.0},{"not_picked":["ClearTheMind","Consecrate"],"picked":"Adaptation","floor":22.0},{"not_picked":["Swivel","Nirvana+1"],"picked":"Evaluate+1","floor":24.0},{"not_picked":["PathToVictory","CrushJoints","ThirdEye+1"],"picked":"Meditate","floor":27.0},{"not_picked":["Fasting2","Wallop","FollowUp","FlurryOfBlows"],"picked":"SKIP","floor":28.0},{"not_picked":["CrushJoints","Weave","Establishment","Prostrate"],"picked":"SKIP","floor":29.0},{"not_picked":["ConjureBlade","Devotion","DevaForm"],"picked":"Ragnarok","floor":33.0},{"not_picked":["EmptyMind","EmptyFist+1","ClearTheMind"],"picked":"TalkToTheHand+1","floor":35.0},{"not_picked":["ThirdEye+1","BowlingBash","Protect+1"],"picked":"Crescendo+1","floor":37.0},{"not_picked":["CutThroughFate","Conclude+1","Ragnarok"],"picked":"MentalFortress+1","floor":38.0},{"not_picked":["Prostrate+1","JustLucky+1","Consecrate","ClearTheMind"],"picked":"SKIP","floor":39.0}],"player_experience":516109,"relics_obtained":[{"floor":7.0,"key":"The Courier"},{"floor":9.0,"key":"Pantograph"},{"floor":11.0,"key":"StrikeDummy"},{"floor":12.0,"key":"Odd Mushroom"},{"floor":13.0,"key":"Letter Opener"},{"floor":24.0,"key":"Question Card"},{"floor":26.0,"key":"Happy Flower"},{"floor":31.0,"key":"Matryoshka"},{"floor":34.0,"key":"Strawberry"},{"floor":34.0,"key":"Yang"},{"floor":34.0,"key":"Torii"},{"floor":38.0,"key":"Ice Cream"}],"event_choices":[{"cards_removed":["Writhe"],"damage_healed":0.0,"max_hp_gain":0.0,"max_hp_loss":0.0,"gold_gain":0.0,"event_name":"Golden Wing","player_choice":"Card Removal","floor":3.0,"gold_loss":0.0,"damage_taken":7.0},{"damage_healed":0.0,"max_hp_gain":0.0,"max_hp_loss":0.0,"gold_gain":0.0,"event_name":"Mushrooms","player_choice":"Fought Mushrooms","floor":12.0,"gold_loss":0.0,"damage_taken":0.0},{"cards_removed":["Strike_P"],"damage_healed":0.0,"max_hp_gain":0.0,"max_hp_loss":0.0,"gold_gain":0.0,"event_name":"Designer","player_choice":"Single Remove","floor":20.0,"gold_loss":60.0,"damage_taken":0.0},{"cards_removed":["Vigilance"],"damage_healed":0.0,"max_hp_gain":0.0,"max_hp_loss":0.0,"gold_gain":0.0,"event_name":"Falling","player_choice":"Removed Skill","floor":36.0,"gold_loss":0.0,"damage_taken":0.0},{"damage_healed":0.0,"max_hp_gain":0.0,"max_hp_loss":0.0,"gold_gain":0.0,"event_name":"Mysterious Sphere","player_choice":"Fight","floor":38.0,"gold_loss":0.0,"damage_taken":0.0}],"is_beta":false,"boss_relics":[{"not_picked":["Astrolabe","Philosopher\u0027s Stone"],"picked":"Coffee Dripper"},{"not_picked":["SacredBark","HolyWater"],"picked":"Calling Bell"}],"items_purged_floors":[],"is_endless":false,"potions_floor_spawned":[1,4,7,10,18,22,24,28,29,35,39],"killed_by":"Reptomancer","ascension_level":4}}