{"host":"ss2ocoam53r2lno0","time":1611659020,"event":{"mods":["Act Like it!","BaseMod","ChefMod","Clockwork Mod","Colored Powertips","Curses Come First","Displayed Cursed Tome","Downfall","Evolution","Googly Eyes","Hallownest","Highlight Path","Minty Spire (QoL Compilation)","Poor People Problems","Rare Cards Sparkle","Robot Space Explorer","Shade Mod","Shop Mod","Spicy Shops","StSLib","The Marked"],"gold_per_floor":[111,129,129,129,191,191,204,221,221,271,146,210,210,221,221,295,345,361,411,461,164,178,178,178,178],"floor_reached":24,"language":"ENG","playtime":5904,"items_purged":["Clockwork:Strike","Clockwork:Strike+1","Clockwork:Shield"],"score":367,"play_id":"1735f1a9-8d0f-42dd-b02a-16932e5fdc3b","local_time":"20210126120340","is_ascension_mode":true,"campfire_choices":[{"data":"Clockwork:SnapKeep","floor":6,"key":"SMITH"},{"data":"Clockwork:ChargingShield","floor":13,"key":"SMITH"},{"floor":15,"key":"REST"},{"floor":23,"key":"REST"}],"circlet_count":0,"master_deck":["AscendersBane","Clockwork:Shield+1","Clockwork:Tinker","Clockwork:WarmUp","Clockwork:Efficiency","Clockwork:SnapKeep+1","Clockwork:SnapKeep","Clockwork:ChargingShield+1"],"relics":["Clockwork:MomentumEngine","EVO:Axolotl","SsserpentHead","FossilizedHelix","Tiny House","Clockwork:RubberBall"],"acts_visited":["Exordium","TheCity"],"potions_floor_usage":[14,17,24,24],"damage_taken":[{"damage":6,"enemies":"Cultist","floor":1,"turns":6},{"damage":3,"enemies":"2 Louse","floor":2,"turns":4},{"damage":0,"enemies":"Jaw Worm","floor":5,"turns":5},{"damage":13,"enemies":"Exordium Wildlife","floor":7,"turns":4},{"damage":14,"enemies":"Red Slaver","floor":8,"turns":5},{"damage":0,"enemies":"Looter","floor":12,"turns":3},{"damage":7,"enemies":"Large Slime","floor":14,"turns":6},{"damage":12,"enemies":"The Guardian","floor":16,"turns":7},{"damage":11,"enemies":"Chosen","floor":18,"turns":9},{"damage":22,"enemies":"3 Byrds","floor":22,"turns":6},{"damage":68,"enemies":"Cultist and Chosen","floor":24,"turns":5}],"seed_played":"-8406598853061893771","potions_obtained":[{"floor":8,"key":"SneckoOil"},{"floor":12,"key":"hexamod:SoulburnPotion"},{"floor":14,"key":"BlessingOfTheForge"},{"floor":17,"key":"Fruit Juice"},{"floor":18,"key":"SkillPotion"},{"floor":22,"key":"Explosive Potion"}],"is_trial":false,"path_per_floor":["M","M","?","?","M","R","M","M","T","?","$","M","R","M","R","B",null,"M","?","?","$","M","R","M"],"character_chosen":"CLOCKWORK","items_purchased":["Clockwork:RubberBall"],"campfire_rested":2,"item_purchase_floors":[21],"current_hp_per_floor":[65,62,38,38,38,38,25,11,11,37,37,37,37,30,53,41,80,69,69,43,43,21,49,0,0],"gold":178,"neow_bonus":"THREE_CARDS","is_daily":false,"chose_seed":false,"campfire_upgraded":2,"win_rate":0.0,"timestamp":1611659020,"path_taken":["M","M","?","?","?","R","M","M","T","?","?","?","R","M","R","BOSS","M","?","?","$","M","R","M"],"items_purchased_type":["Relic"],"build_version":"2020-12-22","purchased_purges":3,"victory":false,"max_hp_per_floor":[79,79,79,79,79,79,79,79,79,79,79,79,79,79,79,79,89,89,89,94,94,94,94,94,94],"card_choices":[{"not_picked":["Clockwork:SpurOn","Clockwork:Enhance"],"picked":"Clockwork:Efficiency","floor":0},{"not_picked":["Clockwork:Pluck","Clockwork:CogToss"],"picked":"Clockwork:SnapKeep","floor":1},{"not_picked":["Clockwork:CogToss","Clockwork:TiltAWhirl","Clockwork:Redundancy"],"picked":"SKIP","floor":2},{"not_picked":["Clockwork:CogToss","Clockwork:Improve","Clockwork:SystemHardening"],"picked":"SKIP","floor":5},{"not_picked":["Clockwork:Scour","Clockwork:RampUp"],"picked":"Clockwork:Downsize","floor":7},{"not_picked":["Clockwork:ElasticNanites","Clockwork:StasisBreak"],"picked":"Clockwork:SnapKeep","floor":8},{"not_picked":["Clockwork:RitualDaggerMk0","Clockwork:TiltAWhirl"],"picked":"Clockwork:ChargingShield","floor":12},{"not_picked":["Clockwork:SystemHardening","Clockwork:Pluck","Clockwork:ForgeStrike"],"picked":"SKIP","floor":14},{"not_picked":["Clockwork:SearingStrike+1","Clockwork:Scour","Clockwork:ChargingBlade"],"picked":"SKIP","floor":18},{"not_picked":["Clockwork:PerfectedStrike","Clockwork:InertialShield","Clockwork:Friction+1"],"picked":"SKIP","floor":22}],"player_experience":860134,"relics_obtained":[{"floor":9,"key":"FossilizedHelix"}],"event_choices":[{"damage_healed":0,"gold_gain":0,"player_choice":"Entered Light","damage_taken":24,"max_hp_gain":0,"max_hp_loss":0,"event_name":"Shining Light","floor":3,"gold_loss":0,"cards_upgraded":["Clockwork:Strike","Clockwork:CogToss"]},{"damage_healed":0,"gold_gain":0,"player_choice":"Trade","damage_taken":0,"relics_obtained":["SsserpentHead"],"max_hp_gain":0,"max_hp_loss":0,"event_name":"FaceTrader","floor":4,"gold_loss":0},{"damage_healed":26,"gold_gain":0,"player_choice":"Banana","damage_taken":0,"max_hp_gain":0,"max_hp_loss":0,"event_name":"Big Fish","floor":10,"gold_loss":0},{"cards_removed":["Clockwork:CogToss"],"damage_healed":0,"gold_gain":0,"player_choice":"Elegance","damage_taken":0,"max_hp_gain":0,"max_hp_loss":0,"event_name":"Back to Basics","floor":19,"gold_loss":0},{"damage_healed":0,"gold_gain":0,"player_choice":"Shed Blood","damage_taken":31,"max_hp_gain":5,"max_hp_loss":0,"event_name":"Forgotten Altar","floor":20,"gold_loss":0}],"is_beta":false,"boss_relics":[{"not_picked":["Cursed Key","expansioncontent:StudyCardRelic"],"picked":"Tiny House"}],"items_purged_floors":[11,11,21],"is_endless":false,"potions_floor_spawned":[8,12,14,16,18,22],"killed_by":"Cultist and Chosen","ascension_level":19}}