{"host":"ga4s3hj9m6nkn6gp","time":1611691665,"event":{"mods":["AchievementEnabler","BaseMod","Bestiary","Colored Powertips","Highlight Path","Minty Spire (QoL Compilation)","Relic Stats","everything is the same but u backflip on backflip"],"gold_per_floor":[112,112,131,144,154,154,183,198,198,123,135,145,145,218,218,294,294,307,97,97,97,112,112,143,143,143,67,67,67,82,92,92,92,92],"floor_reached":33,"language":"ENG","playtime":1026,"items_purged":["Pain","Strike_B"],"score":454,"play_id":"3ba66ebd-e09d-49e7-ad47-203bec1de0f1","local_time":"20210126210745","is_ascension_mode":true,"campfire_choices":[{"data":"Ball Lightning","floor":6,"key":"SMITH"},{"data":"Lockon","floor":13,"key":"SMITH"},{"data":"Melter","floor":15,"key":"SMITH"},{"data":"Static Discharge","floor":23,"key":"SMITH"},{"data":"Machine Learning","floor":25,"key":"SMITH"},{"data":"Defragment","floor":28,"key":"SMITH"},{"data":"Doom and Gloom","floor":32,"key":"SMITH"}],"circlet_count":0,"master_deck":["AscendersBane","Strike_B","Defend_B","Defend_B","Defend_B","Defend_B","Zap","Dualcast","Cold Snap","Ball Lightning+1","Melter+1","Machine Learning+1","FTL","Lockon+1","Beam Cell","Compile Driver","Electrodynamics","Aggregate","Doom and Gloom+1","Self Repair","Auto Shields","Rebound","Static Discharge+1","Defragment+1","Conserve Battery+1"],"relics":["Coffee Dripper","WarpedTongs","Bag of Preparation","StrikeDummy","Runic Dome","Molten Egg 2","Singing Bowl","Ornamental Fan"],"acts_visited":["Exordium","TheCity"],"potions_floor_usage":[11,16,33],"damage_taken":[{"damage":2,"enemies":"Jaw Worm","floor":1,"turns":3},{"damage":2,"enemies":"Cultist","floor":3,"turns":3},{"damage":0,"enemies":"Small Slimes","floor":4,"turns":2},{"damage":6,"enemies":"3 Louse","floor":5,"turns":3},{"damage":26,"enemies":"Gremlin Nob","floor":7,"turns":4},{"damage":10,"enemies":"Looter","floor":8,"turns":3},{"damage":3,"enemies":"Blue Slaver","floor":11,"turns":2},{"damage":0,"enemies":"Large Slime","floor":12,"turns":3},{"damage":11,"enemies":"Hexaghost","floor":16,"turns":5},{"damage":10,"enemies":"3 Byrds","floor":18,"turns":2},{"damage":0,"enemies":"Spheric Guardian","floor":22,"turns":3},{"damage":30,"enemies":"Book of Stabbing","floor":24,"turns":4},{"damage":16,"enemies":"Snake Plant","floor":30,"turns":4},{"damage":2,"enemies":"Cultist and Chosen","floor":31,"turns":4},{"damage":45,"enemies":"Automaton","floor":33,"turns":6}],"seed_played":"-3156837927617755612","potions_obtained":[{"floor":3,"key":"CultistPotion"},{"floor":7,"key":"DistilledChaos"},{"floor":12,"key":"FocusPotion"},{"floor":18,"key":"LiquidMemories"}],"is_trial":false,"path_per_floor":["M","?","M","M","M","R","E","M","T","$","M","M","R","?","R","B",null,"M","$","?","?","M","R","E","R","T","$","R","?","M","M","R","B"],"character_chosen":"DEFECT","items_purchased":["Doom and Gloom","Self Repair","Defragment"],"campfire_rested":0,"item_purchase_floors":[19,19,27],"current_hp_per_floor":[62,62,60,60,54,54,28,18,18,18,15,15,15,15,15,4,54,44,44,44,44,44,44,21,21,21,21,21,21,14,19,19,0,0],"gold":92,"neow_bonus":"BOSS_RELIC","is_daily":false,"chose_seed":false,"campfire_upgraded":7,"win_rate":0.0,"timestamp":1611691665,"path_taken":["M","?","M","M","M","R","E","M","T","$","M","?","R","?","R","BOSS","M","$","?","?","M","R","E","R","T","$","R","?","M","M","R","BOSS"],"items_purchased_type":["Card","Card","Card"],"build_version":"2020-12-22","purchased_purges":2,"victory":false,"max_hp_per_floor":[71,71,71,71,71,71,71,71,71,71,71,71,71,71,71,71,71,71,71,71,71,71,71,71,71,71,71,71,71,73,73,73,73,73],"relic_stats":{"Singing Bowl":2,"counters":[15,51],"Ornamental Fan":[28],"Bag of Preparation":[20],"obtain_stats":[{"Runic Dome":17,"Singing Bowl":26,"Ornamental Fan":29,"Molten Egg 2":24,"Coffee Dripper":0,"Bag of Preparation":7,"Cracked Core":0,"StrikeDummy":9,"WarpedTongs":2},{"Runic Dome":9,"Singing Bowl":12,"Ornamental Fan":12,"Molten Egg 2":12,"Coffee Dripper":0,"Bag of Preparation":5,"Cracked Core":0,"StrikeDummy":6,"WarpedTongs":1},{"Runic Dome":28,"Singing Bowl":37,"Ornamental Fan":37,"Molten Egg 2":37,"Coffee Dripper":0,"Bag of Preparation":15,"Cracked Core":0,"StrikeDummy":18,"WarpedTongs":3}],"WarpedTongs":[48]},"card_choices":[{"not_picked":["Turbo","Stack"],"picked":"Cold Snap","floor":1},{"not_picked":["Recycle","Darkness"],"picked":"Ball Lightning","floor":3},{"not_picked":["Leap","Beam Cell"],"picked":"Melter","floor":4},{"not_picked":["Tempest","Gash"],"picked":"Machine Learning","floor":5},{"not_picked":["Streamline","Hologram"],"picked":"FTL","floor":7},{"not_picked":["Steam","Redo"],"picked":"Lockon","floor":8},{"not_picked":["Cold Snap","Fission"],"picked":"Beam Cell","floor":11},{"not_picked":["Hello World","Go for the Eyes"],"picked":"Compile Driver","floor":12},{"not_picked":["Biased Cognition","Amplify"],"picked":"Electrodynamics","floor":16},{"not_picked":["Streamline","Ball Lightning"],"picked":"Aggregate","floor":18},{"not_picked":["Sweeping Beam","Steam"],"picked":"Static Discharge","floor":22},{"not_picked":["Storm","Tempest","Chaos"],"picked":"SKIP","floor":24},{"not_picked":["Leap","Redo","Beam Cell+1"],"picked":"Singing Bowl","floor":30},{"not_picked":["Coolheaded","Streamline+1"],"picked":"Conserve Battery+1","floor":31}],"player_experience":698586,"relics_obtained":[{"floor":7,"key":"Bag of Preparation"},{"floor":9,"key":"StrikeDummy"},{"floor":24,"key":"Molten Egg 2"},{"floor":26,"key":"Singing Bowl"}],"event_choices":[{"damage_healed":0,"gold_gain":0,"player_choice":"Rummage","damage_taken":0,"relics_obtained":["WarpedTongs"],"max_hp_gain":0,"max_hp_loss":0,"event_name":"Accursed Blacksmith","floor":2,"gold_loss":0,"cards_obtained":["Pain"]},{"damage_healed":0,"gold_gain":73,"player_choice":"Gained Gold","damage_taken":0,"max_hp_gain":0,"max_hp_loss":0,"event_name":"Golden Wing","floor":14,"gold_loss":0},{"damage_healed":0,"gold_gain":0,"player_choice":"Ignored","damage_taken":0,"max_hp_gain":0,"max_hp_loss":0,"event_name":"Ghosts","floor":20,"gold_loss":0},{"damage_healed":0,"gold_gain":0,"cards_transformed":["Strike_B","Strike_B"],"player_choice":"Became Test Subject","damage_taken":0,"max_hp_gain":0,"max_hp_loss":0,"event_name":"Drug Dealer","floor":21,"gold_loss":0,"cards_obtained":["Auto Shields","Rebound"]},{"damage_healed":0,"gold_gain":0,"player_choice":"Opened","damage_taken":0,"relics_obtained":["Ornamental Fan"],"max_hp_gain":0,"max_hp_loss":0,"event_name":"The Mausoleum","floor":29,"gold_loss":0}],"is_beta":false,"boss_relics":[{"not_picked":["Ectoplasm","Snecko Eye"],"picked":"Runic Dome"}],"items_purged_floors":[10,19],"is_endless":false,"potions_floor_spawned":[3,7,8,12,18,22],"killed_by":"Automaton","ascension_level":14}}