{"host":"zk71suw73lg2r165","time":1611633715,"event":{"mods":["BaseMod","Colored Map","Minty Spire (QoL Compilation)","Permanent Neow","Relic Stats","StSLib"],"gold_per_floor":[110,7,7,82,99,128,51,85,85,85,99,99,126,145,145,222,222,240,240,65,115,129,129,129,129],"floor_reached":24,"language":"ENG","playtime":464,"items_purged":["Strike_R","Strike_R"],"score":474,"play_id":"645f0d52-c806-4803-9efe-d3aa4a0ecf64","local_time":"20210125230155","is_ascension_mode":true,"campfire_choices":[{"data":"Limit Break","floor":10.0,"key":"SMITH"},{"data":"Sword Boomerang","floor":12.0,"key":"SMITH"},{"data":"Limit Break","floor":15.0,"key":"SMITH"},{"data":"Burning Pact","floor":23.0,"key":"SMITH"}],"circlet_count":0,"master_deck":["AscendersBane","Strike_R","Defend_R","Defend_R","Defend_R","Defend_R","Bash","Wild Strike","Twin Strike","Limit Break+1","Burning Pact+1","Inflame","Anger","Sword Boomerang+1","Flex","Limit Break+1","Reaper","Heavy Blade","Heavy Blade","Pummel","Evolve"],"relics":["Burning Blood","NeowsBlessing","Meat on the Bone","Lantern","Bottled Lightning","Orichalcum","Strawberry","Mark of Pain"],"acts_visited":["Exordium","TheCity"],"potions_floor_usage":[],"damage_taken":[{"damage":0.0,"enemies":"Small Slimes","floor":1.0,"turns":1.0},{"damage":0.0,"enemies":"2 Louse","floor":5.0,"turns":1.0},{"damage":0.0,"enemies":"3 Sentries","floor":6.0,"turns":2.0},{"damage":32.0,"enemies":"Gremlin Nob","floor":8.0,"turns":4.0},{"damage":2.0,"enemies":"Jaw Worm","floor":11.0,"turns":3.0},{"damage":9.0,"enemies":"3 Sentries","floor":13.0,"turns":4.0},{"damage":11.0,"enemies":"Blue Slaver","floor":14.0,"turns":3.0},{"damage":28.0,"enemies":"The Guardian","floor":16.0,"turns":6.0},{"damage":22.0,"enemies":"Spheric Guardian","floor":18.0,"turns":4.0},{"damage":0.0,"enemies":"Chosen","floor":22.0,"turns":2.0},{"damage":63,"enemies":"Slavers","floor":24,"turns":3}],"seed_played":"6777943166917168595","potions_obtained":[{"floor":5.0,"key":"DistilledChaos"},{"floor":8.0,"key":"Block Potion"},{"floor":13.0,"key":"SkillPotion"},{"floor":16.0,"key":"Fire Potion"}],"is_trial":false,"path_per_floor":["M","$","?","?","M","E","$","E","T","R","M","R","E","M","R","B",null,"M","?","$","?","M","R","E"],"character_chosen":"IRONCLAD","items_purchased":["Twin Strike","Inflame","Evolve"],"campfire_rested":0,"item_purchase_floors":[2,7,20],"current_hp_per_floor":[74,74,63,52,58,64,64,50,50,50,54,54,58,53,53,43,72,56,56,56,48,54,54,0,0],"gold":129,"neow_bonus":"THREE_ENEMY_KILL","is_daily":false,"chose_seed":false,"campfire_upgraded":4,"win_rate":0.0,"timestamp":1611633715,"path_taken":["M","$","?","?","M","E","?","E","T","R","M","R","E","M","R","BOSS","M","?","$","?","?","R","E"],"items_purchased_type":["Card","Card","Card"],"build_version":"2020-12-22","purchased_purges":2,"victory":false,"max_hp_per_floor":[75,75,75,75,75,75,75,75,75,75,75,75,82,82,82,82,82,82,82,82,82,82,82,82,82],"relic_stats":{"counters":[11,33],"Orichalcum":[60],"obtain_stats":[{"Lantern":6,"NeowsBlessing":0,"Strawberry":13,"Mark of Pain":17,"Bottled Lightning":8,"Orichalcum":9,"Burning Blood":0,"Meat on the Bone":3},{"Lantern":3,"NeowsBlessing":0,"Strawberry":6,"Mark of Pain":8,"Bottled Lightning":4,"Orichalcum":4,"Burning Blood":0,"Meat on the Bone":1},{"Lantern":4,"NeowsBlessing":0,"Strawberry":15,"Mark of Pain":24,"Bottled Lightning":8,"Orichalcum":8,"Burning Blood":0,"Meat on the Bone":1}],"Burning Blood":60,"Meat on the Bone":24},"card_choices":[{"not_picked":["Clash","Rupture"],"picked":"Wild Strike","floor":1.0},{"not_picked":["Shrug It Off","Thunderclap"],"picked":"Limit Break","floor":5.0},{"not_picked":["Flex","Havoc"],"picked":"Burning Pact","floor":6.0},{"not_picked":["Intimidate","Twin Strike"],"picked":"Anger","floor":8.0},{"not_picked":["Sentinel","Battle Trance"],"picked":"Sword Boomerang","floor":11.0},{"not_picked":["Blood for Blood","Warcry"],"picked":"Flex","floor":13.0},{"not_picked":["Clash","Wild Strike"],"picked":"Limit Break","floor":14.0},{"not_picked":["Double Tap","Exhume"],"picked":"Reaper","floor":16.0},{"not_picked":["Searing Blow","Body Slam"],"picked":"Heavy Blade","floor":18.0},{"not_picked":["Clash","Wild Strike","Thunderclap+1"],"picked":"SKIP","floor":22.0}],"player_experience":1379924,"relics_obtained":[{"floor":6.0,"key":"Lantern"},{"floor":8.0,"key":"Bottled Lightning"},{"floor":9.0,"key":"Orichalcum"},{"floor":13.0,"key":"Strawberry"}],"event_choices":[{"damage_healed":0.0,"max_hp_gain":0.0,"max_hp_loss":0.0,"gold_gain":0.0,"event_name":"Scrap Ooze","player_choice":"Success","floor":3.0,"gold_loss":0.0,"damage_taken":11.0,"relics_obtained":["Meat on the Bone"]},{"damage_healed":0.0,"max_hp_gain":0.0,"max_hp_loss":0.0,"gold_gain":75.0,"event_name":"World of Goop","player_choice":"Gather Gold","floor":4.0,"gold_loss":0.0,"damage_taken":11.0},{"damage_healed":0.0,"max_hp_gain":0.0,"max_hp_loss":0.0,"gold_gain":0.0,"cards_transformed":["Strike_R","Strike_R"],"event_name":"Drug Dealer","player_choice":"Became Test Subject","floor":19.0,"gold_loss":0.0,"damage_taken":0.0,"cards_obtained":["Heavy Blade","Pummel"]},{"damage_healed":0.0,"max_hp_gain":0.0,"max_hp_loss":0.0,"gold_gain":50.0,"event_name":"FaceTrader","player_choice":"Touch","floor":21.0,"gold_loss":0.0,"damage_taken":8.0}],"is_beta":false,"boss_relics":[{"not_picked":["Sozu","Calling Bell"],"picked":"Mark of Pain"}],"items_purged_floors":[2,20],"is_endless":false,"potions_floor_spawned":[5,8,13,16],"killed_by":"Slavers","ascension_level":20}}