{"host":"t0dtoggyaif518ut","time":1611672411,"event":{"mods":["AchievementEnabler","BaseMod","Best Route Mod","Bestiary","Better Altar","Better Match","Better Note","Better Sensory Stone","Better Silent Start","Better Skull","Better Third Choice","Better Vampires","Block Reminder","Colored Powertips","Dark Map","Displayed Cursed Tome","Energized Spire","Evolution","Gold Saver","Ironclad Rager","Minty Spire (QoL Compilation)","Practice Mode","Quick Restart","RNG Fix","Random Character Button","Relic Stats","Retaliation","Reworked Bosses","StSLib","Treasure Hunter"],"gold_per_floor":[19,32,32,52,0,0,35,12,12,39,53,53,70,71,71],"floor_reached":14,"language":"RUS","playtime":577,"items_purged":[],"score":170,"play_id":"8be44c77-25e4-4bce-b658-1620d19bf970","local_time":"20210126214651","is_ascension_mode":true,"campfire_choices":[{"data":"Twin Strike","floor":6,"key":"SMITH"},{"data":"Twin Strike","floor":12,"key":"SMITH"}],"circlet_count":0,"master_deck":["AscendersBane","Iron Wave","Bash","Writhe","Twin Strike+1","Twin Strike+1","Twin Strike+1","Twin Strike","Iron Wave+1","Iron Wave","Iron Wave","Iron Wave","Shrug It Off","DDmod:SpikedSkill","Enlightenment","DDmod:SpikedSkill","TH:CopperCoins","TH:PixieDust","Evolve","Cleave"],"relics":["Burning Blood","EVO:Axolotl","Orichalcum","InkBottle","Magic Flower"],"acts_visited":["Exordium"],"potions_floor_usage":[],"damage_taken":[{"damage":0,"enemies":"Cultist","floor":1,"turns":2},{"damage":0,"enemies":"2 Louse","floor":2,"turns":2},{"damage":0,"enemies":"Small Slimes","floor":4,"turns":3},{"damage":20,"enemies":"Gremlin Nob","floor":7,"turns":5},{"damage":19,"enemies":"3 Sentries","floor":10,"turns":7},{"damage":10,"enemies":"Looter","floor":11,"turns":2},{"damage":20,"enemies":"Gremlin Gang","floor":13,"turns":3},{"damage":27,"enemies":"Lagavulin","floor":14,"turns":5}],"seed_played":"2800258996483804523","potions_obtained":[{"floor":1,"key":"Dexterity Potion"},{"floor":10,"key":"CultistPotion"}],"is_trial":false,"path_per_floor":["M","M","?","M","?","R","E","$","T","E","M","R","M","E"],"character_chosen":"IRONCLAD","items_purchased":["DDmod:SpikedSkill"],"campfire_rested":0,"item_purchase_floors":[8],"current_hp_per_floor":[56,62,48,54,60,60,46,46,46,33,32,32,21,0,0],"gold":71,"neow_bonus":"IRONCLAD_BERSERKER","is_daily":false,"chose_seed":false,"campfire_upgraded":2,"win_rate":0.0,"timestamp":1611672411,"path_taken":["M","M","?","?","?","R","E","$","T","E","M","R","M","E"],"items_purchased_type":["Card"],"build_version":"2020-12-22","purchased_purges":0,"victory":false,"max_hp_per_floor":[68,68,68,68,74,74,74,74,74,74,74,74,74,74,74],"relic_stats":{"counters":[8,29],"Magic Flower":[6],"Orichalcum":[24],"obtain_stats":[{"Magic Flower":10,"EVO:Axolotl":0,"Orichalcum":7,"Burning Blood":0,"InkBottle":9},{"Magic Flower":5,"EVO:Axolotl":0,"Orichalcum":4,"Burning Blood":0,"InkBottle":4},{"Magic Flower":19,"EVO:Axolotl":0,"Orichalcum":12,"Burning Blood":0,"InkBottle":12}],"Burning Blood":48,"InkBottle":[4]},"card_choices":[{"not_picked":["Sever Soul","Flex"],"picked":"Shrug It Off","floor":1},{"not_picked":["Wild Strike","Ghostly Armor","DDmod:CallousedSkill"],"picked":"SKIP","floor":2},{"not_picked":["Havoc","Body Slam"],"picked":"DDmod:SpikedSkill","floor":4},{"not_picked":["TH:BikiniMail","TH:EnergyPotion"],"picked":"SKIP","floor":7},{"not_picked":["Dark Embrace","Metallicize","Thunderclap"],"picked":"SKIP","floor":7},{"not_picked":["TH:BikiniMail"],"picked":"TH:CopperCoins","floor":9},{"not_picked":["TH:Mimic"],"picked":"TH:PixieDust","floor":10},{"not_picked":["Reaper","DDmod:SpikedSkill"],"picked":"Evolve","floor":10},{"not_picked":["DDmod:PokeAttack","Twin Strike"],"picked":"Cleave","floor":11},{"not_picked":["Iron Wave","Body Slam","Warcry"],"picked":"SKIP","floor":13}],"player_experience":296776,"relics_obtained":[{"floor":7,"key":"Orichalcum"},{"floor":9,"key":"InkBottle"},{"floor":10,"key":"Magic Flower"}],"event_choices":[{"damage_healed":62,"gold_gain":0,"player_choice":"Upgrade","damage_taken":14,"max_hp_gain":0,"max_hp_loss":68,"event_name":"betterThird:BetterShining","floor":3,"gold_loss":0,"cards_upgraded":["Twin Strike","Iron Wave"]},{"damage_healed":0,"gold_gain":0,"player_choice":"RENOUNCE","damage_taken":52,"max_hp_gain":0,"max_hp_loss":0,"event_name":"betterThird:BetterSerpent","floor":5,"gold_loss":52,"cards_obtained":["Enlightenment"]}],"is_beta":false,"boss_relics":[],"items_purged_floors":[],"is_endless":false,"potions_floor_spawned":[1,10,13],"killed_by":"Lagavulin","ascension_level":14}}