{"host":"zke3fwiit0h580fo","time":1611681066,"event":{"mods":["AchievementEnabler","BaseMod","Colored Map","Colored Powertips","Hubris","Minty Spire (QoL Compilation)","Quick Restart","Relic Stats","Replay The Spire","StSLib","SuperFastMode"],"gold_per_floor":[109,109,109,125,143,171,171,186,262,290,302,319,319,319,319,416,416,432,432,532,308,308,308,321,338,389,407,407,407,436,456,456,561,561,573,573,587,597,615,615,615,615,690,690,690,690],"floor_reached":45,"language":"ENG","playtime":1076,"items_purged":["Defend_R"],"score":475,"play_id":"52e09c72-7258-4b07-ac9b-40bb12922f20","local_time":"20210126181106","is_ascension_mode":false,"campfire_choices":[{"data":"Whirlwind","floor":7,"key":"SMITH"},{"floor":15,"key":"REST"},{"data":"Eclipse","floor":29,"key":"SMITH"},{"data":"Havoc","floor":32,"key":"SMITH"},{"floor":40,"key":"RECALL"},{"data":"Demonic Infusion","floor":44,"key":"SMITH"}],"circlet_count":0,"master_deck":["Strike_R","Strike_R","Defend_R","Defend_R+1","Bash","Anger","Whirlwind+1","Twin Strike","Battle Trance","Life Link+1","Feed","Blood for Blood","Eclipse+1","Necronomicurse","Battle Trance","Havoc+1","Battle Trance+1","Demonic Infusion+1","Dual Wield","Headbutt","Blind"],"relics":["Burning Blood","Incense Burner","Juzu Bracelet","Replay:Bottled Flurry","Replay:Accelerometer","Replay:Wax Seal","Empty Cage","Lantern","Necronomicon","hubris:BottledHeart","Red Mask","hubris:Stopwatch","hubris:Towel","hubris:Icosahedron","Self Forming Clay"],"acts_visited":["Exordium","TheCity","TheBeyond"],"potions_floor_usage":[6,12,16,16,27,33],"damage_taken":[{"damage":2,"enemies":"2 Louse","floor":1,"turns":3},{"damage":6,"enemies":"Cultist","floor":4,"turns":3},{"damage":0,"enemies":"Small Slimes","floor":5,"turns":2},{"damage":40,"enemies":"Lagavulin","floor":6,"turns":6},{"damage":1,"enemies":"Exordium Wildlife","floor":8,"turns":2},{"damage":14,"enemies":"Gremlin Nob","floor":10,"turns":3},{"damage":3,"enemies":"Blue Slaver","floor":11,"turns":3},{"damage":5,"enemies":"Exordium Thugs","floor":12,"turns":4},{"damage":41,"enemies":"Hexaghost","floor":16,"turns":5},{"damage":5,"enemies":"3 Byrds","floor":18,"turns":4},{"damage":0,"enemies":"Spheric Guardian","floor":24,"turns":4},{"damage":0,"enemies":"Snake Plant","floor":25,"turns":3},{"damage":0,"enemies":"3 Cultists","floor":27,"turns":3},{"damage":0,"enemies":"Masked Bandits","floor":30,"turns":1},{"damage":0,"enemies":"Cultist and Chosen","floor":31,"turns":3},{"damage":0,"enemies":"Automaton","floor":33,"turns":6},{"damage":0,"enemies":"Orb Walker","floor":35,"turns":2},{"damage":0,"enemies":"3 Shapes","floor":37,"turns":1},{"damage":0,"enemies":"Maw","floor":38,"turns":7},{"damage":0,"enemies":"3 Darklings","floor":39,"turns":3}],"seed_played":"-4374495193278879177","potions_obtained":[{"floor":1,"key":"SmokeBomb"},{"floor":5,"key":"PowerPotion"},{"floor":6,"key":"Strength Potion"},{"floor":8,"key":"Energy Potion"},{"floor":11,"key":"FearPotion"},{"floor":27,"key":"Fruit Juice"},{"floor":30,"key":"ElixirPotion"},{"floor":35,"key":"Languid Potion"},{"floor":39,"key":"SpeedPotion"}],"is_trial":false,"path_per_floor":["M","?","?","M","M","E","R","M","T","E","M","M","?","?","R","B",null,"M","?","?","$","?","?","M","M","T","M","?","R","?","M","R","B",null,"M","?","M","M","M","R","?","?","T","R","$"],"character_chosen":"IRONCLAD","items_purchased":["Lantern"],"campfire_rested":1,"item_purchase_floors":[21],"current_hp_per_floor":[88,81,81,81,87,53,53,58,58,50,53,57,57,39,66,31,91,94,94,94,94,78,1,1,1,1,1,1,1,1,1,1,1,1,1,1,1,1,1,1,1,1,1,1,0,0],"gold":690,"neow_bonus":"TEN_PERCENT_HP_BONUS","is_daily":false,"chose_seed":false,"campfire_upgraded":4,"win_rate":0.0,"timestamp":1611681066,"path_taken":["M","?","?","M","M","E","R","M","T","E","M","M","?","?","R","BOSS","M","?","?","$","?","?","M","M","T","M","?","R","?","M","R","BOSS","M","?","M","M","M","R","?","?","T","R","?"],"items_purchased_type":["Relic"],"build_version":"2020-12-22","purchased_purges":1,"victory":false,"max_hp_per_floor":[88,88,88,88,88,88,88,88,88,88,88,91,91,91,91,91,91,94,94,94,94,94,1,1,1,1,1,1,1,1,1,1,1,1,1,1,1,1,1,1,1,1,1,1,1,1],"relic_stats":{"counters":[20,68],"Self Forming Clay":[0],"Juzu Bracelet":3,"Necronomicon":[21],"obtain_stats":[{"Replay:Accelerometer":10,"Lantern":21,"Self Forming Clay":43,"Incense Burner":3,"Juzu Bracelet":6,"hubris:Towel":36,"Empty Cage":17,"Burning Blood":0,"hubris:Icosahedron":41,"hubris:BottledHeart":23,"hubris:Stopwatch":34,"Replay:Bottled Flurry":9,"Necronomicon":22,"Red Mask":30,"Replay:Wax Seal":13},{"Replay:Accelerometer":6,"Lantern":10,"Self Forming Clay":20,"Incense Burner":1,"Juzu Bracelet":4,"hubris:Towel":17,"Empty Cage":9,"Burning Blood":0,"hubris:Icosahedron":20,"hubris:BottledHeart":10,"hubris:Stopwatch":16,"Replay:Bottled Flurry":5,"Necronomicon":10,"Red Mask":14,"Replay:Wax Seal":8},{"Replay:Accelerometer":19,"Lantern":35,"Self Forming Clay":68,"Incense Burner":3,"Juzu Bracelet":14,"hubris:Towel":57,"Empty Cage":31,"Burning Blood":0,"hubris:Icosahedron":68,"hubris:BottledHeart":35,"hubris:Stopwatch":55,"Replay:Bottled Flurry":16,"Necronomicon":35,"Red Mask":46,"Replay:Wax Seal":26}],"Burning Blood":55},"card_choices":[{"not_picked":["ReplayReversal","Massacre"],"picked":"Anger","floor":1},{"not_picked":["Dark Embrace","Metallicize"],"picked":"Whirlwind","floor":4},{"not_picked":["Sword Boomerang","Feel No Pain"],"picked":"Twin Strike","floor":5},{"not_picked":["Twin Strike","Headbutt"],"picked":"Battle Trance","floor":6},{"not_picked":["Body Slam","Iron Wave"],"picked":"Life Link","floor":8},{"not_picked":["Replay:Undeath\u0027s Touch","Run Through"],"picked":"Feed","floor":10},{"not_picked":["Iron Wave","Body Slam"],"picked":"Blood for Blood","floor":11},{"not_picked":["Intimidate","Abandon","Clothesline"],"picked":"SKIP","floor":12},{"not_picked":["Hemogenesis","Reaper"],"picked":"Eclipse","floor":16},{"not_picked":["Clothesline","Perfected Strike","Heavy Blade"],"picked":"SKIP","floor":18},{"not_picked":["hubris:ReadiedAction","Sword Boomerang","Headbutt"],"picked":"SKIP","floor":24},{"not_picked":["Replay:Undeath\u0027s Touch","Clash"],"picked":"Battle Trance","floor":25},{"not_picked":["Bloodletting","Defy Death"],"picked":"Havoc","floor":27},{"not_picked":["Uppercut","Warcry"],"picked":"Battle Trance+1","floor":30},{"not_picked":["Wild Strike","Perfected Strike","Reckless Charge"],"picked":"SKIP","floor":31},{"not_picked":["Demon Form","Bludgeon"],"picked":"Demonic Infusion","floor":33},{"not_picked":["Fire Breathing","Armaments+1"],"picked":"Dual Wield","floor":35},{"not_picked":["ReplayTheSpireMod:LeadingStrike","Sword Boomerang+1","Evolve+1"],"picked":"SKIP","floor":37},{"not_picked":["Fire Breathing","ReplayTheSpireMod:LeadingStrike","Rupture+1"],"picked":"SKIP","floor":38},{"not_picked":["Twin Strike","True Grit"],"picked":"Headbutt","floor":39},{"not_picked":["Replay:Sssssssssshield","Discovery"],"picked":"Blind","floor":42}],"player_experience":58310,"relics_obtained":[{"floor":6,"key":"Juzu Bracelet"},{"floor":9,"key":"Replay:Bottled Flurry"},{"floor":10,"key":"Replay:Accelerometer"},{"floor":22,"key":"Necronomicon"},{"floor":30,"key":"Red Mask"},{"floor":43,"key":"Self Forming Clay"}],"event_choices":[{"cards_removed":["Strike_R"],"damage_healed":0,"gold_gain":0,"player_choice":"Card Removal","damage_taken":7,"max_hp_gain":0,"max_hp_loss":0,"event_name":"Golden Wing","floor":2,"gold_loss":0},{"damage_healed":0,"gold_gain":0,"player_choice":"Gave Potion","damage_taken":0,"relics_obtained":["Incense Burner"],"max_hp_gain":0,"max_hp_loss":0,"event_name":"WeMeetAgain","floor":3,"gold_loss":0},{"damage_healed":0,"gold_gain":0,"player_choice":"Box","damage_taken":0,"relics_obtained":["Replay:Wax Seal"],"max_hp_gain":0,"max_hp_loss":0,"event_name":"Big Fish","floor":13,"gold_loss":0,"cards_obtained":["Regret"]},{"damage_healed":0,"gold_gain":0,"player_choice":"Entered Light","damage_taken":18,"max_hp_gain":0,"max_hp_loss":0,"event_name":"Shining Light","floor":14,"gold_loss":0,"cards_upgraded":["Life Link","Defend_R"]},{"cards_removed":["Strike_R"],"damage_healed":0,"gold_gain":0,"player_choice":"Elegance","damage_taken":0,"max_hp_gain":0,"max_hp_loss":0,"event_name":"Back to Basics","floor":19,"gold_loss":0},{"damage_healed":0,"gold_gain":100,"player_choice":"Pray","damage_taken":0,"max_hp_gain":0,"max_hp_loss":0,"event_name":"Golden Shrine","floor":20,"gold_loss":0},{"damage_healed":0,"gold_gain":0,"player_choice":"Obtained Book","damage_taken":16,"max_hp_gain":0,"max_hp_loss":0,"event_name":"Cursed Tome","floor":22,"gold_loss":0},{"cards_removed":["Defend_R"],"damage_healed":0,"gold_gain":0,"player_choice":"Offered Basic","damage_taken":0,"max_hp_gain":0,"max_hp_loss":0,"event_name":"Bonfire Elementals","floor":28,"gold_loss":0},{"damage_healed":0,"gold_gain":0,"player_choice":"Fought Bandits","damage_taken":0,"max_hp_gain":0,"max_hp_loss":0,"event_name":"Masked Bandits","floor":30,"gold_loss":0},{"damage_healed":0,"gold_gain":0,"player_choice":"Memory 1","damage_taken":0,"max_hp_gain":0,"max_hp_loss":0,"event_name":"SensoryStone","floor":42,"gold_loss":0}],"is_beta":false,"boss_relics":[{"not_picked":["Black Star","Mark of Pain"],"picked":"Empty Cage"},{"not_picked":["Kintsugi","Replay:Drink Me"],"picked":"hubris:Stopwatch"}],"items_purged_floors":[21],"is_endless":false,"potions_floor_spawned":[1,5,6,8,11,27,30,35,39],"ascension_level":0}}