{"host":"o0df4zrtlkp0p8rf","time":1611642153,"event":{"mods":["2.2 Compatiblity","Act Like it!","Arknights The Spire","Astrologer","BaseMod","Bestiary","Better Third Choice","BetterRewards","Colored Map","Conspire","Downfall","Duelist Mod","Energized Spire","GifTheSpireLib","Halation","Hermit","Highlight Path","Hubris","Infinite Spire","Mimic Mod","Minty Spire (QoL Compilation)","Rare Cards Sparkle","Reliquary","Replay The Spire","Robot Space Explorer","Shop Mod","Small Relic Pack","Spire Arcade","StSLib","Stuff the Spire","The Accelerator","The Bug Knight","The Cursed","The Disciple","The Forsaken","The Hierophant","The Jungle","The Marked","The Necromancer","The Runesmith"],"gold_per_floor":[99,114,114,114,125,135,174,174,193,212,237,252,275,295,306,401,401,401,418,418,431,441,457,482,482,582,593,593,593,593,624,624,624,624],"floor_reached":32,"language":"ENG","playtime":2051,"items_purged":[],"score":266,"play_id":"d73ec0ed-d182-4eed-9c01-0544abf9fec9","local_time":"20210125222233","is_ascension_mode":false,"campfire_choices":[{"data":"bronze:Goto","floor":1.0,"key":"SMITH"},{"data":"bronze:Strike","floor":8.0,"key":"SMITH"},{"data":"bronze:Return","floor":18,"key":"SMITH"},{"data":"bronze:Strike","floor":25,"key":"SMITH"},{"data":"bronze:Strike","floor":28,"key":"SMITH"},{"data":"bronze:Strike","floor":30,"key":"SMITH"}],"circlet_count":0,"master_deck":["bronze:Strike+4","bronze:Strike","bronze:Strike","bronze:Strike","bronze:Defend","bronze:Defend","bronze:Defend","bronze:Replicate+1","bronze:Goto+1","bronze:WhirlingStrike+1","infinitespire:Starlight","bronze:Turbo","bronze:Frontload","bronze:Boost","bronze:CutThrough","bronze:CloningBeam","bronze:GetLatest","bronze:Verify","bronze:Return+1","bronze:HyperBeam","bronze:Optimize","bronze:DigitalCarnage+1","bronze:BuggyMess+1","bronze:Overheat+1","bronze:DelayedGuard+1"],"relics":["bronze:BronzeCore","Simple Rune","Lantern","StuffTheSpire:GrapeVine","Runesmith:UraniumAnvil","reliquary:RoseTintedGlasses","Toy Ornithopter","hubris:Icosahedron","Replay:Mystery Machine"],"acts_visited":["Exordium","TheCity"],"potions_floor_usage":[16,21,31],"damage_taken":[{"damage":0.0,"enemies":"2 Louse","floor":2.0,"turns":2.0},{"damage":1.0,"enemies":"Cultist","floor":5.0,"turns":3.0},{"damage":7.0,"enemies":"Small Slimes","floor":6.0,"turns":3.0},{"damage":4.0,"enemies":"Exordium Thugs","floor":7.0,"turns":8.0},{"damage":9.0,"enemies":"Exordium Thugs","floor":9.0,"turns":4.0},{"damage":13.0,"enemies":"Red Slaver","floor":10.0,"turns":4.0},{"damage":18.0,"enemies":"Lagavulin","floor":11.0,"turns":7.0},{"damage":12.0,"enemies":"2 Fungi Beasts","floor":12.0,"turns":2.0},{"damage":0.0,"enemies":"Exordium Wildlife","floor":14.0,"turns":3.0},{"damage":16.0,"enemies":"Blue Slaver","floor":15.0,"turns":5.0},{"damage":58,"enemies":"DF_ARCHETYPE_STREAMLINE","floor":16,"turns":11},{"damage":0,"enemies":"Shell Parasite","floor":19,"turns":4},{"damage":6,"enemies":"Cultist and Chosen","floor":21,"turns":6},{"damage":0,"enemies":"conspire:HollyBat","floor":22,"turns":7},{"damage":22,"enemies":"Snecko","floor":23,"turns":4},{"damage":26,"enemies":"downfall:LadyInBlue","floor":26,"turns":9},{"damage":10,"enemies":"3 Cultists","floor":27,"turns":5},{"damage":47,"enemies":"Nightmare","floor":31,"turns":8},{"damage":7,"enemies":"Snake Plant","floor":32,"turns":1}],"seed_played":"-5806226977737415209","potions_obtained":[{"floor":6.0,"key":"conspire:TimeTravelPotion"},{"floor":9.0,"key":"LiquidBronze"},{"floor":11.0,"key":"Doom Potion"},{"floor":16,"key":"EssenceOfSteel"},{"floor":23,"key":"Weak Potion"},{"floor":26,"key":"Energy Potion"},{"floor":26,"key":"Dexterity Potion"}],"is_trial":false,"path_per_floor":["R","M","?","?","M","M","MIM","R","M","M","E","M","T","M","M","B",null,"R","M","?","M","M","M","T","R","?","M","R","?","R","NM","M"],"character_chosen":"THE_AUTOMATON","items_purchased":[],"campfire_rested":0,"item_purchase_floors":[],"current_hp_per_floor":[77,77,58,58,67,70,76,76,67,64,56,54,54,64,58,27,77,77,77,77,71,71,59,59,59,43,33,33,33,33,1,0,0,0],"gold":624,"neow_bonus":"TEN_PERCENT_HP_BONUS","is_daily":false,"chose_seed":false,"campfire_upgraded":6,"win_rate":0.0,"timestamp":1611642153,"path_taken":["R","M","?","?","?","M","MIM","R","M","M","E","?","?","M","M","BOSS","R","M","?","M","M","?","T","R","?","?","R","?","R","NM","M"],"items_purchased_type":[],"build_version":"2020-12-22","purchased_purges":0,"victory":false,"max_hp_per_floor":[77,77,77,77,77,77,77,77,77,77,77,77,77,77,77,77,77,77,77,77,77,77,77,77,77,77,77,77,77,77,77,77,77,77],"card_choices":[{"not_picked":["bronze:BitShift","bronze:Invalidate"],"picked":"bronze:WhirlingStrike","floor":2.0},{"not_picked":["ReplayTheSpireMod:Echoes of Time","ReplayTheSpireMod:Book of Names"],"picked":"infinitespire:Starlight","floor":3.0},{"not_picked":["bronze:DelayedSlice","bronze:Iterate"],"picked":"bronze:Turbo","floor":5.0},{"not_picked":["bronze:DelayedSlice","bronze:Branch"],"picked":"bronze:Frontload","floor":6.0},{"not_picked":["bronze:Allocate","bronze:ItsAFeature"],"picked":"bronze:Boost","floor":7.0},{"not_picked":["bronze:Invalidate","bronze:OilSpill"],"picked":"bronze:CutThrough","floor":9.0},{"not_picked":["bronze:Philosophize","bronze:Shield"],"picked":"bronze:CloningBeam","floor":10.0},{"not_picked":["bronze:ChosenStrike","bronze:Return"],"picked":"bronze:GetLatest","floor":11.0},{"not_picked":["bronze:FineTuning","bronze:Frontload"],"picked":"bronze:Verify","floor":12.0},{"not_picked":["bronze:NullPointer","bronze:Overheat"],"picked":"bronze:Return","floor":14.0},{"not_picked":["bronze:WhirlingStrike","bronze:MaxOutput","bronze:Overheat"],"picked":"SKIP","floor":15.0},{"not_picked":["bronze:HardenedForm","bronze:FindAndReplace"],"picked":"bronze:HyperBeam","floor":16},{"not_picked":["bronze:Safeguard","bronze:Overheat","bronze:Turbo"],"picked":"SKIP","floor":19},{"not_picked":["bronze:BronzeArmor","bronze:FineTuning"],"picked":"bronze:Optimize","floor":21},{"not_picked":["bronze:ForLoop+1","bronze:BugBarrage+1","bronze:Invalidate"],"picked":"SKIP","floor":22},{"not_picked":["bronze:Shield","bronze:Invalidate+1"],"picked":"bronze:DigitalCarnage+1","floor":23},{"not_picked":["bronze:Repair","bronze:Optimize"],"picked":"bronze:BuggyMess+1","floor":26},{"not_picked":["bronze:Shield","bronze:BitShift+1"],"picked":"bronze:Overheat+1","floor":27},{"not_picked":["bronze:CleanCode","bronze:MaxOutput"],"picked":"bronze:DelayedGuard+1","floor":31}],"player_experience":166143,"relics_obtained":[{"floor":7.0,"key":"Simple Rune"},{"floor":11.0,"key":"Lantern"},{"floor":13.0,"key":"StuffTheSpire:GrapeVine"},{"floor":24,"key":"reliquary:RoseTintedGlasses"},{"floor":26,"key":"Toy Ornithopter"},{"floor":31,"key":"Replay:Mystery Machine"}],"event_choices":[{"cards_removed":["bronze:Defend"],"damage_healed":0,"gold_gain":0,"player_choice":"Card Removal","damage_taken":0,"max_hp_gain":0,"max_hp_loss":0,"event_name":"Wheel of Change","floor":20,"gold_loss":0}],"is_beta":false,"boss_relics":[{"not_picked":["Fusion Hammer","energizedSpire:SpiderWeb"],"picked":"Runesmith:UraniumAnvil"}],"items_purged_floors":[],"is_endless":true,"potions_floor_spawned":[6,9,11,15,16,23,26],"killed_by":"Snake Plant","ascension_level":0}}