{"host":"kdt6w7ix8lwe69i9","time":1611635516,"event":{"mods":["100% Spire Juice","Bartender","BaseMod","ChefMod","Downfall","Evolution","Fiend Mod","Jorbs\u0027s Wanderer Trilogy","Minty Spire (QoL Compilation)","Reimu（博丽灵梦）","Robot Space Explorer","Shade Mod","StSLib","The Caster","The Cursed","The Disciple","The Dragon Tamer","The Druid","The Fake Hero","The Forsaken","The Gatherer","The Marked","TheBandit","TheSwordswoman"],"gold_per_floor":[116,136,136,211,237,237,255,111,136,136,147,182,182,196,196,291,291,307,49,61,61,76,108,108,108,133,133,133,57,90,90,90],"floor_reached":31,"language":"ENG","playtime":1770,"items_purged":[],"score":321,"play_id":"e6805688-84c6-4f46-8458-9356def5799d","local_time":"20210125233156","is_ascension_mode":false,"campfire_choices":[{"data":"Conquer:ReiMu","floor":6,"key":"SMITH"},{"data":"Mountainwind:ReiMu","floor":10,"key":"SMITH"},{"floor":13,"key":"REST"},{"floor":15,"key":"RECALL"},{"floor":24,"key":"REST"}],"circlet_count":0,"master_deck":["Strike_Lin:ReiMu","Strike_Lin:ReiMu","Strike_Lin:ReiMu","Strike_Lin:ReiMu","Defend_Lin:ReiMu","Defend_Lin:ReiMu","Defend_Lin:ReiMu","Defend_Lin:ReiMu","NB:ReiMu","Stagnation:ReiMu","Conquer:ReiMu+1","Revelation:ReiMu","Mountainwind:ReiMu+1","Crusade:ReiMu","RainPray2:ReiMu","AirStrike:ReiMu","KamiRite:ReiMu","Conquer:ReiMu","OctopathBindingBorder2:ReiMu","MikOfLucky:ReiMu","MikOfLucky:ReiMu","SealNeedle:ReiMu","SafetyPray:ReiMu"],"relics":["FlyPower:ReiMu","EVO:Axolotl","NeowsBlessing","Lantern","Juzu Bracelet","Nunchaku","White_Cape","Philosopher\u0027s Stone","Mummified Hand","Happy Flower","Dream Catcher"],"acts_visited":["Exordium","TheCity"],"potions_floor_usage":[12,22,22,23,30,31],"damage_taken":[{"damage":0,"enemies":"Small Slimes","floor":1,"turns":2},{"damage":0,"enemies":"Jaw Worm","floor":2,"turns":1},{"damage":0,"enemies":"2 Louse","floor":7,"turns":1},{"damage":0,"enemies":"2 Fungi Beasts","floor":11,"turns":2},{"damage":14,"enemies":"Gremlin Nob","floor":12,"turns":5},{"damage":0,"enemies":"Large Slime","floor":14,"turns":4},{"damage":0,"enemies":"Slime Boss","floor":16,"turns":6},{"damage":1,"enemies":"Chosen","floor":18,"turns":3},{"damage":0,"enemies":"Spheric Guardian","floor":20,"turns":3},{"damage":24,"enemies":"Snake Plant","floor":22,"turns":4},{"damage":2,"enemies":"Gremlin Leader","floor":23,"turns":6},{"damage":62,"enemies":"Book of Stabbing","floor":30,"turns":5},{"damage":8,"enemies":"Shelled Parasite and Fungi","floor":31,"turns":1}],"seed_played":"-5121998952062873136","potions_obtained":[{"floor":7,"key":"Swift Potion"},{"floor":11,"key":"Block Potion"},{"floor":16,"key":"SkillPotion"},{"floor":18,"key":"DistilledChaos"},{"floor":22,"key":"FearPotion"},{"floor":23,"key":"PinkPotion:ReiMu"}],"is_trial":false,"path_per_floor":["M","M","?","?","T","R","M","$","T","R","M","E","R","M","R","B",null,"M","$","M","?","M","E","R","?","T","?","?","$","E","M"],"character_chosen":"REIMU","items_purchased":["Juzu Bracelet","Mummified Hand","SealNeedle:ReiMu"],"campfire_rested":2,"item_purchase_floors":[8,19,29],"current_hp_per_floor":[65,65,65,54,54,54,54,54,54,54,54,40,59,59,59,59,65,64,64,64,53,29,27,48,70,70,70,70,70,8,0,0],"gold":90,"neow_bonus":"THREE_ENEMY_KILL","is_daily":false,"chose_seed":false,"campfire_upgraded":2,"win_rate":0.0,"timestamp":1611635516,"path_taken":["M","M","?","?","?","R","M","$","T","R","M","E","R","M","R","BOSS","M","$","M","?","M","E","R","?","T","?","?","?","E","M"],"items_purchased_type":["Relic","Relic","Card"],"build_version":"2020-12-22","purchased_purges":0,"victory":false,"max_hp_per_floor":[65,65,65,65,65,65,65,65,65,65,65,65,65,65,65,65,65,65,65,65,70,70,70,70,70,70,70,70,70,70,70,70],"card_choices":[{"not_picked":["Enchanting:ReiMu","TightArray:ReiMu"],"picked":"Conquer:ReiMu","floor":1},{"not_picked":["BarrageOfMoneybags:ReiMu","NineCharacters:ReiMu"],"picked":"Revelation:ReiMu","floor":2},{"not_picked":["Conquer:ReiMu","OrbThrow:ReiMu"],"picked":"Mountainwind:ReiMu","floor":7},{"not_picked":["FantasyBorder:ReiMu","AlertArray:ReiMu"],"picked":"Crusade:ReiMu","floor":11},{"not_picked":["KamiSacrifice:ReiMu","Gathering:ReiMu"],"picked":"RainPray2:ReiMu","floor":12},{"not_picked":["UniversalSpiritual:ReiMu","CareerPray:ReiMu"],"picked":"AirStrike:ReiMu","floor":14},{"not_picked":["PrayRite:ReiMu","Shading:ReiMu"],"picked":"KamiRite:ReiMu","floor":16},{"not_picked":["SubAcupoint:ReiMu+1","CareerPray:ReiMu+1"],"picked":"Conquer:ReiMu","floor":18},{"not_picked":["FoulBorder2:ReiMu","TightArray:ReiMu"],"picked":"OctopathBindingBorder2:ReiMu","floor":20},{"not_picked":["Meditation:ReiMu","NineCharacters:ReiMu"],"picked":"MikOfLucky:ReiMu","floor":22},{"not_picked":["Intuition:ReiMu","ManaGlint:ReiMu+1"],"picked":"MikOfLucky:ReiMu","floor":23},{"not_picked":["DoubleButterfly:ReiMu","Revelation:ReiMu+1"],"picked":"SafetyPray:ReiMu","floor":30}],"player_experience":1893457,"relics_obtained":[{"floor":5,"key":"Lantern"},{"floor":9,"key":"Nunchaku"},{"floor":12,"key":"White_Cape"},{"floor":23,"key":"Happy Flower"},{"floor":30,"key":"Dream Catcher"}],"event_choices":[{"damage_healed":0,"gold_gain":0,"player_choice":"Leave","damage_taken":0,"max_hp_gain":0,"max_hp_loss":0,"event_name":"The Cleric","floor":3,"gold_loss":0},{"damage_healed":0,"gold_gain":75,"player_choice":"Gather Gold","damage_taken":11,"max_hp_gain":0,"max_hp_loss":0,"event_name":"World of Goop","floor":4,"gold_loss":0},{"damage_healed":0,"gold_gain":0,"player_choice":"Shed Blood","damage_taken":16,"max_hp_gain":5,"max_hp_loss":0,"event_name":"Forgotten Altar","floor":21,"gold_loss":0},{"damage_healed":23,"gold_gain":0,"player_choice":"Heal","damage_taken":0,"max_hp_gain":0,"max_hp_loss":0,"event_name":"The Library","floor":25,"gold_loss":0},{"damage_healed":0,"gold_gain":0,"player_choice":"Ignored","damage_taken":0,"max_hp_gain":0,"max_hp_loss":0,"event_name":"Beggar","floor":27,"gold_loss":0}],"is_beta":false,"boss_relics":[{"not_picked":["Fiend:Scarf","Snecko Eye"],"picked":"Philosopher\u0027s Stone"}],"items_purged_floors":[],"is_endless":false,"potions_floor_spawned":[7,11,16,18,22,23],"killed_by":"Shelled Parasite and Fungi","ascension_level":0}}