{"host":"ttx8tv95o5vka1nm","time":1611634181,"event":{"mods":["AchievementEnabler","BaseMod","Colored Map","Downfall","Infinite Spire","Minty Spire (QoL Compilation)","Shop Mod","StSLib","The Jungle"],"gold_per_floor":[99,117,129,143,154,164,164,182,182,214,14,39,39,39,52,148,148,148,166,179,196,215,215,239,256,270,139,164,164,164,464,475,475,475,475],"floor_reached":33,"language":"ENG","playtime":3006,"items_purged":["bronze:Defend","bronze:Strike"],"score":308,"play_id":"07d844db-1846-4e40-9270-e41f6a9c4ed9","local_time":"20210126140941","is_ascension_mode":false,"campfire_choices":[{"floor":1,"key":"RECALL"},{"floor":11,"key":"REST"},{"data":"bronze:Repair","floor":13,"key":"SMITH"},{"data":"bronze:Invalidate","floor":18,"key":"SMITH"},{"data":"bronze:Goto","floor":23,"key":"SMITH"},{"floor":29,"key":"REST"},{"floor":30,"key":"REST"}],"circlet_count":0,"master_deck":["bronze:Strike","bronze:Defend","bronze:Defend","bronze:Replicate","bronze:Goto+1","bronze:Invalidate+1","bronze:Philosophize","bronze:WhirlingStrike","bronze:ChosenStrike","bronze:Repair+1","bronze:Overheat","bronze:Virus+1","bronze:CutThrough","bronze:DelayedSlice","bronze:FindAndReplace","bronze:BitShift+1","bronze:Overload+1","bronze:DelayedGuard+1","bronze:ForceShield","bronze:BronzeArmor+1","bronze:Frontload","bronze:FineTuning+1","bronze:Fortify+1","bronze:FindAndReplace","bronze:BuggyMess","bronze:ForLoop","infinitespire:Starlight","bronze:Fortify+1"],"relics":["bronze:BronzeCore","WingedGreaves","bronze:CableSpool","infinitespire:Bottled Soul","downfall:HeartBlessingGreen","downfall:HeartBlessingRed","Boot","MerchantsRug","infinitespire:Lucky Rock","Philosopher\u0027s Stone","Old Coin"],"acts_visited":["Exordium","TheCity"],"potions_floor_usage":[6,16,21,33],"damage_taken":[{"damage":1,"enemies":"2 Louse","floor":2,"turns":4},{"damage":2,"enemies":"Small Slimes","floor":3,"turns":3},{"damage":0,"enemies":"Cultist","floor":4,"turns":2},{"damage":12,"enemies":"3 Louse","floor":5,"turns":2},{"damage":0,"enemies":"Red Slaver","floor":6,"turns":1},{"damage":10,"enemies":"Blue Slaver","floor":8,"turns":3},{"damage":35,"enemies":"Gremlin Nob","floor":10,"turns":4},{"damage":0,"enemies":"Lagavulin","floor":12,"turns":4},{"damage":0,"enemies":"2 Fungi Beasts","floor":15,"turns":1},{"damage":10,"enemies":"WA_ARCHETYPE_RETAIN","floor":16,"turns":4},{"damage":18,"enemies":"Shell Parasite","floor":19,"turns":2},{"damage":0,"enemies":"3 Byrds","floor":20,"turns":3},{"damage":0,"enemies":"Snake Plant","floor":21,"turns":3},{"damage":24,"enemies":"Cultist and Chosen","floor":22,"turns":5},{"damage":2,"enemies":"Snecko","floor":25,"turns":6},{"damage":18,"enemies":"Shelled Parasite and Fungi","floor":26,"turns":6},{"damage":9,"enemies":"downfall:FleeingMerchant","floor":27,"turns":4},{"damage":60,"enemies":"Nightmare","floor":28,"turns":6},{"damage":27,"enemies":"Snake Plant","floor":32,"turns":4},{"damage":59,"enemies":"IC_MUSHROOM_ARCHETYPE","floor":33,"turns":6}],"seed_played":"-7850739378163583313","potions_obtained":[{"floor":2,"key":"bronze:CleanCodePotion"},{"floor":3,"key":"bronze:CleanCodePotion"},{"floor":5,"key":"AttackPotion"},{"floor":15,"key":"bronze:BuildAFunctionPotion"},{"floor":21,"key":"sneckomod:MuddlingPotion"},{"floor":22,"key":"SteroidPotion"},{"floor":25,"key":"sneckomod:MuddlingPotion"},{"floor":28,"key":"champ:CounterPotion"}],"is_trial":false,"path_per_floor":["R","M","M","M","M","M","T","M","?","E","R","E","R","?","M","B",null,"R","M","M","M","M","R","T","M","M","$","NM","R","R","AVR","M","B"],"character_chosen":"THE_AUTOMATON","items_purchased":["MerchantsRug"],"campfire_rested":3,"item_purchase_floors":[27],"current_hp_per_floor":[63,62,60,60,48,48,48,45,45,24,42,49,49,49,49,49,63,63,45,55,63,49,49,49,57,49,62,2,20,38,38,36,0,0,0],"gold":475,"neow_bonus":"ONE_RARE_RELIC","is_daily":false,"chose_seed":false,"campfire_upgraded":3,"win_rate":0.0,"timestamp":1611634181,"path_taken":["R","M","M","M","M","M","T","M","?","E","R","E","R","?","M","BOSS","R","M","M","M","M","R","T","M","?","$","NM","R","R","AVR","M","BOSS"],"items_purchased_type":["Relic"],"build_version":"2020-12-22","purchased_purges":2,"victory":false,"max_hp_per_floor":[63,63,63,63,63,63,63,63,63,63,63,63,63,63,63,63,63,63,63,63,63,63,63,63,63,63,63,63,63,63,63,63,63,63,63],"card_choices":[{"not_picked":["bronze:CutThrough","bronze:CloningBeam"],"picked":"bronze:Invalidate","floor":2},{"not_picked":["bronze:DarkDash","bronze:BugBarrage"],"picked":"bronze:Philosophize","floor":3},{"not_picked":["bronze:Invalidate","bronze:ForceShield"],"picked":"bronze:WhirlingStrike","floor":4},{"not_picked":["bronze:Overheat","bronze:BronzeOrb"],"picked":"bronze:ChosenStrike","floor":5},{"not_picked":["bronze:DarkDash","bronze:DelayedGuard"],"picked":"bronze:Repair","floor":6},{"not_picked":["bronze:OilSpill","bronze:FineTuning"],"picked":"bronze:Overheat","floor":8},{"not_picked":["bronze:Deprecate","bronze:Shield"],"picked":"bronze:Virus","floor":10},{"not_picked":["bronze:ForLoop","bronze:Overheat"],"picked":"bronze:CutThrough","floor":12},{"not_picked":["bronze:OilSpill","bronze:BuggyMess"],"picked":"bronze:DelayedSlice","floor":15},{"not_picked":["bronze:BurnOut","bronze:Break"],"picked":"bronze:FindAndReplace","floor":16},{"not_picked":["bronze:Separator+1","bronze:BugBarrage"],"picked":"bronze:ForceShield","floor":19},{"not_picked":["bronze:FineTuning","bronze:ClassDefault"],"picked":"bronze:BronzeArmor+1","floor":20},{"not_picked":["bronze:Invalidate","bronze:Constructor+1"],"picked":"bronze:Frontload","floor":21},{"not_picked":["bronze:OilSpill","bronze:Backtrace"],"picked":"bronze:FineTuning+1","floor":22},{"not_picked":["bronze:FollowUp+1","bronze:FineTuning"],"picked":"bronze:Fortify+1","floor":25},{"not_picked":["bronze:Return+1","bronze:WhirlingStrike"],"picked":"bronze:FindAndReplace","floor":26},{"not_picked":["bronze:BronzeOrb","bronze:CutThrough"],"picked":"bronze:BuggyMess","floor":27},{"not_picked":["bronze:DelayedGuard","bronze:Shield"],"picked":"bronze:ForLoop","floor":28},{"not_picked":["bronze:CloningBeam","bronze:Iterate"],"picked":"bronze:Fortify+1","floor":32}],"player_experience":875917,"relics_obtained":[{"floor":7,"key":"bronze:CableSpool"},{"floor":10,"key":"infinitespire:Bottled Soul"},{"floor":12,"key":"Boot"},{"floor":24,"key":"Potion Belt"},{"floor":28,"key":"infinitespire:Lucky Rock"}],"event_choices":[],"is_beta":false,"boss_relics":[{"not_picked":["Tiny House","Runic Dome"],"picked":"Astrolabe"}],"items_purged_floors":[27,31],"is_endless":true,"potions_floor_spawned":[2,3,5,15,21,22,25,28],"killed_by":"IC_MUSHROOM_ARCHETYPE","ascension_level":0}}