{"host":"usdj552hvd2ulznm","time":1611626362,"event":{"mods":["Act Like it!","Aspiration","BaseMod","Better Third Choice","Colored Powertips","Conjunction","Conspire","DeckTracker","Dota2Spire","Downfall","Emptier Cage","Energized Spire","Gensokyo","GifTheSpireLib","GungeonMod","Halation","Hallownest","Hermit","Hubris","Infinite Spire","Key Reminder","Lobotomy","LobotomyExtend","Minty Spire (QoL Compilation)","MostiFishMod","Poem Panic","Quarter Circle Forward PUNCH!","Quick Restart","RNG Fix","Railgun Mod","Random Character Mod","Relic Stats","Reliquary","Replay The Spire","Reworked Bosses","Small Relic Pack","StSLib","Stuff the Spire","The Animator","The Blue Laboratory","The IronCluck","The Jungle","Uncapped","WarShipGirlsR/????R mod","Wide Potions","??????REMEMod"],"gold_per_floor":[100,111,111,81,66,66,66,66,18,18,18,32,32,63,73,169,169,169,180,195,195,211,211,257,269,269,269,269,269],"floor_reached":28,"language":"ENG","playtime":1063,"items_purged":[],"score":204,"play_id":"da95cf94-288d-4fff-875e-539bc2b87d66","local_time":"20210125185922","is_ascension_mode":false,"campfire_choices":[],"circlet_count":0,"master_deck":["SpecialBullet","SpecialBullet","SpecialBullet","SpecialBullet","SpecialBullet","SpecialBullet","SpecialBullet","SpecialBullet","InformationCode","ControlCode","TrainingCode","GoldRush","MagicBullet","Harvest","Twilight","ParadiseLost","SilentOrchestra","Adoration","Lamp+1","Pride","Pinks","SpecialBullet","GreedKing","LifeForTheDareDevil","CherryBlossom","Logging","HeroicMonk","SecurityCode"],"relics":["CogitoBucket","DaveBox","REME_ComplimentaryCards","LetterFromLob","Eternal Feather","Dota2Spire:MonkeyKingBar","infinitespire:Bottled Soul","Blue Doll","conspire:SpecialSausage","CombinedTypeHook","BehaviorAdjustment","hubris:Icosahedron","Bag of Marbles","DemoMod:GlassGuonStoneRelic"],"acts_visited":["Gensokyo:Gensokyo","TheCity"],"potions_floor_usage":[16,16,25,28],"damage_taken":[{"damage":7,"enemies":"Gensokyo:Gryphon","floor":2,"turns":3},{"damage":9,"enemies":"downfall:FleeingMerchant","floor":5,"turns":4},{"damage":0,"enemies":"Gensokyo:2_Kodama","floor":12,"turns":1},{"damage":10,"enemies":"conspire:MimicChest","floor":14,"turns":4},{"damage":0,"enemies":"Gensokyo:Python","floor":15,"turns":1},{"damage":23,"enemies":"SI_SHIV_ARCHETYPE","floor":16,"turns":5},{"damage":48,"enemies":"3 Byrds","floor":19,"turns":8},{"damage":1,"enemies":"Snake Plant","floor":20,"turns":2},{"damage":3,"enemies":"Chosen and Byrds","floor":22,"turns":3},{"damage":11,"enemies":"Cultist and Chosen","floor":25,"turns":2},{"damage":25,"enemies":"conspire:HollyBat","floor":28,"turns":2}],"seed_played":"4469063202879551007","potions_obtained":[{"floor":12,"key":"Dota2Spire:HealingSalve"},{"floor":15,"key":"blueLaboratory:ExaltedPotion"},{"floor":16,"key":"blueLaboratory:BottledHope"},{"floor":20,"key":"blueLaboratory:BubblePotion"},{"floor":22,"key":"Energy Potion"}],"is_trial":false,"path_per_floor":["R","M","?","?","$","R","T","?","COS","?","R","M","T","?","M","B",null,"R","M","M","?","M","?","T","M","?","R","M"],"character_chosen":"Angela","items_purchased":[],"campfire_rested":0,"item_purchase_floors":[],"current_hp_per_floor":[70,63,70,70,61,70,70,70,70,70,70,70,70,60,60,49,70,70,22,21,21,18,18,18,7,7,22,0,0],"gold":269,"neow_bonus":"ONE_RANDOM_RARE_CARD","is_daily":false,"chose_seed":false,"campfire_upgraded":0,"win_rate":0.0,"timestamp":1611626362,"path_taken":["R","M","?","?","?","R","T","?","COS","?","R","?","?","?","M","BOSS","R","M","M","?","M","?","T","M","?","R","M"],"items_purchased_type":[],"build_version":"2020-12-22","purchased_purges":0,"victory":false,"max_hp_per_floor":[70,70,70,70,70,70,70,70,70,70,70,70,70,70,70,70,70,70,70,70,70,70,70,70,70,70,70,70,70],"relic_stats":{"counters":[12,35],"Eternal Feather":24,"obtain_stats":[{"CombinedTypeHook":19,"DaveBox":0,"Eternal Feather":5,"Blue Doll":14,"conspire:SpecialSausage":17,"DemoMod:GlassGuonStoneRelic":2,"CogitoBucket":0,"hubris:Icosahedron":23,"infinitespire:Bottled Soul":13,"BehaviorAdjustment":19,"LetterFromLob":2,"Bag of Marbles":24,"Dota2Spire:MonkeyKingBar":7,"REME_ComplimentaryCards":0},{"CombinedTypeHook":8,"DaveBox":0,"Eternal Feather":2,"Blue Doll":4,"conspire:SpecialSausage":6,"DemoMod:GlassGuonStoneRelic":1,"CogitoBucket":0,"hubris:Icosahedron":10,"infinitespire:Bottled Soul":3,"BehaviorAdjustment":8,"LetterFromLob":1,"Bag of Marbles":10,"Dota2Spire:MonkeyKingBar":2,"REME_ComplimentaryCards":0},{"CombinedTypeHook":20,"DaveBox":0,"Eternal Feather":6,"Blue Doll":12,"conspire:SpecialSausage":18,"DemoMod:GlassGuonStoneRelic":3,"CogitoBucket":0,"hubris:Icosahedron":31,"infinitespire:Bottled Soul":8,"BehaviorAdjustment":27,"LetterFromLob":3,"Bag of Marbles":31,"Dota2Spire:MonkeyKingBar":7,"REME_ComplimentaryCards":0}]},"card_choices":[{"not_picked":["CherryBlossom"],"picked":"MagicBullet","floor":2},{"not_picked":[],"picked":"Harvest","floor":4},{"not_picked":[],"picked":"Twilight","floor":4},{"not_picked":["OldLady","BeautyBeast"],"picked":"SilentOrchestra","floor":5},{"not_picked":["Regret_ego"],"picked":"Adoration","floor":5},{"not_picked":["Pleasure","Harmony"],"picked":"SKIP","floor":12},{"not_picked":["RapturousDream"],"picked":"Lamp","floor":14},{"not_picked":["CUTE","Hypocrisy"],"picked":"SKIP","floor":15},{"not_picked":["ParadiseLost"],"picked":"Pinks","floor":16},{"not_picked":["VoidDream","MHz"],"picked":"GreedKing","floor":19},{"not_picked":["Loneliness"],"picked":"LifeForTheDareDevil","floor":19},{"not_picked":["Regret_ego","MagicBullet"],"picked":"SKIP","floor":20},{"not_picked":["CENSORED_ego"],"picked":"Logging","floor":22},{"not_picked":["FieryBird","Laetitia"],"picked":"HeroicMonk","floor":25},{"not_picked":["Beak","Penitence+1"],"picked":"SKIP","floor":25}],"player_experience":482825,"relics_obtained":[{"floor":2,"key":"LetterFromLob"},{"floor":7,"key":"Dota2Spire:MonkeyKingBar"},{"floor":13,"key":"infinitespire:Bottled Soul"},{"floor":14,"key":"Blue Doll"},{"floor":24,"key":"Bag of Marbles"}],"event_choices":[],"is_beta":false,"boss_relics":[{"not_picked":["halation:HeavySnake","Astrolabe"],"picked":"conspire:SpecialSausage"}],"items_purged_floors":[],"is_endless":false,"potions_floor_spawned":[12,15,16,20,22],"killed_by":"conspire:HollyBat","ascension_level":0}}