{"host":"04hh9gplt9wkfmr1","time":1611632502,"event":{"mods":["AchievementEnabler","BaseMod","Colored Map","KOR Keyword Fix","Minty Spire (QoL Compilation)","Rare Cards Sparkle","SuperFastMode"],"gold_per_floor":[111,129,140,159,234,260,260,294,317,317,334,334,350,350,350,448,448,418,271,271,271,271,271,271,271,271,271,271,271,271,271,271,271,271,271,271,271,124,124,124,124,124,124,124,124,124,124,124,124,124],"floor_reached":51,"language":"KOR","playtime":1144,"items_purged":["Defend_B"],"score":951,"play_id":"983979da-d41e-4c28-8bf9-7381699ab4ed","local_time":"20210126124142","is_ascension_mode":true,"campfire_choices":[{"floor":7.0,"key":"REST"},{"floor":10.0,"key":"REST"},{"floor":12.0,"key":"REST"},{"data":"Dualcast","floor":15.0,"key":"SMITH"},{"data":"Electrodynamics","floor":23.0,"key":"SMITH"},{"data":"Self Repair","floor":25.0,"key":"SMITH"},{"data":"Defragment","floor":30.0,"key":"SMITH"},{"data":"Defragment","floor":32.0,"key":"SMITH"},{"floor":40.0,"key":"REST"},{"data":"Electrodynamics","floor":42.0,"key":"SMITH"},{"data":"Static Discharge","floor":47.0,"key":"SMITH"},{"floor":49.0,"key":"REST"}],"circlet_count":0,"master_deck":["Defend_B","Defend_B","Zap","Dualcast+1","Hologram","Ball Lightning","Static Discharge+1","Ball Lightning","Aggregate+1","Double Energy+1","Electrodynamics+1","Hologram","Storm+1","Self Repair+1","Bite","Bite+1","Bite","Bite+1","Bite","Defragment+1","Defragment+1","Electrodynamics+1","CurseOfTheBell","Tempest+1","Fission+1","Stack","Hologram+1"],"relics":["Cracked Core","Du-Vu Doll","MealTicket","Centennial Puzzle","Ectoplasm","Tiny Chest","Whetstone","Bottled Tornado","Pear","Calling Bell","War Paint","Pantograph","TungstenRod","Juzu Bracelet","MawBank","Turnip"],"acts_visited":["Exordium","TheCity","TheBeyond"],"potions_floor_usage":[50,50,50],"damage_taken":[{"damage":0.0,"enemies":"Cultist","floor":1.0,"turns":4.0},{"damage":3.0,"enemies":"Jaw Worm","floor":2.0,"turns":4.0},{"damage":0.0,"enemies":"2 Louse","floor":3.0,"turns":1.0},{"damage":19.0,"enemies":"Gremlin Gang","floor":4.0,"turns":4.0},{"damage":20.0,"enemies":"3 Sentries","floor":6.0,"turns":5.0},{"damage":33.0,"enemies":"Gremlin Nob","floor":8.0,"turns":4.0},{"damage":11.0,"enemies":"Blue Slaver","floor":11.0,"turns":3.0},{"damage":12.0,"enemies":"3 Louse","floor":13.0,"turns":2.0},{"damage":24.0,"enemies":"Hexaghost","floor":16.0,"turns":8.0},{"damage":12.0,"enemies":"2 Thieves","floor":18.0,"turns":2.0},{"damage":9.0,"enemies":"Shell Parasite","floor":20.0,"turns":4.0},{"damage":7.0,"enemies":"Snecko","floor":21.0,"turns":3.0},{"damage":27.0,"enemies":"Slavers","floor":24.0,"turns":2.0},{"damage":30.0,"enemies":"Centurion and Healer","floor":27.0,"turns":3.0},{"damage":0.0,"enemies":"Gremlin Leader","floor":28.0,"turns":4.0},{"damage":24.0,"enemies":"Snake Plant","floor":31.0,"turns":2.0},{"damage":51.0,"enemies":"Collector","floor":33.0,"turns":6.0},{"damage":5.0,"enemies":"3 Shapes","floor":35.0,"turns":2.0},{"damage":10.0,"enemies":"3 Darklings","floor":36.0,"turns":2.0},{"damage":40.0,"enemies":"Writhing Mass","floor":39.0,"turns":4.0},{"damage":8.0,"enemies":"4 Shapes","floor":44.0,"turns":2.0},{"damage":18.0,"enemies":"Mind Bloom Boss Battle","floor":45.0,"turns":4.0},{"damage":2.0,"enemies":"Sphere and 2 Shapes","floor":46.0,"turns":3.0},{"damage":30.0,"enemies":"Jaw Worm Horde","floor":48.0,"turns":2.0},{"damage":78,"enemies":"Time Eater","floor":50,"turns":8}],"seed_played":"3919500967501982149","potions_obtained":[{"floor":4.0,"key":"Ancient Potion"},{"floor":6.0,"key":"Dexterity Potion"},{"floor":11.0,"key":"Fruit Juice"},{"floor":13.0,"key":"LiquidMemories"},{"floor":24.0,"key":"Energy Potion"},{"floor":27.0,"key":"LiquidBronze"},{"floor":28.0,"key":"DuplicationPotion"},{"floor":44.0,"key":"PotionOfCapacity"}],"is_trial":false,"path_per_floor":["M","M","M","M","?","E","R","E","T","R","M","R","M","?","R","B",null,"M","$","M","M","?","R","E","R","T","M","E","?","R","M","R","B",null,"M","M","T","$","M","R","?","R","T","M","?","M","R","M","R","B",null],"character_chosen":"DEFECT","items_purchased":["Tiny Chest","Fission"],"campfire_rested":5,"item_purchase_floors":[19,38],"current_hp_per_floor":[75,72,72,53,42,22,46,13,13,37,31,57,45,50,50,26,76,64,79,70,63,63,63,36,36,36,29,57,57,57,45,45,23,61,56,46,46,61,37,59,59,59,59,51,69,74,74,44,66,9],"gold":124,"neow_bonus":"TEN_PERCENT_HP_BONUS","is_daily":false,"chose_seed":false,"campfire_upgraded":7,"win_rate":0.0,"timestamp":1611632502,"path_taken":["M","?","M","M","?","E","R","E","T","R","M","R","M","?","R","BOSS","M","$","M","M","?","R","E","R","T","M","E","?","R","M","R","BOSS","M","?","?","$","M","R","?","R","T","M","?","M","R","M","R","BOSS"],"items_purchased_type":["Relic","Card"],"build_version":"2020-12-22","purchased_purges":1,"victory":true,"max_hp_per_floor":[82,82,82,82,82,82,82,82,82,82,87,87,87,92,92,92,92,92,92,92,92,64,64,64,64,64,64,74,74,74,74,74,74,74,74,74,74,74,74,74,74,74,74,74,74,74,74,74,74,74],"card_choices":[{"not_picked":["Coolheaded","Sweeping Beam"],"picked":"Hologram","floor":1.0},{"not_picked":["Sweeping Beam","Coolheaded"],"picked":"Ball Lightning","floor":2.0},{"not_picked":["Recycle","Barrage","Blizzard"],"picked":"SKIP","floor":3.0},{"not_picked":["Fission","Barrage"],"picked":"Static Discharge","floor":4.0},{"not_picked":["Turbo","Redo"],"picked":"Ball Lightning","floor":6.0},{"not_picked":["Redo","Stack","FTL"],"picked":"SKIP","floor":8.0},{"not_picked":["Conserve Battery","Coolheaded"],"picked":"Aggregate","floor":11.0},{"not_picked":["Barrage","Conserve Battery"],"picked":"Double Energy","floor":13.0},{"not_picked":["Core Surge","All For One"],"picked":"Electrodynamics","floor":16.0},{"not_picked":["Reprogram","Conserve Battery"],"picked":"Hologram","floor":18.0},{"not_picked":["Leap+1","Electrodynamics"],"picked":"Storm+1","floor":20.0},{"not_picked":["Darkness","Stack"],"picked":"Self Repair","floor":21.0},{"not_picked":["Redo","Storm","FTL"],"picked":"SKIP","floor":24.0},{"not_picked":["Leap+1","Conserve Battery+1"],"picked":"Defragment","floor":27.0},{"not_picked":["Steam+1","Lockon+1"],"picked":"Defragment","floor":28.0},{"not_picked":["Go for the Eyes","Compile Driver+1","Steam"],"picked":"SKIP","floor":31.0},{"not_picked":["Hyperbeam","Rainbow"],"picked":"Electrodynamics","floor":33.0},{"not_picked":["Beam Cell+1","Gash","Reinforced Body+1"],"picked":"SKIP","floor":35.0},{"not_picked":["Aggregate+1","Redo+1"],"picked":"Tempest+1","floor":36.0},{"not_picked":["Darkness","Compile Driver","Rebound"],"picked":"SKIP","floor":39.0},{"not_picked":["Gash","Cold Snap+1","Chaos+1"],"picked":"SKIP","floor":44.0},{"not_picked":["Steam Power","Gash"],"picked":"Stack","floor":46.0},{"not_picked":["Doom and Gloom+1","Darkness"],"picked":"Hologram+1","floor":48.0}],"player_experience":83126,"relics_obtained":[{"floor":6.0,"key":"Du-Vu Doll"},{"floor":8.0,"key":"MealTicket"},{"floor":9.0,"key":"Centennial Puzzle"},{"floor":24.0,"key":"Whetstone"},{"floor":26.0,"key":"Bottled Tornado"},{"floor":28.0,"key":"Pear"},{"floor":34.0,"key":"War Paint"},{"floor":34.0,"key":"Pantograph"},{"floor":34.0,"key":"TungstenRod"},{"floor":37.0,"key":"Juzu Bracelet"},{"floor":43.0,"key":"MawBank"},{"floor":45.0,"key":"Turnip"}],"event_choices":[{"damage_healed":0.0,"max_hp_gain":0.0,"max_hp_loss":0.0,"gold_gain":75.0,"event_name":"World of Goop","player_choice":"Gather Gold","floor":5.0,"gold_loss":0.0,"damage_taken":11.0},{"damage_healed":0.0,"max_hp_gain":5.0,"max_hp_loss":0.0,"gold_gain":0.0,"event_name":"Big Fish","player_choice":"Donut","floor":14.0,"gold_loss":0.0,"damage_taken":0.0},{"damage_healed":0.0,"max_hp_gain":0.0,"max_hp_loss":28.0,"gold_gain":0.0,"event_name":"Vampires","player_choice":"Became a vampire","floor":22.0,"gold_loss":0.0,"damage_taken":0.0,"cards_obtained":["Bite","Bite","Bite","Bite","Bite"]},{"cards_removed":["Defend_B"],"damage_healed":0.0,"max_hp_gain":0.0,"max_hp_loss":0.0,"gold_gain":0.0,"event_name":"Bonfire Elementals","player_choice":"Offered Basic","floor":29.0,"gold_loss":0.0,"damage_taken":0.0},{"damage_healed":0.0,"max_hp_gain":0.0,"max_hp_loss":0.0,"gold_gain":0.0,"event_name":"Upgrade Shrine","player_choice":"Upgraded","floor":41.0,"gold_loss":0.0,"damage_taken":0.0,"cards_upgraded":["Fission"]},{"damage_healed":0.0,"max_hp_gain":0.0,"max_hp_loss":0.0,"gold_gain":0.0,"event_name":"MindBloom","player_choice":"Fight","floor":45.0,"gold_loss":0.0,"damage_taken":0.0}],"is_beta":false,"boss_relics":[{"not_picked":["Pandora\u0027s Box","Coffee Dripper"],"picked":"Ectoplasm"},{"not_picked":["Busted Crown","Velvet Choker"],"picked":"Calling Bell"}],"items_purged_floors":[38],"is_endless":false,"potions_floor_spawned":[4,6,11,13,16,20,24,27,28,44,45],"ascension_level":6}}