{"host":"kywtqy4o43fs5yna","time":1611628226,"event":{"mods":["AchievementEnabler","Act Like it!","BaseMod","Better Note","BetterRewards","Colored Map","Minty Spire (QoL Compilation)","Quick Restart","Rare Cards Sparkle","StSLib","SuperFastMode"],"gold_per_floor":[111,64,80,80,155,155,174,174,200,200,235,235,248,263,263,263,263],"floor_reached":16,"language":"RUS","playtime":1260,"items_purged":[],"score":105,"play_id":"48fc7c74-4099-4552-9e85-6ff74b8c741f","local_time":"20210126123026","is_ascension_mode":true,"campfire_choices":[{"data":"Hologram","floor":6,"key":"SMITH"},{"data":"Forethought","floor":10,"key":"SMITH"},{"floor":15,"key":"REST"}],"circlet_count":0,"master_deck":["Strike_B","Strike_B","Strike_B","Strike_B","Defend_B","Defend_B","Defend_B","Defend_B","Zap","Dualcast","Meteor Strike","Turbo","Forethought+1","Undo+1","Rebound","Hologram+1","Double Energy+1","Machine Learning","Leap+1","Hologram+1"],"relics":["Cracked Core","War Paint","Toxic Egg 2"],"acts_visited":["Exordium"],"potions_floor_usage":[11,16,16],"damage_taken":[{"damage":1,"enemies":"2 Louse","floor":1,"turns":2},{"damage":1,"enemies":"Jaw Worm","floor":3,"turns":3},{"damage":1,"enemies":"Cultist","floor":7,"turns":4},{"damage":4,"enemies":"3 Sentries","floor":11,"turns":9},{"damage":0,"enemies":"Looter","floor":13,"turns":4},{"damage":0,"enemies":"Large Slime","floor":14,"turns":6},{"damage":76,"enemies":"Hexaghost","floor":16,"turns":18}],"seed_played":"7001041544851072321","potions_obtained":[{"floor":3,"key":"Ancient Potion"},{"floor":7,"key":"DistilledChaos"},{"floor":11,"key":"Swift Potion"}],"is_trial":false,"path_per_floor":["M","$","M","?","?","R","M","?","T","R","E","$","M","M","R","B"],"character_chosen":"DEFECT","items_purchased":["Meteor Strike","Turbo","Forethought","Rebound"],"campfire_rested":1,"item_purchase_floors":[0,0,0,2],"current_hp_per_floor":[39,39,38,63,52,52,51,51,51,51,47,47,47,47,69,0,0],"gold":263,"neow_bonus":"","is_daily":false,"chose_seed":false,"campfire_upgraded":2,"win_rate":0.0,"timestamp":1611628226,"path_taken":["M","$","M","?","?","R","M","?","T","R","E","$","?","M","R","BOSS"],"items_purchased_type":["Card","Card","Card","Card"],"build_version":"2020-12-22","purchased_purges":0,"victory":false,"max_hp_per_floor":[75,75,75,75,75,75,75,75,75,75,75,75,75,75,75,75,75],"card_choices":[{"not_picked":["Doom and Gloom","Stack"],"picked":"Undo","floor":1},{"not_picked":["Sweeping Beam","Compile Driver"],"picked":"Hologram","floor":3},{"not_picked":["Steam","Reprogram"],"picked":"Double Energy","floor":7},{"not_picked":["Ball Lightning","Skim+1"],"picked":"Machine Learning","floor":11},{"not_picked":["Compile Driver","Reprogram+1"],"picked":"Leap+1","floor":13},{"not_picked":["Rebound","Go for the Eyes"],"picked":"Hologram+1","floor":14}],"player_experience":173395,"relics_obtained":[{"floor":9,"key":"War Paint"},{"floor":11,"key":"Toxic Egg 2"}],"event_choices":[{"damage_healed":25,"gold_gain":0,"player_choice":"Banana","damage_taken":0,"max_hp_gain":0,"max_hp_loss":0,"event_name":"Big Fish","floor":4,"gold_loss":0},{"damage_healed":0,"gold_gain":75,"player_choice":"Gather Gold","damage_taken":11,"max_hp_gain":0,"max_hp_loss":0,"event_name":"World of Goop","floor":5,"gold_loss":0},{"damage_healed":0,"gold_gain":0,"player_choice":"Bought 0 Potions","damage_taken":0,"max_hp_gain":0,"max_hp_loss":0,"event_name":"The Woman in Blue","floor":8,"gold_loss":0}],"is_beta":false,"boss_relics":[],"items_purged_floors":[],"is_endless":false,"potions_floor_spawned":[3,7,11],"killed_by":"Hexaghost","ascension_level":1}}