{"host":"8is2j71l4wmybkoi","time":1611653922,"event":{"mods":["AchievementEnabler","BaseMod","Colored Map","Minty Spire (QoL Compilation)","Rare Cards Sparkle","StSLib","SuperFastMode"],"gold_per_floor":[15,25,25,35,47,76,76,1,1,12,26,45,45,80,80,153,153,167,185,185,185,201,201,201,201,201,281,313,332,332,345,345,416,416,427,26,40,57,57,57],"floor_reached":39,"language":"KOR","playtime":1309,"items_purged":["Strike_B","Strike_B"],"score":830,"play_id":"5fd9063b-92a9-4e75-bc3d-394f21bdab8d","local_time":"20210126183842","is_ascension_mode":true,"campfire_choices":[{"data":"Defragment","floor":7.0,"key":"SMITH"},{"floor":13.0,"key":"REST"},{"data":"Multi-Cast","floor":15.0,"key":"SMITH"},{"data":"Ghostly","floor":23.0,"key":"SMITH"},{"floor":25.0,"key":"REST"},{"data":"Ghostly","floor":30,"key":"SMITH"},{"floor":32,"key":"REST"}],"circlet_count":0,"master_deck":["AscendersBane","Defend_B","Defend_B","Defend_B","Defend_B","Zap","Dualcast","Chill","Defragment+1","Multi-Cast+1","Zap","Undo","Compile Driver","Hello World","Go for the Eyes","Gash","Sweeping Beam","Electrodynamics","Stack+1","Ghostly+1","Ghostly+1","Ghostly","White Noise","Rainbow","Turbo","Storm+1","Seek","Buffer+1","Capacitor+1","Defragment+1","Recycle+1"],"relics":["Cracked Core","Pocketwatch","Symbiotic Virus","Blue Candle","Singing Bowl","Nuclear Battery","Frozen Egg 2","Sundial","Dream Catcher","Inserter","PreservedInsect"],"acts_visited":["Exordium","TheCity","TheBeyond"],"potions_floor_usage":[28,28,33,33,38,39],"damage_taken":[{"damage":9.0,"enemies":"Jaw Worm","floor":1.0,"turns":3.0},{"damage":0.0,"enemies":"Cultist","floor":2.0,"turns":3.0},{"damage":3.0,"enemies":"2 Louse","floor":4.0,"turns":2.0},{"damage":9.0,"enemies":"Looter","floor":5.0,"turns":3.0},{"damage":11.0,"enemies":"Gremlin Nob","floor":6.0,"turns":3.0},{"damage":5.0,"enemies":"Blue Slaver","floor":10.0,"turns":4.0},{"damage":9.0,"enemies":"Exordium Wildlife","floor":11.0,"turns":2.0},{"damage":10.0,"enemies":"Lots of Slimes","floor":12.0,"turns":4.0},{"damage":2.0,"enemies":"3 Sentries","floor":14.0,"turns":5.0},{"damage":26.0,"enemies":"Hexaghost","floor":16.0,"turns":9.0},{"damage":26.0,"enemies":"Shell Parasite","floor":18.0,"turns":6.0},{"damage":9.0,"enemies":"2 Thieves","floor":19.0,"turns":2.0},{"damage":0.0,"enemies":"Snecko","floor":22.0,"turns":5.0},{"damage":24,"enemies":"Book of Stabbing","floor":28,"turns":8},{"damage":2,"enemies":"Sentry and Sphere","floor":29,"turns":4},{"damage":3,"enemies":"Shelled Parasite and Fungi","floor":31,"turns":5},{"damage":12,"enemies":"Collector","floor":33,"turns":13},{"damage":20,"enemies":"3 Shapes","floor":35,"turns":3},{"damage":2,"enemies":"Orb Walker","floor":37,"turns":3},{"damage":14,"enemies":"Writhing Mass","floor":38,"turns":3},{"damage":11,"enemies":"Spire Growth","floor":39,"turns":4}],"seed_played":"-1357611730641699068","potions_obtained":[{"floor":1.0,"key":"EssenceOfDarkness"},{"floor":2.0,"key":"GamblersBrew"},{"floor":11.0,"key":"BlessingOfTheForge"},{"floor":12.0,"key":"SkillPotion"},{"floor":18.0,"key":"SkillPotion"},{"floor":22.0,"key":"Regen Potion"},{"floor":28,"key":"Block Potion"},{"floor":31,"key":"Dexterity Potion"},{"floor":35,"key":"Dexterity Potion"}],"is_trial":false,"path_per_floor":["M","M","?","M","M","E","R","$","T","M","M","M","R","E","R","B",null,"M","M","?","?","M","R","?","R","T","T","E","M","R","M","R","B",null,"M","$","M","M","M"],"character_chosen":"DEFECT","items_purchased":["Defragment+1","PreservedInsect","PowerPotion"],"campfire_rested":3,"item_purchase_floors":[36,36,36],"current_hp_per_floor":[55,55,55,52,43,32,32,32,32,27,18,8,29,29,29,3,56,32,23,23,23,25,25,16,29,29,29,22,20,20,17,30,18,39,19,19,17,5,0,0],"gold":57,"neow_bonus":"ONE_RARE_RELIC","is_daily":false,"chose_seed":false,"campfire_upgraded":4,"win_rate":0.0,"timestamp":1611653922,"path_taken":["M","M","?","M","M","E","R","?","T","M","M","M","R","E","R","BOSS","M","M","?","?","M","R","?","R","T","?","E","M","R","?","R","BOSS","M","$","?","M","M"],"items_purchased_type":["Card","Relic","Potion"],"build_version":"2020-12-22","purchased_purges":2,"victory":false,"max_hp_per_floor":[71,71,71,71,71,71,71,71,71,71,71,71,71,73,73,73,73,75,75,37,37,39,39,44,44,44,44,46,46,46,46,46,46,46,46,46,46,48,48,48],"card_choices":[{"not_picked":["Streamline","Recycle"],"picked":"Chill","floor":1.0},{"not_picked":["Coolheaded","Leap"],"picked":"Defragment","floor":2.0},{"not_picked":["Coolheaded","Leap"],"picked":"Compile Driver","floor":4.0},{"not_picked":["Heatsinks","Hologram"],"picked":"Hello World","floor":5.0},{"not_picked":["Gash","Heatsinks"],"picked":"Go for the Eyes","floor":6.0},{"not_picked":["Stack","Reinforced Body"],"picked":"Gash","floor":10.0},{"not_picked":["Steam Power","Beam Cell","Rebound"],"picked":"SKIP","floor":11.0},{"not_picked":["Undo","Chill"],"picked":"Sweeping Beam","floor":12.0},{"not_picked":["Darkness","Hyperbeam","Compile Driver"],"picked":"Singing Bowl","floor":14.0},{"not_picked":["Hyperbeam","Reboot"],"picked":"Electrodynamics","floor":16.0},{"not_picked":["Gash","Genetic Algorithm+1","Redo"],"picked":"Singing Bowl","floor":18.0},{"not_picked":["Cold Snap","Defragment"],"picked":"Stack+1","floor":19.0},{"not_picked":["Consume","Streamline","Gash"],"picked":"Singing Bowl","floor":22.0},{"not_picked":["Leap","Undo","Stack"],"picked":"Singing Bowl","floor":28},{"not_picked":["Redo","Stack"],"picked":"Turbo","floor":29},{"not_picked":["Gash+1","BootSequence"],"picked":"Storm+1","floor":31},{"not_picked":["Rip and Tear+1","Doom and Gloom"],"picked":"Seek","floor":32},{"not_picked":["Amplify","All For One"],"picked":"Buffer+1","floor":33},{"not_picked":["Turbo","Leap+1"],"picked":"Capacitor+1","floor":35},{"not_picked":["Coolheaded","Barrage"],"picked":"Recycle+1","floor":37},{"not_picked":["Blizzard+1","Ball Lightning","Cold Snap"],"picked":"Singing Bowl","floor":38}],"player_experience":810807,"relics_obtained":[{"floor":6.0,"key":"Symbiotic Virus"},{"floor":9.0,"key":"Blue Candle"},{"floor":14.0,"key":"Singing Bowl"},{"floor":26.0,"key":"Frozen Egg 2"},{"floor":27.0,"key":"Sundial"},{"floor":28,"key":"Dream Catcher"}],"event_choices":[{"damage_healed":0.0,"max_hp_gain":0.0,"max_hp_loss":0.0,"gold_gain":0.0,"event_name":"Match and Keep!","player_choice":"3 cards matched","floor":3.0,"gold_loss":0.0,"damage_taken":0.0,"cards_obtained":["Multi-Cast","Zap","Undo"]},{"damage_healed":0.0,"max_hp_gain":0.0,"max_hp_loss":38.0,"gold_gain":0.0,"event_name":"Ghosts","player_choice":"Became a Ghost","floor":20.0,"gold_loss":0.0,"damage_taken":0.0,"cards_obtained":["Ghostly","Ghostly","Ghostly"]},{"damage_healed":0.0,"max_hp_gain":0.0,"max_hp_loss":0.0,"gold_gain":0.0,"cards_transformed":["Strike_B","Strike_B"],"event_name":"Drug Dealer","player_choice":"Became Test Subject","floor":21.0,"gold_loss":0.0,"damage_taken":0.0,"cards_obtained":["White Noise","Rainbow"]},{"damage_healed":0.0,"max_hp_gain":5.0,"max_hp_loss":0.0,"gold_gain":0.0,"event_name":"Forgotten Altar","player_choice":"Shed Blood","floor":24.0,"gold_loss":0.0,"damage_taken":14.0}],"is_beta":false,"boss_relics":[{"not_picked":["Tiny House","FrozenCore"],"picked":"Nuclear Battery"},{"not_picked":["Empty Cage","Calling Bell"],"picked":"Inserter"}],"items_purged_floors":[8,36],"is_endless":false,"potions_floor_spawned":[1,2,11,12,18,22,28,31,35,37],"killed_by":"Spire Growth","ascension_level":20}}