{"host":"f5n4tidiz2n5sooh","time":1611671462,"event":{"mods":["BaseMod","Colored Map","Minty Spire (QoL Compilation)","Relic Stats","Slay the Relics Exporter","StSLib"],"gold_per_floor":[113,131,149,168,2,2,34,49,130,130,130,148,148,175,175,249,249,264,282,297,297,308,308,342,342,423,8,8,28,28,61,61,61,61],"floor_reached":33,"language":"ENG","playtime":1636,"items_purged":["Strike_B"],"score":594,"play_id":"87ac302c-2dcd-4c43-8943-feadb6ca71ed","local_time":"20210126083102","is_ascension_mode":true,"campfire_choices":[{"floor":6,"key":"REST"},{"floor":10,"key":"REST"},{"floor":13,"key":"REST"},{"floor":15,"key":"RECALL"},{"floor":23,"key":"REST"},{"floor":32,"key":"REST"}],"circlet_count":0,"master_deck":["AscendersBane","Strike_B","Strike_B","Strike_B","Defend_B","Defend_B","Defend_B","Defend_B","Zap","Dualcast","Genetic Algorithm+1","Chill+1","Genetic Algorithm","Defragment","Seek","Self Repair","Cold Snap","Darkness","Electrodynamics","Compile Driver+1","Cold Snap","Darkness+1","RitualDagger","Static Discharge+1","Core Surge","Glacier","Core Surge"],"relics":["Fusion Hammer","Matryoshka","War Paint","Question Card","Pen Nib","Snecko Eye","Blood Vial","Regal Pillow","Mercury Hourglass","Orichalcum","DataDisk"],"acts_visited":["Exordium","TheCity"],"potions_floor_usage":[7,16,18,19,24,29,31],"damage_taken":[{"damage":2,"enemies":"Cultist","floor":1,"turns":4},{"damage":8,"enemies":"Jaw Worm","floor":2,"turns":4},{"damage":9,"enemies":"Small Slimes","floor":3,"turns":5},{"damage":5,"enemies":"Looter","floor":4,"turns":4},{"damage":20,"enemies":"3 Sentries","floor":7,"turns":24},{"damage":7,"enemies":"Exordium Wildlife","floor":8,"turns":7},{"damage":5,"enemies":"Blue Slaver","floor":12,"turns":5},{"damage":6,"enemies":"Lagavulin","floor":14,"turns":7},{"damage":49,"enemies":"The Guardian","floor":16,"turns":10},{"damage":0,"enemies":"Spheric Guardian","floor":18,"turns":4},{"damage":3,"enemies":"3 Byrds","floor":19,"turns":5},{"damage":1,"enemies":"Shelled Parasite and Fungi","floor":20,"turns":7},{"damage":17,"enemies":"Snecko","floor":22,"turns":5},{"damage":45,"enemies":"Book of Stabbing","floor":24,"turns":5},{"damage":11,"enemies":"Centurion and Healer","floor":29,"turns":11},{"damage":38,"enemies":"Gremlin Leader","floor":31,"turns":8},{"damage":60,"enemies":"Automaton","floor":33,"turns":10}],"seed_played":"2432569454704788235","potions_obtained":[{"floor":2,"key":"Swift Potion"},{"floor":3,"key":"LiquidBronze"},{"floor":14,"key":"BlessingOfTheForge"},{"floor":18,"key":"SkillPotion"},{"floor":19,"key":"Swift Potion"},{"floor":24,"key":"BlessingOfTheForge"}],"is_trial":false,"path_per_floor":["M","M","M","M","$","R","E","M","T","R","?","M","R","E","R","B",null,"M","M","M","?","M","R","E","?","T","$","$","M","?","E","R","B"],"character_chosen":"DEFECT","items_purchased":["Defragment","Seek","Glacier","Orichalcum","Regen Potion"],"campfire_rested":5,"item_purchase_floors":[5,5,27,27,27],"current_hp_per_floor":[62,54,45,40,40,61,41,34,34,55,50,52,71,71,71,29,61,68,71,71,65,55,71,33,13,13,13,13,26,41,12,49,0,0],"gold":61,"neow_bonus":"BOSS_RELIC","is_daily":false,"chose_seed":false,"campfire_upgraded":0,"win_rate":0.0,"timestamp":1611671462,"path_taken":["M","?","M","M","$","R","E","M","T","R","?","M","R","E","R","BOSS","M","M","M","?","M","R","E","?","T","?","$","M","?","E","R","BOSS"],"items_purchased_type":["Card","Card","Card","Relic","Potion"],"build_version":"2020-12-22","purchased_purges":1,"victory":false,"max_hp_per_floor":[71,71,71,71,71,71,71,71,71,71,71,71,71,71,71,71,71,71,71,71,71,71,71,71,76,76,76,76,76,76,76,76,76,76],"relic_stats":{"Blood Vial":6,"Regal Pillow":15,"counters":[17,125],"Snecko Eye":[102,94,101,104],"Pen Nib":[9],"War Paint":["Chill","Genetic Algorithm"],"Orichalcum":[54],"Question Card":10,"obtain_stats":[{"Blood Vial":24,"Regal Pillow":26,"DataDisk":31,"Matryoshka":7,"Snecko Eye":17,"Fusion Hammer":0,"Pen Nib":11,"War Paint":9,"Orichalcum":27,"Cracked Core":0,"Question Card":9,"Mercury Hourglass":26},{"Blood Vial":14,"Regal Pillow":14,"DataDisk":16,"Matryoshka":5,"Snecko Eye":9,"Fusion Hammer":0,"Pen Nib":6,"War Paint":6,"Orichalcum":14,"Cracked Core":0,"Question Card":6,"Mercury Hourglass":14},{"Blood Vial":96,"Regal Pillow":96,"DataDisk":115,"Matryoshka":41,"Snecko Eye":70,"Fusion Hammer":0,"Pen Nib":48,"War Paint":48,"Orichalcum":96,"Cracked Core":0,"Question Card":48,"Mercury Hourglass":96}],"Mercury Hourglass":[126]},"card_choices":[{"not_picked":["Redo","Go for the Eyes"],"picked":"Genetic Algorithm","floor":1},{"not_picked":["Hologram","Redo"],"picked":"Chill","floor":2},{"not_picked":["Reinforced Body","Gash","Redo"],"picked":"SKIP","floor":3},{"not_picked":["Beam Cell","Steam Power"],"picked":"Genetic Algorithm","floor":4},{"not_picked":["Heatsinks","Beam Cell","Chill"],"picked":"SKIP","floor":7},{"not_picked":["Beam Cell","Multi-Cast"],"picked":"Self Repair","floor":8},{"not_picked":["Compile Driver","White Noise","Sweeping Beam"],"picked":"Cold Snap","floor":12},{"not_picked":["Conserve Battery","Melter","Streamline"],"picked":"Darkness","floor":14},{"not_picked":["Amplify","Meteor Strike","Machine Learning"],"picked":"Electrodynamics","floor":16},{"not_picked":["Skim+1","Scrape+1","Ball Lightning"],"picked":"Compile Driver+1","floor":18},{"not_picked":["Gash","Chill+1","Barrage"],"picked":"Cold Snap","floor":19},{"not_picked":["Compile Driver","Reprogram","Coolheaded"],"picked":"Darkness+1","floor":20},{"not_picked":["Cold Snap","Chill","Coolheaded"],"picked":"Static Discharge+1","floor":22},{"not_picked":["Sweeping Beam","White Noise","Gash"],"picked":"Core Surge","floor":24},{"not_picked":["Barrage","Rebound+1","Streamline","Hologram"],"picked":"SKIP","floor":29},{"not_picked":["Gash","Undo","BootSequence"],"picked":"Core Surge","floor":31}],"player_experience":2029828,"relics_obtained":[{"floor":7,"key":"Matryoshka"},{"floor":9,"key":"War Paint"},{"floor":9,"key":"Question Card"},{"floor":24,"key":"Blood Vial"},{"floor":26,"key":"Regal Pillow"},{"floor":26,"key":"Mercury Hourglass"},{"floor":31,"key":"DataDisk"}],"event_choices":[{"damage_healed":0,"gold_gain":0,"player_choice":"Success","damage_taken":5,"relics_obtained":["Pen Nib"],"max_hp_gain":0,"max_hp_loss":0,"event_name":"Scrap Ooze","floor":11,"gold_loss":0},{"damage_healed":0,"gold_gain":0,"player_choice":"Joined the Cult","damage_taken":6,"max_hp_gain":0,"max_hp_loss":0,"event_name":"Nest","floor":21,"gold_loss":0,"cards_obtained":["RitualDagger"]},{"damage_healed":0,"gold_gain":0,"player_choice":"Shed Blood","damage_taken":25,"max_hp_gain":5,"max_hp_loss":0,"event_name":"Forgotten Altar","floor":25,"gold_loss":0},{"damage_healed":15,"gold_gain":0,"player_choice":"Heal","damage_taken":0,"max_hp_gain":0,"max_hp_loss":0,"event_name":"The Library","floor":30,"gold_loss":0}],"is_beta":false,"boss_relics":[{"not_picked":["Philosopher\u0027s Stone","Ectoplasm"],"picked":"Snecko Eye"}],"items_purged_floors":[27],"is_endless":false,"potions_floor_spawned":[2,3,14,18,19,24],"killed_by":"Automaton","ascension_level":20}}