{"host":"b4vwm7jq6jdk6nca","time":1611640274,"event":{"mods":["Act Like it!","BaseMod","Downfall","Minty Spire (QoL Compilation)","Pale of the Ancients","Quick Restart","Relic Filter Mod","StSLib","TestMod","The Cursed","[IsaacMod]ÒÔÈö¼âËþ"],"gold_per_floor":[111,125,50,61,71,71,71,71,119,145,145,156,189,189,189,268,268,287,337,348,372,372,372],"floor_reached":22,"language":"ZHS","playtime":794,"items_purged":["Strike_G"],"score":508,"play_id":"c8013f13-c802-48aa-83d0-0ac1fad9eac9","local_time":"20210126135114","is_ascension_mode":true,"campfire_choices":[{"data":"Neutralize","floor":6.0,"key":"SMITH"},{"data":"A Thousand Cuts","floor":11.0,"key":"SMITH"},{"data":"Dash","floor":15.0,"key":"SMITH"}],"circlet_count":0,"master_deck":["AscendersBane","Strike_G","Strike_G","Strike_G","Strike_G","Defend_G","Defend_G","Defend_G","Defend_G","Survivor","Neutralize+1","Dash+1","Endless Agony","Prepared+1","A Thousand Cuts+1","Backstab","Burst","Skewer","Well Laid Plans","Quick Slash"],"relics":["testmod-TestBox","HushsDoor","SteamSale","testmod-Muramasa","testmod-EnergyCheck","Blood Vial","Vajra","testmod-HeartOfDaVinci","Pear","testmod-StringDisintegrator","DeathBook"],"acts_visited":["Exordium","TheCity"],"potions_floor_usage":[],"damage_taken":[{"damage":0.0,"enemies":"2 Louse","floor":1.0,"turns":3.0},{"damage":0.0,"enemies":"Cultist","floor":2.0,"turns":3.0},{"damage":4.0,"enemies":"Small Slimes","floor":4.0,"turns":4.0},{"damage":0.0,"enemies":"3 Louse","floor":5.0,"turns":4.0},{"damage":0.0,"enemies":"Gremlin Nob","floor":8.0,"turns":1.0},{"damage":7.0,"enemies":"3 Sentries","floor":10.0,"turns":10.0},{"damage":0.0,"enemies":"Exordium Thugs","floor":12.0,"turns":2.0},{"damage":3.0,"enemies":"Lagavulin","floor":13.0,"turns":6.0},{"damage":4.0,"enemies":"Slime Boss","floor":16.0,"turns":6.0},{"damage":0.0,"enemies":"2 Thieves","floor":18.0,"turns":2.0},{"damage":5,"enemies":"Chosen","floor":20,"turns":4}],"seed_played":"-3761893167242148347","potions_obtained":[{"floor":2.0,"key":"SmokeBomb"},{"floor":5.0,"key":"EssenceOfSteel"},{"floor":10.0,"key":"Fire Potion"},{"floor":16.0,"key":"ColorlessPotion"},{"floor":18.0,"key":"DistilledChaos"}],"is_trial":false,"path_per_floor":["M","M","?","M","M","R","?","E","T","E","R","M","E","?","R","B",null,"M","?","M","T","$"],"character_chosen":"THE_SILENT","items_purchased":["Skewer","DeathBook"],"campfire_rested":0,"item_purchase_floors":[17,17],"current_hp_per_floor":[59,59,59,55,55,55,40,42,42,37,37,39,48,48,48,46,55,57,52,49,49,49,49],"gold":372,"neow_bonus":"BOSS_RELIC","is_daily":false,"chose_seed":false,"campfire_upgraded":3,"win_rate":0.0,"timestamp":1611640274,"path_taken":["M","M","?","?","M","R","?","E","T","E","R","M","E","?","R","BOSS","M","?","M","?","$"],"items_purchased_type":["Card","Relic"],"build_version":"2020-12-22","purchased_purges":1,"victory":false,"max_hp_per_floor":[66,66,66,66,66,66,66,66,66,66,66,66,76,76,76,76,58,58,58,58,58,58,58],"card_choices":[{"not_picked":["Outmaneuver","Tactician"],"picked":"Dash","floor":1.0},{"not_picked":["Expertise","Dodge and Roll","Outmaneuver"],"picked":"SKIP","floor":2.0},{"not_picked":["Dodge and Roll","Heel Hook"],"picked":"Endless Agony","floor":4.0},{"not_picked":["Slice","Deadly Poison"],"picked":"Prepared","floor":5.0},{"not_picked":["Underhanded Strike","Cloak And Dagger"],"picked":"A Thousand Cuts","floor":10.0},{"not_picked":["PiercingWail","Deadly Poison","Dodge and Roll"],"picked":"SKIP","floor":12.0},{"not_picked":["Dagger Spray","Concentrate"],"picked":"Backstab","floor":13.0},{"not_picked":["Bullet Time","Grand Finale"],"picked":"Burst","floor":16.0},{"not_picked":["Deadly Poison","Sucker Punch"],"picked":"Well Laid Plans","floor":18.0},{"not_picked":["Backflip","Poisoned Stab"],"picked":"Quick Slash","floor":20}],"player_experience":301231,"relics_obtained":[{"floor":9.0,"key":"Vajra"},{"floor":10.0,"key":"testmod-HeartOfDaVinci"},{"floor":13.0,"key":"Pear"}],"event_choices":[{"cards_removed":["Defend_G"],"damage_healed":0.0,"max_hp_gain":0.0,"max_hp_loss":0.0,"gold_gain":0.0,"event_name":"The Cleric","player_choice":"Card Removal","floor":3.0,"gold_loss":75.0,"damage_taken":0.0},{"damage_healed":0.0,"max_hp_gain":0.0,"max_hp_loss":0.0,"gold_gain":0.0,"event_name":"Upgrade Shrine","player_choice":"Upgraded","floor":14.0,"gold_loss":0.0,"damage_taken":0.0,"cards_upgraded":["Prepared"]},{"damage_healed":0,"gold_gain":50,"player_choice":"Touch","damage_taken":5,"max_hp_gain":0,"max_hp_loss":0,"event_name":"FaceTrader","floor":19,"gold_loss":0}],"is_beta":false,"boss_relics":[{"not_picked":["Runic Cube","Runic Pyramid"],"picked":"testmod-StringDisintegrator"},{"not_picked":[]}],"items_purged_floors":[17],"is_endless":false,"potions_floor_spawned":[2,5,10,16,18],"ascension_level":20}}