{"host":"roto7j7840a50pxh","time":1611654591,"event":{"mods":["Act Like it!","BaseMod","Better Altar","Better Note","Better Sensory Stone","Better Skull","Better Third Choice","BetterRewards","Colored Map","Colored Powertips","Downfall","Hermit","Highlight Path","Hubris","Infinite Spire","Minty Spire (QoL Compilation)","Replay The Spire","Robot Space Explorer","Shade Mod","Spicy Shops","StSLib","The Cursed","The Dragon Tamer","The Hierophant","The Necromancer","The Runesmith","The Servant 0.9.4","TheVacant"],"gold_per_floor":[117,137,137,137,137,168,168,184,184,212,212,236,261,299,299,413,513,537,537,537,462,462,462,499,499,525,537,564,576,612,650,662,782,794,830,842,854,891,903,915,974,986,998,1010,529,555,555,598,598,610],"floor_reached":51,"language":"ENG","playtime":4354,"items_purged":[],"score":1283,"play_id":"2594b2e8-1f30-4263-b90a-c7c8ef689eb3","local_time":"20210126044951","is_ascension_mode":true,"campfire_choices":[{"data":"ReplayTheSpireMod:Armaments MK-II-B","floor":7.0,"key":"SMITH"},{"data":"Runesmith:CraftPrismatica","floor":11.0,"key":"SMITH"},{"data":"Runesmith:Grindstone","floor":11.0,"key":"SMITH"},{"data":"Armaments","floor":15.0,"key":"SMITH"},{"data":"Runesmith:Empowerment","floor":15.0,"key":"SMITH"},{"data":"Runesmith:CraftObretio","floor":23.0,"key":"SMITH"},{"data":"Runesmith:BackupBattery","floor":23.0,"key":"SMITH"},{"floor":29,"key":"REST"},{"floor":32,"key":"REST"},{"data":"infinitespire:Execution","floor":40,"key":"SMITH"},{"data":"Runesmith:CreatorForm","floor":40,"key":"SMITH"},{"data":"Runesmith:FrozenChisel","floor":42,"key":"SMITH"},{"data":"Runesmith:BackupBattery+1","floor":42,"key":"SMITH"},{"data":"infinitespire:Starlight","floor":44,"key":"SMITH"},{"data":"Runesmith:Supernova","floor":44,"key":"SMITH"},{"data":"Panache","floor":49,"key":"SMITH"},{"data":"Runesmith:Duplicate","floor":49,"key":"SMITH"}],"circlet_count":0,"master_deck":["Runesmith:Strike_RS","Runesmith:Strike_RS","Runesmith:Strike_RS","Runesmith:Defend_RS","Runesmith:Defend_RS","Runesmith:Defend_RS","Runesmith:Defend_RS+1","Runesmith:Fortify","Runesmith:CraftPrismatica+1","Runesmith:EnergizedChisel","Runesmith:EnergizedChisel","Runesmith:EarthShield+1","Runesmith:ChiselStab","Runesmith:CraftMagma","Runesmith:Repurpose","Runesmith:RuneHurl","Runesmith:CraftObretio+1","Runesmith:CraftMagma","ReplayTheSpireMod:Armaments MK-II-B+1","Runesmith:HammerThrow","Runesmith:Grindstone+1","Runesmith:FrozenChisel+1","Armaments+1","Runesmith:Empowerment+1","Runesmith:BackupBattery+2","Runesmith:CraftMagma","hierophant:ChurchCoffers+1","Runesmith:RuneHurl","infinitespire:Execution+1","Runesmith:Supernova+1","Runesmith:CraftProtectio","Runesmith:CreatorForm+1","Doubt","Runesmith:Fortify","Runesmith:Duplicate+1","Blind","infinitespire:Starlight+1","Runesmith:ChiselStab","Runesmith:ChaoticBlast","Runesmith:LithiumIon+1","Runesmith:LithiumIon+1","Panache+1","Runesmith:HeatExchange","Runesmith:StaticCage+1"],"relics":["Eternal Feather","Cauldron","Orichalcum","m_RuneBlood","infinitespire:Bottled Soul","Replay:Arrowhead","Replay:Bandana","Lizard Tail","Replay:Wanted Poster","Question Card","hubris:DeckOfHolding","expansioncontent:StudyCardRelic","MawBank","ReplayTheSpireMod:SealedPack","Runesmith:EmergencyProvisions","The Courier","Centennial Puzzle","DollysMirror","Frozen Eye","Replay:Baseball","hubris:Towel"],"acts_visited":["Exordium","TheCity","TheBeyond"],"potions_floor_usage":[28,30,41,50,50],"damage_taken":[{"damage":8.0,"enemies":"Jaw Worm","floor":1.0,"turns":3.0},{"damage":0.0,"enemies":"2 Louse","floor":2.0,"turns":1.0},{"damage":11.0,"enemies":"Lagavulin","floor":6.0,"turns":9.0},{"damage":0.0,"enemies":"Small Slimes","floor":8.0,"turns":4.0},{"damage":2.0,"enemies":"3 Sentries","floor":10.0,"turns":8.0},{"damage":2.0,"enemies":"Looter","floor":12.0,"turns":3.0},{"damage":0.0,"enemies":"Lots of Slimes","floor":13.0,"turns":2.0},{"damage":31.0,"enemies":"Lagavulin","floor":14.0,"turns":7.0},{"damage":0.0,"enemies":"Hexaghost","floor":16.0,"turns":10.0},{"damage":6.0,"enemies":"Spheric Guardian","floor":18.0,"turns":7.0},{"damage":57.0,"enemies":"Gremlin Leader","floor":24.0,"turns":11.0},{"damage":24,"enemies":"3 Byrds","floor":28,"turns":6},{"damage":21,"enemies":"Shelled Parasite and Fungi","floor":30,"turns":5},{"damage":15,"enemies":"Centurion and Healer","floor":31,"turns":6},{"damage":0,"enemies":"Champ","floor":33,"turns":7},{"damage":7,"enemies":"Orb Walker","floor":35,"turns":3},{"damage":18,"enemies":"3 Darklings","floor":38,"turns":6},{"damage":20,"enemies":"Reptomancer","floor":41,"turns":5},{"damage":16,"enemies":"Spire Growth","floor":46,"turns":4},{"damage":17,"enemies":"Jaw Worm Horde","floor":48,"turns":3},{"damage":11,"enemies":"Time Eater","floor":50,"turns":11}],"seed_played":"-4722062052820527367","potions_obtained":[{"floor":0.0,"key":"PowerPotion"},{"floor":0.0,"key":"Toxic Potion"},{"floor":0.0,"key":"Explosive Potion"},{"floor":2.0,"key":"Fire Potion"},{"floor":12.0,"key":"SpeedPotion"},{"floor":13.0,"key":"Dexterity Potion"},{"floor":16.0,"key":"BlessingOfTheForge"},{"floor":19.0,"key":"infinitespire:BlackPotion"},{"floor":19.0,"key":"Ancient Potion"},{"floor":28,"key":"SteroidPotion"},{"floor":33,"key":"PowerPotion"},{"floor":38,"key":"Dexterity Potion"},{"floor":46,"key":"Energy Potion"}],"is_trial":false,"path_per_floor":["M","M","?","?","?","E","R","M","T","E","R","M","M","E","R","B",null,"M","?","?","?","?","R","E","AVR","T","$","M","R","M","M","R","B",null,"M","?","?","M","$","R","E","R","T","R","$","M","?","M","R","B",null],"character_chosen":"RUNESMITH_CLASS","items_purchased":["Runesmith:CraftPrismatica","Runesmith:EnergizedChisel","Runesmith:EarthShield","Runesmith:ChiselStab","Eternal Feather","Cauldron","Runesmith:CraftMagma","Runesmith:RuneHurl","DollysMirror","Frozen Eye","Panache","Replay:Baseball"],"campfire_rested":2,"item_purchase_floors":[0,0,0,0,0,0,0,0,45,45,45,45],"current_hp_per_floor":[26,26,12,12,35,27,39,42,42,43,55,56,59,31,46,49,65,62,62,62,62,80,80,26,26,26,26,5,47,29,17,59,62,76,72,72,53,53,53,74,67,80,80,80,80,80,80,66,80,72],"gold":610,"neow_bonus":"","is_daily":false,"chose_seed":false,"campfire_upgraded":15,"win_rate":0.0,"timestamp":1611654591,"path_taken":["M","M","?","?","?","E","R","M","T","E","R","?","M","E","R","BOSS","M","?","?","?","?","R","E","AVR","T","$","M","R","?","M","R","BOSS","M","?","?","?","$","R","E","R","T","R","$","M","?","M","R","BOSS"],"items_purchased_type":["Card","Card","Card","Card","Relic","Relic","Card","Card","Relic","Relic","Card","Relic"],"build_version":"2020-12-22","purchased_purges":0,"victory":true,"max_hp_per_floor":[70,70,70,70,70,70,70,70,70,70,70,70,70,70,70,70,70,70,70,70,70,80,80,80,80,80,80,80,80,80,80,80,80,80,80,80,80,80,80,80,80,80,80,80,80,80,80,80,80,80],"card_choices":[{"not_picked":["Runesmith:UnstableHammer","Runesmith:ElementalConversion"],"picked":"Runesmith:CraftObretio","floor":1.0},{"not_picked":["Runesmith:RuneHurl","Runesmith:Repurpose"],"picked":"Runesmith:CraftMagma","floor":2.0},{"not_picked":["Demonic Infusion","Runesmith:MakeshiftArmor"],"picked":"Runesmith:HammerThrow","floor":6.0},{"not_picked":["Runesmith:ShiftingStrike","Runesmith:HammerThrow"],"picked":"Runesmith:Grindstone","floor":8.0},{"not_picked":["Runesmith:Firestorm","Armaments"],"picked":"Runesmith:FrozenChisel","floor":10.0},{"not_picked":["Runesmith:HeatedChisel","Runesmith:CraftFirestone"],"picked":"Armaments","floor":12.0},{"not_picked":["Runesmith:ChargedHammer","Runesmith:DoubleUp"],"picked":"Runesmith:Empowerment","floor":13.0},{"not_picked":["Runesmith:ChaoticBlast","Runesmith:ChargedHammer"],"picked":"Runesmith:BackupBattery","floor":14.0},{"not_picked":["Runesmith:UnlimitedPower","Runesmith:ReplicatingBarrier"],"picked":"Runesmith:CraftMedicinae","floor":16.0},{"not_picked":["Runesmith:Overpower","Runesmith:RuneHurl+1"],"picked":"Runesmith:CraftMagma","floor":18.0},{"not_picked":["Runesmith:EnergizedChisel+1","Runesmith:Overpower"],"picked":"Runesmith:RuneHurl","floor":24.0},{"not_picked":["Runesmith:Prism","Runesmith:StaticCage","Runesmith:ShiftingStrike"],"picked":"Runesmith:Supernova","floor":28},{"not_picked":["Runesmith:EnergizedChisel","ReplayTheSpireMod:LeadingStrike","Runesmith:Malloc","Runesmith:DoubleUp+1"],"picked":"SKIP","floor":30},{"not_picked":["Runesmith:Overpower","Runesmith:Grindstone+1","Runesmith:FieryHammer+1"],"picked":"Runesmith:CraftProtectio","floor":31},{"not_picked":["Demonic Infusion","Runesmith:GenerateForcefield","Runesmith:ReplicatingBarrier"],"picked":"Runesmith:CreatorForm","floor":33},{"not_picked":["Exchange","m_Bronzebash","sneckomod:Unknown"],"picked":"Runesmith:Fortify","floor":34},{"not_picked":["Demonic Infusion","Runesmith:LastStand","Runesmith:Supernova"],"picked":"Runesmith:Duplicate","floor":34},{"not_picked":["Survey Options","Jack Of All Trades","Dramatic Entrance"],"picked":"Blind","floor":34},{"not_picked":["infinitespire:FutureSight","ReplayTheSpireMod:Echoes of Time","ReplayTheSpireMod:Haul"],"picked":"infinitespire:Starlight","floor":34},{"not_picked":["Runesmith:StaticCage+1","Runesmith:EnergizedChisel","Runesmith:Overpower"],"picked":"Runesmith:ChiselStab","floor":35},{"not_picked":["Runesmith:Accelerate","Runesmith:MakeshiftArmor","Runesmith:LastStand"],"picked":"Runesmith:ChaoticBlast","floor":38},{"not_picked":["Runesmith:BackupBattery","Runesmith:Accelerate","Runesmith:NanitesCloud"],"picked":"Runesmith:LithiumIon+1","floor":41},{"not_picked":["Runesmith:Electrocute","Runesmith:RuneHurl+1","Runesmith:Retool"],"picked":"Runesmith:HeatExchange","floor":46},{"not_picked":["Runesmith:BackupBattery+1","Runesmith:Malloc+1","Runesmith:UnstableHammer+1"],"picked":"Runesmith:StaticCage+1","floor":48}],"player_experience":1656677,"relics_obtained":[{"floor":6.0,"key":"infinitespire:Bottled Soul"},{"floor":9.0,"key":"Replay:Arrowhead"},{"floor":10.0,"key":"Replay:Bandana"},{"floor":14.0,"key":"Lizard Tail"},{"floor":24.0,"key":"Question Card"},{"floor":26,"key":"MawBank"},{"floor":41,"key":"The Courier"},{"floor":43,"key":"Centennial Puzzle"}],"event_choices":[{"damage_healed":26.0,"max_hp_gain":0.0,"max_hp_loss":70.0,"gold_gain":0.0,"event_name":"betterThird:BetterShining","player_choice":"Upgrade","floor":3.0,"gold_loss":0.0,"damage_taken":14.0,"cards_upgraded":["Runesmith:Defend_RS","Runesmith:EarthShield"]},{"damage_healed":23.0,"max_hp_gain":0.0,"max_hp_loss":0.0,"gold_gain":0.0,"event_name":"Big Fish","player_choice":"Banana","floor":5.0,"gold_loss":0.0,"damage_taken":0.0},{"damage_healed":0.0,"max_hp_gain":0.0,"max_hp_loss":0.0,"gold_gain":0.0,"event_name":"Lab","player_choice":"Got Potions","floor":19.0,"gold_loss":0.0,"damage_taken":0.0},{"cards_removed":["ReplayTheSpireMod:Armaments MK-II-B"],"damage_healed":0.0,"max_hp_gain":0.0,"max_hp_loss":0.0,"gold_gain":0.0,"event_name":"betterNote:BetterNote","player_choice":"Take \u0026 Give","floor":20.0,"gold_loss":0.0,"damage_taken":0.0,"cards_obtained":["hierophant:ChurchCoffers"]},{"cards_removed":["Runesmith:Strike_RS"],"damage_healed":0.0,"max_hp_gain":0.0,"max_hp_loss":0.0,"gold_gain":0.0,"event_name":"Beggar","player_choice":"Gave Gold","floor":21.0,"gold_loss":75.0,"damage_taken":0.0},{"cards_removed":["Runesmith:CraftMedicinae"],"damage_healed":8.0,"max_hp_gain":10.0,"max_hp_loss":0.0,"gold_gain":0.0,"event_name":"Bonfire Elementals","player_choice":"Offered Rare","floor":22.0,"gold_loss":0.0,"damage_taken":0.0},{"damage_healed":0,"gold_gain":0,"player_choice":"RE ","damage_taken":21,"relics_obtained":["Runesmith:EmergencyProvisions"],"max_hp_gain":0,"max_hp_loss":0,"event_name":"betterSkull:BetterSkull","floor":37,"gold_loss":0,"cards_upgraded":[]}],"is_beta":false,"boss_relics":[{"not_picked":["infinitespire:Cupcake","Ectoplasm"],"picked":"Replay:Wanted Poster"},{"not_picked":["Runesmith:PocketReactor","Cursed Key"],"picked":"ReplayTheSpireMod:SealedPack"}],"items_purged_floors":[],"is_endless":false,"potions_floor_spawned":[2,6,12,13,16,28,33,38,46],"ascension_level":5}}