{"host":"qgvpd00zvzorrg7j","time":1611626335,"event":{"mods":["BaseMod","Colored Map","Minty Spire (QoL Compilation)","Quick Restart","StSLib"],"gold_per_floor":[110,110,110,110,35,35,62,62,134,144,157,57,87,99,99,201,201,217,217,231,68,68,68,79,79,79,79,4,4,32,32,32,130,130,145,195,20,37,51,51,79,79,79,79,111,124,142,162,162,162,162,162,12,46,46,46],"floor_reached":55,"language":"ENG","playtime":2667,"items_purged":["Defend_G","Strike_G","Defend_G","Strike_G"],"score":1522,"play_id":"01fdb10f-dfa4-4e65-84f7-1cb4b2cf7dfd","local_time":"20210125205855","is_ascension_mode":true,"campfire_choices":[{"data":"Neutralize","floor":6.0,"key":"SMITH"},{"data":"Cloak And Dagger","floor":8.0,"key":"SMITH"},{"data":"Prepared","floor":15.0,"key":"SMITH"},{"data":"Reflex","floor":23.0,"key":"SMITH"},{"data":"Accuracy","floor":25.0,"key":"SMITH"},{"data":"Survivor","floor":29.0,"key":"SMITH"},{"floor":32.0,"key":"RECALL"},{"data":"Cloak And Dagger","floor":40.0,"key":"SMITH"},{"data":"Madness","floor":49.0,"key":"SMITH"},{"data":"Madness","floor":52.0,"key":"SMITH"}],"circlet_count":0,"master_deck":["AscendersBane","Strike_G","Strike_G","Defend_G","Survivor+1","Neutralize+1","Prepared+1","Cloak And Dagger+1","Accuracy+1","Escape Plan","After Image+1","After Image+1","Reflex+1","Terror+1","Burst+1","Cloak And Dagger+1","Infinite Blades+1","Madness+1","Madness+1","Blur","A Thousand Cuts+1"],"relics":["Ring of the Snake","NeowsBlessing","Shuriken","MealTicket","Frozen Egg 2","Anchor","Busted Crown","MutagenicStrength","Bag of Marbles","Black Star","Thread and Needle","War Paint","Ancient Tea Set","Eternal Feather","Ninja Scroll","Bag of Preparation","Nunchaku","Orichalcum","Pear"],"acts_visited":["Exordium","TheCity","TheBeyond","TheEnding"],"potions_floor_usage":[55],"damage_taken":[{"damage":0.0,"enemies":"Cultist","floor":1.0,"turns":1.0},{"damage":0.0,"enemies":"3 Sentries","floor":7.0,"turns":1.0},{"damage":0.0,"enemies":"Small Slimes","floor":10.0,"turns":1.0},{"damage":0.0,"enemies":"2 Louse","floor":11.0,"turns":2.0},{"damage":16.0,"enemies":"Gremlin Nob","floor":13.0,"turns":4.0},{"damage":14.0,"enemies":"Gremlin Gang","floor":14.0,"turns":5.0},{"damage":0.0,"enemies":"The Guardian","floor":16.0,"turns":10.0},{"damage":0.0,"enemies":"2 Thieves","floor":18.0,"turns":5.0},{"damage":0.0,"enemies":"Spheric Guardian","floor":20.0,"turns":4.0},{"damage":2.0,"enemies":"Snecko","floor":24.0,"turns":8.0},{"damage":5.0,"enemies":"Slavers","floor":30.0,"turns":8.0},{"damage":0.0,"enemies":"Automaton","floor":33.0,"turns":8.0},{"damage":7.0,"enemies":"3 Shapes","floor":35.0,"turns":7.0},{"damage":0.0,"enemies":"Mind Bloom Boss Battle","floor":36.0,"turns":5.0},{"damage":0.0,"enemies":"3 Darklings","floor":38.0,"turns":4.0},{"damage":4.0,"enemies":"Sphere and 2 Shapes","floor":39.0,"turns":5.0},{"damage":20.0,"enemies":"Nemesis","floor":41.0,"turns":9.0},{"damage":0.0,"enemies":"Giant Head","floor":45.0,"turns":5.0},{"damage":0.0,"enemies":"Spire Growth","floor":46.0,"turns":4.0},{"damage":0.0,"enemies":"Writhing Mass","floor":47.0,"turns":5.0},{"damage":0.0,"enemies":"Sphere and 2 Shapes","floor":48.0,"turns":6.0},{"damage":0.0,"enemies":"Awakened One","floor":50.0,"turns":11.0},{"damage":7.0,"enemies":"Shield and Spear","floor":54.0,"turns":6.0},{"damage":75,"enemies":"The Heart","floor":55,"turns":6}],"seed_played":"4850094276354639904","potions_obtained":[{"floor":10.0,"key":"EssenceOfSteel"},{"floor":13.0,"key":"Block Potion"},{"floor":16.0,"key":"DuplicationPotion"},{"floor":18.0,"key":"GhostInAJar"},{"floor":33.0,"key":"ColorlessPotion"},{"floor":35.0,"key":"SteroidPotion"},{"floor":45.0,"key":"SpeedPotion"},{"floor":47.0,"key":"Swift Potion"}],"is_trial":false,"path_per_floor":["M","T","?","?","$","R","E","R","T","M","M","$","E","M","R","B",null,"M","?","M","$","?","R","M","R","T","?","?","R","E","$","R","B",null,"M","?","$","M","M","R","E","?","T","$","E","M","M","M","R","B",null,"R","$","E","B"],"character_chosen":"THE_SILENT","items_purchased":["Reflex","Cloak And Dagger","Nunchaku"],"campfire_rested":0,"item_purchase_floors":[21,37,53],"current_hp_per_floor":[63,63,56,56,56,56,56,56,56,56,56,70,54,40,40,40,63,63,63,63,70,70,70,68,68,68,68,68,68,63,70,70,70,70,63,63,70,70,66,66,46,37,37,52,52,52,52,52,64,64,69,70,70,73,0,0],"gold":46,"neow_bonus":"THREE_ENEMY_KILL","is_daily":false,"chose_seed":false,"campfire_upgraded":9,"win_rate":0.0,"timestamp":1611626335,"path_taken":["M","?","?","?","$","R","E","R","T","M","?","$","E","M","R","BOSS","M","?","?","$","?","R","M","R","T","?","?","R","E","?","R","BOSS","M","?","$","M","M","R","E","?","T","?","E","M","?","M","R","BOSS","R","$","E","BOSS"],"items_purchased_type":["Card","Card","Relic"],"build_version":"2020-12-22","purchased_purges":4,"victory":false,"max_hp_per_floor":[70,70,70,70,70,70,70,70,70,70,70,70,70,70,70,70,70,70,70,70,70,70,70,70,70,70,70,70,70,70,70,70,70,70,70,70,70,70,70,70,70,70,70,70,70,70,70,70,70,70,70,70,70,80,80,80],"card_choices":[{"not_picked":["Flying Knee","Sucker Punch"],"picked":"Prepared","floor":1.0},{"not_picked":["PiercingWail","Prepared"],"picked":"Accuracy","floor":7.0},{"not_picked":["Dagger Spray","Poisoned Stab","Setup"],"picked":"SKIP","floor":10.0},{"not_picked":["Quick Slash","Phantasmal Killer"],"picked":"Escape Plan","floor":11.0},{"not_picked":["Dodge and Roll","Slice","Flying Knee"],"picked":"SKIP","floor":13.0},{"not_picked":["Backflip","Leg Sweep"],"picked":"After Image+1","floor":14.0},{"not_picked":["Glass Knife","Envenom+1"],"picked":"After Image+1","floor":16.0},{"not_picked":["Slice"],"picked":"SKIP","floor":18.0},{"not_picked":["Concentrate"],"picked":"SKIP","floor":20.0},{"not_picked":["Dagger Throw"],"picked":"SKIP","floor":24.0},{"not_picked":[],"picked":"Terror","floor":30.0},{"not_picked":[],"picked":"Burst","floor":33.0},{"not_picked":["Finisher"],"picked":"SKIP","floor":35.0},{"not_picked":[],"picked":"Infinite Blades+1","floor":38.0},{"not_picked":["Deflect"],"picked":"SKIP","floor":39.0},{"not_picked":["Storm of Steel"],"picked":"SKIP","floor":41.0},{"not_picked":[],"picked":"Blur","floor":45.0},{"not_picked":["Poisoned Stab+1"],"picked":"SKIP","floor":46.0},{"not_picked":["Acrobatics"],"picked":"SKIP","floor":47.0},{"not_picked":["Backflip+1"],"picked":"SKIP","floor":48.0},{"not_picked":[],"picked":"A Thousand Cuts+1","floor":54.0}],"player_experience":560686,"relics_obtained":[{"floor":2.0,"key":"Shuriken"},{"floor":7.0,"key":"MealTicket"},{"floor":9.0,"key":"Frozen Egg 2"},{"floor":13.0,"key":"Anchor"},{"floor":30.0,"key":"Bag of Marbles"},{"floor":36.0,"key":"Thread and Needle"},{"floor":41.0,"key":"War Paint"},{"floor":41.0,"key":"Ancient Tea Set"},{"floor":43.0,"key":"Eternal Feather"},{"floor":45.0,"key":"Ninja Scroll"},{"floor":45.0,"key":"Bag of Preparation"},{"floor":54.0,"key":"Orichalcum"},{"floor":54.0,"key":"Pear"}],"event_choices":[{"cards_removed":["Defend_G"],"damage_healed":0.0,"max_hp_gain":0.0,"max_hp_loss":0.0,"gold_gain":0.0,"event_name":"Golden Wing","player_choice":"Card Removal","floor":3.0,"gold_loss":0.0,"damage_taken":7.0},{"damage_healed":0.0,"max_hp_gain":0.0,"max_hp_loss":0.0,"gold_gain":0.0,"event_name":"Match and Keep!","player_choice":"1 cards matched","floor":4.0,"gold_loss":0.0,"damage_taken":0.0,"cards_obtained":["Cloak And Dagger"]},{"cards_removed":["Strike_G"],"damage_healed":0.0,"max_hp_gain":0.0,"max_hp_loss":0.0,"gold_gain":0.0,"event_name":"Bonfire Elementals","player_choice":"Offered Basic","floor":19.0,"gold_loss":0.0,"damage_taken":0.0},{"damage_healed":0.0,"max_hp_gain":0.0,"max_hp_loss":0.0,"gold_gain":0.0,"event_name":"Drug Dealer","player_choice":"Inject Mutagens","floor":22.0,"gold_loss":0.0,"damage_taken":0.0,"relics_obtained":["MutagenicStrength"]},{"damage_healed":0.0,"max_hp_gain":0.0,"max_hp_loss":0.0,"gold_gain":0.0,"event_name":"Vampires","player_choice":"Ignored","floor":27.0,"gold_loss":0.0,"damage_taken":0.0},{"cards_removed":["Defend_G"],"damage_healed":0.0,"max_hp_gain":0.0,"max_hp_loss":0.0,"gold_gain":0.0,"event_name":"Beggar","player_choice":"Gave Gold","floor":28.0,"gold_loss":75.0,"damage_taken":0.0},{"damage_healed":0.0,"max_hp_gain":0.0,"max_hp_loss":0.0,"gold_gain":0.0,"event_name":"MindBloom","player_choice":"Fight","floor":36.0,"gold_loss":0.0,"damage_taken":0.0},{"damage_healed":0.0,"max_hp_gain":0.0,"max_hp_loss":0.0,"gold_gain":0.0,"event_name":"Winding Halls","player_choice":"Embrace Madness","floor":42.0,"gold_loss":0.0,"damage_taken":9.0,"cards_obtained":["Madness","Madness"]}],"is_beta":false,"boss_relics":[{"not_picked":["Snecko Eye","Philosopher\u0027s Stone"],"picked":"Busted Crown"},{"not_picked":["SlaversCollar","SacredBark"],"picked":"Black Star"}],"items_purged_floors":[5,12,21,37],"is_endless":false,"potions_floor_spawned":[10,13,16,18,33,35,38,45,47],"killed_by":"The Heart","ascension_level":12}}