{"host":"dxhqtkke6bt2qzoz","time":1611645807,"event":{"mods":["100% Spire Juice","ATMod(阿瑾Mod)","Act Like it!","Arknights The Spire","Astrologer","BaseMod","Chen","Dota2Spire","Gensokyo","KinomotoSakuraMod(木之本樱)","Koishi","LagranYue(拉格朗・月)","Marisa（F雨　魔理沙）","Minty Spire (QoL Compilation)","Nova Terra(诺娃・泰拉)","Prisma Mod","Reimu（博丽灵梦）","Relic Stats","Remilia（蕾米莉亚）","SIMod","StSLib","TestMod","The Alterego","The Dragon Tamer","The Marked","TheWitcher","Waifu the Spire","WarShipGirlsR/战舰少女R mod","Yakumo Yukari mod","Youmu（魂魄妖梦）","Yuri Mod","Yuyuko","[IsaacMod]以撒尖塔","【遗物卡牌】REMEMod"],"gold_per_floor":[113,213,233,251,271,271,303,319,394,424,424,457,457,457,457,593,593,620,155,155,190,203,248,248,279,305,61,61,61,61,96,96,203,203,217,92,108,108,135,172,189,220,220,254,277,127,127,127,127,139],"floor_reached":51,"language":"ZHS","playtime":1125,"items_purged":["DoctorFetus","PrismaMod:ChloeAnyUncommonTrace","PrismaMod:ChloeCommonAttack","PrismaMod:ChloeCommonDefend","PrismaMod:ChloeExhaustTwo"],"score":1743,"play_id":"9f4752d2-be61-4940-b6bc-02b9ebd48d8c","local_time":"20210126152327","is_ascension_mode":true,"campfire_choices":[{"data":"PrismaMod:ChloeRhongomyniad","floor":6,"key":"SMITH"},{"data":"PrismaMod:ChloeExcalibur","floor":11,"key":"SMITH"},{"data":"PrismaMod:ChloeMaid","floor":13,"key":"SMITH"},{"data":"PrismaMod:ChloeExcalibur","floor":15,"key":"SMITH"},{"data":"AT_EmpoweredMortalDraw","floor":24,"key":"SMITH"},{"data":"testmod-Collector","floor":29,"key":"SMITH"},{"data":"PrismaMod:ChloeUncommonDefend","floor":32,"key":"SMITH"},{"data":"PrismaMod:ChloeCheapAttack","floor":47,"key":"SMITH"},{"data":"PrismaMod:ChloeCarnivalDefend","floor":49,"key":"SMITH"}],"circlet_count":0,"master_deck":["AscendersBane","PrismaMod:ChloeCommonAttack","PrismaMod:ChloeCommonAttack","PrismaMod:ChloeCommonAttack","PrismaMod:ChloeCommonAttack","PrismaMod:ChloeCommonDefend","PrismaMod:ChloeCommonDefend","PrismaMod:ChloeCommonDefend","PrismaMod:ChloeCommonDefend","PrismaMod:ChloeCheapAttack+1","PrismaMod:ChloeCheapDefend","AT_DarkMatter+1","yuri:BlackTea+1","PrismaMod:ChloeCheapAttack","PrismaMod:ChloeUncommonAttack","PrismaMod:ChloeUncommonDefend+1","PrismaMod:ChloeRhongomyniad+1","PrismaMod:ChloeExcalibur+1","PrismaMod:ChloeExhaustOne","PrismaMod:ChloeExcalibur+1","PrismaMod:ChloeMaid+1","AT_EmpoweredMortalDraw+1","testmod-Collector+1","PrismaMod:ChloeMordred+1","yuri:BlackTea+1","PrismaMod:ChloeCarnivalDefend+1"],"relics":["PrismaMod:PrismaTraceOn","HushsDoor","REME_ComplimentaryCards","testmod-TestBox","AT_ATBox","testmod-Fanaticism","TheBible","LagranYue:RandomDrawCardRelic","AT_ChloranthyRing","Mercury Hourglass","Eternal Feather","REME_ArchaeologicalTools","AT_MortalBlade","Bag of Marbles","REME_ComplimentaryCards","Leech","Dota2Spire:PowerTreads","Lantern","DollysMirror","LagranYue:MagicReflectiveArmorRelic","Philosopher\u0027s Stone","Philosopher\u0027s Stone","REME_HourglassOfDeath","Boot","Dota2Spire:EtherealBlade"],"acts_visited":["Exordium","TheCity","TheBeyond"],"potions_floor_usage":[5,7,12,16,18,22,23,26,45,50,50],"damage_taken":[{"damage":7,"enemies":"2 Louse","floor":1,"turns":2},{"damage":0,"enemies":"Cultist","floor":3,"turns":3},{"damage":9,"enemies":"Jaw Worm","floor":4,"turns":3},{"damage":15,"enemies":"Large Slime","floor":5,"turns":2},{"damage":1,"enemies":"3 Sentries","floor":7,"turns":3},{"damage":26,"enemies":"Red Slaver","floor":8,"turns":4},{"damage":0,"enemies":"Gremlin Nob","floor":10,"turns":2},{"damage":8,"enemies":"3 Sentries","floor":12,"turns":3},{"damage":0,"enemies":"Hexaghost","floor":16,"turns":2},{"damage":9,"enemies":"3 Byrds","floor":18,"turns":2},{"damage":3,"enemies":"Chosen","floor":21,"turns":2},{"damage":0,"enemies":"Shelled Parasite and Fungi","floor":22,"turns":1},{"damage":33,"enemies":"Book of Stabbing","floor":23,"turns":2},{"damage":10,"enemies":"Gremlin Leader","floor":25,"turns":2},{"damage":0,"enemies":"REME_1_Revenger","floor":31,"turns":2},{"damage":0,"enemies":"Collector","floor":33,"turns":2},{"damage":0,"enemies":"3 Darklings","floor":35,"turns":2},{"damage":0,"enemies":"3 Shapes","floor":37,"turns":1},{"damage":0,"enemies":"Maw","floor":39,"turns":2},{"damage":0,"enemies":"Giant Head","floor":40,"turns":2},{"damage":0,"enemies":"Sphere and 2 Shapes","floor":41,"turns":1},{"damage":0,"enemies":"Nemesis","floor":42,"turns":2},{"damage":0,"enemies":"Giant Head","floor":44,"turns":2},{"damage":0,"enemies":"Transient","floor":45,"turns":4},{"damage":28,"enemies":"Donu and Deca","floor":50,"turns":3}],"seed_played":"214219962966978756","potions_obtained":[{"floor":1,"key":"SteroidPotion"},{"floor":3,"key":"PowerPotion"},{"floor":10,"key":"ColorlessPotion"},{"floor":12,"key":"GamblersBrew"},{"floor":16,"key":"Strength Potion"},{"floor":18,"key":"REME_GoldPotion"},{"floor":22,"key":"Dota2Spire:Clarity"},{"floor":25,"key":"testmod-SpacePotion"},{"floor":33,"key":"Dota2Spire:HealingSalve"},{"floor":40,"key":"Dota2Spire:HealingSalve"},{"floor":42,"key":"GrandPatriotsElixir:ReiMu"}],"is_trial":false,"path_per_floor":["M","?","M","M","M","R","E","M","T","E","R","E","R","?","R","B",null,"M","$","?","M","M","E","R","E","T","$","?","R","?","E","R","B",null,"M","$","M","?","M","E","M","E","T","E","M","$","R","?","R","B",null],"character_chosen":"CHLOE","items_purchased":["Bag of Marbles","HowToJump","testmod-Collector","DollysMirror"],"campfire_rested":0,"item_purchase_floors":[19,19,19,27],"current_hp_per_floor":[64,64,64,58,58,58,57,41,41,41,53,52,67,67,75,75,75,66,66,66,63,63,75,75,65,65,65,65,75,66,67,75,75,70,70,70,70,66,66,66,66,66,66,66,66,66,66,66,66,66],"gold":139,"neow_bonus":"UPGRADE_CARD","is_daily":false,"chose_seed":false,"campfire_upgraded":9,"win_rate":0.0,"timestamp":1611645807,"path_taken":["M","?","M","M","M","R","E","M","T","E","R","E","R","?","R","BOSS","M","$","?","M","M","E","R","E","T","$","?","R","?","E","R","BOSS","M","$","M","?","M","E","M","E","T","E","M","$","R","?","R","BOSS"],"items_purchased_type":["Relic","Relic","Card","Relic"],"build_version":"2020-12-22","purchased_purges":5,"victory":true,"max_hp_per_floor":[75,75,75,75,75,75,75,75,75,75,75,75,75,75,75,75,75,75,75,75,75,75,75,75,75,75,75,75,75,75,75,75,75,70,70,70,70,66,66,66,66,66,66,66,66,66,66,66,66,66],"relic_stats":{"counters":[25,56],"Eternal Feather":53,"Boot":[0],"obtain_stats":[{"Dota2Spire:PowerTreads":25,"Lantern":26,"AT_ATBox":0,"LagranYue:RandomDrawCardRelic":0,"Dota2Spire:EtherealBlade":44,"LagranYue:MagicReflectiveArmorRelic":31,"Boot":43,"PrismaMod:PrismaTraceOn":0,"Leech":23,"testmod-Fanaticism":0,"DollysMirror":27,"Philosopher\u0027s Stone":34,"Diplopia":40,"REME_ArchaeologicalTools":12,"KeepersGift":0,"AT_ChloranthyRing":7,"testmod-TestBox":0,"HowToJump":19,"AT_MortalBlade":17,"Eternal Feather":10,"Mercury Hourglass":9,"TheBible":0,"REME_HourglassOfDeath":42,"Bag of Marbles":19,"HushsDoor":0,"REME_ComplimentaryCards":0},{"Dota2Spire:PowerTreads":14,"Lantern":14,"AT_ATBox":0,"LagranYue:RandomDrawCardRelic":0,"Dota2Spire:EtherealBlade":23,"LagranYue:MagicReflectiveArmorRelic":15,"Boot":22,"PrismaMod:PrismaTraceOn":0,"Leech":13,"testmod-Fanaticism":0,"DollysMirror":14,"Philosopher\u0027s Stone":16,"Diplopia":20,"REME_ArchaeologicalTools":8,"KeepersGift":0,"AT_ChloranthyRing":5,"testmod-TestBox":0,"HowToJump":10,"AT_MortalBlade":9,"Eternal Feather":7,"Mercury Hourglass":6,"TheBible":0,"REME_HourglassOfDeath":22,"Bag of Marbles":10,"HushsDoor":0,"REME_ComplimentaryCards":0},{"Dota2Spire:PowerTreads":33,"Lantern":33,"AT_ATBox":0,"LagranYue:RandomDrawCardRelic":0,"Dota2Spire:EtherealBlade":49,"LagranYue:MagicReflectiveArmorRelic":35,"Boot":47,"PrismaMod:PrismaTraceOn":0,"Leech":31,"testmod-Fanaticism":0,"DollysMirror":33,"Philosopher\u0027s Stone":37,"Diplopia":44,"REME_ArchaeologicalTools":22,"KeepersGift":0,"AT_ChloranthyRing":13,"testmod-TestBox":0,"HowToJump":26,"AT_MortalBlade":24,"Eternal Feather":19,"Mercury Hourglass":17,"TheBible":0,"REME_HourglassOfDeath":47,"Bag of Marbles":26,"HushsDoor":0,"REME_ComplimentaryCards":0}],"Mercury Hourglass":[163]},"card_choices":[{"not_picked":[],"picked":"DoctorFetus","floor":0},{"not_picked":["PrismaMod:ChloeCheapDefendTwo","PrismaMod:ChloeCheapAttackTwo"],"picked":"PrismaMod:ChloeCheapAttack","floor":1},{"not_picked":["PrismaMod:ChloeCheapDefendTwo","PrismaMod:ChloeChristmas"],"picked":"PrismaMod:ChloeUncommonAttack","floor":2},{"not_picked":["PrismaMod:ChloeUncommonAOEAttack","PrismaMod:ChloeCheapAttackTwo"],"picked":"PrismaMod:ChloeUncommonDefend","floor":3},{"not_picked":["PrismaMod:ChloeCheapDefend","PrismaMod:ChloeCheapAttack"],"picked":"PrismaMod:ChloeExhaustTwo","floor":4},{"not_picked":["PrismaMod:ChloeDiscardRecovery","PrismaMod:ChloeCarnivalDefend"],"picked":"PrismaMod:ChloeRhongomyniad","floor":5},{"not_picked":["PrismaMod:ChloeExhaustOne","Bomb"],"picked":"PrismaMod:ChloeExcalibur","floor":7},{"not_picked":["PrismaMod:ChloeCommonAOEAttack","PrismaMod:ChloeCheapDefendTwo"],"picked":"PrismaMod:ChloeExhaustOne","floor":8},{"not_picked":["PrismaMod:ChloeCaladbolg","PrismaMod:ChloeDevil"],"picked":"PrismaMod:ChloeExcalibur","floor":10},{"not_picked":["PrismaMod:ChloeCheapAttackTwo","PrismaMod:ChloeExhaustOne"],"picked":"PrismaMod:ChloeMaid","floor":12},{"not_picked":["PrismaMod:ChloeAnyRareTrace","PrismaMod:ChloeDoubleRelicSpeed"],"picked":"PrismaMod:ChloeAnyUncommonTrace","floor":16},{"not_picked":["PrismaMod:ChloeDemonicTutor","PrismaMod:ChloeCheapAttackTwo","PrismaMod:ChloeCommonAOEAttack"],"picked":"SKIP","floor":18},{"not_picked":["PrismaMod:ChloeExhaustOne","PrismaMod:ChloeCheapDefendTwo","PrismaMod:ChloeEyeOfTheEuryale"],"picked":"SKIP","floor":21},{"not_picked":["PrismaMod:ChloeExhaustOne","PrismaMod:ChloeDiscardRecovery"],"picked":"PrismaMod:ChloeMordred+1","floor":22},{"not_picked":["PrismaMod:ChloeCheapDefend","PrismaMod:ChloeDiscardRecovery","PrismaMod:ChloeCheapAttackTwo"],"picked":"SKIP","floor":23},{"not_picked":["PrismaMod:ChloeCheapAttack","PrismaMod:ChloeUncommonAOEAttack","PrismaMod:ChloeDiscardRecovery"],"picked":"SKIP","floor":25},{"not_picked":["PrismaMod:ChloeCheapAttackTwo","PrismaMod:ChloeAnySkillTrace","PrismaMod:ChloeRitsuka"],"picked":"SKIP","floor":31},{"not_picked":["PrismaMod:ChloeUncommonAttack","PrismaMod:ChloeDiscardRecovery","PrismaMod:ChloeUncommonAOEAttack+1"],"picked":"SKIP","floor":35},{"not_picked":["PrismaMod:ChloeCheapAttackTwo","PrismaMod:ChloeCaladbolg","PrismaMod:ChloeGaeBolg"],"picked":"SKIP","floor":37},{"not_picked":["PrismaMod:ChloeExhaustOne","PrismaMod:ChloeCheapAttack","PrismaMod:ChloeCommonAOEAttack+1"],"picked":"SKIP","floor":39},{"not_picked":["PrismaMod:ChloeCheapDefendTwo","PrismaMod:ChloeCheapAttackTwo","PrismaMod:ChloeExcalibur"],"picked":"SKIP","floor":40},{"not_picked":["PrismaMod:ChloeChristmas","PrismaMod:ChloeAnyCommonTrace","PrismaMod:ChloeExcalibur+1"],"picked":"SKIP","floor":41},{"not_picked":["PrismaMod:ChloeCommonAOEAttack+1","PrismaMod:ChloeCheapDefend+1","PrismaMod:ChloeCheapDefendTwo"],"picked":"SKIP","floor":42},{"not_picked":["PrismaMod:ChloeRitsuka","PrismaMod:ChloeCheapAttackTwo","PrismaMod:ChloeUncommonAOEAttack+1"],"picked":"SKIP","floor":44},{"not_picked":["PrismaMod:ChloeMaid","PrismaMod:ChloeCheapAttack","PrismaMod:ChloeExhaustOne"],"picked":"SKIP","floor":45}],"player_experience":253187,"relics_obtained":[{"floor":7,"key":"AT_ChloranthyRing"},{"floor":9,"key":"Mercury Hourglass"},{"floor":10,"key":"Eternal Feather"},{"floor":12,"key":"REME_ArchaeologicalTools"},{"floor":23,"key":"Leech"},{"floor":25,"key":"Dota2Spire:PowerTreads"},{"floor":26,"key":"Lantern"},{"floor":31,"key":"LagranYue:MagicReflectiveArmorRelic"},{"floor":40,"key":"Diplopia"},{"floor":42,"key":"REME_HourglassOfDeath"},{"floor":43,"key":"Boot"},{"floor":44,"key":"Dota2Spire:EtherealBlade"}],"event_choices":[{"damage_healed":0,"gold_gain":0,"player_choice":"Forge","damage_taken":0,"max_hp_gain":0,"max_hp_loss":0,"event_name":"Accursed Blacksmith","floor":14,"gold_loss":0,"cards_upgraded":["yuri:BlackTea"]},{"damage_healed":0,"gold_gain":0,"player_choice":"Swap Relic","damage_taken":0,"relics_obtained":["REME_ComplimentaryCards"],"max_hp_gain":0,"max_hp_loss":0,"event_name":"给自己的盒子","floor":20,"relics_lost":["HowToJump"],"gold_loss":0},{"damage_healed":0,"gold_gain":0,"player_choice":"Stopped","damage_taken":9,"max_hp_gain":0,"max_hp_loss":0,"event_name":"Cursed Tome","floor":30,"gold_loss":0},{"damage_healed":0,"gold_gain":0,"player_choice":"Max HP","damage_taken":0,"max_hp_gain":0,"max_hp_loss":4,"event_name":"Winding Halls","floor":38,"gold_loss":0},{"damage_healed":0,"gold_gain":0,"player_choice":"1 cards matched","damage_taken":0,"max_hp_gain":0,"max_hp_loss":0,"event_name":"Match and Keep!","floor":48,"gold_loss":0,"cards_obtained":["PrismaMod:ChloeCarnivalDefend"]}],"is_beta":false,"boss_relics":[{"not_picked":["Ectoplasm","SlaversCollar"],"picked":"AT_MortalBlade"},{"not_picked":[]},{"not_picked":["Black Star","ChampionBelt"],"picked":"Philosopher\u0027s Stone"},{"not_picked":[]}],"items_purged_floors":[19,27,34,36,46],"is_endless":false,"potions_floor_spawned":[1,3,10,12,16,18,22,25,33,40,42,44],"ascension_level":12}}