{"host":"xmrw7jl1ir2912vf","time":1611621952,"event":{"mods":["BaseMod","Minty Spire (QoL Compilation)","Relic Stats"],"gold_per_floor":[118,118,131,56,56,56,91,91,170,190,32,65,79,104,104,104,104],"floor_reached":16,"language":"ENG","playtime":700,"items_purged":["Strike_R"],"score":279,"play_id":"a62b38df-0106-4888-9d55-0dd511d86d3d","local_time":"20210125194552","is_ascension_mode":true,"campfire_choices":[{"data":"Iron Wave","floor":6,"key":"SMITH"},{"data":"Bash","floor":8,"key":"SMITH"},{"floor":15,"key":"REST"}],"circlet_count":0,"master_deck":["AscendersBane","Strike_R","Strike_R","Strike_R","Strike_R","Defend_R","Defend_R","Defend_R","Defend_R","Bash+1","Iron Wave+1","Headbutt","Pommel Strike","Flame Barrier"],"relics":["Burning Blood","NeowsBlessing","Boot","Membership Card","Matryoshka","Bag of Preparation"],"acts_visited":["Exordium"],"potions_floor_usage":[14,14],"damage_taken":[{"damage":0,"enemies":"2 Louse","floor":1,"turns":2},{"damage":0,"enemies":"Jaw Worm","floor":3,"turns":1},{"damage":0,"enemies":"Gremlin Nob","floor":7,"turns":1},{"damage":0,"enemies":"Cultist","floor":10,"turns":3},{"damage":58,"enemies":"3 Sentries","floor":12,"turns":13},{"damage":11,"enemies":"Red Slaver","floor":13,"turns":3},{"damage":18,"enemies":"Lagavulin","floor":14,"turns":5},{"damage":36,"enemies":"Hexaghost","floor":16,"turns":9}],"seed_played":"-1306985867274783926","potions_obtained":[{"floor":1,"key":"SteroidPotion"},{"floor":7,"key":"Energy Potion"},{"floor":14,"key":"GamblersBrew"}],"is_trial":false,"path_per_floor":["M","?","M","$","?","R","E","R","T","M","$","E","M","E","R","B"],"character_chosen":"IRONCLAD","items_purchased":["Membership Card"],"campfire_rested":1,"item_purchase_floors":[11],"current_hp_per_floor":[74,79,80,80,80,80,80,80,80,80,80,28,23,11,35,0,0],"gold":104,"neow_bonus":"THREE_ENEMY_KILL","is_daily":false,"chose_seed":false,"campfire_upgraded":2,"win_rate":0.0,"timestamp":1611621952,"path_taken":["M","?","M","$","?","R","E","R","T","M","?","E","M","E","R","BOSS"],"items_purchased_type":["Relic"],"build_version":"2020-12-22","purchased_purges":1,"victory":false,"max_hp_per_floor":[75,80,80,80,80,80,80,80,80,80,80,80,80,80,80,80,80],"relic_stats":{"counters":[8,37],"Bag of Preparation":[2],"Boot":[7],"obtain_stats":[{"Matryoshka":12,"NeowsBlessing":0,"Bag of Preparation":14,"Membership Card":11,"Boot":7,"Burning Blood":0},{"Matryoshka":5,"NeowsBlessing":0,"Bag of Preparation":7,"Membership Card":4,"Boot":3,"Burning Blood":0},{"Matryoshka":20,"NeowsBlessing":0,"Bag of Preparation":28,"Membership Card":7,"Boot":4,"Burning Blood":0}],"Burning Blood":25},"card_choices":[{"not_picked":["Rupture","Anger"],"picked":"Iron Wave","floor":1},{"not_picked":["Twin Strike","Flame Barrier"],"picked":"Headbutt","floor":3},{"not_picked":["Armaments","Metallicize","Infernal Blade"],"picked":"SKIP","floor":7},{"not_picked":["Body Slam","Clothesline","Searing Blow"],"picked":"SKIP","floor":10},{"not_picked":["Armaments","Perfected Strike","Dual Wield"],"picked":"SKIP","floor":12},{"not_picked":["Burning Pact","Clash"],"picked":"Pommel Strike","floor":13},{"not_picked":["Battle Trance","Warcry"],"picked":"Flame Barrier","floor":14}],"player_experience":463513,"relics_obtained":[{"floor":7,"key":"Boot"},{"floor":12,"key":"Matryoshka"},{"floor":14,"key":"Bag of Preparation"}],"event_choices":[{"damage_healed":0,"gold_gain":0,"player_choice":"Donut","damage_taken":0,"max_hp_gain":5,"max_hp_loss":0,"event_name":"Big Fish","floor":2,"gold_loss":0},{"damage_healed":0,"gold_gain":0,"player_choice":"Ignored","damage_taken":0,"max_hp_gain":0,"max_hp_loss":0,"event_name":"Liars Game","floor":5,"gold_loss":0}],"is_beta":false,"boss_relics":[],"items_purged_floors":[4],"is_endless":false,"potions_floor_spawned":[1,7,10,14],"killed_by":"Hexaghost","ascension_level":19}}