{"host":"gquo1rsrdiuo0hhv","time":1611704131,"event":{"mods":["Act Like it!","BaseMod","Colored Powertips","Minty Spire (QoL Compilation)","Quick Restart","StSLib"],"gold_per_floor":[113,127,127,77,87,119,119,132,132,144,163,175,192,209,209,310,360,374,374,388,400,416,416,416],"floor_reached":23,"language":"ENG","playtime":1254,"items_purged":[],"score":211,"play_id":"f43bb88a-3995-416a-b773-1cdf55cbbaec","local_time":"20210127063531","is_ascension_mode":true,"campfire_choices":[{"floor":7,"key":"REST"},{"floor":15,"key":"RECALL"}],"circlet_count":0,"master_deck":["Strike_R","Strike_R","Strike_R","Defend_R","Defend_R","Defend_R","Defend_R","Bludgeon+1","Body Slam","Rampage","Cleave","Armaments","Flex","Intimidate","Feel No Pain","Offering","Evolve","Limit Break","Shrug It Off"],"relics":["Burning Blood","Darkstone Periapt","Meat on the Bone","Tiny House"],"acts_visited":["Exordium","TheCity"],"potions_floor_usage":[10,12,16,16,21,21],"damage_taken":[{"damage":0,"enemies":"Cultist","floor":1,"turns":2},{"damage":6,"enemies":"2 Louse","floor":2,"turns":3},{"damage":11,"enemies":"Jaw Worm","floor":5,"turns":2},{"damage":48,"enemies":"Lagavulin","floor":6,"turns":7},{"damage":9,"enemies":"2 Fungi Beasts","floor":8,"turns":3},{"damage":0,"enemies":"Large Slime","floor":10,"turns":3},{"damage":12,"enemies":"3 Louse","floor":11,"turns":3},{"damage":14,"enemies":"Exordium Thugs","floor":12,"turns":4},{"damage":2,"enemies":"Large Slime","floor":13,"turns":6},{"damage":11,"enemies":"Red Slaver","floor":14,"turns":3},{"damage":46,"enemies":"Slime Boss","floor":16,"turns":16},{"damage":21,"enemies":"Spheric Guardian","floor":18,"turns":5},{"damage":20,"enemies":"3 Byrds","floor":20,"turns":7},{"damage":20,"enemies":"Snecko","floor":21,"turns":5},{"damage":49,"enemies":"Centurion and Healer","floor":22,"turns":6},{"damage":7,"enemies":"Book of Stabbing","floor":23,"turns":3}],"seed_played":"5202799499881613531","potions_obtained":[{"floor":2,"key":"Fire Potion"},{"floor":5,"key":"SkillPotion"},{"floor":6,"key":"Fire Potion"},{"floor":13,"key":"Dexterity Potion"},{"floor":17,"key":"DuplicationPotion"},{"floor":18,"key":"BlessingOfTheForge"}],"is_trial":false,"path_per_floor":["M","M","?","?","M","E","R","M","T","M","M","M","M","M","R","B",null,"M","?","M","M","M","E"],"character_chosen":"IRONCLAD","items_purchased":[],"campfire_rested":1,"item_purchase_floors":[],"current_hp_per_floor":[80,80,73,73,68,26,50,47,47,53,47,51,55,50,50,22,85,70,70,56,54,23,16,16],"gold":416,"neow_bonus":"ONE_RANDOM_RARE_CARD","is_daily":false,"chose_seed":false,"campfire_upgraded":0,"win_rate":0.0,"timestamp":1611704131,"path_taken":["M","M","?","?","M","E","R","M","T","?","M","M","M","M","R","BOSS","M","?","M","M","M","E"],"items_purchased_type":[],"build_version":"2020-12-22","purchased_purges":0,"victory":false,"max_hp_per_floor":[80,80,80,80,80,80,80,80,80,80,80,80,80,80,80,80,85,85,85,85,85,85,85,85],"card_choices":[{"not_picked":["Shockwave","Seeing Red"],"picked":"Body Slam","floor":1},{"not_picked":["Twin Strike","Wild Strike","Thunderclap"],"picked":"SKIP","floor":2},{"not_picked":["Clash","Sentinel"],"picked":"Rampage","floor":5},{"not_picked":["Heavy Blade","Thunderclap","Pommel Strike"],"picked":"SKIP","floor":6},{"not_picked":["Rampage","Combust"],"picked":"Cleave","floor":8},{"not_picked":["Fire Breathing","Warcry"],"picked":"Armaments","floor":10},{"not_picked":["Perfected Strike","Burning Pact"],"picked":"Flex","floor":11},{"not_picked":["Clash","Second Wind"],"picked":"Intimidate","floor":12},{"not_picked":["Burning Pact","Twin Strike","Dropkick"],"picked":"SKIP","floor":13},{"not_picked":["Bloodletting","Warcry"],"picked":"Feel No Pain","floor":14},{"not_picked":["Bludgeon","Corruption"],"picked":"Offering","floor":16},{"not_picked":["Perfected Strike+1","Uppercut","Clothesline"],"picked":"SKIP","floor":18},{"not_picked":["Clothesline+1","Inflame"],"picked":"Evolve","floor":20},{"not_picked":["Heavy Blade","Sentinel"],"picked":"Limit Break","floor":21},{"not_picked":["Havoc","Warcry"],"picked":"Shrug It Off","floor":22}],"player_experience":398558,"relics_obtained":[{"floor":6,"key":"Darkstone Periapt"},{"floor":9,"key":"Meat on the Bone"}],"event_choices":[{"cards_removed":["Strike_R"],"damage_healed":0,"gold_gain":0,"player_choice":"Card Removal","damage_taken":7,"max_hp_gain":0,"max_hp_loss":0,"event_name":"Golden Wing","floor":3,"gold_loss":0},{"cards_removed":["Bash"],"damage_healed":0,"gold_gain":0,"player_choice":"Card Removal","damage_taken":0,"max_hp_gain":0,"max_hp_loss":0,"event_name":"The Cleric","floor":4,"gold_loss":50},{"cards_removed":["Strike_R"],"damage_healed":0,"gold_gain":0,"player_choice":"Elegance","damage_taken":0,"max_hp_gain":0,"max_hp_loss":0,"event_name":"Back to Basics","floor":19,"gold_loss":0}],"is_beta":false,"boss_relics":[{"not_picked":["Sozu","Black Blood"],"picked":"Tiny House"}],"items_purged_floors":[],"is_endless":false,"potions_floor_spawned":[2,5,6,13,18],"killed_by":"Book of Stabbing","ascension_level":1}}