{"host":"1mv6gj0zv8k9e9tz","time":1611658935,"event":{"mods":["AchievementEnabler","BaseMod","Better Third Choice","Colored Map","KOR Keyword Fix","Minty Spire (QoL Compilation)","Permanent Neow","Rare Cards Sparkle","StSLib"],"gold_per_floor":[109,121,131,143,143,143,153,170,170,170,189,189,189,204,204,299,299,310,324,57,68,2,2,2,2,28,61,0,0,0],"floor_reached":29,"language":"KOR","playtime":1132,"items_purged":[],"score":474,"play_id":"8df7025a-fb7c-4192-80b8-8a3a04fec67e","local_time":"20210126200215","is_ascension_mode":true,"campfire_choices":[{"data":"Blade Dance","floor":6.0,"key":"SMITH"},{"data":"Adrenaline","floor":10.0,"key":"SMITH"},{"data":"Dagger Spray","floor":13.0,"key":"SMITH"},{"data":"Cloak And Dagger","floor":15.0,"key":"SMITH"},{"data":"Accuracy","floor":23.0,"key":"SMITH"},{"data":"Phantasmal Killer","floor":25.0,"key":"SMITH"}],"circlet_count":0,"master_deck":["AscendersBane","Strike_G","Strike_G","Strike_G","Strike_G","Defend_G","Defend_G","Defend_G","Defend_G","Survivor","Neutralize","Tools of the Trade","Adrenaline+1","Blade Dance+1","Dagger Spray+1","Backflip","Footwork","Cloak And Dagger+1","Phantasmal Killer+1","Reflex","PiercingWail","Acrobatics","Accuracy+1"],"relics":["Ring of the Snake","Torii","The Courier","Black Star","Pantograph","Snake Skull","Letter Opener"],"acts_visited":["Exordium","TheCity"],"potions_floor_usage":[],"damage_taken":[{"damage":0.0,"enemies":"Cultist","floor":1.0,"turns":3.0},{"damage":4.0,"enemies":"Jaw Worm","floor":2.0,"turns":4.0},{"damage":1.0,"enemies":"Small Slimes","floor":3.0,"turns":3.0},{"damage":7.0,"enemies":"Exordium Thugs","floor":4.0,"turns":4.0},{"damage":2.0,"enemies":"Red Slaver","floor":7.0,"turns":3.0},{"damage":0.0,"enemies":"2 Fungi Beasts","floor":8.0,"turns":4.0},{"damage":0.0,"enemies":"Looter","floor":11.0,"turns":4.0},{"damage":0.0,"enemies":"Exordium Wildlife","floor":14.0,"turns":3.0},{"damage":11.0,"enemies":"Slime Boss","floor":16.0,"turns":12.0},{"damage":8.0,"enemies":"Shell Parasite","floor":18.0,"turns":7.0},{"damage":10.0,"enemies":"Spheric Guardian","floor":19.0,"turns":5.0},{"damage":0.0,"enemies":"Centurion and Healer","floor":21.0,"turns":4.0},{"damage":36.0,"enemies":"Book of Stabbing","floor":27.0,"turns":7.0},{"damage":15,"enemies":"Slavers","floor":29,"turns":1}],"seed_played":"7956278712465893858","potions_obtained":[{"floor":2.0,"key":"Fire Potion"},{"floor":11.0,"key":"ColorlessPotion"},{"floor":14.0,"key":"SpeedPotion"},{"floor":16.0,"key":"BlessingOfTheForge"},{"floor":19.0,"key":"SteroidPotion"},{"floor":21.0,"key":"Ancient Potion"}],"is_trial":false,"path_per_floor":["M","M","M","M","?","R","M","M","T","R","M","T","R","M","R","B",null,"M","M","$","M","$","R","$","R","T","E","?","E"],"character_chosen":"THE_SILENT","items_purchased":["Acrobatics","Pantograph","Accuracy"],"campfire_rested":0,"item_purchase_floors":[20,20,22],"current_hp_per_floor":[44,40,39,32,37,37,35,35,35,35,35,35,35,35,35,24,59,51,41,41,41,41,41,41,41,41,5,5,0,0],"gold":0,"neow_bonus":"TRANSFORM_TWO_CARDS","is_daily":false,"chose_seed":false,"campfire_upgraded":6,"win_rate":0.0,"timestamp":1611658935,"path_taken":["M","M","?","M","?","R","M","M","T","R","M","?","R","M","R","BOSS","M","M","$","M","$","R","?","R","T","E","?","E"],"items_purchased_type":["Card","Relic","Card"],"build_version":"2020-12-22","purchased_purges":0,"victory":false,"max_hp_per_floor":[66,66,66,66,71,71,71,71,71,71,71,71,71,71,71,71,71,71,71,71,71,71,71,71,71,71,71,71,71,71],"card_choices":[{"not_picked":["Flying Knee","Prepared"],"picked":"Blade Dance","floor":1.0},{"not_picked":["Leg Sweep","Dash"],"picked":"Dagger Spray","floor":2.0},{"not_picked":["Bane","Eviscerate","Underhanded Strike"],"picked":"SKIP","floor":3.0},{"not_picked":["Endless Agony","Slice"],"picked":"Backflip","floor":4.0},{"not_picked":["Acrobatics","A Thousand Cuts"],"picked":"Footwork","floor":7.0},{"not_picked":["Skewer","Prepared","Backflip"],"picked":"SKIP","floor":8.0},{"not_picked":["Finisher","PiercingWail"],"picked":"Cloak And Dagger","floor":11.0},{"not_picked":["Dash","Corpse Explosion","Riddle With Holes"],"picked":"SKIP","floor":14.0},{"not_picked":["Malaise","Doppelganger"],"picked":"Phantasmal Killer","floor":16.0},{"not_picked":["Outmaneuver","All Out Attack"],"picked":"Reflex","floor":18.0},{"not_picked":["Setup","Escape Plan"],"picked":"PiercingWail","floor":19.0},{"not_picked":["Eviscerate","Dagger Throw","Skewer"],"picked":"SKIP","floor":21.0},{"not_picked":["Endless Agony","Bouncing Flask","Choke"],"picked":"SKIP","floor":27.0}],"player_experience":570661,"relics_obtained":[{"floor":9.0,"key":"Torii"},{"floor":12.0,"key":"The Courier"},{"floor":27.0,"key":"Snake Skull"},{"floor":27.0,"key":"Letter Opener"}],"event_choices":[{"damage_healed":0.0,"max_hp_gain":5.0,"max_hp_loss":0.0,"gold_gain":0.0,"event_name":"Big Fish","player_choice":"Donut","floor":5.0,"gold_loss":0.0,"damage_taken":0.0},{"damage_healed":0,"gold_gain":0,"player_choice":"Paid Fearfully","damage_taken":0,"max_hp_gain":0,"max_hp_loss":0,"event_name":"Masked Bandits","floor":28,"gold_loss":61}],"is_beta":false,"boss_relics":[{"not_picked":["Calling Bell","Pandora\u0027s Box"],"picked":"Black Star"}],"items_purged_floors":[],"is_endless":false,"potions_floor_spawned":[2,11,14,16,19,21],"killed_by":"Slavers","ascension_level":20}}