{"host":"Ringo","time":1611666558,"event":{"mods":["BaseMod","Colored Map","Conspire","Dota2Spire","Minty Spire (QoL Compilation)","Replay The Spire","StSLib","[IsaacMod]ÒÔÈö¼âËþ","¡¾ÒÅÎï¿¨ÅÆ¡¿REMEMod"],"gold_per_floor":[117,131,147,161,178,223,241,267,267,298,309,334,364,395,395,473,482,500,514,9,19,30,61,94,127,127,158,189,218,33,61,61,80,37,56,71,93,120,146,175,175,207,37,52,80,98,98,170,170,185,251,266,281,299,325,359,390,415,442,470,3,69,103,112,112,112],"floor_reached":52,"language":"ZHS","playtime":2307,"items_purged":[],"score":4103,"play_id":"097ea121-f581-4d86-9659-ebcaf6798545","local_time":"20210126210918","daily_mods":["SealedDeck","Vintage","Heirloom","Time Dilation","Flight","DeadlyEvents","Elite Swarm","Lethality","Binary"],"is_ascension_mode":true,"campfire_choices":[{"data":"1","floor":15,"key":"LIFT"},{"data":"2","floor":32,"key":"LIFT"},{"data":"3","floor":32,"key":"LIFT"},{"floor":49,"key":"REST"}],"circlet_count":0,"master_deck":["AscendersBane","BettingIsNotGood+1","Backflip+1","Dagger Spray+1","Underhanded Strike+1","Acrobatics+1","REME_ShadowStrike+1","Prepared+1","REME_ShadowStrike+1","Escape Plan+1","Cloak And Dagger+1","Footwork+1","LessonLearned+1","Adrenaline+1","Endless Agony+1","Noxious Fumes+1","Dagger Spray+1","ReplayTheSpireMod:Private Reserves+1","ReplayTheSpireMod:Scrap Shanks+1","Heel Hook+1","Footwork+1","Dodge and Roll+1","Sucker Punch+1","Replay:Poison Smokescreen+1"],"relics":["Ring of the Snake","Busted Crown","HushsDoor","REME_ComplimentaryCards","Girya","Nunchaku","BookOfRevelations","PreservedInsect","Dota2Spire:OrchidMalevolence","Letter Opener","Blue Doll","Dota2Spire:PowerTreads","Pen Nib","Prayer Wheel","ReplayTheSpireMod:Shallot","CeramicFish","Gremlin Horn","Ancient Tea Set","Dota2Spire:ShivaGuard","REME_LimitBreaker","Dota2Spire:RefresherOrb","Dota2Spire:Satanic","Mercury Hourglass","Calipers","Sling","conspire:BottledYoYo","Happy Flower","Turnip","GuppysPaw","Mummified Hand","SalivaCoin","White Beast Statue","EdensBlessing","Dota2Spire:BlackKingBar","Bag of Preparation","Dream Catcher","REME_HourglassOfDeath","Chameleon Ring","Bird Faced Urn","Bronze Scales","D6","Pear","Golden Egg","conspire:DecoderRing","Replay:PocketPolymizer","Durian","Fusion Hammer","GuppysHairball","GuppysCollar","Boot","Replay:Bottled Eggs","Dota2Spire:LinkenSphere","DeathBook","Omamori","BelialBook","Dota2Spire:Dagon","Whetstone","Blood Vial","conspire:TopHat","Pondfish Scales","Dota2Spire:MagicBottle","Question Card","TheBean"],"acts_visited":["Exordium","TheCity","TheBeyond"],"potions_floor_usage":[6,16,16,19,29,20,27,33,33,39,40,42,45,47,51],"damage_taken":[{"damage":9,"enemies":"conspire:RoseBush","floor":1,"turns":1},{"damage":0,"enemies":"Jaw Worm","floor":2,"turns":1},{"damage":0,"enemies":"2 Louse","floor":3,"turns":2},{"damage":0,"enemies":"Exordium Thugs","floor":4,"turns":1},{"damage":0,"enemies":"Exordium Wildlife","floor":5,"turns":1},{"damage":0,"enemies":"Lagavulin","floor":6,"turns":1},{"damage":0,"enemies":"Large Slime","floor":7,"turns":1},{"damage":0,"enemies":"Gremlin Nob","floor":8,"turns":1},{"damage":0,"enemies":"Lagavulin","floor":10,"turns":1},{"damage":0,"enemies":"Lots of Slimes","floor":11,"turns":1},{"damage":0,"enemies":"Gremlin Nob","floor":12,"turns":1},{"damage":0,"enemies":"Lagavulin","floor":13,"turns":1},{"damage":0,"enemies":"Gremlin Nob","floor":14,"turns":1},{"damage":0,"enemies":"Fading Forest","floor":16,"turns":6},{"damage":0,"enemies":"Spheric Guardian","floor":18,"turns":1},{"damage":0,"enemies":"2 Thieves","floor":19,"turns":1},{"damage":0,"enemies":"Sentry and Sphere","floor":21,"turns":1},{"damage":0,"enemies":"Snecko","floor":22,"turns":1},{"damage":0,"enemies":"Book of Stabbing","floor":23,"turns":1},{"damage":0,"enemies":"conspire:Head Lice","floor":24,"turns":1},{"damage":0,"enemies":"conspire:SneckoGhost","floor":25,"turns":1},{"damage":0,"enemies":"Book of Stabbing","floor":27,"turns":1},{"damage":0,"enemies":"Slavers","floor":28,"turns":1},{"damage":0,"enemies":"Book of Stabbing","floor":29,"turns":1},{"damage":0,"enemies":"conspire:Head Lice","floor":31,"turns":1},{"damage":0,"enemies":"Chosen","floor":18,"turns":2},{"damage":0,"enemies":"3 Byrds","floor":20,"turns":1},{"damage":0,"enemies":"Snake Plant","floor":21,"turns":1},{"damage":0,"enemies":"Snecko","floor":22,"turns":1},{"damage":0,"enemies":"Gremlin Leader","floor":23,"turns":1},{"damage":0,"enemies":"Slavers","floor":24,"turns":1},{"damage":0,"enemies":"Gremlin Leader","floor":25,"turns":1},{"damage":0,"enemies":"Slavers","floor":27,"turns":1},{"damage":0,"enemies":"Cultist and Chosen","floor":29,"turns":1},{"damage":0,"enemies":"Gremlin Leader","floor":30,"turns":1},{"damage":0,"enemies":"Shelled Parasite and Fungi","floor":31,"turns":1},{"damage":0,"enemies":"Champ","floor":33,"turns":1},{"damage":0,"enemies":"Orb Walker","floor":35,"turns":1},{"damage":0,"enemies":"3 Shapes","floor":36,"turns":1},{"damage":0,"enemies":"Transient","floor":37,"turns":2},{"damage":0,"enemies":"Maw","floor":38,"turns":1},{"damage":0,"enemies":"Spire Growth","floor":39,"turns":1},{"damage":0,"enemies":"Reptomancer","floor":40,"turns":1},{"damage":0,"enemies":"R_Hoarder","floor":41,"turns":1},{"damage":0,"enemies":"Giant Head","floor":42,"turns":1},{"damage":0,"enemies":"Nemesis","floor":44,"turns":1},{"damage":0,"enemies":"Giant Head","floor":45,"turns":1},{"damage":0,"enemies":"Reptomancer","floor":47,"turns":1},{"damage":0,"enemies":"R_Hoarder","floor":48,"turns":1},{"damage":0,"enemies":"Donu and Deca","floor":50,"turns":1},{"damage":0,"enemies":"Replay:Hell Engine","floor":51,"turns":1}],"seed_played":"2526311801542504471","potions_obtained":[{"floor":2,"key":"Languid Potion"},{"floor":3,"key":"SkillPotion"},{"floor":7,"key":"PowerPotion"},{"floor":16,"key":"Toxic Potion"},{"floor":19,"key":"Fruit Juice"},{"floor":24,"key":"GhostInAJar"},{"floor":29,"key":"EssenceOfSteel"},{"floor":20,"key":"LifebloodPotion"},{"floor":27,"key":"Fruit Juice"},{"floor":29,"key":"SpeedPotion"},{"floor":33,"key":"Languid Potion"},{"floor":35,"key":"CunningPotion"},{"floor":39,"key":"Poison Potion"},{"floor":40,"key":"Adrenaline Potion"},{"floor":42,"key":"REME_GoldPotion"},{"floor":44,"key":"FearPotion"},{"floor":45,"key":"Dexterity Potion"},{"floor":47,"key":"CultistPotion"}],"is_trial":true,"path_per_floor":["M","M","M","M","M","E","M","E","T","E","M","E","E","E","R","B",null,"M","M","$","M","M","E","E","E","T","E","E","E","$","E","R","M","$","M","M","M","E","E","E","T","E","$","M","E","M","R","B",null,"M","M","M","M","M","E","E","E","T","E","E","$","E","E","R","B","B",null],"character_chosen":"THE_SILENT","items_purchased":["Adrenaline","Calipers","Sling","Endless Agony","Noxious Fumes","Dagger Spray","ReplayTheSpireMod:Private Reserves+1","ReplayTheSpireMod:Scrap Shanks+1","Heel Hook+1","Footwork","Dodge and Roll","Sucker Punch","GuppysHairball","GuppysCollar","Dota2Spire:MagicBottle"],"campfire_rested":1,"item_purchase_floors":[17,20,20,30,30,30,30,19,28,28,28,28,34,34,46],"current_hp_per_floor":[50,50,50,50,50,50,50,50,50,50,50,50,50,50,50,50,59,59,64,64,64,64,64,64,64,64,64,64,64,64,64,64,64,64,64,64,64,64,64,64,74,81,81,81,81,86,86,86,63,63,63,63,63,63,63,63,63,63,63,63,63,63,63,63,63,63],"gold":112,"neow_bonus":"","is_daily":false,"chose_seed":false,"campfire_upgraded":0,"win_rate":0.0,"timestamp":1611666558,"path_taken":["M","M","M","M","M","E","M","E","T","E","M","E","E","E","R","BOSS","M","M","$","M","M","E","E","E","T","E","E","E","$","E","R","M","$","M","M","M","E","E","E","T","E","$","M","E","M","R","BOSS","M","M","M","M","M","E","E","E","T","E","E","$","E","E","R","BOSS","BOSS"],"items_purchased_type":["Card","Relic","Relic","Card","Card","Card","Card","Card","Card","Card","Card","Card","Relic","Relic","Relic"],"build_version":"2020-12-18","purchased_purges":0,"victory":true,"max_hp_per_floor":[66,66,66,66,66,66,66,66,66,66,66,66,66,66,66,66,62,62,67,67,67,67,67,67,64,64,64,64,64,64,64,64,64,64,64,64,64,64,64,64,74,81,81,81,81,86,86,86,63,63,63,63,63,63,63,63,63,63,63,63,63,63,63,63,63,63],"card_choices":[{"not_picked":[],"picked":"BettingIsNotGood","floor":0},{"not_picked":["Doppelganger"],"picked":"SKIP","floor":48}],"player_experience":565942,"relics_obtained":[{"floor":1,"key":"Nunchaku"},{"floor":2,"key":"PreservedInsect"},{"floor":3,"key":"Dota2Spire:OrchidMalevolence"},{"floor":4,"key":"Letter Opener"},{"floor":5,"key":"Blue Doll"},{"floor":6,"key":"Dota2Spire:PowerTreads"},{"floor":7,"key":"Pen Nib"},{"floor":8,"key":"Prayer Wheel"},{"floor":9,"key":"ReplayTheSpireMod:Shallot"},{"floor":10,"key":"CeramicFish"},{"floor":11,"key":"Gremlin Horn"},{"floor":12,"key":"Ancient Tea Set"},{"floor":13,"key":"Dota2Spire:ShivaGuard"},{"floor":14,"key":"REME_LimitBreaker"},{"floor":18,"key":"Dota2Spire:Satanic"},{"floor":19,"key":"Mercury Hourglass"},{"floor":21,"key":"conspire:BottledYoYo"},{"floor":22,"key":"Happy Flower"},{"floor":23,"key":"Turnip"},{"floor":24,"key":"ForgetMeNow"},{"floor":25,"key":"GuppysPaw"},{"floor":26,"key":"Mummified Hand"},{"floor":27,"key":"SalivaCoin"},{"floor":28,"key":"White Beast Statue"},{"floor":29,"key":"EdensBlessing"},{"floor":31,"key":"Dota2Spire:BlackKingBar"},{"floor":18,"key":"Bag of Preparation"},{"floor":20,"key":"Dream Catcher"},{"floor":21,"key":"REME_HourglassOfDeath"},{"floor":22,"key":"Chameleon Ring"},{"floor":23,"key":"Bird Faced Urn"},{"floor":24,"key":"Bronze Scales"},{"floor":25,"key":"D6"},{"floor":26,"key":"Pear"},{"floor":27,"key":"Golden Egg"},{"floor":29,"key":"conspire:DecoderRing"},{"floor":30,"key":"Replay:PocketPolymizer"},{"floor":31,"key":"Durian"},{"floor":35,"key":"Boot"},{"floor":36,"key":"Replay:Bottled Eggs"},{"floor":37,"key":"Dota2Spire:LinkenSphere"},{"floor":38,"key":"DeathBook"},{"floor":39,"key":"Omamori"},{"floor":40,"key":"BelialBook"},{"floor":41,"key":"Dota2Spire:Dagon"},{"floor":42,"key":"Whetstone"},{"floor":43,"key":"Blood Vial"},{"floor":44,"key":"conspire:TopHat"},{"floor":45,"key":"Pondfish Scales"},{"floor":47,"key":"Question Card"},{"floor":48,"key":"TheBean"}],"event_choices":[],"is_beta":true,"boss_relics":[{"not_picked":["Kintsugi","REME_DemonsWealth"],"picked":"Dota2Spire:RefresherOrb"},{"not_picked":[]},{"not_picked":["Empty Cage","Ring of the Serpent"],"picked":"Fusion Hammer"},{"not_picked":[]}],"items_purged_floors":[],"is_endless":false,"potions_floor_spawned":[2,3,7,10,11,13,16,19,24,25,29,31,18,20,21,22,23,24,25,27,29,30,31,33,35,36,37,38,39,40,41,42,44,45,47,48],"ascension_level":20}}