{"host":"g1wmg2w41xhsnw8g","time":1611636127,"event":{"mods":["2.2 Compatiblity","A Penny For Your Troubles","Act Like it!","Aspiration","BaseMod","Better Altar","Better Match","Better Note","Better Sensory Stone","Better Skull","Better Third Choice","BetterRewards","Booster Modes","CapriCore","Colored Map","Colored Powertips","Defuse TimeMaze Blight","Displayed Cursed Tome","Evolution","Fox Events","Friendly Minions","GifTheSpireLib","Good Game Mod","Googly Eyes","Infinite Spire","Minty Spire (QoL Compilation)","Red Circlet Mod","Relic Filter Mod","Relic Sorter","Reliquary","Shop Mod","Spicy Shops","StSLib","The Gatherer","The Sage","TheSurvivalist","Trackpad","Transform Curses","Wandering Minibosses","????"],"gold_per_floor":[111,111,127,127,127,127,154,154,154,187,44,71,85,96,96,201,201,214,214,214],"floor_reached":19,"language":"ENG","playtime":1189,"items_purged":[],"score":219,"play_id":"5775ac90-34bf-4cfc-ac4c-04f68b5d036a","local_time":"20210125234207","daily_mods":["Specialized","Heirloom","Elite Swarm"],"is_ascension_mode":true,"campfire_choices":[{"data":"survmod:ComplexMutation","floor":6,"key":"SMITH"},{"floor":8,"key":"REST"},{"data":"survmod:PerfectPosition","floor":15,"key":"SMITH"}],"circlet_count":0,"master_deck":["survmod:Strike","survmod:Strike","survmod:Strike","survmod:Strike","survmod:Defend","survmod:Defend","survmod:Defend","survmod:VersatileOffense","survmod:Sprint","survmod:AimForTheLiver","survmod:AimForTheLiver","survmod:AimForTheLiver","survmod:AimForTheLiver","survmod:AimForTheLiver","survmod:NockAnArrow","Gatherer:BlackTea","survmod:ComplexMutation+1","Burn","survmod:Camouflage","survmod:RobFromTheRich","survmod:PerfectPosition+1","survmod:MarkTrap","survmod:CloseCombat","survmod:FlareBarrage"],"relics":["survmod:AdvancedEvolution","EVO:Axolotl","REME:ComplimentaryCards","Unceasing Top","foxEvents:ScarlettsFace","PreservedInsect","Thread and Needle","Gambling Chip","aspiration:Lifesprig","Ancient Tea Set"],"acts_visited":["Exordium","TheCity"],"potions_floor_usage":[10,16],"damage_taken":[{"damage":0,"enemies":"2 Louse","floor":1,"turns":2},{"damage":7,"enemies":"Cultist","floor":3,"turns":4},{"damage":27,"enemies":"3 Sentries","floor":7,"turns":7},{"damage":2,"enemies":"Lagavulin","floor":10,"turns":5},{"damage":6,"enemies":"Gremlin Nob","floor":12,"turns":4},{"damage":1,"enemies":"Jaw Worm","floor":13,"turns":4},{"damage":2,"enemies":"Blue Slaver","floor":14,"turns":6},{"damage":1,"enemies":"Hexaghost","floor":16,"turns":8},{"damage":10,"enemies":"2 Thieves","floor":18,"turns":4},{"damage":48,"enemies":"Spheric Guardian","floor":19,"turns":6}],"seed_played":"4680410336714533119","potions_obtained":[{"floor":3,"key":"BlessingOfTheForge"},{"floor":10,"key":"SpeedPotion"},{"floor":14,"key":"Fire Potion"}],"is_trial":true,"path_per_floor":["M","?","M","?","?","R","E","R","T","E","R","E","M","M","R","B",null,"M","M"],"character_chosen":"THE_SURVIVOR","items_purchased":["aspiration:Lifesprig"],"campfire_rested":1,"item_purchase_floors":[11],"current_hp_per_floor":[50,50,43,43,43,43,16,31,31,29,29,23,22,20,20,19,50,40,0,0],"gold":214,"neow_bonus":"","is_daily":false,"chose_seed":false,"campfire_upgraded":2,"win_rate":0.0,"timestamp":1611636127,"path_taken":["M","?","?","?","?","R","E","R","T","E","R","E","M","?","R","BOSS","M","M"],"items_purchased_type":["Relic"],"build_version":"2020-12-22","purchased_purges":0,"victory":false,"max_hp_per_floor":[50,50,50,50,50,50,50,50,50,50,50,50,50,50,50,50,50,50,50,50],"card_choices":[{"not_picked":["survmod:FenceTrap","survmod:FlashbangShot"],"picked":"survmod:NockAnArrow","floor":1},{"not_picked":["survmod:SkillfulManeuver","survmod:UnfortunateEscape"],"picked":"survmod:ComplexMutation","floor":3},{"not_picked":["survmod:VersatilePower","survmod:MercifulShot"],"picked":"survmod:Camouflage","floor":7},{"not_picked":["survmod:MarkedForDeath","survmod:NeedleShot"],"picked":"survmod:RobFromTheRich","floor":10},{"not_picked":["survmod:ConcussiveShot","survmod:NeedleShot"],"picked":"survmod:PerfectPosition","floor":12},{"not_picked":["survmod:FenceTrap","survmod:HailOfArrows"],"picked":"survmod:MarkTrap","floor":13},{"not_picked":["survmod:SkillfulManeuver","survmod:SimpleMutation","survmod:LongShot"],"picked":"SKIP","floor":14},{"not_picked":["survmod:Exploit","survmod:ExpertSniper"],"picked":"survmod:CloseCombat","floor":16},{"not_picked":["survmod:LongShot","survmod:QuickDash"],"picked":"survmod:FlareBarrage","floor":18}],"player_experience":1085789,"relics_obtained":[{"floor":7,"key":"PreservedInsect"},{"floor":9,"key":"Thread and Needle"},{"floor":10,"key":"Gambling Chip"},{"floor":12,"key":"Ancient Tea Set"}],"event_choices":[{"cards_removed":["survmod:Defend"],"damage_healed":0,"gold_gain":0,"player_choice":"Purged","damage_taken":0,"max_hp_gain":0,"max_hp_loss":0,"event_name":"Purifier","floor":2,"gold_loss":0},{"damage_healed":43,"gold_gain":0,"player_choice":"Embrace Burn","damage_taken":0,"max_hp_gain":0,"max_hp_loss":50,"event_name":"betterThird:BetterShining","floor":4,"gold_loss":0},{"damage_healed":0,"gold_gain":0,"player_choice":"Trade","damage_taken":0,"relics_obtained":["foxEvents:ScarlettsFace"],"max_hp_gain":0,"max_hp_loss":0,"event_name":"FaceTrader","floor":5,"gold_loss":0}],"is_beta":false,"boss_relics":[{"not_picked":["reliquary:WritOfMandamus","aspiration:PoetsPen"],"picked":"survmod:AdvancedEvolution"}],"items_purged_floors":[],"is_endless":false,"potions_floor_spawned":[3,10,14],"killed_by":"Spheric Guardian","ascension_level":1}}