{"host":"uv5ws9rdk87e8i5k","time":1611688031,"event":{"mods":["AchievementEnabler","BaseMod","Colored Map","Minty Spire (QoL Compilation)","Permanent Neow","Quick Restart","StSLib","SuperFastMode","The Animator","The Cursed","The Hierophant","The Necromancer"],"gold_per_floor":[115,125,143,156,169,169,204,204,204,232,10,10,39,56,56,158,158,176,176,187,199,209,209,225,225,250,250,26,53,53,79,79,182,182,196,211,211,211],"floor_reached":37,"language":"ENG","playtime":1308,"items_purged":["animator:Curse_GriefSeed"],"score":478,"play_id":"42626d70-1b8c-4156-8e9c-4ed92857b8c0","local_time":"20210126130711","is_ascension_mode":true,"campfire_choices":[{"data":"Redo","floor":6.0,"key":"SMITH"},{"data":"Creative AI","floor":8.0,"key":"SMITH"},{"data":"Seek","floor":15.0,"key":"SMITH"},{"floor":23.0,"key":"REST"},{"floor":25.0,"key":"REST"},{"floor":32.0,"key":"REST"}],"circlet_count":0,"master_deck":["Defend_B","Defend_B","Defend_B","Defend_B","Zap","Dualcast","Echo Form","Turbo","FTL","Reboot","Ball Lightning","Redo+1","Creative AI+1","Seek+1","Capacitor","Conserve Battery","Biased Cognition","Reboot","Heatsinks+1","Loop","Stack+1","Consume","Bite","Bite","Bite","Bite","Bite","Reboot","Turbo","Amplify"],"relics":["Cracked Core","Gremlin Horn","Darkstone Periapt","Emotion Chip","PreservedInsect","Matryoshka","Cursed Key","Nilry\u0027s Codex","Strawberry","Nunchaku","MutagenicStrength","Art of War","Vajra","Dream Catcher","Fusion Hammer"],"acts_visited":["Exordium","TheCity","TheBeyond"],"potions_floor_usage":[37],"damage_taken":[{"damage":2.0,"enemies":"2 Louse","floor":1.0,"turns":3.0},{"damage":8.0,"enemies":"Jaw Worm","floor":2.0,"turns":3.0},{"damage":1.0,"enemies":"Cultist","floor":3.0,"turns":3.0},{"damage":0.0,"enemies":"Looter","floor":4.0,"turns":3.0},{"damage":3.0,"enemies":"2 Fungi Beasts","floor":5.0,"turns":3.0},{"damage":6.0,"enemies":"Lagavulin","floor":7.0,"turns":5.0},{"damage":13.0,"enemies":"3 Sentries","floor":10.0,"turns":6.0},{"damage":14.0,"enemies":"Gremlin Nob","floor":13.0,"turns":4.0},{"damage":6.0,"enemies":"Exordium Thugs","floor":14.0,"turns":3.0},{"damage":25.0,"enemies":"The Guardian","floor":16.0,"turns":5.0},{"damage":23.0,"enemies":"2 Thieves","floor":18.0,"turns":3.0},{"damage":3.0,"enemies":"Chosen","floor":20.0,"turns":4.0},{"damage":12.0,"enemies":"Snecko","floor":21.0,"turns":4.0},{"damage":10.0,"enemies":"Cultist and Chosen","floor":22.0,"turns":5.0},{"damage":24.0,"enemies":"Snake Plant","floor":24.0,"turns":3.0},{"damage":25.0,"enemies":"Slavers","floor":29.0,"turns":4.0},{"damage":14.0,"enemies":"Book of Stabbing","floor":31.0,"turns":4.0},{"damage":20.0,"enemies":"Automaton","floor":33.0,"turns":5.0},{"damage":0.0,"enemies":"3 Shapes","floor":35.0,"turns":3.0},{"damage":4.0,"enemies":"3 Darklings","floor":36.0,"turns":3.0},{"damage":65,"enemies":"Jaw Worm Horde","floor":37,"turns":3}],"seed_played":"4366454396182497779","potions_obtained":[{"floor":7.0,"key":"DistilledChaos"},{"floor":10.0,"key":"FocusPotion"},{"floor":13.0,"key":"Swift Potion"},{"floor":14.0,"key":"Dexterity Potion"},{"floor":18.0,"key":"PotionOfCapacity"},{"floor":21.0,"key":"Fruit Juice"},{"floor":22.0,"key":"DuplicationPotion"},{"floor":35.0,"key":"ColorlessPotion"}],"is_trial":false,"path_per_floor":["M","M","M","M","M","R","E","R","T","E","$","?","E","M","R","B",null,"M","?","M","M","M","R","M","R","T","?","$","E","?","E","R","B",null,"M","M","M"],"character_chosen":"DEFECT","items_purchased":["PreservedInsect","Capacitor","Art of War"],"campfire_rested":3,"item_purchase_floors":[11,11,28],"current_hp_per_floor":[66,58,57,57,54,54,48,48,48,35,35,57,43,37,37,12,68,45,29,26,19,9,30,6,27,40,40,40,15,15,3,21,9,60,60,60,0,0],"gold":211,"neow_bonus":"THREE_RARE_CARDS","is_daily":false,"chose_seed":false,"campfire_upgraded":3,"win_rate":0.0,"timestamp":1611688031,"path_taken":["M","M","M","M","M","R","E","R","T","E","$","?","E","M","R","BOSS","M","?","M","M","M","R","M","R","T","?","$","E","?","E","R","BOSS","M","M","M"],"items_purchased_type":["Relic","Card","Relic"],"build_version":"2020-12-22","purchased_purges":1,"victory":false,"max_hp_per_floor":[68,68,68,68,68,68,68,68,68,68,68,68,68,68,68,68,68,68,68,68,73,73,73,73,73,86,86,86,86,60,60,60,60,60,60,60,60,60],"card_choices":[{"not_picked":["Machine Learning","Hyperbeam"],"picked":"Echo Form","floor":0.0},{"not_picked":["Barrage","Gash"],"picked":"Turbo","floor":1.0},{"not_picked":["Tempest","Ball Lightning"],"picked":"FTL","floor":2.0},{"not_picked":["Streamline","Redo"],"picked":"Reboot","floor":3.0},{"not_picked":["Skim","Hologram"],"picked":"Ball Lightning","floor":4.0},{"not_picked":["Lockon","Reprogram"],"picked":"Redo","floor":5.0},{"not_picked":["Storm","Skim"],"picked":"Creative AI","floor":7.0},{"not_picked":["Compile Driver","Chill"],"picked":"Seek","floor":10.0},{"not_picked":["Stack","Gash"],"picked":"Conserve Battery","floor":13.0},{"not_picked":["Consume","Ball Lightning"],"picked":"Biased Cognition","floor":14.0},{"not_picked":["All For One","Meteor Strike"],"picked":"Reboot","floor":16.0},{"not_picked":["Scrape+1","Consume"],"picked":"Heatsinks+1","floor":18.0},{"not_picked":["Steam","Hello World"],"picked":"Loop","floor":20.0},{"not_picked":["Compile Driver","Heatsinks"],"picked":"Stack+1","floor":21.0},{"not_picked":["Ball Lightning+1","Blizzard+1","Gash"],"picked":"SKIP","floor":22.0},{"not_picked":["Gash","Stack"],"picked":"Consume","floor":24.0},{"not_picked":["Heatsinks","Thunder Strike","Barrage"],"picked":"SKIP","floor":29.0},{"not_picked":["Barrage","Compile Driver","Conserve Battery"],"picked":"SKIP","floor":31.0},{"not_picked":["Hyperbeam","Multi-Cast"],"picked":"Reboot","floor":33.0},{"not_picked":["Melter","Leap+1"],"picked":"Turbo","floor":35.0},{"not_picked":["Barrage+1","Streamline+1"],"picked":"Amplify","floor":36.0}],"player_experience":293952,"relics_obtained":[{"floor":7.0,"key":"Gremlin Horn"},{"floor":9.0,"key":"Darkstone Periapt"},{"floor":10.0,"key":"Emotion Chip"},{"floor":13.0,"key":"Matryoshka"},{"floor":19.0,"key":"Nilry\u0027s Codex"},{"floor":26.0,"key":"Strawberry"},{"floor":26.0,"key":"Nunchaku"},{"floor":29.0,"key":"Vajra"},{"floor":31.0,"key":"Dream Catcher"}],"event_choices":[{"damage_healed":22.0,"max_hp_gain":0.0,"max_hp_loss":0.0,"gold_gain":0.0,"event_name":"Big Fish","player_choice":"Banana","floor":12.0,"gold_loss":0.0,"damage_taken":0.0},{"damage_healed":0.0,"max_hp_gain":0.0,"max_hp_loss":0.0,"gold_gain":0.0,"event_name":"Cursed Tome","player_choice":"Obtained Book","floor":19.0,"gold_loss":0.0,"damage_taken":16.0},{"damage_healed":0.0,"max_hp_gain":0.0,"max_hp_loss":0.0,"gold_gain":0.0,"event_name":"Drug Dealer","player_choice":"Inject Mutagens","floor":27.0,"gold_loss":0.0,"damage_taken":0.0,"relics_obtained":["MutagenicStrength"]},{"damage_healed":0.0,"max_hp_gain":0.0,"max_hp_loss":26.0,"gold_gain":0.0,"event_name":"Vampires","player_choice":"Became a vampire","floor":30.0,"gold_loss":0.0,"damage_taken":0.0,"cards_obtained":["Bite","Bite","Bite","Bite","Bite"]}],"is_beta":false,"boss_relics":[{"not_picked":["SlaversCollar","Empty Cage"],"picked":"Cursed Key"},{"not_picked":["Busted Crown","SacredBark"],"picked":"Fusion Hammer"}],"items_purged_floors":[28],"is_endless":false,"potions_floor_spawned":[7,10,13,14,18,21,22,24,35],"killed_by":"Jaw Worm Horde","ascension_level":1}}