{"host":"h6t8hbb65u5mbq7r","time":1611698175,"event":{"mods":["AchievementEnabler","BaseMod","Colored Map","Minty Spire (QoL Compilation)","StSLib","SuperFastMode"],"gold_per_floor":[110,124,144,158,172,200,200,225,225,225,235,250,265,61,61,156,156,174,174,134,145,145,145,175,189,189,189,201,216,216,216,216,216,216],"floor_reached":33,"language":"JPN","playtime":1091,"items_purged":["Strike_P"],"score":480,"play_id":"f245d643-d7a6-42ce-b2f4-0a141f10f9b8","local_time":"20210127065615","is_ascension_mode":true,"campfire_choices":[{"data":"SashWhip","floor":7,"key":"SMITH"},{"data":"Vault","floor":15,"key":"SMITH"},{"data":"Scrawl","floor":23,"key":"SMITH"},{"data":"Scrawl","floor":27,"key":"SMITH"},{"data":"Evaluate","floor":30,"key":"SMITH"},{"data":"Protect","floor":32,"key":"SMITH"}],"circlet_count":0,"master_deck":["Strike_P","Strike_P","Strike_P","Defend_P","Defend_P+1","Defend_P","Defend_P","Eruption+1","Vigilance+1","SashWhip+1","WheelKick","Consecrate","Scrawl+1","Conclude","Protect+1","ClearTheMind","BowlingBash","Vault+1","Scrawl+1","CrushJoints+1","CutThroughFate+1","CutThroughFate+1","Evaluate+1","SignatureMove"],"relics":["HolyWater","Oddly Smooth Stone","War Paint","InkBottle","Tiny Chest","Kunai"],"acts_visited":["Exordium","TheCity"],"potions_floor_usage":[6,6,6,16,16,16,21,29,33,33],"damage_taken":[{"damage":2,"enemies":"Small Slimes","floor":1,"turns":2},{"damage":0,"enemies":"Cultist","floor":2,"turns":2},{"damage":0,"enemies":"2 Louse","floor":3,"turns":2},{"damage":14,"enemies":"Exordium Wildlife","floor":4,"turns":2},{"damage":0,"enemies":"2 Fungi Beasts","floor":5,"turns":2},{"damage":0,"enemies":"Lagavulin","floor":6,"turns":2},{"damage":5,"enemies":"3 Sentries","floor":8,"turns":4},{"damage":7,"enemies":"Exordium Thugs","floor":11,"turns":3},{"damage":4,"enemies":"Red Slaver","floor":12,"turns":3},{"damage":1,"enemies":"3 Louse","floor":13,"turns":2},{"damage":15,"enemies":"The Guardian","floor":16,"turns":14},{"damage":14,"enemies":"Shell Parasite","floor":18,"turns":6},{"damage":2,"enemies":"2 Thieves","floor":21,"turns":5},{"damage":0,"enemies":"Gremlin Leader","floor":24,"turns":5},{"damage":5,"enemies":"Chosen and Byrds","floor":25,"turns":3},{"damage":0,"enemies":"Centurion and Healer","floor":28,"turns":5},{"damage":11,"enemies":"Snake Plant","floor":29,"turns":4},{"damage":34,"enemies":"Automaton","floor":33,"turns":7}],"seed_played":"1604703262212314086","potions_obtained":[{"floor":1,"key":"ColorlessPotion"},{"floor":2,"key":"Swift Potion"},{"floor":4,"key":"Strength Potion"},{"floor":11,"key":"SkillPotion"},{"floor":12,"key":"ColorlessPotion"},{"floor":20,"key":"BlessingOfTheForge"},{"floor":20,"key":"FearPotion"},{"floor":20,"key":"DistilledChaos"},{"floor":24,"key":"Energy Potion"},{"floor":28,"key":"DuplicationPotion"}],"is_trial":false,"path_per_floor":["M","M","M","M","M","E","R","E","T","?","M","M","M","$","R","B",null,"M","?","?","M","$","R","E","M","T","R","M","M","R","?","R","B"],"character_chosen":"WATCHER","items_purchased":["Vault","SkillPotion"],"campfire_rested":0,"item_purchase_floors":[14,14],"current_hp_per_floor":[70,70,70,56,56,56,56,51,51,51,44,40,39,39,39,24,65,51,51,51,49,49,49,49,44,44,44,44,33,33,33,33,0,0],"gold":216,"neow_bonus":"TEN_PERCENT_HP_BONUS","is_daily":false,"chose_seed":false,"campfire_upgraded":6,"win_rate":0.0,"timestamp":1611698175,"path_taken":["M","M","M","M","M","E","R","E","T","?","?","M","M","$","R","BOSS","M","?","?","?","$","R","E","M","T","R","M","M","R","?","R","BOSS"],"items_purchased_type":["Card","Potion"],"build_version":"2020-12-22","purchased_purges":1,"victory":false,"max_hp_per_floor":[79,79,79,79,79,79,79,79,79,79,79,79,79,79,79,79,79,79,79,79,79,79,79,79,79,79,79,79,79,79,79,79,79,79],"card_choices":[{"not_picked":["Wireheading","EmptyFist"],"picked":"SashWhip","floor":1},{"not_picked":["Adaptation","CrushJoints"],"picked":"WheelKick","floor":2},{"not_picked":["Nirvana","Fasting2"],"picked":"PathToVictory","floor":3},{"not_picked":["FlurryOfBlows","JustLucky","Vengeance"],"picked":"SKIP","floor":4},{"not_picked":["EmptyMind","InnerPeace"],"picked":"Consecrate","floor":5},{"not_picked":["ClearTheMind","Crescendo"],"picked":"Scrawl","floor":6},{"not_picked":["SashWhip","Devotion"],"picked":"Conclude","floor":8},{"not_picked":["JustLucky","FlyingSleeves"],"picked":"Protect","floor":11},{"not_picked":["PathToVictory","Judgement"],"picked":"ClearTheMind","floor":12},{"not_picked":["JustLucky","CrushJoints"],"picked":"BowlingBash","floor":13},{"not_picked":["Judgement","Brilliance"],"picked":"Scrawl","floor":16},{"not_picked":["FollowUp","Tantrum","BowlingBash"],"picked":"SKIP","floor":18},{"not_picked":["EmptyMind","Wallop"],"picked":"CrushJoints+1","floor":21},{"not_picked":["FlurryOfBlows","Wish"],"picked":"CutThroughFate+1","floor":24},{"not_picked":["Prostrate","DeceiveReality"],"picked":"CutThroughFate+1","floor":25},{"not_picked":["FlyingSleeves","FollowUp","Conclude"],"picked":"SKIP","floor":28},{"not_picked":["Pray","EmptyBody+1"],"picked":"Evaluate","floor":29}],"player_experience":930817,"relics_obtained":[{"floor":6,"key":"Oddly Smooth Stone"},{"floor":8,"key":"War Paint"},{"floor":9,"key":"InkBottle"},{"floor":24,"key":"Tiny Chest"},{"floor":26,"key":"Kunai"}],"event_choices":[{"damage_healed":0,"gold_gain":0,"player_choice":"Forge","damage_taken":0,"max_hp_gain":0,"max_hp_loss":0,"event_name":"Accursed Blacksmith","floor":10,"gold_loss":0,"cards_upgraded":["Eruption"]},{"damage_healed":0,"gold_gain":0,"player_choice":"Ignored","damage_taken":0,"max_hp_gain":0,"max_hp_loss":0,"event_name":"Ghosts","floor":19,"gold_loss":0},{"damage_healed":0,"gold_gain":0,"player_choice":"Bought 3 Potions","damage_taken":0,"max_hp_gain":0,"max_hp_loss":0,"event_name":"The Woman in Blue","floor":20,"gold_loss":0},{"damage_healed":0,"gold_gain":0,"cards_transformed":["PathToVictory"],"player_choice":"Transformed","damage_taken":0,"max_hp_gain":0,"max_hp_loss":0,"event_name":"Transmorgrifier","floor":31,"gold_loss":0,"cards_obtained":["SignatureMove"]}],"is_beta":false,"boss_relics":[{"not_picked":["Velvet Choker","Fusion Hammer"],"picked":"HolyWater"}],"items_purged_floors":[14],"is_endless":false,"potions_floor_spawned":[1,2,4,5,11,12,24,28],"killed_by":"Automaton","ascension_level":9}}