{"host":"tfkz8stxzb1up54p","time":1611647436,"event":{"mods":["AchievementEnabler","BaseMod","Better Note","Block Reminder","Colored Powertips","Curses Come First","Disable Question Mark Monsters","Displayed Cursed Tome","Emptier Cage","Gold Saver","Gremlin Skip","Halation","Highlight Path","Minty Spire (QoL Compilation)","Permanent Neow","Poor People Problems","Relic Filter Mod","Replay The Spire","StSLib"],"gold_per_floor":[1697,1697,1712,1712,1727,1757,1787,1817,1817,1817,1383,829,875,875,875,989,989,1020,1119,1119,1119,824,868,716,758,758,758,758,758,798,839,839,953,953,984,1050,1050,1050,1050,1084,1142,1142,1167,1167,1167,1198,1198,1246,1246,1270],"floor_reached":51,"language":"ENG","playtime":4042,"items_purged":["Pain","Thunderclap"],"score":1130,"play_id":"8e934277-a2b8-487c-a470-555c7b196760","local_time":"20210126075036","daily_mods":["SealedDeck","Flight","Night Terrors"],"is_ascension_mode":false,"campfire_choices":[{"floor":15,"key":"DIG"},{"floor":32,"key":"DIG"},{"data":"1","floor":42,"key":"LIFT"},{"data":"2","floor":44,"key":"LIFT"},{"data":"3","floor":45,"key":"LIFT"},{"floor":49,"key":"REST"}],"circlet_count":0,"master_deck":["Twin Strike","Iron Wave","Iron Wave","Cleave+1","Thunderclap","Intimidate","Shrug It Off","Pommel Strike","Pommel Strike","Iron Wave+1","Disarm","Hemogenesis","Armaments","Disarm","Ghostly Armor+1","Body Slam","Apotheosis+1","Trip+1","Infernal Blade+1","Rage+1","Feed","Ghostly+1","Ghostly+1","Ghostly+1","Ghostly+1","Ghostly+1","Panache+1","Flex+1","Inflame+1","Jack Of All Trades+1","Disarm+1","ReplayTheSpireMod:Limb From Limb","Feed","Pummel+1","ReplayReversal+1","Anger","Body Slam","Intimidate+1","ReplayTheSpireMod:Muscle Training+1"],"relics":["Burning Blood","WarpedTongs","CaptainsWheel","Juzu Bracelet","Replay:Bandana","Toxic Egg 2","Membership Card","Whetstone","Question Card","Ginger","Replay:Bottled Steam","Akabeko","Frozen Egg 2","halation:Trompette","Black Star","StrikeDummy","Blue Doll","ReplayTheSpireMod:Spearhead","Nunchaku","Replay:Rubber Ducky","InkBottle","Mercury Hourglass","Dream Catcher","MutagenicStrength","Quantum Egg","Anchor","Bag of Marbles","Red Mask","MealTicket","Runic Cube","Bird Faced Urn","halation:PapillonHeart","halation:PinkSoulGem","Girya","King of Hearts","Replay:Wax Seal","Replay:Bottled Flurry","Red Skull","Happy Flower","StoneCalendar"],"acts_visited":["Exordium","TheCity","TheBeyond"],"potions_floor_usage":[13,23,33,33,40,40,40,41,48,50,50,50],"damage_taken":[{"damage":3,"enemies":"Jaw Worm","floor":1,"turns":2},{"damage":2,"enemies":"Cultist","floor":3,"turns":2},{"damage":3,"enemies":"2 Louse","floor":5,"turns":3},{"damage":12,"enemies":"3 Sentries","floor":6,"turns":5},{"damage":12,"enemies":"Lagavulin","floor":7,"turns":7},{"damage":8,"enemies":"Replay:BlueRogue","floor":8,"turns":4},{"damage":0,"enemies":"Gremlin Nob","floor":13,"turns":3},{"damage":4,"enemies":"The Guardian","floor":16,"turns":7},{"damage":7,"enemies":"Chosen","floor":18,"turns":4},{"damage":0,"enemies":"Gremlin Leader","floor":23,"turns":10},{"damage":1,"enemies":"Book of Stabbing","floor":25,"turns":5},{"damage":0,"enemies":"Slavers","floor":30,"turns":2},{"damage":0,"enemies":"Masked Bandits","floor":31,"turns":3},{"damage":2,"enemies":"Collector","floor":33,"turns":7},{"damage":3,"enemies":"3 Darklings","floor":35,"turns":3},{"damage":0,"enemies":"Mind Bloom Boss Battle","floor":36,"turns":7},{"damage":7,"enemies":"R_Hoarder","floor":40,"turns":6},{"damage":0,"enemies":"Giant Head","floor":41,"turns":6},{"damage":0,"enemies":"Nemesis","floor":48,"turns":5},{"damage":0,"enemies":"Time Eater","floor":50,"turns":7}],"seed_played":"-4735054310349275430","potions_obtained":[{"floor":5,"key":"BloodPotion"},{"floor":7,"key":"Explosive Potion"},{"floor":13,"key":"Explosive Potion"},{"floor":16,"key":"LiquidMemories"},{"floor":18,"key":"Dexterity Potion"},{"floor":31,"key":"Explosive Potion"},{"floor":41,"key":"Block Potion"},{"floor":46,"key":"Fruit Juice"},{"floor":46,"key":"Reflective Coating"},{"floor":48,"key":"PowerPotion"}],"is_trial":false,"path_per_floor":["M","?","M","?","M","E","E","E","T","?","$","$","E","?","R","B",null,"M","?","?","?","$","E","$","E","T","?","?","T","E","?","R","B",null,"M","?","?","?","?","E","E","R","T","R","R","?","?","E","R","B",null],"character_chosen":"IRONCLAD","items_purchased":["Membership Card","Whetstone","Ghostly Armor+1","Question Card","Body Slam","Apotheosis+1","Trip+1","Ginger","Replay:Bottled Steam","Infernal Blade+1","Fruit Juice","StrikeDummy","Blue Doll","Panache+1","Inflame+1","Replay:Rubber Ducky","Jack Of All Trades+1"],"campfire_rested":1,"item_purchase_floors":[11,11,11,11,11,12,12,12,12,12,12,22,22,22,24,24,24],"current_hp_per_floor":[80,80,80,80,80,74,68,66,66,66,66,66,77,77,77,79,85,84,84,42,42,42,42,42,46,46,46,39,39,45,51,51,51,51,51,55,52,52,52,52,52,52,52,52,52,39,39,58,56,56],"gold":1270,"neow_bonus":"","is_daily":true,"chose_seed":false,"campfire_upgraded":0,"win_rate":0.0,"timestamp":1611647436,"path_taken":["M","?","?","?","M","E","E","E","T","?","$","$","E","?","R","BOSS","M","?","?","?","$","E","$","E","T","?","?","?","E","?","R","BOSS","M","?","?","?","?","E","E","R","T","R","R","?","?","E","R","BOSS"],"items_purchased_type":["Relic","Relic","Card","Relic","Card","Card","Card","Relic","Relic","Card","Potion","Relic","Relic","Card","Card","Relic","Card"],"build_version":"2020-12-22","purchased_purges":2,"victory":true,"max_hp_per_floor":[80,80,80,80,80,80,80,80,80,80,80,80,85,85,85,85,85,85,85,42,42,42,42,42,46,46,46,51,51,51,51,51,51,51,51,55,52,52,52,52,52,52,52,52,52,52,52,61,56,56],"card_choices":[{"not_picked":["Combust","Clothesline"],"picked":"Iron Wave","floor":1},{"not_picked":["Whirlwind","Searing Blow"],"picked":"Disarm","floor":3},{"not_picked":["Sever Soul","Heavy Blade","Uppercut"],"picked":"SKIP","floor":5},{"not_picked":["Life Link","Corruption"],"picked":"Armaments","floor":6},{"not_picked":["Seeing Red","Life Link"],"picked":"Disarm","floor":7},{"not_picked":["Dual Wield","Headbutt","Clothesline"],"picked":"SKIP","floor":8},{"not_picked":["Wild Strike","Iron Wave","ReplayTheSpireMod:Strike From Hell"],"picked":"Rage+1","floor":13},{"not_picked":["Exhume+1","Bludgeon","Reaper"],"picked":"Feed","floor":16},{"not_picked":["Wild Strike","Clash","Replay:Undeath\u0027s Touch","ReplayTheSpireMod:Limb From Limb"],"picked":"SKIP","floor":18},{"not_picked":["Armaments+1","Cleave","Thunderclap"],"picked":"Flex+1","floor":23},{"not_picked":["Armaments+1","Clash","Perfected Strike"],"picked":"Disarm+1","floor":25},{"not_picked":["Defy Death+1","Entrench+1","Bloodletting+1","Wild Strike"],"picked":"SKIP","floor":30},{"not_picked":["ReplayTheSpireMod:Strike From Hell+1","Armaments+1","ReplayTheSpireMod:LeadingStrike"],"picked":"ReplayTheSpireMod:Limb From Limb","floor":31},{"not_picked":["Reaper","Double Tap+1","Bludgeon"],"picked":"Feed","floor":33},{"not_picked":["ReplayTheSpireMod:Strike From Hell","Perfected Strike+1","Warcry+1"],"picked":"Pummel+1","floor":35},{"not_picked":["Blood for Blood","Replay:Undeath\u0027s Touch+1","Cleave"],"picked":"ReplayReversal+1","floor":36},{"not_picked":["True Grit+1","Twin Strike","ReplayTheSpireMod:Stacked+1"],"picked":"Anger","floor":40},{"not_picked":["Perfected Strike+1","Headbutt","Pommel Strike"],"picked":"Body Slam","floor":41},{"not_picked":["Thunderclap","Pommel Strike+1","Replay:Undeath\u0027s Touch+1"],"picked":"Evolve+1","floor":46},{"not_picked":["Dropkick+1","Uppercut","Flex+1"],"picked":"Intimidate+1","floor":48},{"not_picked":["Flex+1","ReplayTheSpireMod:Strike From Hell+1","Ghostly Armor+1"],"picked":"ReplayTheSpireMod:Muscle Training+1","floor":49}],"player_experience":1377072,"relics_obtained":[{"floor":6,"key":"CaptainsWheel"},{"floor":7,"key":"Juzu Bracelet"},{"floor":8,"key":"Replay:Bandana"},{"floor":9,"key":"Toxic Egg 2"},{"floor":13,"key":"Akabeko"},{"floor":15,"key":"halation:Trompette"},{"floor":23,"key":"ReplayTheSpireMod:Spearhead"},{"floor":23,"key":"Nunchaku"},{"floor":25,"key":"InkBottle"},{"floor":25,"key":"Mercury Hourglass"},{"floor":26,"key":"Dream Catcher"},{"floor":29,"key":"Quantum Egg"},{"floor":30,"key":"Anchor"},{"floor":30,"key":"Bag of Marbles"},{"floor":31,"key":"Red Mask"},{"floor":32,"key":"MealTicket"},{"floor":36,"key":"Bird Faced Urn"},{"floor":40,"key":"Girya"},{"floor":40,"key":"King of Hearts"},{"floor":41,"key":"Replay:Wax Seal"},{"floor":41,"key":"Replay:Bottled Flurry"},{"floor":43,"key":"Red Skull"},{"floor":48,"key":"Happy Flower"},{"floor":48,"key":"StoneCalendar"}],"event_choices":[{"damage_healed":0,"gold_gain":0,"player_choice":"Rummage","damage_taken":0,"relics_obtained":["WarpedTongs"],"max_hp_gain":0,"max_hp_loss":0,"event_name":"Accursed Blacksmith","floor":2,"gold_loss":0,"cards_obtained":["Pain"]},{"damage_healed":0,"gold_gain":0,"player_choice":"1 cards matched","damage_taken":0,"max_hp_gain":0,"max_hp_loss":0,"event_name":"Match and Keep!","floor":4,"gold_loss":0,"cards_obtained":["Hemogenesis"]},{"damage_healed":0,"gold_gain":0,"player_choice":"Box","damage_taken":0,"relics_obtained":["Frozen Egg 2"],"max_hp_gain":0,"max_hp_loss":0,"event_name":"Big Fish","floor":14,"gold_loss":0,"cards_obtained":["Regret"]},{"damage_healed":0,"gold_gain":99,"player_choice":"Stole From Cult","damage_taken":0,"max_hp_gain":0,"max_hp_loss":0,"event_name":"Nest","floor":19,"gold_loss":0},{"damage_healed":0,"gold_gain":0,"player_choice":"Became a Ghost","damage_taken":0,"max_hp_gain":0,"max_hp_loss":43,"event_name":"Ghosts","floor":20,"gold_loss":0,"cards_obtained":["Ghostly","Ghostly","Ghostly","Ghostly","Ghostly"]},{"cards_removed":["Regret"],"damage_healed":0,"gold_gain":0,"player_choice":"Elegance","damage_taken":0,"max_hp_gain":0,"max_hp_loss":0,"event_name":"Back to Basics","floor":21,"gold_loss":0},{"damage_healed":0,"gold_gain":0,"player_choice":"Inject Mutagens","damage_taken":0,"relics_obtained":["MutagenicStrength"],"max_hp_gain":0,"max_hp_loss":0,"event_name":"Drug Dealer","floor":27,"gold_loss":0},{"damage_healed":0,"gold_gain":0,"player_choice":"Shed Blood","damage_taken":12,"max_hp_gain":5,"max_hp_loss":0,"event_name":"Forgotten Altar","floor":28,"gold_loss":0},{"damage_healed":0,"gold_gain":0,"player_choice":"Fought Bandits","damage_taken":0,"max_hp_gain":0,"max_hp_loss":0,"event_name":"Masked Bandits","floor":31,"gold_loss":0},{"damage_healed":0,"gold_gain":0,"player_choice":"Fight","damage_taken":0,"max_hp_gain":0,"max_hp_loss":0,"event_name":"MindBloom","floor":36,"gold_loss":0},{"cards_removed":["Evolve"],"damage_healed":0,"gold_gain":0,"player_choice":"Removed Power","damage_taken":0,"max_hp_gain":0,"max_hp_loss":0,"event_name":"Falling","floor":47,"gold_loss":0}],"is_beta":false,"boss_relics":[{"not_picked":["Honey Jar","Snecko Eye"],"picked":"Black Star"},{"not_picked":["Snecko Heart","Runic Pyramid"],"picked":"Runic Cube"}],"items_purged_floors":[11,12],"is_endless":false,"potions_floor_spawned":[5,7,13,16,18,23,31,41,48],"ascension_level":0}}