{"host":"y7wrf01yacd588jx","time":1611628170,"event":{"mods":["AchievementEnabler","Act Like it!","Aspiration","BaseMod","Colored Map","Colored Powertips","Conspire","Downfall","Energized Spire","Friendly Minions","Gensokyo","GifTheSpireLib","Googly Eyes","Hubris","Infinite Spire","Minty Spire (QoL Compilation)","Permanent Neow","Relic Sorter","Reliquary","Replay The Spire","Shade Mod","StSLib","Stuff the Spire","The Death Knight"],"gold_per_floor":[99,111,131,131,141,51,119,148,161,171,171,171,171,184,204,307,307,407,407,407,319,335,346,372,392,409,309,309,309,326,356,375,375,375,375],"floor_reached":33,"language":"ENG","playtime":3258,"items_purged":[],"score":296,"play_id":"a6a9cc2b-8f7f-47dd-8050-ae4b423dbe40","local_time":"20210125212930","is_ascension_mode":false,"campfire_choices":[{"data":"sneckomod:CheapStock","floor":13,"key":"SMITH"},{"data":"sneckomod:SerpentIdol","floor":27,"key":"SMITH"}],"circlet_count":0,"master_deck":["sneckomod:Strike","sneckomod:Strike","sneckomod:Strike","sneckomod:Defend","sneckomod:Defend","sneckomod:Defend","sneckomod:TailWhip","sneckomod:SnekBite","sneckomod:Unknown","sneckomod:UnknownClassLunar","sneckomod:DiceBoulder","Iron Wave","sneckomod:UnknownClassBLESSING","sneckomod:SlitherStrike","sneckomod:CheapStock+1","sneckomod:SerpentIdol+1","sneckomod:QuickMove","sneckomod:UnendingSupply","Pain","sneckomod:UnknownClassShop Special","sneckomod:UnknownClassGREEN","sneckomod:Unknown3Cost","Life Link+1","ReplayTheSpireMod:Corrosion Curse+1","sneckomod:SnekBeam","sneckomod:UnknownX","sneckomod:RainOfDice+1","sneckomod:TrashToTreasure","sneckomod:UnknownClassUrban Legend","sneckomod:UnknownBlock+1","Heavy Blade+1","Flame Barrier+1","sneckomod:UnknownUncommonSkill","sneckomod:UnknownClassUrban Legend","Heavy Blade","sneckomod:IronFang+1","sneckomod:UnknownClassRED","Offering"],"relics":["sneckomod:SneckoSoul","hubris:Icosahedron","infinitespire:WardingShard","conspire:DecoderRing","downfall:ShatteredFragment","WarpedTongs","aspiration:IroncladSkillbook","Prayer Wheel","Toy Ornithopter","downfall:HeartBlessingBlue","Dream Catcher"],"acts_visited":["Exordium","TheCity"],"potions_floor_usage":[8,8,16,16,16,22,23,26,30,31,31,33],"damage_taken":[{"damage":0,"enemies":"2 Louse","floor":2,"turns":2},{"damage":0,"enemies":"Cultist","floor":3,"turns":2},{"damage":0,"enemies":"Jaw Worm","floor":5,"turns":1},{"damage":0,"enemies":"downfall:FleeingMerchant","floor":6,"turns":4},{"damage":9,"enemies":"Lagavulin","floor":8,"turns":7},{"damage":1,"enemies":"Blue Slaver","floor":9,"turns":2},{"damage":0,"enemies":"3 Louse","floor":10,"turns":4},{"damage":8,"enemies":"Gremlin Gang","floor":14,"turns":5},{"damage":4,"enemies":"Exordium Thugs","floor":15,"turns":5},{"damage":38,"enemies":"WA_ARCHETYPE_RETAIN","floor":16,"turns":5},{"damage":28,"enemies":"downfall:LadyInBlue","floor":18,"turns":8},{"damage":19,"enemies":"downfall:FleeingMerchant","floor":21,"turns":4},{"damage":12,"enemies":"Shell Parasite","floor":22,"turns":1},{"damage":12,"enemies":"Chosen","floor":23,"turns":4},{"damage":22,"enemies":"Centurion and Healer","floor":25,"turns":6},{"damage":3,"enemies":"Snecko","floor":26,"turns":4},{"damage":42,"enemies":"Chosen and Byrds","floor":30,"turns":4},{"damage":40,"enemies":"Nightmare","floor":31,"turns":7},{"damage":7,"enemies":"Centurion and Healer","floor":32,"turns":6},{"damage":40,"enemies":"IC_MUSHROOM_ARCHETYPE","floor":33,"turns":5}],"seed_played":"-5751161839763539764","potions_obtained":[{"floor":1,"key":"CultistPotion"},{"floor":1,"key":"sneckomod:DiceRollPotion"},{"floor":5,"key":"PowerPotion"},{"floor":9,"key":"Energy Potion"},{"floor":10,"key":"sneckomod:MuddlingPotion"},{"floor":14,"key":"BlessingOfTheForge"},{"floor":18,"key":"CultistPotion"},{"floor":18,"key":"sneckomod:OffclassReductionPotion"},{"floor":18,"key":"Death Potion"},{"floor":22,"key":"Fire Potion"},{"floor":25,"key":"Adrenaline Potion"},{"floor":26,"key":"DeathKnight:BottledBloodEchoes"},{"floor":32,"key":"ColorlessPotion"}],"is_trial":false,"path_per_floor":["R_BF","M","M","?","M","$","T","E","M","M","?","?","R","M","M","B",null,"R_BF","?","AVR","$","M","M","T","M","M","R","?","?","M","NM","M","B"],"character_chosen":"THE_SNECKO","items_purchased":["sneckomod:CheapStock","sneckomod:SnekBeam"],"campfire_rested":0,"item_purchase_floors":[6,21],"current_hp_per_floor":[99,99,99,99,99,99,99,90,89,89,68,68,68,60,56,18,99,75,75,75,60,57,54,54,36,42,52,52,101,63,37,34,0,0,0],"gold":375,"neow_bonus":"TEN_PERCENT_HP_BONUS","is_daily":false,"chose_seed":false,"campfire_upgraded":2,"win_rate":0.0,"timestamp":1611628170,"path_taken":["R_BF","M","M","?","M","?","T","E","M","M","?","?","R","?","M","BOSS","R_BF","?","AVR","?","M","M","T","M","M","R","?","?","M","NM","M","BOSS"],"items_purchased_type":["Card","Card"],"build_version":"2020-12-22","purchased_purges":0,"victory":false,"max_hp_per_floor":[99,99,99,99,99,99,99,99,99,99,99,99,99,99,99,99,99,99,99,99,99,99,99,99,99,99,109,109,101,101,101,101,101,101,101],"card_choices":[{"not_picked":["sneckomod:RainOfDice","sneckomod:UnknownClassPURPLE"],"picked":"sneckomod:UnknownClassLunar","floor":2},{"not_picked":["sneckomod:UnknownUncommonSkill","sneckomod:Unknown1Cost"],"picked":"sneckomod:DiceBoulder","floor":3},{"not_picked":["sneckomod:Mudshield","sneckomod:UnknownClassTHE_BRONZE_AUTOMATON"],"picked":"sneckomod:UnknownClassBLESSING","floor":5},{"not_picked":["sneckomod:UnknownClassHEXA_GHOST_PURPLE","sneckomod:DiceBlock"],"picked":"sneckomod:SlitherStrike","floor":6},{"not_picked":["sneckomod:UnknownWeak","sneckomod:UnknownCommonAttack"],"picked":"sneckomod:SerpentIdol","floor":8},{"not_picked":["sneckomod:UnknownClassRED","sneckomod:UnknownClassLunar"],"picked":"sneckomod:QuickMove","floor":9},{"not_picked":["sneckomod:UnknownClassRED","sneckomod:UnknownStrike"],"picked":"sneckomod:UnendingSupply","floor":10},{"not_picked":["sneckomod:DiceBoulder","sneckomod:DangerNoodle"],"picked":"sneckomod:UnknownClassShop Special","floor":14},{"not_picked":["sneckomod:DiceBlock","sneckomod:DiceBoulder"],"picked":"sneckomod:UnknownClassGREEN","floor":15},{"not_picked":["sneckomod:SoulExchange","sneckomod:Cheat"],"picked":"sneckomod:Unknown3Cost","floor":16},{"not_picked":["sneckomod:QuickBite+1","Clash+1","sneckomod:DefensiveFlair"],"picked":"Life Link+1","floor":18},{"not_picked":["Shrug It Off+1","Searing Blow","Whirlwind"],"picked":"ReplayTheSpireMod:Corrosion Curse+1","floor":21},{"not_picked":["Feel No Pain","sneckomod:UnknownClassPURPLE","Sever Soul"],"picked":"sneckomod:UnknownX","floor":22},{"not_picked":["sneckomod:UnknownBlock","sneckomod:Unknown1Cost","Replay:Undeath\u0027s Touch"],"picked":"sneckomod:RainOfDice+1","floor":22},{"not_picked":["Demonic Infusion","Havoc","sneckomod:UnknownClassBLUE"],"picked":"sneckomod:TrashToTreasure","floor":23},{"not_picked":["Twin Strike+1","StuffTheSpire:RockThrow","Warcry"],"picked":"sneckomod:UnknownClassUrban Legend","floor":23},{"not_picked":["Feel No Pain","sneckomod:QuickMove","sneckomod:SoulCleanse"],"picked":"sneckomod:UnknownBlock+1","floor":25},{"not_picked":["sneckomod:UnknownClassGUARDIAN","Flex","Havoc"],"picked":"Heavy Blade+1","floor":25},{"not_picked":["sneckomod:SnekBeam","sneckomod:UnknownClassPURPLE+1","Sword Boomerang+1"],"picked":"Flame Barrier+1","floor":26},{"not_picked":["sneckomod:UnknownClassHEXA_GHOST_PURPLE","sneckomod:UnendingSupply","sneckomod:UnknownClassTHE_CHAMP_GRAY"],"picked":"sneckomod:UnknownUncommonSkill","floor":26},{"not_picked":["Cleave","Heavy Blade+1","Power Through"],"picked":"sneckomod:UnknownClassUrban Legend","floor":30},{"not_picked":["Iron Wave","Eclipse","sneckomod:UnknownClassUrban Legend"],"picked":"Heavy Blade","floor":30},{"not_picked":["Searing Blow","sneckomod:WideSting","ReplayTheSpireMod:Stacked"],"picked":"sneckomod:IronFang+1","floor":31},{"not_picked":["sneckomod:UnknownClassDEATH_KNIGHT_COLOR+1","ReplayTheSpireMod:LeadingStrike","Clothesline"],"picked":"sneckomod:UnknownClassRED","floor":32},{"not_picked":["sneckomod:SoulRoll+1","StuffTheSpire:Resist+1","Disarm"],"picked":"Offering","floor":32}],"player_experience":138961,"relics_obtained":[{"floor":7,"key":"infinitespire:WardingShard"},{"floor":8,"key":"conspire:DecoderRing"},{"floor":18,"key":"Toy Ornithopter"},{"floor":31,"key":"Dream Catcher"}],"event_choices":[{"cards_removed":["sneckomod:Unknown"],"damage_healed":0,"gold_gain":0,"player_choice":"Took Card","damage_taken":0,"max_hp_gain":0,"max_hp_loss":0,"event_name":"NoteForYourself","floor":4,"gold_loss":0,"cards_obtained":["Iron Wave"]},{"damage_healed":0,"gold_gain":0,"player_choice":"Rummage","damage_taken":0,"relics_obtained":["WarpedTongs"],"max_hp_gain":0,"max_hp_loss":0,"event_name":"Accursed Blacksmith","floor":12,"gold_loss":0,"cards_obtained":["Pain"]}],"is_beta":false,"boss_relics":[{"not_picked":["sneckomod:SuperSneckoSoul","Astrolabe"],"picked":"aspiration:IroncladSkillbook"}],"items_purged_floors":[],"is_endless":true,"potions_floor_spawned":[5,9,10,14,22,25,26,32],"killed_by":"IC_MUSHROOM_ARCHETYPE","ascension_level":0}}