{"host":"hwrdjx5eod2cxh09","time":1611670596,"event":{"mods":["AchievementEnabler","BaseMod","Bestiary","Minty Spire (QoL Compilation)","Relic Stats"],"gold_per_floor":[110,110,127,127,146,146,146,166,166,182,198,216,228,240,240,338,338,353,365,265,282,0,0,0,0,26,26,26],"floor_reached":27,"language":"ENG","playtime":711,"items_purged":["Strike_B"],"score":209,"play_id":"cde6dd99-792d-4abe-8792-19ca3dee4615","local_time":"20210126231636","is_ascension_mode":false,"campfire_choices":[{"data":"Defragment","floor":15,"key":"SMITH"},{"data":"Buffer","floor":23,"key":"SMITH"},{"data":"Static Discharge","floor":25,"key":"SMITH"}],"circlet_count":0,"master_deck":["Strike_B","Defend_B+1","Defend_B","Defend_B","Defend_B+1","Zap","Dualcast","Static Discharge+1","Rebound","Ball Lightning","Consume","Sweeping Beam","Defragment+1","Lockon","Steam","Defragment","Buffer+1","Genetic Algorithm","Steam","Hologram","Glacier"],"relics":["Cracked Core"],"acts_visited":["Exordium","TheCity"],"potions_floor_usage":[],"damage_taken":[{"damage":3,"enemies":"Jaw Worm","floor":1,"turns":3},{"damage":0,"enemies":"2 Louse","floor":3,"turns":3},{"damage":0,"enemies":"Small Slimes","floor":5,"turns":3},{"damage":0,"enemies":"Exordium Wildlife","floor":8,"turns":3},{"damage":13,"enemies":"2 Fungi Beasts","floor":10,"turns":3},{"damage":0,"enemies":"Large Slime","floor":11,"turns":4},{"damage":2,"enemies":"Looter","floor":12,"turns":3},{"damage":2,"enemies":"Blue Slaver","floor":13,"turns":4},{"damage":0,"enemies":"Large Slime","floor":14,"turns":4},{"damage":21,"enemies":"Hexaghost","floor":16,"turns":6},{"damage":17,"enemies":"Spheric Guardian","floor":18,"turns":5},{"damage":4,"enemies":"Shell Parasite","floor":19,"turns":6},{"damage":32,"enemies":"Snake Plant","floor":21,"turns":5},{"damage":34,"enemies":"Cultist and Chosen","floor":27,"turns":6}],"seed_played":"-5385749000556862170","potions_obtained":[{"floor":1,"key":"Swift Potion"},{"floor":10,"key":"SkillPotion"},{"floor":12,"key":"Dexterity Potion"},{"floor":19,"key":"Block Potion"}],"is_trial":false,"path_per_floor":["M","?","M","?","M","?","?","M","T","M","M","M","M","M","R","B",null,"M","M","$","M","?","R","?","R","T","M"],"character_chosen":"DEFECT","items_purchased":["Hologram"],"campfire_rested":0,"item_purchase_floors":[20],"current_hp_per_floor":[79,72,72,72,72,77,60,60,60,47,47,45,43,43,43,22,87,70,66,66,34,34,34,34,34,34,0,0],"gold":26,"neow_bonus":"TEN_PERCENT_HP_BONUS","is_daily":false,"chose_seed":false,"campfire_upgraded":3,"win_rate":0.0,"timestamp":1611670596,"path_taken":["M","?","M","?","M","?","?","M","T","M","M","M","?","M","R","BOSS","M","M","$","M","?","R","?","R","T","M"],"items_purchased_type":["Card"],"build_version":"2020-12-22","purchased_purges":1,"victory":false,"max_hp_per_floor":[82,82,82,82,82,87,87,87,87,87,87,87,87,87,87,87,87,87,87,87,87,87,87,87,87,87,87,87],"relic_stats":{"counters":[14,58],"obtain_stats":[{"Cracked Core":0},{"Cracked Core":0},{"Cracked Core":0}]},"card_choices":[{"not_picked":["Turbo","Hologram","Redo"],"picked":"SKIP","floor":1},{"not_picked":["Sunder","Scrape"],"picked":"Static Discharge","floor":3},{"not_picked":["Scrape","Leap"],"picked":"Ball Lightning","floor":5},{"not_picked":["Beam Cell","Redo"],"picked":"Consume","floor":8},{"not_picked":["Multi-Cast","Gash"],"picked":"Sweeping Beam","floor":10},{"not_picked":["Coolheaded","Turbo"],"picked":"Defragment","floor":11},{"not_picked":["Stack","Redo"],"picked":"Lockon","floor":12},{"not_picked":["Leap","Stack"],"picked":"Steam","floor":13},{"not_picked":["Hologram","Turbo"],"picked":"Defragment","floor":14},{"not_picked":["All For One","Thunder Strike"],"picked":"Buffer","floor":16},{"not_picked":["FTL","Stack"],"picked":"Genetic Algorithm","floor":18},{"not_picked":["Go for the Eyes","Redo+1"],"picked":"Steam","floor":19},{"not_picked":["Turbo","Coolheaded+1"],"picked":"Glacier","floor":21}],"player_experience":314187,"relics_obtained":[],"event_choices":[{"cards_removed":["Strike_B"],"damage_healed":0,"gold_gain":0,"player_choice":"Card Removal","damage_taken":7,"max_hp_gain":0,"max_hp_loss":0,"event_name":"Golden Wing","floor":2,"gold_loss":0},{"damage_healed":0,"gold_gain":0,"cards_transformed":["Strike_B"],"player_choice":"Change","damage_taken":0,"max_hp_gain":0,"max_hp_loss":0,"event_name":"Living Wall","floor":4,"gold_loss":0,"cards_obtained":["Rebound"]},{"damage_healed":0,"gold_gain":0,"player_choice":"Donut","damage_taken":0,"max_hp_gain":5,"max_hp_loss":0,"event_name":"Big Fish","floor":6,"gold_loss":0},{"damage_healed":0,"gold_gain":0,"player_choice":"Entered Light","damage_taken":17,"max_hp_gain":0,"max_hp_loss":0,"event_name":"Shining Light","floor":7,"gold_loss":0,"cards_upgraded":["Defend_B","Defend_B"]},{"damage_healed":0,"gold_gain":0,"player_choice":"Paid Fearfully","damage_taken":0,"max_hp_gain":0,"max_hp_loss":0,"event_name":"Masked Bandits","floor":22,"gold_loss":282},{"damage_healed":0,"gold_gain":0,"player_choice":"Ignored","damage_taken":0,"max_hp_gain":0,"max_hp_loss":0,"event_name":"Cursed Tome","floor":24,"gold_loss":0}],"is_beta":false,"boss_relics":[{"not_picked":["Pandora\u0027s Box","Velvet Choker","Empty Cage"]}],"items_purged_floors":[20],"is_endless":false,"potions_floor_spawned":[1,10,12,13,14,16,18,19],"killed_by":"Cultist and Chosen","ascension_level":0}}