{"host":"zk71suw73lg2r165","time":1611672330,"event":{"mods":["BaseMod","Colored Map","Minty Spire (QoL Compilation)","Permanent Neow","Relic Stats","StSLib"],"gold_per_floor":[19,19,19,40,40,40,76,89,89,105,105,124,138,154,154,243,243,262,278,193,193,193,193,232,232,232,157,157,157,190,225,237,249,249],"floor_reached":33,"language":"ENG","playtime":1047,"items_purged":[],"score":570,"play_id":"f7626aa6-d3a0-4e78-ad19-73e52e2fe800","local_time":"20210126094530","is_ascension_mode":true,"campfire_choices":[{"data":"Ball Lightning","floor":6.0,"key":"SMITH"},{"floor":11.0,"key":"REST"},{"data":"Genetic Algorithm","floor":15.0,"key":"SMITH"},{"data":"Darkness","floor":23,"key":"SMITH"},{"data":"Redo","floor":25,"key":"SMITH"},{"data":"Undo","floor":32,"key":"SMITH"}],"circlet_count":0,"master_deck":["AscendersBane","Strike_B","Defend_B+1","Defend_B","Defend_B","Defend_B","Zap","Dualcast","Ball Lightning+1","Go for the Eyes+1","Compile Driver","Leap","Core Surge","Doom and Gloom","Auto Shields","Genetic Algorithm+1","Redo+1","Undo+1","Chill","FTL","Machine Learning+1","BootSequence","Biased Cognition+1","Self Repair+1","Loop+1","Darkness+1","Ghostly","Ghostly","Ghostly","Capacitor+1","Buffer+1"],"relics":["Cracked Core","Prayer Wheel","Golden Idol","Question Card","Frozen Egg 2","Sozu","Juzu Bracelet","Oddly Smooth Stone","Mango","MawBank"],"acts_visited":["Exordium","TheCity"],"potions_floor_usage":[19],"damage_taken":[{"damage":3.0,"enemies":"2 Louse","floor":1.0,"turns":3.0},{"damage":5.0,"enemies":"Small Slimes","floor":4.0,"turns":2.0},{"damage":10.0,"enemies":"3 Sentries","floor":7.0,"turns":6.0},{"damage":0.0,"enemies":"Cultist","floor":8.0,"turns":2.0},{"damage":0.0,"enemies":"Looter","floor":10.0,"turns":2.0},{"damage":0.0,"enemies":"3 Louse","floor":12.0,"turns":3.0},{"damage":3.0,"enemies":"Exordium Thugs","floor":13.0,"turns":4.0},{"damage":10.0,"enemies":"Gremlin Gang","floor":14.0,"turns":5.0},{"damage":16.0,"enemies":"The Guardian","floor":16.0,"turns":13.0},{"damage":0.0,"enemies":"Spheric Guardian","floor":18.0,"turns":4.0},{"damage":2,"enemies":"Chosen","floor":19,"turns":5},{"damage":2,"enemies":"Slavers","floor":24,"turns":7},{"damage":22,"enemies":"Book of Stabbing","floor":30,"turns":7},{"damage":0,"enemies":"Sentry and Sphere","floor":31,"turns":6},{"damage":48,"enemies":"Automaton","floor":33,"turns":6}],"seed_played":"-7179171821022622480","potions_obtained":[{"floor":1.0,"key":"ColorlessPotion"},{"floor":4.0,"key":"DistilledChaos"},{"floor":8.0,"key":"SteroidPotion"},{"floor":16.0,"key":"Weak Potion"}],"is_trial":false,"path_per_floor":["M","?","?","M","?","R","E","M","T","M","R","M","M","M","R","B",null,"M","M","?","?","?","R","E","R","T","?","?","?","E","M","R","B"],"character_chosen":"DEFECT","items_purchased":[],"campfire_rested":1,"item_purchase_floors":[],"current_hp_per_floor":[61,61,61,56,37,37,27,27,27,27,46,46,43,33,33,17,52,52,60,60,64,32,32,32,32,46,46,46,46,34,44,44,0,0],"gold":249,"neow_bonus":"ONE_RARE_RELIC","is_daily":false,"chose_seed":false,"campfire_upgraded":5,"win_rate":0.0,"timestamp":1611672330,"path_taken":["M","?","?","M","?","R","E","M","T","M","R","M","M","M","R","BOSS","M","M","?","?","?","R","E","R","T","?","?","?","E","M","R","BOSS"],"items_purchased_type":[],"build_version":"2020-12-22","purchased_purges":0,"victory":false,"max_hp_per_floor":[71,71,64,64,64,64,64,64,64,64,64,64,64,64,64,64,64,64,64,64,64,32,32,32,32,46,46,46,46,46,46,46,46,46],"relic_stats":{"Sozu":4,"counters":[15,74],"Golden Idol":76,"Prayer Wheel":12,"Juzu Bracelet":1,"Question Card":21,"MawBank":36,"obtain_stats":[{"Sozu":17,"Golden Idol":3,"Oddly Smooth Stone":24,"Prayer Wheel":0,"Mango":26,"Juzu Bracelet":20,"Frozen Egg 2":9,"Cracked Core":0,"Question Card":7,"MawBank":30},{"Sozu":9,"Golden Idol":1,"Oddly Smooth Stone":12,"Prayer Wheel":0,"Mango":12,"Juzu Bracelet":11,"Frozen Egg 2":4,"Cracked Core":0,"Question Card":3,"MawBank":13},{"Sozu":40,"Golden Idol":3,"Oddly Smooth Stone":56,"Prayer Wheel":0,"Mango":56,"Juzu Bracelet":49,"Frozen Egg 2":13,"Cracked Core":0,"Question Card":11,"MawBank":62}]},"card_choices":[{"not_picked":["Coolheaded","Beam Cell"],"picked":"Ball Lightning","floor":1.0},{"not_picked":["Force Field","Gash","Stack"],"picked":"SKIP","floor":1.0},{"not_picked":["Chill","Tempest"],"picked":"Compile Driver","floor":4.0},{"not_picked":["Ball Lightning","Barrage"],"picked":"Leap","floor":4.0},{"not_picked":["Reinforced Body","Compile Driver"],"picked":"Core Surge","floor":7.0},{"not_picked":["Auto Shields","Undo","Beam Cell"],"picked":"Doom and Gloom","floor":8.0},{"not_picked":["Go for the Eyes","Steam","Redo"],"picked":"Auto Shields","floor":8.0},{"not_picked":["FTL","Fusion","Streamline"],"picked":"Genetic Algorithm","floor":10.0},{"not_picked":["Barrage","Doom and Gloom","Ball Lightning"],"picked":"Redo","floor":10.0},{"not_picked":["Ball Lightning","Steam","Core Surge"],"picked":"Undo","floor":12.0},{"not_picked":["Beam Cell","Steam","Leap"],"picked":"Chill","floor":12.0},{"not_picked":["Coolheaded","Gash","Chaos"],"picked":"FTL","floor":13.0},{"not_picked":["Lockon","Chill","Barrage","Beam Cell"],"picked":"SKIP","floor":13.0},{"not_picked":["Compile Driver","BootSequence","Coolheaded"],"picked":"Machine Learning+1","floor":14.0},{"not_picked":["Genetic Algorithm","Darkness","Blizzard"],"picked":"BootSequence","floor":14.0},{"not_picked":["All For One","Core Surge","Thunder Strike"],"picked":"Biased Cognition+1","floor":16.0},{"not_picked":["Consume","Recycle","Conserve Battery"],"picked":"Self Repair+1","floor":18},{"not_picked":["Stack","Lockon","Hello World+1","Sweeping Beam"],"picked":"SKIP","floor":18},{"not_picked":["Hologram","Steam","Conserve Battery"],"picked":"Loop+1","floor":19},{"not_picked":["Coolheaded","Beam Cell","Force Field"],"picked":"Darkness","floor":19},{"not_picked":["Darkness","Hello World+1","Conserve Battery"],"picked":"Capacitor+1","floor":24},{"not_picked":["Beam Cell","Conserve Battery","Gash"],"picked":"Buffer+1","floor":30},{"not_picked":["Compile Driver","Barrage","Cold Snap+1","Rebound"],"picked":"SKIP","floor":31},{"not_picked":["Aggregate","Compile Driver","Gash","Coolheaded"],"picked":"SKIP","floor":31}],"player_experience":1380501,"relics_obtained":[{"floor":7.0,"key":"Question Card"},{"floor":9.0,"key":"Frozen Egg 2"},{"floor":24,"key":"Oddly Smooth Stone"},{"floor":26,"key":"Mango"},{"floor":30,"key":"MawBank"}],"event_choices":[{"damage_healed":0.0,"max_hp_gain":0.0,"max_hp_loss":0.0,"gold_gain":0.0,"cards_transformed":["Strike_B"],"event_name":"Living Wall","player_choice":"Change","floor":2.0,"gold_loss":0.0,"damage_taken":0.0,"cards_obtained":["Go for the Eyes"]},{"damage_healed":0.0,"max_hp_gain":0.0,"max_hp_loss":7.0,"gold_gain":0.0,"event_name":"Golden Idol","player_choice":"Lose Max HP","floor":3.0,"gold_loss":0.0,"damage_taken":0.0,"relics_obtained":["Golden Idol"]},{"damage_healed":0.0,"max_hp_gain":0.0,"max_hp_loss":0.0,"gold_gain":0.0,"event_name":"Shining Light","player_choice":"Entered Light","floor":5.0,"gold_loss":0.0,"damage_taken":19.0,"cards_upgraded":["Defend_B","Go for the Eyes"]},{"damage_healed":0,"gold_gain":0,"player_choice":"Obtained Relic","damage_taken":0,"relics_obtained":["Juzu Bracelet"],"max_hp_gain":0,"max_hp_loss":0,"event_name":"Addict","floor":20,"gold_loss":85},{"damage_healed":4,"gold_gain":0,"player_choice":"Full Heal","damage_taken":0,"max_hp_gain":0,"max_hp_loss":0,"event_name":"Wheel of Change","floor":21,"gold_loss":0},{"damage_healed":0,"gold_gain":0,"player_choice":"Became a Ghost","damage_taken":0,"max_hp_gain":0,"max_hp_loss":32,"event_name":"Ghosts","floor":22,"gold_loss":0,"cards_obtained":["Ghostly","Ghostly","Ghostly"]},{"cards_removed":["Strike_B"],"damage_healed":0,"gold_gain":0,"player_choice":"Gave Gold","damage_taken":0,"max_hp_gain":0,"max_hp_loss":0,"event_name":"Beggar","floor":27,"gold_loss":75},{"cards_removed":["Strike_B"],"damage_healed":0,"gold_gain":0,"player_choice":"Elegance","damage_taken":0,"max_hp_gain":0,"max_hp_loss":0,"event_name":"Back to Basics","floor":28,"gold_loss":0},{"damage_healed":0,"gold_gain":0,"player_choice":"Got Potions","damage_taken":0,"max_hp_gain":0,"max_hp_loss":0,"event_name":"Lab","floor":29,"gold_loss":0}],"is_beta":false,"boss_relics":[{"not_picked":["Black Star","SlaversCollar"],"picked":"Sozu"}],"items_purged_floors":[],"is_endless":false,"potions_floor_spawned":[1,4,8,16,19,31],"killed_by":"Automaton","ascension_level":20}}