{"host":"kpyf5rnb72uwap8k","time":1611698914,"event":{"mods":["AchievementEnabler","BaseMod","Colored Map","Colored Powertips","DeckTracker","Minty Spire (QoL Compilation)","Permanent Neow","Quick Restart","StSLib","SuperFastMode"],"gold_per_floor":[111,36,56,72,85,85,117,117,117,292,306,335,383,229,229,328,328,342,342,353,81,180,211,211,246,272,272,272,287,362,382,382,382,382],"floor_reached":33,"language":"KOR","playtime":828,"items_purged":["Strike_G","Doubt","Strike_G"],"score":308,"play_id":"d76c37e5-bfa1-44cd-8e32-c48b1e911cbc","local_time":"20210127070834","is_ascension_mode":true,"campfire_choices":[{"data":"Dagger Throw","floor":6.0,"key":"SMITH"},{"data":"Backstab","floor":8.0,"key":"SMITH"},{"floor":15.0,"key":"REST"},{"floor":24.0,"key":"REST"},{"data":"Acrobatics","floor":27.0,"key":"SMITH"},{"floor":32.0,"key":"REST"}],"circlet_count":0,"master_deck":["Strike_G","Strike_G","Strike_G","Defend_G","Defend_G","Defend_G","Defend_G","Defend_G","Survivor","Neutralize+1","Quick Slash","Backstab","Dagger Throw+1","Backstab+1","Terror","Die Die Die","Deflect","Grand Finale","Acrobatics+1","Flash of Steel","Prepared"],"relics":["Ring of the Serpent","Ancient Tea Set","Regal Pillow","Matryoshka","Omamori","Tiny Chest","Shuriken","Letter Opener","Eternal Feather","Snake Skull","GremlinMask","Bottled Lightning"],"acts_visited":["Exordium","TheCity"],"potions_floor_usage":[],"damage_taken":[{"damage":1.0,"enemies":"Small Slimes","floor":1.0,"turns":3.0},{"damage":0.0,"enemies":"Jaw Worm","floor":3.0,"turns":4.0},{"damage":0.0,"enemies":"2 Louse","floor":4.0,"turns":3.0},{"damage":1.0,"enemies":"Blue Slaver","floor":5.0,"turns":3.0},{"damage":20.0,"enemies":"Gremlin Nob","floor":7.0,"turns":4.0},{"damage":0.0,"enemies":"Looter","floor":11.0,"turns":1.0},{"damage":16.0,"enemies":"3 Sentries","floor":12.0,"turns":8.0},{"damage":39.0,"enemies":"Slime Boss","floor":16.0,"turns":16.0},{"damage":2.0,"enemies":"Shell Parasite","floor":18.0,"turns":4.0},{"damage":2.0,"enemies":"Chosen","floor":20.0,"turns":4.0},{"damage":28.0,"enemies":"Slavers","floor":23.0,"turns":7.0},{"damage":34.0,"enemies":"Book of Stabbing","floor":25.0,"turns":7.0},{"damage":14.0,"enemies":"Centurion and Healer","floor":29.0,"turns":7.0},{"damage":11.0,"enemies":"Snake Plant","floor":31.0,"turns":3.0},{"damage":0,"enemies":"Champ","floor":33,"turns":1}],"seed_played":"-7761788026010746305","potions_obtained":[{"floor":3.0,"key":"Dexterity Potion"},{"floor":4.0,"key":"Weak Potion"},{"floor":5.0,"key":"SteroidPotion"},{"floor":23.0,"key":"ColorlessPotion"},{"floor":25.0,"key":"CunningPotion"},{"floor":31.0,"key":"AttackPotion"}],"is_trial":false,"path_per_floor":["M","$","M","M","M","R","E","R","T","?","M","E","T","$","R","B",null,"M","?","M","$","?","E","R","E","T","R","?","M","T","M","R","B"],"character_chosen":"THE_SILENT","items_purchased":["Deflect","Acrobatics","Flash of Steel"],"campfire_rested":3,"item_purchase_floors":[14,21,21],"current_hp_per_floor":[69,69,69,69,68,68,48,48,48,48,48,32,32,32,68,29,70,68,68,66,66,66,38,70,36,36,48,48,34,34,23,70,70,70],"gold":382,"neow_bonus":"UPGRADE_CARD","is_daily":false,"chose_seed":false,"campfire_upgraded":3,"win_rate":0.0,"timestamp":1611698914,"path_taken":["M","$","M","M","M","R","E","R","T","?","M","E","?","$","R","BOSS","M","?","M","$","?","E","R","E","T","R","?","M","?","M","R","BOSS"],"items_purchased_type":["Card","Card","Card"],"build_version":"2020-12-22","purchased_purges":3,"victory":false,"max_hp_per_floor":[70,70,70,70,70,70,70,70,70,70,70,70,70,70,70,70,70,70,70,70,70,70,70,70,70,70,70,70,70,70,70,70,70,70],"card_choices":[{"not_picked":["Slice","Backflip"],"picked":"Quick Slash","floor":1.0},{"not_picked":["Leg Sweep","Poisoned Stab"],"picked":"Backstab","floor":3.0},{"not_picked":["Accuracy","Escape Plan","Eviscerate"],"picked":"SKIP","floor":4.0},{"not_picked":["Accuracy","Escape Plan","Eviscerate"],"picked":"SKIP","floor":4.0},{"not_picked":["Bane","Concentrate"],"picked":"Dagger Throw","floor":5.0},{"not_picked":["Poisoned Stab","All Out Attack"],"picked":"Backstab","floor":7.0},{"not_picked":["PiercingWail","Outmaneuver"],"picked":"Terror","floor":11.0},{"not_picked":["Calculated Gamble","Reflex"],"picked":"Die Die Die","floor":12.0},{"not_picked":["Tools of the Trade","Night Terror"],"picked":"Grand Finale","floor":16.0},{"not_picked":["Expertise","Dagger Spray","Cloak And Dagger"],"picked":"SKIP","floor":18.0},{"not_picked":["Outmaneuver","Escape Plan","Riddle With Holes+1"],"picked":"SKIP","floor":20.0},{"not_picked":["Dagger Spray","Dodge and Roll+1"],"picked":"Prepared","floor":23.0},{"not_picked":["Poisoned Stab","Eviscerate","Venomology"],"picked":"SKIP","floor":25.0},{"not_picked":["Setup+1","Dagger Spray","Flying Knee"],"picked":"SKIP","floor":29.0},{"not_picked":["Dodge and Roll+1","Underhanded Strike","Footwork"],"picked":"SKIP","floor":31.0}],"player_experience":179338,"relics_obtained":[{"floor":7.0,"key":"Ancient Tea Set"},{"floor":9.0,"key":"Regal Pillow"},{"floor":12.0,"key":"Matryoshka"},{"floor":13.0,"key":"Omamori"},{"floor":13.0,"key":"Tiny Chest"},{"floor":23.0,"key":"Shuriken"},{"floor":25.0,"key":"Letter Opener"},{"floor":26.0,"key":"Eternal Feather"},{"floor":26.0,"key":"Snake Skull"},{"floor":30.0,"key":"Bottled Lightning"}],"event_choices":[{"damage_healed":0.0,"max_hp_gain":0.0,"max_hp_loss":0.0,"gold_gain":175.0,"event_name":"Liars Game","player_choice":"AGREE","floor":10.0,"gold_loss":0.0,"damage_taken":0.0,"cards_obtained":["Doubt"]},{"damage_healed":0.0,"max_hp_gain":0.0,"max_hp_loss":0.0,"gold_gain":0.0,"event_name":"Vampires","player_choice":"Ignored","floor":19.0,"gold_loss":0.0,"damage_taken":0.0},{"damage_healed":0.0,"max_hp_gain":0.0,"max_hp_loss":0.0,"gold_gain":99.0,"event_name":"Nest","player_choice":"Stole From Cult","floor":22.0,"gold_loss":0.0,"damage_taken":0.0},{"damage_healed":0.0,"max_hp_gain":0.0,"max_hp_loss":0.0,"gold_gain":0.0,"event_name":"FaceTrader","player_choice":"Trade","floor":28.0,"gold_loss":0.0,"damage_taken":0.0,"relics_obtained":["GremlinMask"]}],"is_beta":false,"boss_relics":[{"not_picked":["Pandora\u0027s Box","Black Star"],"picked":"Ring of the Serpent"}],"items_purged_floors":[2,14,21],"is_endless":false,"potions_floor_spawned":[3,4,5,12,23,25,31],"killed_by":"Champ","ascension_level":1}}