{"host":"uv5ws9rdk87e8i5k","time":1611628911,"event":{"mods":["AchievementEnabler","BaseMod","Colored Map","Minty Spire (QoL Compilation)","Permanent Neow","Quick Restart","StSLib","SuperFastMode","The Animator","The Cursed","The Hierophant","The Necromancer"],"gold_per_floor":[118,138,63,63,82,110,124,186,257,284,359,359,359],"floor_reached":12,"language":"ENG","playtime":217,"items_purged":["Doubt"],"score":123,"play_id":"e4e8436a-9b96-44e6-8989-0ed03ee2da9e","local_time":"20210125204151","is_ascension_mode":true,"campfire_choices":[],"circlet_count":0,"master_deck":["Strike_R","Strike_R","Strike_R","Strike_R","Defend_R","Defend_R","Defend_R","Defend_R","Bash","Immolate","Twin Strike","Pommel Strike","Headbutt","Battle Trance"],"relics":["Burning Blood","Prayer Wheel","Toy Ornithopter","Question Card","Strawberry"],"acts_visited":["Exordium"],"potions_floor_usage":[6,8],"damage_taken":[{"damage":5,"enemies":"Small Slimes","floor":1,"turns":2},{"damage":13,"enemies":"Jaw Worm","floor":2,"turns":4},{"damage":0,"enemies":"2 Louse","floor":5,"turns":1},{"damage":27,"enemies":"3 Sentries","floor":6,"turns":5},{"damage":0,"enemies":"Large Slime","floor":7,"turns":4},{"damage":40,"enemies":"Lagavulin Event","floor":8,"turns":5},{"damage":25,"enemies":"Lagavulin","floor":10,"turns":7},{"damage":2,"enemies":"Gremlin Nob","floor":12,"turns":3}],"seed_played":"2245929048847623318","potions_obtained":[{"floor":1,"key":"Swift Potion"},{"floor":7,"key":"Regen Potion"},{"floor":10,"key":"Swift Potion"}],"is_trial":false,"path_per_floor":["M","M","$","?","M","E","M","?","T","E","?","E"],"character_chosen":"IRONCLAD","items_purchased":[],"campfire_rested":0,"item_purchase_floors":[],"current_hp_per_floor":[73,66,66,59,65,44,50,28,28,16,5,3,3],"gold":359,"neow_bonus":"THREE_RARE_CARDS","is_daily":false,"chose_seed":false,"campfire_upgraded":0,"win_rate":0.0,"timestamp":1611628911,"path_taken":["M","M","$","?","M","E","M","?","T","E","?","E"],"items_purchased_type":[],"build_version":"2020-12-22","purchased_purges":1,"victory":false,"max_hp_per_floor":[80,80,80,80,80,80,80,80,80,87,87,87,87],"card_choices":[{"not_picked":["Exhume","Fiend Fire"],"picked":"Immolate","floor":0},{"not_picked":["Thunderclap","Armaments","Body Slam"],"picked":"SKIP","floor":1},{"not_picked":["Sword Boomerang","Burning Pact"],"picked":"Twin Strike","floor":2},{"not_picked":["Infernal Blade","Wild Strike","Iron Wave"],"picked":"SKIP","floor":5},{"not_picked":["Armaments","Bludgeon"],"picked":"Pommel Strike","floor":6},{"not_picked":["Heavy Blade","Anger"],"picked":"Headbutt","floor":7},{"not_picked":["Ghostly Armor","Body Slam","Clash"],"picked":"SKIP","floor":7},{"not_picked":["Armaments","True Grit","Heavy Blade"],"picked":"Battle Trance","floor":10}],"player_experience":282654,"relics_obtained":[{"floor":6,"key":"Prayer Wheel"},{"floor":8,"key":"Toy Ornithopter"},{"floor":9,"key":"Question Card"},{"floor":10,"key":"Strawberry"}],"event_choices":[{"cards_removed":["Strike_R"],"damage_healed":0,"gold_gain":0,"player_choice":"Card Removal","damage_taken":7,"max_hp_gain":0,"max_hp_loss":0,"event_name":"Golden Wing","floor":4,"gold_loss":0},{"damage_healed":0,"gold_gain":0,"player_choice":"Searched \u00271\u0027 times","damage_taken":0,"max_hp_gain":0,"max_hp_loss":0,"event_name":"Dead Adventurer","floor":8,"gold_loss":0},{"damage_healed":0,"gold_gain":75,"player_choice":"Gather Gold","damage_taken":11,"max_hp_gain":0,"max_hp_loss":0,"event_name":"World of Goop","floor":11,"gold_loss":0}],"is_beta":false,"boss_relics":[],"items_purged_floors":[3],"is_endless":false,"potions_floor_spawned":[1,7,10],"killed_by":"Gremlin Nob","ascension_level":8}}