{"host":"rzvepkyh9344fbo1","time":1611659675,"event":{"mods":["AchievementEnabler","Act Like it!","BaseMod","Colored Map","Colored Powertips","Curses Come First","Downfall","Hermit","Highlight Path","Minty Spire (QoL Compilation)","Replay The Spire","Shop Mod","StS++","StSLib","The Cursed","The Necromancer"],"gold_per_floor":[115,126,31,31,48,80,80,108,144,156,118,130,167,191,203,316,328,358,370,382,406,430,474,486,531,589,601,601],"floor_reached":27,"language":"ENG","playtime":2093,"items_purged":[],"score":421,"play_id":"5425d279-ac6c-472e-a115-453d3f9aecf4","local_time":"20210126221435","is_ascension_mode":true,"campfire_choices":[{"data":"Endless Agony","floor":7,"key":"SMITH"},{"data":"Noxious Fumes","floor":10,"key":"SMITH"},{"data":"ReplayTheSpireMod:Scrap Shanks","floor":15,"key":"SMITH"},{"data":"Storm of Steel","floor":24,"key":"SMITH"}],"circlet_count":0,"master_deck":["Strike_G","Strike_G+1","Strike_G","Strike_G","Strike_G","Defend_G","Defend_G","Defend_G","Defend_G","Defend_G+1","Survivor","Neutralize","Endless Agony+1","Quick Slash","Setup","Backflip","Noxious Fumes+1","Deadly Poison","Tools of the Trade","Masterful Stab","ReplayTheSpireMod:Scrap Shanks+1","Tools of the Trade","CurseOfTheBell","Storm of Steel+1","Shame","Backstab+1","Caltrops+1","Noxious Fumes+1","Terror"],"relics":["Ring of the Snake","PreservedInsect","Nunchaku","MawBank","Strawberry","Calling Bell","Simple Rune","Onion Ring","Durian","Gremlin Horn","StSpp:Monolith","ReplayTheSpireMod:Ninjato","Bottled Lightning","Potion Belt"],"acts_visited":["Exordium","TheCity"],"potions_floor_usage":[8,8,16,22,25,25],"damage_taken":[{"damage":2,"enemies":"2 Louse","floor":1,"turns":3},{"damage":6,"enemies":"Jaw Worm","floor":2,"turns":4},{"damage":0,"enemies":"Cultist","floor":5,"turns":4},{"damage":18,"enemies":"Lagavulin","floor":6,"turns":7},{"damage":7,"enemies":"3 Sentries","floor":8,"turns":5},{"damage":9,"enemies":"Gremlin Nob","floor":13,"turns":4},{"damage":0,"enemies":"3 Louse","floor":14,"turns":3},{"damage":0,"enemies":"Slime Boss","floor":16,"turns":7},{"damage":46,"enemies":"2 Thieves","floor":18,"turns":5},{"damage":0,"enemies":"Shell Parasite","floor":21,"turns":1},{"damage":9,"enemies":"Centurion and Healer","floor":22,"turns":4},{"damage":0,"enemies":"Gremlin Leader","floor":23,"turns":3},{"damage":15,"enemies":"Slavers","floor":25,"turns":4},{"damage":21,"enemies":"Snake Plant","floor":27,"turns":2}],"seed_played":"-7250676262996779449","potions_obtained":[{"floor":2,"key":"Fire Potion"},{"floor":5,"key":"GamblersBrew"},{"floor":6,"key":"Fire Potion"},{"floor":8,"key":"Explosive Potion"},{"floor":12,"key":"Cursed Concoction"},{"floor":14,"key":"Poison Potion"},{"floor":18,"key":"Fire Potion"},{"floor":21,"key":"hexamod:SoulburnPotion"}],"is_trial":false,"path_per_floor":["M","M","$","?","M","E","R","E","T","R","?","?","E","M","R","B",null,"M","?","?","M","M","E","R","E","T","M"],"character_chosen":"THE_SILENT","items_purchased":["Setup","Backflip"],"campfire_rested":0,"item_purchase_floors":[3,3],"current_hp_per_floor":[75,69,69,57,57,39,39,32,32,32,32,32,30,30,30,30,89,43,43,43,43,34,34,34,19,19,0,0],"gold":601,"neow_bonus":"TEN_PERCENT_HP_BONUS","is_daily":false,"chose_seed":false,"campfire_upgraded":4,"win_rate":0.0,"timestamp":1611659675,"path_taken":["M","M","$","?","M","E","R","E","T","R","?","?","E","?","R","BOSS","M","?","?","M","M","E","R","E","T","M"],"items_purchased_type":["Card","Card"],"build_version":"2020-12-22","purchased_purges":0,"victory":false,"max_hp_per_floor":[77,77,77,77,77,77,77,77,77,77,77,77,84,84,84,84,89,89,89,89,89,89,89,89,89,89,89,89],"card_choices":[{"not_picked":["Slice","Dodge and Roll"],"picked":"Endless Agony","floor":1},{"not_picked":["StSpp:Dive","PiercingWail"],"picked":"Quick Slash","floor":2},{"not_picked":["StSpp:TimeParadox","Reflex"],"picked":"Noxious Fumes","floor":5},{"not_picked":["Setup","Sucker Punch"],"picked":"Deadly Poison","floor":6},{"not_picked":["Riddle With Holes","Sucker Punch"],"picked":"Tools of the Trade","floor":8},{"not_picked":["StSpp:Throw","Setup"],"picked":"Masterful Stab","floor":13},{"not_picked":["Blade Dance","Bane"],"picked":"ReplayTheSpireMod:Scrap Shanks","floor":14},{"not_picked":["Venomology","Storm of Steel"],"picked":"Tools of the Trade","floor":16},{"not_picked":["Outmaneuver+1","Prepared"],"picked":"Storm of Steel","floor":18},{"not_picked":["Crippling Poison","Dagger Spray"],"picked":"Backstab+1","floor":21},{"not_picked":["Bouncing Flask","StSpp:PoisonousPunch"],"picked":"Caltrops+1","floor":22},{"not_picked":["StSpp:Anticipation","Expertise+1"],"picked":"Noxious Fumes+1","floor":23},{"not_picked":["Poisoned Stab","Dagger Throw"],"picked":"Terror","floor":25}],"player_experience":255369,"relics_obtained":[{"floor":6,"key":"Nunchaku"},{"floor":8,"key":"MawBank"},{"floor":13,"key":"Strawberry"},{"floor":17,"key":"Simple Rune"},{"floor":17,"key":"Onion Ring"},{"floor":17,"key":"Durian"},{"floor":23,"key":"ReplayTheSpireMod:Ninjato"},{"floor":25,"key":"Bottled Lightning"},{"floor":26,"key":"Potion Belt"}],"event_choices":[{"damage_healed":0,"gold_gain":0,"player_choice":"Success","damage_taken":12,"relics_obtained":["PreservedInsect"],"max_hp_gain":0,"max_hp_loss":0,"event_name":"Scrap Ooze","floor":4,"gold_loss":0},{"damage_healed":0,"gold_gain":0,"player_choice":"Left Gold","damage_taken":0,"max_hp_gain":0,"max_hp_loss":0,"event_name":"World of Goop","floor":11,"gold_loss":50},{"damage_healed":0,"gold_gain":0,"player_choice":"Got Potions","damage_taken":0,"max_hp_gain":0,"max_hp_loss":0,"event_name":"Lab","floor":12,"gold_loss":0},{"damage_healed":0,"gold_gain":0,"player_choice":"Stole Relic","damage_taken":0,"relics_obtained":["Gremlin Horn"],"max_hp_gain":0,"max_hp_loss":0,"event_name":"Addict","floor":19,"gold_loss":0,"cards_obtained":["Shame"]},{"damage_healed":0,"gold_gain":0,"player_choice":"Gave Potion","damage_taken":0,"relics_obtained":["StSpp:Monolith"],"max_hp_gain":0,"max_hp_loss":0,"event_name":"WeMeetAgain","floor":20,"gold_loss":0}],"is_beta":false,"boss_relics":[{"not_picked":["Snecko Scales","Replay:Wanted Poster"],"picked":"Calling Bell"}],"items_purged_floors":[],"is_endless":false,"potions_floor_spawned":[2,5,6,8,14,18,21],"killed_by":"Snake Plant","ascension_level":3}}