{"host":"l84l8xigz5v5foa2","time":1611661792,"event":{"mods":["2.2 Compatiblity","AchievementEnabler","BaseMod","Better Note","Better Vampires","Card Filter","Colored Map","DeckTracker","Downfall","Gremlin Skip","Highlight Path","Keyboard Shortcuts","Minty Spire (QoL Compilation)","Permanent Neow","Quick Restart","Relic Filter","Relic Stats","StSLib","SuperFastMode","Transform Curses","Unknown Chances"],"gold_per_floor":[117,134,184,198,123,123,134,134,134,134,169,94,124,199,199,270,270,285,305,321,321,105,105,123,150,176,206,206,217,248,248,248,322,322,342,342,136,154,154,154,77,112,162,197,197,221,221,60,60,60,60,60,60,60,95,95,95,95],"floor_reached":56,"language":"ENG","playtime":3578,"items_purged":["hexamod:Strike","Pain","hexamod:Strike+1"],"score":2088,"play_id":"f85b90ae-9cb7-4b40-9be3-b56686eeb484","local_time":"20210126204952","is_ascension_mode":true,"campfire_choices":[{"data":"hexamod:Float","floor":6.0,"key":"SMITH"},{"data":"hexamod:GhostOfSpirePast","floor":8.0,"key":"SMITH"},{"data":"hexamod:RetreatToShadows","floor":10.0,"key":"SMITH"},{"floor":15.0,"key":"REST"},{"floor":23,"key":"RECALL"},{"floor":28,"key":"REST"},{"floor":32,"key":"REST"},{"data":"hexamod:GhostOfSpirePast","floor":49,"key":"SMITH"}],"circlet_count":0,"master_deck":["AscendersBane","hexamod:Strike+1","hexamod:Defend+1","hexamod:Defend+1","hexamod:Defend+1","hexamod:Defend+1","hexamod:Sear+1","hexamod:Float+1","hexamod:RetreatToShadows+1","hexamod:GhostOfSpirePast+1","hexamod:HauntingEcho+1","hexamod:HauntingEcho+1","hexamod:RetreatToShadows+1","hexamod:ThermalTransfer+1","hexamod:GiftsFromTheDead+1","hexamod:GhostShield+1","hexamod:Incineration+1","Flash of Steel+1","hexamod:InspiringFlames+1","hexamod:FastForward+1","hexamod:SpectersWail+1","hexamod:VolcanoVisage+1","hexamod:GhostOfSpireFuture+1","hexamod:ForkedFlame+1","hexamod:AdvancingGuard+1","hexamod:TimeWarp+1","hexamod:GhostShield+1","Blind+1","hexamod:PowerFromBeyond+1","hexamod:NecessarySacrifice+1","hexamod:Rewind+1","hexamod:GhostOfSpirePast+1","hexamod:RecurringNightmare+1","hexamod:SearingWound+1"],"relics":["hexamod:SpiritBrand","Toxic Egg 2","Boot","Mercury Hourglass","Sozu","WarpedTongs","Omamori","Anchor","hexamod:BolsterEngine","Coffee Dripper","sneckomod:BlankCard","Potion Belt","Bag of Preparation","Guardian:PocketSentry","hexamod:TheBrokenSeal","Nunchaku"],"acts_visited":["Exordium","TheCity","TheBeyond","TheEnding"],"potions_floor_usage":[42],"damage_taken":[{"damage":5.0,"enemies":"Small Slimes","floor":1.0,"turns":3.0},{"damage":2.0,"enemies":"Cultist","floor":2.0,"turns":5.0},{"damage":7.0,"enemies":"Jaw Worm","floor":4.0,"turns":4.0},{"damage":6.0,"enemies":"Large Slime","floor":7.0,"turns":3.0},{"damage":5.0,"enemies":"Lagavulin","floor":11.0,"turns":7.0},{"damage":30.0,"enemies":"Gremlin Nob","floor":13.0,"turns":5.0},{"damage":11.0,"enemies":"Slime Boss","floor":16.0,"turns":7.0},{"damage":4.0,"enemies":"Shell Parasite","floor":18.0,"turns":4.0},{"damage":8.0,"enemies":"3 Byrds","floor":19.0,"turns":4.0},{"damage":3,"enemies":"Snake Plant","floor":20,"turns":4},{"damage":4,"enemies":"Sentry and Sphere","floor":24,"turns":6},{"damage":4,"enemies":"Book of Stabbing","floor":25,"turns":4},{"damage":4,"enemies":"Slavers","floor":27,"turns":4},{"damage":10,"enemies":"Snecko","floor":29,"turns":5},{"damage":20,"enemies":"Gremlin Leader","floor":30,"turns":7},{"damage":3,"enemies":"Automaton","floor":33,"turns":8},{"damage":11,"enemies":"Orb Walker","floor":35,"turns":4},{"damage":9,"enemies":"3 Shapes","floor":38,"turns":4},{"damage":6,"enemies":"Giant Head","floor":42,"turns":7},{"damage":40,"enemies":"Reptomancer","floor":44,"turns":6},{"damage":5,"enemies":"Spire Growth","floor":46,"turns":5},{"damage":21,"enemies":"Awakened One","floor":50,"turns":10},{"damage":21,"enemies":"Time Eater","floor":51,"turns":9},{"damage":9,"enemies":"Shield and Spear","floor":55,"turns":6},{"damage":68,"enemies":"The Heart","floor":56,"turns":5}],"seed_played":"-8170829725807264111","potions_obtained":[{"floor":2.0,"key":"LiquidMemories"},{"floor":4.0,"key":"Regen Potion"}],"is_trial":false,"path_per_floor":["M","M","?","M","$","R","M","R","T","R","E","?","E","?","R","B",null,"M","M","M","?","$","R","M","E","T","E","R","M","E","?","R","B",null,"M","?","$","M","?","R","$","E","T","E","?","M","?","$","R","B","B",null,"R","$","E","B"],"character_chosen":"THE_SPIRIT","items_purchased":["Flash of Steel","hexamod:InspiringFlames+1","hexamod:PowerFromBeyond+1","hexamod:Rewind+1","Guardian:PocketSentry"],"campfire_rested":3,"item_purchase_floors":[22,22,37,41,48],"current_hp_per_floor":[52,50,50,43,43,43,49,49,49,49,44,44,14,3,21,10,50,46,45,49,49,49,49,52,55,55,58,63,60,47,30,50,54,65,61,51,51,49,49,49,49,50,50,17,68,68,68,68,68,78,57,73,73,73,64,0,0,0],"gold":95,"neow_bonus":"ONE_RANDOM_RARE_CARD","is_daily":false,"chose_seed":false,"campfire_upgraded":4,"win_rate":0.0,"timestamp":1611661792,"path_taken":["M","M","?","?","$","R","M","R","T","R","E","?","E","?","R","BOSS","M","M","M","?","$","R","M","E","T","E","R","?","E","?","R","BOSS","M","?","$","M","?","R","$","E","T","E","?","M","?","?","R","BOSS","BOSS","R","$","E","BOSS"],"items_purchased_type":["Card","Card","Card","Card","Relic"],"build_version":"2020-12-22","purchased_purges":3,"victory":false,"max_hp_per_floor":[63,63,63,63,63,63,63,63,63,63,63,63,63,63,63,63,63,63,63,63,63,63,63,63,63,63,63,63,63,63,68,68,68,68,68,68,68,68,68,68,68,68,68,68,68,68,68,68,68,78,78,78,78,78,78,78,78,78],"relic_stats":{"Sozu":9,"Nunchaku":[1],"counters":[25,135],"Bag of Preparation":[10],"Boot":[48],"obtain_stats":[{"Potion Belt":43,"sneckomod:BlankCard":42,"hexamod:TheBrokenSeal":50,"Omamori":25,"Bag of Preparation":44,"Guardian:PocketSentry":48,"Boot":11,"Mercury Hourglass":13,"WarpedTongs":21,"Sozu":17,"Anchor":27,"Nunchaku":55,"Coffee Dripper":34,"Toxic Egg 2":9,"hexamod:BolsterEngine":30,"hexamod:SpiritBrand":0},{"Potion Belt":19,"sneckomod:BlankCard":19,"hexamod:TheBrokenSeal":22,"Omamori":12,"Bag of Preparation":20,"Guardian:PocketSentry":21,"Boot":5,"Mercury Hourglass":6,"WarpedTongs":10,"Sozu":7,"Anchor":13,"Nunchaku":24,"Coffee Dripper":16,"Toxic Egg 2":4,"hexamod:BolsterEngine":15,"hexamod:SpiritBrand":0},{"Potion Belt":94,"sneckomod:BlankCard":94,"hexamod:TheBrokenSeal":111,"Omamori":56,"Bag of Preparation":100,"Guardian:PocketSentry":105,"Boot":22,"Mercury Hourglass":27,"WarpedTongs":46,"Sozu":34,"Anchor":60,"Nunchaku":130,"Coffee Dripper":80,"Toxic Egg 2":15,"hexamod:BolsterEngine":72,"hexamod:SpiritBrand":0}],"Mercury Hourglass":[438],"WarpedTongs":[14]},"card_choices":[{"not_picked":["hexamod:BurningTouch","hexamod:GhostLash"],"picked":"hexamod:RetreatToShadows","floor":1.0},{"not_picked":["hexamod:HeatMetal","hexamod:ShieldOfDarkness"],"picked":"hexamod:GhostOfSpirePast","floor":2.0},{"not_picked":["hexamod:GhostLash","hexamod:FastForward"],"picked":"hexamod:HauntingEcho","floor":4.0},{"not_picked":["hexamod:InspiringFlames","hexamod:BurningTouch"],"picked":"hexamod:HauntingEcho","floor":7.0},{"not_picked":["hexamod:Incineration","hexamod:EtherealExpedition+1"],"picked":"hexamod:RetreatToShadows+1","floor":11.0},{"not_picked":["hexamod:HeatMetal","hexamod:FlamesFromBeyond+1"],"picked":"hexamod:ThermalTransfer","floor":13.0},{"not_picked":["hexamod:SixthSeal","hexamod:WildfireWeapon"],"picked":"hexamod:GiftsFromTheDead","floor":16.0},{"not_picked":["hexamod:ThermalTransfer","hexamod:HauntingEcho"],"picked":"hexamod:FirstSeal","floor":18.0},{"not_picked":["hexamod:SpectersWail+1","hexamod:AdvancingGuard+1"],"picked":"hexamod:GhostShield+1","floor":19.0},{"not_picked":["hexamod:Haunt+1","hexamod:BacktrackSmack"],"picked":"hexamod:Incineration","floor":20},{"not_picked":["hexamod:GhostShield+1","hexamod:SoulSteal+1"],"picked":"hexamod:ThirdSeal","floor":24},{"not_picked":["hexamod:SixthSeal","hexamod:GhostLash"],"picked":"hexamod:FastForward+1","floor":25},{"not_picked":["hexamod:FastForward+1","hexamod:SpectersWail","hexamod:SoulSteal+1"],"picked":"SKIP","floor":25},{"not_picked":["hexamod:FastForward+1","hexamod:SoulSteal+1"],"picked":"hexamod:SpectersWail","floor":25},{"not_picked":["hexamod:ExtraCrispy","hexamod:HauntingEcho","hexamod:GhostLash"],"picked":"SKIP","floor":27},{"not_picked":["hexamod:SixthSeal","hexamod:HeatCrush","hexamod:VolcanoVisage"],"picked":"SKIP","floor":27},{"not_picked":["hexamod:SixthSeal","hexamod:HeatCrush"],"picked":"hexamod:VolcanoVisage","floor":27},{"not_picked":["hexamod:ExtraCrispy","hexamod:HauntingEcho","hexamod:GhostLash"],"picked":"SKIP","floor":27},{"not_picked":["hexamod:ShieldOfDarkness+1","hexamod:InspiringFlames+1"],"picked":"hexamod:GhostOfSpireFuture+1","floor":29},{"not_picked":["hexamod:BacktrackSmack+1","hexamod:DynamicBlow+1","hexamod:BurningTouch+1"],"picked":"SKIP","floor":29},{"not_picked":["hexamod:EtherealExpedition+1","hexamod:DynamicBlow"],"picked":"hexamod:ForkedFlame","floor":30},{"not_picked":["hexamod:SixthSeal","hexamod:FastForward+1"],"picked":"hexamod:AdvancingGuard+1","floor":30},{"not_picked":["hexamod:ParanormalForm","hexamod:SearingWound+1"],"picked":"hexamod:TimeWarp","floor":33},{"not_picked":["hexamod:GhostOfSpireFuture","hexamod:HauntingEcho+1"],"picked":"hexamod:GhostShield+1","floor":35},{"not_picked":["hexamod:BurningTouch+1","hexamod:HauntingEcho+1","hexamod:AdvancingGuard+1"],"picked":"SKIP","floor":35},{"not_picked":["PanicButton+1","Purity+1"],"picked":"Blind+1","floor":36},{"not_picked":["hexamod:GhostShield+1","hexamod:BacktrackSmack+1"],"picked":"hexamod:NecessarySacrifice+1","floor":38},{"not_picked":["hexamod:FastForward+1","hexamod:DynamicBlow+1","hexamod:Again+1"],"picked":"SKIP","floor":38},{"not_picked":["hexamod:RadiantFlame","hexamod:SoulSteal+1"],"picked":"hexamod:FifthSeal","floor":42},{"not_picked":["hexamod:SoulSteal+1","hexamod:SpectersWail","hexamod:SwordOfDarkness"],"picked":"SKIP","floor":42},{"not_picked":["hexamod:SixthSeal","hexamod:ThirdSeal"],"picked":"hexamod:SecondSeal","floor":44},{"not_picked":["hexamod:ChargedBarrage+1","hexamod:BurningTouch+1","hexamod:RainOfEmbers"],"picked":"SKIP","floor":44},{"not_picked":["hexamod:BurningTouch+1","hexamod:ExtraCrispy","hexamod:EtherealExpedition+1"],"picked":"SKIP","floor":44},{"not_picked":["hexamod:SecondSeal","hexamod:FirstSeal"],"picked":"hexamod:FourthSeal","floor":46},{"not_picked":["hexamod:SwordOfDarkness+1","hexamod:CatchUp+1"],"picked":"hexamod:GhostOfSpirePast","floor":46},{"not_picked":["hexamod:BurningTouch+1","hexamod:WildfireWeapon"],"picked":"hexamod:RecurringNightmare+1","floor":46},{"not_picked":["hexamod:GhostLash","hexamod:SpectersWail","hexamod:InspiringFlames+1"],"picked":"SKIP","floor":46},{"not_picked":["hexamod:FastForward+1","hexamod:HauntingEcho+1"],"picked":"hexamod:SearingWound+1","floor":55}],"player_experience":3424775,"relics_obtained":[{"floor":9.0,"key":"Toxic Egg 2"},{"floor":11.0,"key":"Boot"},{"floor":13.0,"key":"Mercury Hourglass"},{"floor":25,"key":"Omamori"},{"floor":27,"key":"Anchor"},{"floor":30,"key":"hexamod:BolsterEngine"},{"floor":42,"key":"sneckomod:BlankCard"},{"floor":43,"key":"Potion Belt"},{"floor":44,"key":"Bag of Preparation"},{"floor":55,"key":"Nunchaku"}],"event_choices":[{"damage_healed":0.0,"max_hp_gain":0.0,"max_hp_loss":0.0,"gold_gain":50.0,"event_name":"Golden Shrine","player_choice":"Pray","floor":3.0,"gold_loss":0.0,"damage_taken":0.0},{"cards_removed":["hexamod:Strike"],"damage_healed":0.0,"max_hp_gain":0.0,"max_hp_loss":0.0,"gold_gain":0.0,"event_name":"The Cleric","player_choice":"Card Removal","floor":12.0,"gold_loss":75.0,"damage_taken":0.0},{"damage_healed":0.0,"max_hp_gain":0.0,"max_hp_loss":0.0,"gold_gain":75.0,"event_name":"World of Goop","player_choice":"Gather Gold","floor":14.0,"gold_loss":0.0,"damage_taken":11.0},{"damage_healed":0,"gold_gain":0,"player_choice":"Rummage","damage_taken":0,"relics_obtained":["WarpedTongs"],"max_hp_gain":0,"max_hp_loss":0,"event_name":"Accursed Blacksmith","floor":21,"gold_loss":0,"cards_obtained":["Pain"]},{"damage_healed":0,"gold_gain":0,"player_choice":"Shed Blood","damage_taken":22,"max_hp_gain":5,"max_hp_loss":0,"event_name":"Forgotten Altar","floor":31,"gold_loss":0},{"damage_healed":0,"gold_gain":0,"player_choice":"Memory 3","damage_taken":10,"max_hp_gain":0,"max_hp_loss":0,"event_name":"SensoryStone","floor":36,"gold_loss":0},{"damage_healed":0,"gold_gain":0,"player_choice":"Ignored","damage_taken":0,"max_hp_gain":0,"max_hp_loss":0,"event_name":"Tomb of Lord Red Mask","floor":39,"gold_loss":0},{"damage_healed":51,"gold_gain":0,"player_choice":"Heal","damage_taken":0,"max_hp_gain":0,"max_hp_loss":0,"event_name":"MindBloom","floor":45,"gold_loss":0,"cards_obtained":["Doubt"]}],"is_beta":false,"boss_relics":[{"not_picked":["SlaversCollar","Astrolabe"],"picked":"Sozu"},{"not_picked":["hexamod:IceCube","SacredBark"],"picked":"Coffee Dripper"}],"items_purged_floors":[5,22,37],"is_endless":false,"potions_floor_spawned":[2,4,20,24,25,29,33,38,42,44,46],"killed_by":"The Heart","ascension_level":20}}