{"host":"qdfumeom6htv8yxl","time":1611678671,"event":{"mods":["AchievementEnabler","BaseMod","Bestiary","Block Reminder","Minty Spire (QoL Compilation)","Quick Restart","Relic Stats"],"gold_per_floor":[117,133,33,183,5,5,34,34,111,140,140,140,140,65,65,144,144,144,144,144,84,84,84,84,84,84,84,84,84,84],"floor_reached":29,"language":"ENG","playtime":1047,"items_purged":["Doubt"],"score":536,"play_id":"47b71066-f4d4-45d3-8e3e-ab7a5020350e","local_time":"20210126103111","is_ascension_mode":true,"campfire_choices":[{"data":"Coolheaded","floor":6.0,"key":"SMITH"},{"data":"Loop","floor":8.0,"key":"SMITH"},{"data":"Self Repair","floor":11.0,"key":"SMITH"},{"data":"Beam Cell","floor":15.0,"key":"SMITH"},{"data":"Go for the Eyes","floor":24,"key":"SMITH"}],"circlet_count":0,"master_deck":["AscendersBane","Strike_B","Strike_B","Strike_B","Strike_B","Defend_B","Defend_B","Defend_B","Zap","Dualcast","Skim","Cold Snap","Self Repair+1","Coolheaded+1","Loop+1","Beam Cell+1","Go for the Eyes+1","Defragment+1","Core Surge","Chill+1","Conserve Battery","Coolheaded+1","Ball Lightning","Darkness","Writhe"],"relics":["Cracked Core","NeowsBlessing","Eternal Feather","HornCleat","Frozen Egg 2","Bottled Flame","Ectoplasm","Red Mask","MutagenicStrength","Sundial","Letter Opener","Anchor"],"acts_visited":["Exordium","TheCity"],"potions_floor_usage":[23,25],"damage_taken":[{"damage":0.0,"enemies":"Small Slimes","floor":1.0,"turns":1.0},{"damage":0.0,"enemies":"Jaw Worm","floor":2.0,"turns":1.0},{"damage":0.0,"enemies":"3 Sentries","floor":7.0,"turns":1.0},{"damage":16.0,"enemies":"Gremlin Nob","floor":10.0,"turns":4.0},{"damage":0.0,"enemies":"3 Sentries","floor":13.0,"turns":1.0},{"damage":12.0,"enemies":"Slime Boss","floor":16.0,"turns":12.0},{"damage":9.0,"enemies":"Chosen","floor":18.0,"turns":4.0},{"damage":30.0,"enemies":"Masked Bandits","floor":19.0,"turns":6.0},{"damage":10.0,"enemies":"2 Thieves","floor":21.0,"turns":4.0},{"damage":4,"enemies":"Snecko","floor":23,"turns":4},{"damage":17,"enemies":"Book of Stabbing","floor":25,"turns":8},{"damage":14,"enemies":"Snake Plant","floor":27,"turns":3},{"damage":49,"enemies":"Gremlin Leader","floor":29,"turns":4}],"seed_played":"-5153503475372970422","potions_obtained":[{"floor":1.0,"key":"ColorlessPotion"},{"floor":10.0,"key":"SmokeBomb"},{"floor":19.0,"key":"AttackPotion"},{"floor":21.0,"key":"Weak Potion"}],"is_trial":false,"path_per_floor":["M","M","$","?","$","R","E","R","T","E","R","T","E","?","R","B",null,"M","?","?","M","?","M","R","E","T","M","?","E"],"character_chosen":"DEFECT","items_purchased":["Self Repair","Coolheaded","Loop","Beam Cell"],"campfire_rested":0,"item_purchase_floors":[3,3,5,5],"current_hp_per_floor":[64,64,64,64,64,64,64,71,71,62,71,71,71,71,71,69,71,71,51,51,51,44,50,62,55,55,41,41,0,0],"gold":84,"neow_bonus":"THREE_ENEMY_KILL","is_daily":false,"chose_seed":false,"campfire_upgraded":5,"win_rate":0.0,"timestamp":1611678671,"path_taken":["M","M","$","?","$","R","E","R","T","E","R","?","E","?","R","BOSS","M","?","?","M","?","M","R","E","T","?","?","E"],"items_purchased_type":["Card","Card","Card","Card"],"build_version":"2020-12-22","purchased_purges":1,"victory":false,"max_hp_per_floor":[71,71,71,71,71,71,71,71,71,71,71,71,71,71,71,71,71,71,71,71,71,71,71,71,71,71,71,71,71,71],"relic_stats":{"counters":[13,53],"Sundial":[0],"Eternal Feather":28,"Ectoplasm":226,"Letter Opener":[10],"obtain_stats":[{"Bottled Flame":12,"Anchor":28,"HornCleat":9,"NeowsBlessing":0,"Sundial":25,"MutagenicStrength":20,"Eternal Feather":7,"Ectoplasm":17,"Red Mask":19,"Letter Opener":26,"Frozen Egg 2":10,"Cracked Core":0},{"Bottled Flame":4,"Anchor":12,"HornCleat":3,"NeowsBlessing":0,"Sundial":11,"MutagenicStrength":8,"Eternal Feather":3,"Ectoplasm":6,"Red Mask":8,"Letter Opener":11,"Frozen Egg 2":4,"Cracked Core":0},{"Bottled Flame":7,"Anchor":49,"HornCleat":3,"NeowsBlessing":0,"Sundial":46,"MutagenicStrength":30,"Eternal Feather":3,"Ectoplasm":20,"Red Mask":30,"Letter Opener":46,"Frozen Egg 2":7,"Cracked Core":0}]},"card_choices":[{"not_picked":["Fusion","Reprogram"],"picked":"Skim","floor":1.0},{"not_picked":["Skim","Barrage"],"picked":"Cold Snap","floor":2.0},{"not_picked":["Compile Driver","Gash"],"picked":"Go for the Eyes","floor":7.0},{"not_picked":["Rainbow","Chill"],"picked":"Defragment+1","floor":10.0},{"not_picked":["Biased Cognition+1","Echo Form+1"],"picked":"Core Surge","floor":16.0},{"not_picked":["Aggregate","Rebound"],"picked":"Chill+1","floor":18.0},{"not_picked":["Darkness","Barrage+1"],"picked":"Conserve Battery","floor":21.0},{"not_picked":["Conserve Battery","Steam"],"picked":"Coolheaded+1","floor":23},{"not_picked":["Thunder Strike","White Noise"],"picked":"Ball Lightning","floor":25},{"not_picked":["Undo","Steam"],"picked":"Darkness","floor":27}],"player_experience":1833265,"relics_obtained":[{"floor":7.0,"key":"Eternal Feather"},{"floor":9.0,"key":"HornCleat"},{"floor":10.0,"key":"Frozen Egg 2"},{"floor":12.0,"key":"Bottled Flame"},{"floor":19.0,"key":"Red Mask"},{"floor":25,"key":"Sundial"},{"floor":26,"key":"Letter Opener"}],"event_choices":[{"damage_healed":0.0,"max_hp_gain":0.0,"max_hp_loss":0.0,"gold_gain":150.0,"event_name":"Liars Game","player_choice":"AGREE","floor":4.0,"gold_loss":0.0,"damage_taken":0.0,"cards_obtained":["Doubt"]},{"cards_removed":["Defend_B"],"damage_healed":0.0,"max_hp_gain":0.0,"max_hp_loss":0.0,"gold_gain":0.0,"event_name":"The Cleric","player_choice":"Card Removal","floor":14.0,"gold_loss":75.0,"damage_taken":0.0},{"damage_healed":0.0,"max_hp_gain":0.0,"max_hp_loss":0.0,"gold_gain":0.0,"event_name":"Masked Bandits","player_choice":"Fought Bandits","floor":19.0,"gold_loss":0.0,"damage_taken":0.0},{"damage_healed":0.0,"max_hp_gain":0.0,"max_hp_loss":0.0,"gold_gain":0.0,"event_name":"Drug Dealer","player_choice":"Inject Mutagens","floor":20.0,"gold_loss":0.0,"damage_taken":0.0,"relics_obtained":["MutagenicStrength"]},{"damage_healed":0.0,"max_hp_gain":0.0,"max_hp_loss":0.0,"gold_gain":50.0,"event_name":"FaceTrader","player_choice":"Touch","floor":22.0,"gold_loss":0.0,"damage_taken":7.0},{"damage_healed":0,"gold_gain":0,"player_choice":"Opened","damage_taken":0,"relics_obtained":["Anchor"],"max_hp_gain":0,"max_hp_loss":0,"event_name":"The Mausoleum","floor":28,"gold_loss":0,"cards_obtained":["Writhe"]}],"is_beta":false,"boss_relics":[{"not_picked":["Snecko Eye","Busted Crown"],"picked":"Ectoplasm"}],"items_purged_floors":[5],"is_endless":false,"potions_floor_spawned":[1,10,13,19,21],"killed_by":"Gremlin Leader","ascension_level":18}}