{"host":"z9grmtg2w0nmz8n1","time":1611634200,"event":{"mods":["Aspiration","BaseMod","Better Altar","Better Match","Better Note","Better Sensory Stone","Better Skull","Better Third Choice","BetterRewards","CCEM2","Clawfect","Colored Map","Conspire","GifTheSpireLib","Halation","Highlight Path","Hubris","Hunter ??","Jedi Mod","Minty Spire (QoL Compilation)","Permanent Neow","Reliquary","Replay The Spire","Shop Mod","Spicy Shops","StSLib","Stuff the Spire","The Administrix","The Blackbeard","The Runesmith","The Servant 0.9.4"],"gold_per_floor":[220,220,237,247,260,291,291],"floor_reached":6,"language":"ENG","playtime":531,"items_purged":[],"score":48,"play_id":"af514907-714b-42c6-9e0f-4a509fd9f29d","local_time":"20210126021000","is_ascension_mode":false,"campfire_choices":[],"circlet_count":0,"master_deck":["AdministrixMod:Strike_Administrix","AdministrixMod:Strike_Administrix","AdministrixMod:Strike_Administrix","AdministrixMod:Strike_Administrix","AdministrixMod:RedCloak","AdministrixMod:Defend_Administrix","AdministrixMod:Defend_Administrix","AdministrixMod:Defend_Administrix","AdministrixMod:Defend_Administrix","AdministrixMod:BlueCloak","AdministrixMod:ImmortalGrace","AdministrixMod:RisingSunPrince","AdministrixMod:CrackingPangu"],"relics":["AdministrixMod:ConductorRitualBaton"],"acts_visited":["Exordium"],"potions_floor_usage":[5,6],"damage_taken":[{"damage":0,"enemies":"Small Slimes","floor":1,"turns":3},{"damage":2,"enemies":"2 Louse","floor":3,"turns":3},{"damage":1,"enemies":"Jaw Worm","floor":4,"turns":3},{"damage":4,"enemies":"Exordium Thugs","floor":5,"turns":4},{"damage":6,"enemies":"Lagavulin","floor":6,"turns":5}],"seed_played":"-2453947420122530169","potions_obtained":[{"floor":1,"key":"BlessingOfTheForge"},{"floor":4,"key":"SkillPotion"},{"floor":5,"key":"Explosive Potion"}],"is_trial":false,"path_per_floor":["M","?","M","M","M","E"],"character_chosen":"TheAdministrix","items_purchased":[],"campfire_rested":0,"item_purchase_floors":[],"current_hp_per_floor":[65,65,63,62,58,52,52],"gold":291,"neow_bonus":"HUNDRED_GOLD","is_daily":false,"chose_seed":false,"campfire_upgraded":0,"win_rate":0.0,"timestamp":1611634200,"path_taken":["M","?","M","M","M","E"],"items_purchased_type":[],"build_version":"2020-12-22","purchased_purges":0,"victory":false,"max_hp_per_floor":[65,65,65,65,65,65,65],"card_choices":[{"not_picked":["AdministrixMod:SyncreticSurge","AdministrixMod:Untouchable"],"picked":"AdministrixMod:ImmortalGrace","floor":1},{"not_picked":["AdministrixMod:BloodlessSapphire","AdministrixMod:DiversionaryTactic"],"picked":"AdministrixMod:RisingSunPrince","floor":3},{"not_picked":["AdministrixMod:BloodBargain","AdministrixMod:HarmonicReverence"],"picked":"AdministrixMod:CrackingPangu","floor":4},{"not_picked":["AdministrixMod:QuietConspiracy","AdministrixMod:FuneraryRites","AdministrixMod:SealAway"],"picked":"SKIP","floor":5}],"player_experience":844362,"relics_obtained":[],"event_choices":[{"damage_healed":0,"gold_gain":0,"player_choice":"Disagree","damage_taken":0,"max_hp_gain":0,"max_hp_loss":0,"event_name":"conspire:LoneGhost","floor":2,"gold_loss":0}],"is_beta":false,"boss_relics":[],"items_purged_floors":[],"is_endless":false,"potions_floor_spawned":[1,4,5],"killed_by":"Lagavulin","ascension_level":0}}