{"host":"njo8qgvy2a57fcny","time":1611639380,"event":{"mods":["Aspiration","BaseMod","BetterRewards","CCEM","Colored Map","Colored Powertips","Conspire","Custom Start","Downfall","Energized Spire","GifTheSpireLib","Halation","Hermit","Hubris","Infinite Spire","Jedi Mod","Jorbs\u0027s Wanderer Trilogy","Mimic Mod","Minty Spire (QoL Compilation)","Quick Restart","Random Character Button","Random Character Mod","Rare Cards Sparkle","Relic Sorter","Replay The Spire","Shop Mod","StSLib","Stuff the Spire","The Animator","The Jungle","The Runesmith","The Servant 0.9.4","Unceasing Turn Reminder","thorton"],"gold_per_floor":[99,116,116,216,16,16,94,94,110,144,144,173,186,86,152,182,182,182],"floor_reached":16,"language":"ENG","playtime":947,"items_purged":[],"score":216,"play_id":"cb3ad7c0-27be-4123-bbff-9b7f064ef1a4","local_time":"20210126163620","is_ascension_mode":true,"campfire_choices":[],"circlet_count":0,"master_deck":["AscendersBane","Slimebound:Strike_Slimebound","Slimebound:Strike_Slimebound","Slimebound:Tackle","Slimebound:Defend_Slimebound","Slimebound:Defend_Slimebound","Slimebound:Defend_Slimebound","Slimebound:Defend_Slimebound","Slimebound:Split","Slimebound:CorrosiveSpit","Slimebound:RollThrough","Slimebound:LeechEnergy","Slimebound:LivingWall","Slimebound:SlimeSpikes+1","Slimebound:LeechEnergy","Slimebound:FirmFortitude+1","Slimebound:SamplingLick+1","conspire:SpireCoStock+1","conspire:SpireCoStock+1","Slimebound:ForwardTackle"],"relics":["Slimebound:AbsorbEndCombat","downfall:KnowingSkull","downfall:BrokenWingStatue","aspiration:ArtOfWarUpgrade","Toxic Egg 2","FossilizedHelix","Golden Egg"],"acts_visited":["Exordium"],"potions_floor_usage":[10,10,12,12,13,15,15,16],"damage_taken":[{"damage":12,"enemies":"Cultist","floor":2,"turns":5},{"damage":3,"enemies":"downfall:FleeingMerchant","floor":5,"turns":4},{"damage":5,"enemies":"Jaw Worm","floor":9,"turns":3},{"damage":19,"enemies":"Lagavulin","floor":10,"turns":6},{"damage":11,"enemies":"3 Sentries","floor":12,"turns":7},{"damage":0,"enemies":"2 Louse","floor":13,"turns":2},{"damage":14,"enemies":"Large Slime","floor":15,"turns":7},{"damage":52,"enemies":"SI_SHIV_ARCHETYPE","floor":16,"turns":8}],"seed_played":"8487663520793832218","potions_obtained":[{"floor":9,"key":"Regen Potion"},{"floor":10,"key":"Elixir"},{"floor":13,"key":"jedi:holywater"},{"floor":15,"key":"Fruit Juice"}],"is_trial":false,"path_per_floor":["R_BF","M","?","?","$","R","T","R","M","E","?","E","M","?","M","B"],"character_chosen":"SLIMEBOUND","items_purchased":["Art of War","Slimebound:LivingWall"],"campfire_rested":0,"item_purchase_floors":[5,5],"current_hp_per_floor":[46,42,42,42,45,45,45,45,42,44,44,39,43,43,42,0,0,0],"gold":182,"neow_bonus":"TEN_PERCENT_HP_BONUS","is_daily":false,"chose_seed":false,"campfire_upgraded":0,"win_rate":0.0,"timestamp":1611639380,"path_taken":["R_BF","M","?","?","?","R","T","R","?","E","?","E","?","?","M","BOSS"],"items_purchased_type":["Relic","Card"],"build_version":"2020-12-22","purchased_purges":0,"victory":false,"max_hp_per_floor":[64,64,64,64,64,64,64,64,64,64,64,64,64,64,69,69,69,69],"card_choices":[{"not_picked":["Slimebound:SamplingLick","Slimebound:DisruptingSlam"],"picked":"Slimebound:RollThrough","floor":2},{"not_picked":["Slimebound:RollThrough","Slimebound:SamplingLick"],"picked":"Slimebound:LeechEnergy","floor":5},{"not_picked":["Slimebound:SplitBruiser+1","Slimebound:SplitAcid+1"],"picked":"Slimebound:SlimeSpikes+1","floor":9},{"not_picked":["Slimebound:FormOfPuddle+1","Slimebound:ComboTackle"],"picked":"Slimebound:LeechEnergy","floor":10},{"not_picked":["Slimebound:RollThrough","Slimebound:ServeAndProtect+1"],"picked":"Slimebound:FirmFortitude+1","floor":12},{"not_picked":["Slimebound:SlimeBarrage","Slimebound:ViciousTackle"],"picked":"Slimebound:SamplingLick+1","floor":13},{"not_picked":["Slimebound:Repurpose+1","Slimebound:LeechEnergy"],"picked":"Slimebound:ForwardTackle","floor":15}],"player_experience":717765,"relics_obtained":[{"floor":7,"key":"Toxic Egg 2"},{"floor":10,"key":"FossilizedHelix"},{"floor":12,"key":"Golden Egg"}],"event_choices":[{"damage_healed":0,"gold_gain":0,"player_choice":"Invest 2","damage_taken":0,"max_hp_gain":0,"max_hp_loss":0,"event_name":"conspire:Investor","floor":14,"gold_loss":0}],"is_beta":false,"boss_relics":[],"items_purged_floors":[],"is_endless":false,"potions_floor_spawned":[9,10,13,15],"killed_by":"SI_SHIV_ARCHETYPE","ascension_level":20}}