{"host":"takgv9cv6xf64vhq","time":1611692733,"event":{"mods":["BaseMod","Colored Powertips","Downfall","Hubris","LagranYue(拉格朗・月)","Marisa（F雨　魔理沙）","Minty Spire (QoL Compilation)","Replay The Spire","StSLib","The Cursed","The Jungle","TheHeartMod"],"gold_per_floor":[115,115,128,88,108,136,152,152,175,209,228,228,303,117,117,245,245,258,533,533,340,340,340,31,47,47,85,108,151,151,172,172,293,293,307,307,325,325,339,370,370,409,477,477,555,555,555,248,248,248,248,248,15,51,51,51],"floor_reached":55,"language":"ZHS","playtime":4611,"items_purged":["Regret"],"score":793,"play_id":"2888f02e-4262-4e6e-990c-e8027f70a086","local_time":"20210127042533","is_ascension_mode":false,"campfire_choices":[{"data":"TheCursedMod:CircleOfFlame","floor":12.0,"key":"SMITH"},{"data":"TheCursedMod:HellfireBreathing","floor":15.0,"key":"SMITH"},{"data":"TheCursedMod:Torture","floor":23.0,"key":"SMITH"},{"data":"TheCursedMod:CleanUpWorkshop","floor":32.0,"key":"SMITH"},{"floor":41.0,"key":"RECALL"},{"data":"TheCursedMod:NeowsMight","floor":49,"key":"SMITH"},{"data":"TheCursedMod:WearCloak","floor":52,"key":"SMITH"}],"circlet_count":0,"master_deck":["TheCursedMod:CursedWand","TheCursedMod:CleanUpWorkshop+1","TheCursedMod:Dregs","TheCursedMod:HellsGateOpen","TheCursedMod:Mangle","TheCursedMod:CursedBoomerang","TheCursedMod:HellfireBreathing+1","TheCursedMod:CircleOfFlame+1","TheCursedMod:SpitefulStrike","Injury","TheCursedMod:StingEye","TheCursedMod:SmokeScreen","TheCursedMod:FleshFromBone+1","TheCursedMod:StunningStrike","TheCursedMod:LuckyCharm","TheCursedMod:CircleOfBlood","TheCursedMod:HellfireBreathing","TheCursedMod:StingEye","TheCursedMod:Torture+1","TheCursedMod:StunningStrike","TheCursedMod:CircleOfAmplification","TheCursedMod:FleshFromBone","TheCursedMod:ReleasedKnowledge+1","TheCursedMod:SoulReap","TheCursedMod:Stigma+1","TheCursedMod:ForbiddenAlchemy+1","TheCursedMod:VoidForm","TheCursedMod:Wield","TheCursedMod:SaltUponWound","TheCursedMod:LuckyCharm","TheCursedMod:ManaBullet","TheCursedMod:LuckyCharm","TheCursedMod:NeowsMight+1","TheCursedMod:WearCloak+1","ReplayTheSpireMod:Splinters","TheCursedMod:CursedSpellbook+1","TheCursedMod:HellsGateOpen","TheCursedMod:CursedShiv+1"],"relics":["TheCursedMod:BlackMagic101","NeowsBlessing","Juzu Bracelet","Golden Idol","ReplayFunnel","hubris:BottledRain","Replay:Mystery Machine","LagranYue:ContractPerformanceRelic","BargainBundle","theJungle:SpiritDisease","Replay:Rubber Ducky","DollysMirror","Spirit Poop","Potion Belt","Akabeko","Bottled Tornado","Pandora\u0027s Box","hubris:Towel","hubris:SlimyHat","Counterbalance","ReplayTheSpireMod:Shallot","Mango","ClockworkSouvenir","Garlic"],"acts_visited":["Exordium","Exordium","TheBeyond","TheEnding"],"potions_floor_usage":[42,42,42,50,50,50,50,50,50,50,50,54,54,55,55,55,55,55,55,55,55,55,55],"damage_taken":[{"damage":0.0,"enemies":"2 Louse","floor":1.0,"turns":1.0},{"damage":0.0,"enemies":"Cultist","floor":3.0,"turns":1.0},{"damage":0.0,"enemies":"Jaw Worm","floor":5.0,"turns":1.0},{"damage":18.0,"enemies":"3 Sentries","floor":6.0,"turns":6.0},{"damage":12.0,"enemies":"Gremlin Gang","floor":7.0,"turns":4.0},{"damage":14.0,"enemies":"Gremlin Nob","floor":10.0,"turns":3.0},{"damage":4.0,"enemies":"Blue Slaver","floor":11.0,"turns":3.0},{"damage":8.0,"enemies":"Hexaghost","floor":16.0,"turns":10.0},{"damage":5.0,"enemies":"Shell Parasite","floor":18.0,"turns":5.0},{"damage":12.0,"enemies":"theJungle:MUSHROOMGANG","floor":25.0,"turns":3.0},{"damage":28.0,"enemies":"theJungle:2_Phrogs","floor":27.0,"turns":5.0},{"damage":3.0,"enemies":"theJungle:Lyon","floor":28.0,"turns":5.0},{"damage":21.0,"enemies":"theJungle:MamaSnecko","floor":29.0,"turns":4.0},{"damage":17.0,"enemies":"theJungle:Snecko_Cultist_And_Trap","floor":31.0,"turns":4.0},{"damage":8.0,"enemies":"theJungle:QueenSpyder","floor":33.0,"turns":9.0},{"damage":2.0,"enemies":"3 Shapes","floor":35.0,"turns":5.0},{"damage":5.0,"enemies":"3 Darklings","floor":37.0,"turns":5.0},{"damage":12.0,"enemies":"Sphere and 2 Shapes","floor":39.0,"turns":5.0},{"damage":17.0,"enemies":"Reptomancer","floor":40.0,"turns":7.0},{"damage":4,"enemies":"Giant Head","floor":42,"turns":9},{"damage":38,"enemies":"Awakened One","floor":50,"turns":8},{"damage":63,"enemies":"Shield and Spear","floor":54,"turns":6},{"damage":53,"enemies":"The Heart","floor":55,"turns":6}],"seed_played":"-2739334628074981993","potions_obtained":[{"floor":3.0,"key":"Fire Potion"},{"floor":4.0,"key":"Adrenaline Potion"},{"floor":4.0,"key":"Doom Potion"},{"floor":7.0,"key":"Fire Potion"},{"floor":28.0,"key":"CultistPotion"},{"floor":29.0,"key":"Elixir"},{"floor":37.0,"key":"Strength Potion"},{"floor":40.0,"key":"TheCursedMod:DregsPotion"},{"floor":45,"key":"Fire Potion"},{"floor":54,"key":"Block Potion"}],"is_trial":false,"path_per_floor":["M","?","M","?","M","E","M","?","T","E","M","R","?","$","R","B",null,"M","?","?","$","?","R","$","M","T","E","M","E","T","M","R","B",null,"M","?","M","?","M","E","R","E","T","?","?","?","?","$","R","B",null,"R","$","E","B"],"character_chosen":"THE_CURSED","items_purchased":["TheCursedMod:FleshFromBone+1","Replay:Mystery Machine","BargainBundle","TheCursedMod:CircleOfBlood","TheCursedMod:HellfireBreathing","TheCursedMod:StingEye","TheCursedMod:Torture","Replay:Rubber Ducky","DollysMirror","Mango","ClockworkSouvenir","TheCursedMod:HellsGateOpen","SkillPotion"],"campfire_rested":0,"item_purchase_floors":[14,14,21,21,21,21,21,24,24,48,53,53,53],"current_hp_per_floor":[75,75,75,75,75,57,45,45,45,31,27,27,16,16,16,8,75,70,70,62,62,62,62,62,72,72,50,53,44,44,40,40,32,75,74,74,71,71,72,63,63,70,70,70,70,70,70,84,84,68,89,89,89,43,0,0],"gold":51,"neow_bonus":"THREE_ENEMY_KILL","is_daily":false,"chose_seed":false,"campfire_upgraded":6,"win_rate":0.0,"timestamp":1611692733,"path_taken":["M","?","?","?","?","E","M","?","T","E","M","R","?","$","R","BOSS","M","?","?","$","?","R","$","M","T","E","M","E","?","M","R","BOSS","M","?","M","?","M","E","R","E","T","?","?","?","?","$","R","BOSS","R","$","E","BOSS"],"items_purchased_type":["Card","Relic","Relic","Card","Card","Card","Card","Relic","Relic","Relic","Relic","Card","Potion"],"build_version":"2020-12-22","purchased_purges":1,"victory":false,"max_hp_per_floor":[75,75,75,75,75,75,75,75,75,75,75,75,75,75,75,75,75,75,75,75,75,75,75,75,75,75,75,75,75,75,75,75,75,75,75,75,75,75,75,75,75,75,75,75,75,75,75,89,89,89,89,89,89,89,89,89],"card_choices":[{"not_picked":["TheCursedMod:CursedShiv","TheCursedMod:WearCloak"],"picked":"TheCursedMod:HellsGateOpen","floor":1.0},{"not_picked":["TheCursedMod:SmokeScreen","TheCursedMod:SurpriseAttack"],"picked":"TheCursedMod:CursedBoomerang","floor":3.0},{"not_picked":["TheCursedMod:Stretching","TheCursedMod:Obscuration"],"picked":"TheCursedMod:HellfireBreathing","floor":5.0},{"not_picked":["TheCursedMod:CursedBlade","TheCursedMod:ForbiddenAlchemy"],"picked":"TheCursedMod:CircleOfFlame","floor":6.0},{"not_picked":["TheCursedMod:SmokeScreen","TheCursedMod:CircleOfFocus"],"picked":"TheCursedMod:SpitefulStrike","floor":7.0},{"not_picked":["TheCursedMod:SoulCrush","TheCursedMod:CursedBoomerang"],"picked":"TheCursedMod:StingEye","floor":10.0},{"not_picked":["TheCursedMod:CircleOfAmplification","TheCursedMod:CircleOfFlame"],"picked":"TheCursedMod:SmokeScreen","floor":11.0},{"not_picked":["TheCursedMod:NeowsMight","TheCursedMod:CursedRelics"],"picked":"TheCursedMod:StunningStrike","floor":16.0},{"not_picked":["TheCursedMod:RapidMovement+1","TheCursedMod:Evocation"],"picked":"TheCursedMod:LuckyCharm","floor":18.0},{"not_picked":["TheCursedMod:Mangle","TheCursedMod:ManaBullet"],"picked":"TheCursedMod:CircleOfAmplification","floor":25.0},{"not_picked":["TheCursedMod:CircleOfFocus+1","TheCursedMod:AbyssShockwave"],"picked":"TheCursedMod:FleshFromBone","floor":27.0},{"not_picked":["TheCursedMod:FleshFromBone","TheCursedMod:Mangle"],"picked":"TheCursedMod:ReleasedKnowledge+1","floor":28.0},{"not_picked":["TheCursedMod:Stigma","TheCursedMod:TacticalStrike"],"picked":"TheCursedMod:SoulReap","floor":29.0},{"not_picked":["TheCursedMod:CircleOfAmplification","TheCursedMod:SmokeScreen"],"picked":"TheCursedMod:Stigma+1","floor":31.0},{"not_picked":["TheCursedMod:ShockAndAwe","TheCursedMod:DemonicPact"],"picked":"TheCursedMod:ForbiddenAlchemy","floor":33.0},{"not_picked":["TheCursedMod:Stretching+1","TheCursedMod:TacticalStrike+1"],"picked":"TheCursedMod:SurpriseAttack+1","floor":35.0},{"not_picked":["TheCursedMod:TacticalStrike","TheCursedMod:CircleOfFocus"],"picked":"TheCursedMod:LuckyCharm","floor":37.0},{"not_picked":["TheCursedMod:Stigma","TheCursedMod:SpreadPlague"],"picked":"TheCursedMod:LuckyCharm","floor":39.0},{"not_picked":["TheCursedMod:CursedBlade+1","TheCursedMod:Hemoplague"],"picked":"TheCursedMod:NeowsMight","floor":40.0},{"not_picked":["TheCursedMod:CircleOfFlame+1","TheCursedMod:SpreadPlague+1"],"picked":"TheCursedMod:WearCloak","floor":42},{"not_picked":["TheCursedMod:WearCloak+1","TheCursedMod:SurpriseAttack"],"picked":"TheCursedMod:CursedSpellbook+1","floor":45},{"not_picked":["TheCursedMod:CursedBlade","TheCursedMod:SurpriseAttack"],"picked":"TheCursedMod:CursedShiv+1","floor":54}],"player_experience":105586,"relics_obtained":[{"floor":6.0,"key":"Juzu Bracelet"},{"floor":9.0,"key":"ReplayFunnel"},{"floor":10.0,"key":"hubris:BottledRain"},{"floor":26.0,"key":"Spirit Poop"},{"floor":27.0,"key":"Potion Belt"},{"floor":29.0,"key":"Akabeko"},{"floor":30.0,"key":"Bottled Tornado"},{"floor":40.0,"key":"hubris:SlimyHat"},{"floor":42,"key":"Counterbalance"},{"floor":45,"key":"ReplayTheSpireMod:Shallot"},{"floor":54,"key":"Garlic"}],"event_choices":[{"damage_healed":0.0,"max_hp_gain":0.0,"max_hp_loss":0.0,"gold_gain":0.0,"cards_transformed":["TheCursedMod:Strike_TheCursed"],"event_name":"Transmorgrifier","player_choice":"Transformed","floor":2.0,"gold_loss":0.0,"damage_taken":0.0,"cards_obtained":["TheCursedMod:Mangle"]},{"damage_healed":0.0,"max_hp_gain":0.0,"max_hp_loss":0.0,"gold_gain":0.0,"event_name":"The Woman in Blue","player_choice":"Bought 3 Potions","floor":4.0,"gold_loss":0.0,"damage_taken":0.0},{"damage_healed":0.0,"max_hp_gain":0.0,"max_hp_loss":0.0,"gold_gain":0.0,"event_name":"Golden Idol","player_choice":"Take Wound","floor":8.0,"gold_loss":0.0,"damage_taken":0.0,"relics_obtained":["Golden Idol"],"cards_obtained":["Injury"]},{"damage_healed":0.0,"max_hp_gain":0.0,"max_hp_loss":0.0,"gold_gain":75.0,"event_name":"World of Goop","player_choice":"Gather Gold","floor":13.0,"gold_loss":0.0,"damage_taken":11.0},{"damage_healed":0.0,"max_hp_gain":0.0,"max_hp_loss":0.0,"gold_gain":275.0,"event_name":"Golden Shrine","player_choice":"Desecrate","floor":19.0,"gold_loss":0.0,"damage_taken":0.0,"cards_obtained":["Regret"]},{"damage_healed":0.0,"max_hp_gain":0.0,"max_hp_loss":0.0,"gold_gain":0.0,"cards_transformed":["TheCursedMod:Evocation"],"event_name":"Transmorgrifier","player_choice":"Transformed","floor":38.0,"gold_loss":0.0,"damage_taken":0.0,"cards_obtained":["TheCursedMod:ManaBullet"]},{"cards_removed":["TheCursedMod:SurpriseAttack"],"damage_healed":0,"gold_gain":0,"player_choice":"Removed Attack","damage_taken":0,"max_hp_gain":0,"max_hp_loss":0,"event_name":"Falling","floor":46,"gold_loss":0},{"damage_healed":0,"gold_gain":0,"player_choice":"Ignored","damage_taken":0,"max_hp_gain":0,"max_hp_loss":0,"event_name":"Tomb of Lord Red Mask","floor":47,"gold_loss":0}],"is_beta":false,"boss_relics":[{"not_picked":["Ectoplasm","Philosopher\u0027s Stone"],"picked":"LagranYue:ContractPerformanceRelic"},{"not_picked":["Sozu","hubris:VirtuousBlindfold"],"picked":"Pandora\u0027s Box"}],"items_purged_floors":[21],"is_endless":false,"potions_floor_spawned":[3,7,28,29,37,40,54],"killed_by":"The Heart","ascension_level":0}}