{"host":"dalyxm3kpwukgmp4","time":1611659488,"event":{"mods":["AchievementEnabler","Act Like it!","Arknights The Spire","BaseMod","Colored Map","Colored Powertips","Decade(Õı–°√˜)","Hermit","KinomotoSakuraMod(ƒæ÷Æ±æ”£)","Minty Spire (QoL Compilation)","Prisma Mod","Quick Restart","Rare Cards Sparkle","Reimu£®≤©¿ˆ¡È√Œ£©","Remilia£®¿Ÿ√◊¿Ú—«£©","Replay The Spire","Shop Mod","Spicy Shops","StSLib","Td1madao Mod","Waifu the Spire","Youmu£®ªÍ∆«—˝√Œ£©"],"gold_per_floor":[117,41,216,228,68,68,95,129,129,163,193,219,219,242,242,348,348,381,422,457,306,333,378,416,416,441,366,366,54,54,85,85,206,206,231,114,151,181,215,215,246,246,294,294,294,305,313,341,341,343],"floor_reached":51,"language":"ZHS","playtime":10976,"items_purged":["Doubt","ats:Strike C","ats:Strike V"],"score":533,"play_id":"0a36624e-c34b-4409-8565-aa909f764342","local_time":"20210126191128","is_ascension_mode":false,"campfire_choices":[{"data":"ats:Sword Rain","floor":6.0,"key":"SMITH"},{"data":"ats:Apocalypse","floor":13,"key":"SMITH"},{"data":"ats:Absolute Focus","floor":15,"key":"SMITH"},{"data":"ats:Roar Of Ursus","floor":25,"key":"SMITH"},{"data":"ats:Shadow Assault","floor":28,"key":"SMITH"},{"data":"ats:Closed Bolt Burst Fire","floor":32,"key":"SMITH"},{"data":"ats:Dogmatic Field","floor":40,"key":"SMITH"},{"data":"ats:Sword Rain","floor":42,"key":"SMITH"},{"data":"ats:Beaten Up","floor":49,"key":"SMITH"}],"circlet_count":0,"master_deck":["ats:Strike G","ats:Strike S","ats:Armor Crushing Shot","ats:Defend","ats:Defend","ats:Defend","ats:Defend","ats:Hammer On","ats:Sword Rain+1","ats:Composite Medical Shells","ats:Closed Bolt Burst Fire+1","ats:Guard Mode","ats:Apocalypse+1","ats:Sword Rain+1","ats:Absolute Focus+1","ats:Ambush","ats:Shadow Assault+1","ats:Assault Order+1","ats:Wolf Pack","ats:Defend Order","ats:Flexible Camouflage","ats:Cat Scratch+1","ats:Roar Of Ursus+1","ats:Chain Hook","ats:Song Of Battle","Defend_C","AbeCurse","ats:Dogmatic Field+1","ats:Shell Defense","ats:Support Order","Parasite","ats:Charging Defense+1","Poor:ReiMu","ats:Counter Healing Mode+1","ats:Beaten Up+1"],"relics":["ats:Sanity","NeowsBlessing","Replay:Wax Seal","Odd Mushroom","ats:Originium","Pocketwatch","Letter Opener","Replay:Bandana","Replay:Grab Bag","Cursed Key","Coffee Dripper","Runic Pyramid","Replay:Rubber Ducky","ats:Omniscience","ats:Assault","Strawberry"],"acts_visited":["Exordium","TheCity","TheBeyond"],"potions_floor_usage":[16,16,23,33,50],"damage_taken":[{"damage":0.0,"enemies":"2 Louse","floor":1.0,"turns":1.0},{"damage":0.0,"enemies":"Small Slimes","floor":4.0,"turns":1.0},{"damage":0.0,"enemies":"The Mushroom Lair","floor":7.0,"turns":1.0},{"damage":23.0,"enemies":"3 Sentries","floor":8.0,"turns":7.0},{"damage":24,"enemies":"Lagavulin","floor":10,"turns":6},{"damage":11,"enemies":"Jaw Worm","floor":11,"turns":2},{"damage":11,"enemies":"Red Slaver","floor":12,"turns":4},{"damage":12,"enemies":"Blue Slaver","floor":14,"turns":4},{"damage":37,"enemies":"The Guardian","floor":16,"turns":12},{"damage":10,"enemies":"2 Thieves","floor":18,"turns":3},{"damage":15,"enemies":"3 Byrds","floor":19,"turns":5},{"damage":16,"enemies":"Centurion and Healer","floor":20,"turns":5},{"damage":23,"enemies":"Sentry and Sphere","floor":22,"turns":6},{"damage":40,"enemies":"Book of Stabbing","floor":23,"turns":6},{"damage":6,"enemies":"3 Cultists","floor":24,"turns":5},{"damage":14,"enemies":"Shelled Parasite and Fungi","floor":31,"turns":5},{"damage":25,"enemies":"Pondfish","floor":33,"turns":15},{"damage":0,"enemies":"Orb Walker","floor":35,"turns":5},{"damage":44,"enemies":"3 Shapes","floor":37,"turns":3},{"damage":24,"enemies":"Writhing Mass","floor":38,"turns":6},{"damage":0,"enemies":"Maw","floor":39,"turns":9},{"damage":16,"enemies":"Spire Growth","floor":41,"turns":6},{"damage":0,"enemies":"4 Shapes","floor":46,"turns":6},{"damage":0,"enemies":"Transient","floor":47,"turns":5},{"damage":23,"enemies":"3 Darklings","floor":48,"turns":4},{"damage":131,"enemies":"Donu and Deca","floor":50,"turns":10}],"seed_played":"5014136465062454902","potions_obtained":[{"floor":4.0,"key":"Cursed Concoction"},{"floor":8.0,"key":"Elixir"},{"floor":14,"key":"Swift Potion"},{"floor":19,"key":"Ancient Potion"},{"floor":23,"key":"DuplicationPotion"},{"floor":24,"key":"AttackPotion"},{"floor":33,"key":"PowerPotion"}],"is_trial":false,"path_per_floor":["M","$","?","M","$","R","?","E","T","E","M","M","R","M","R","B",null,"M","M","M","$","M","E","M","R","T","?","R","$","?","M","R","B",null,"M","$","M","M","M","R","M","R","T","?","?","M","M","M","R","B",null],"character_chosen":"DOCTOR_CLASS","items_purchased":["ats:Sword Rain","Replay:Wax Seal","ats:Closed Bolt Burst Fire","ats:Defend Order","ats:Chain Hook","ats:Song Of Battle","ats:Shell Defense","ats:Assault"],"campfire_rested":0,"item_purchase_floors":[2,5,5,21,29,29,36,36],"current_hp_per_floor":[72,72,72,72,72,72,72,49,49,35,24,27,27,25,25,24,72,67,67,64,64,50,30,40,40,40,40,40,40,40,33,33,35,72,72,72,41,52,72,72,60,60,67,67,67,79,79,79,79,57],"gold":343,"neow_bonus":"THREE_ENEMY_KILL","is_daily":false,"chose_seed":false,"campfire_upgraded":9,"win_rate":0.0,"timestamp":1611659488,"path_taken":["M","$","?","M","$","R","?","E","T","E","M","M","R","M","R","BOSS","M","M","M","$","M","E","M","R","T","?","R","$","?","M","R","BOSS","M","$","M","M","M","R","M","R","T","?","?","M","M","M","R","BOSS"],"items_purchased_type":["Card","Relic","Card","Card","Card","Card","Card","Relic"],"build_version":"2020-12-22","purchased_purges":3,"victory":true,"max_hp_per_floor":[72,72,72,72,72,72,72,72,72,72,72,72,72,72,72,72,72,72,72,72,72,72,72,72,72,72,72,72,72,72,72,72,72,72,72,72,72,72,72,72,72,72,79,79,79,79,79,79,79,79],"card_choices":[{"not_picked":["ats:Very Hot Blade","ats:Thermite Blade"],"picked":"ats:Hammer On","floor":1.0},{"not_picked":["ats:Collapsing Strike","ats:Healing Strengthening"],"picked":"ats:Composite Medical Shells","floor":4.0},{"not_picked":["ats:Phantom","ats:Support Order"],"picked":"ats:Guard Mode","floor":7.0},{"not_picked":["ats:Leaping Hammer","ats:Ignite"],"picked":"ats:Apocalypse","floor":8.0},{"not_picked":["ats:Explosion Area Strengthen","ats:Closed Bolt Burst Fire"],"picked":"ats:Sword Rain","floor":10},{"not_picked":["ats:Soul Absorption","ats:Guard Mode"],"picked":"ats:Revitalization","floor":11},{"not_picked":["ats:Curse Doll","ats:Revitalization"],"picked":"ats:Absolute Focus","floor":12},{"not_picked":["ats:Overload","ats:Curse Doll"],"picked":"ats:Ambush","floor":14},{"not_picked":["ats:True Silver Slash","ats:Fractured Body"],"picked":"ats:Shadow Assault","floor":16},{"not_picked":["ats:Sword Rain+1","ats:Revitalization"],"picked":"ats:Assault Order+1","floor":18},{"not_picked":["ats:Hammer On","ats:Absolute Focus","ats:Composite Medical Shells"],"picked":"SKIP","floor":19},{"not_picked":["ats:Closed Bolt Burst Fire","ats:Shadow Raid+1"],"picked":"ats:Wolf Pack","floor":20},{"not_picked":["ats:Apocalypse","ats:Magnetic Hammer"],"picked":"ats:Flexible Camouflage","floor":22},{"not_picked":["ats:Very Hot Blade","ats:Absolute Focus"],"picked":"ats:Cat Scratch+1","floor":23},{"not_picked":["ats:Explosion Area Strengthen","ats:Guard Mode"],"picked":"ats:Roar Of Ursus","floor":24},{"not_picked":["ats:Closed Bolt Burst Fire","ats:Guardian Obelisk","ats:Absolute Focus"],"picked":"SKIP","floor":31},{"not_picked":["ats:Shadow Assault","ats:Fractured Body"],"picked":"ats:Dogmatic Field","floor":33},{"not_picked":["ats:Flame Of Heaven","ats:Rapid Magazine+1","ats:Hammer On+1"],"picked":"SKIP","floor":35},{"not_picked":["ats:Leaping Hammer","ats:Poison Spread+1"],"picked":"ats:Support Order","floor":37},{"not_picked":["ats:LN2 Cannon+1","ats:Poison Spread+1","ats:Song Of Battle+1"],"picked":"SKIP","floor":38},{"not_picked":["ats:LN2 Cannon","ats:Hammer On+1"],"picked":"ats:Charging Defense+1","floor":39},{"not_picked":["ats:Powerful Strike+1","ats:Overload","ats:Explosion Area Strengthen+1"],"picked":"SKIP","floor":41},{"not_picked":["ats:Powerful Strike+1","ats:Overload","ats:Explosion Area Strengthen+1"],"picked":"SKIP","floor":41},{"not_picked":["ats:Apocalypse+1","ats:Automatic Cover+1"],"picked":"ats:Counter Healing Mode+1","floor":46},{"not_picked":["ats:Leaping Hammer","ats:Assault Order"],"picked":"ats:Beaten Up","floor":47},{"not_picked":["ats:Thermite Blade","ats:Demon Strength","ats:Guard Mode"],"picked":"SKIP","floor":48}],"player_experience":305954,"relics_obtained":[{"floor":7.0,"key":"Odd Mushroom"},{"floor":8.0,"key":"ats:Originium"},{"floor":8.0,"key":"Pocketwatch"},{"floor":9.0,"key":"Letter Opener"},{"floor":10,"key":"ats:Originium"},{"floor":10,"key":"Replay:Bandana"},{"floor":23,"key":"ats:Originium"},{"floor":23,"key":"Replay:Rubber Ducky"},{"floor":43,"key":"Strawberry"}],"event_choices":[{"damage_healed":0.0,"max_hp_gain":0.0,"max_hp_loss":0.0,"gold_gain":175.0,"event_name":"Liars Game","player_choice":"AGREE","floor":3.0,"gold_loss":0.0,"damage_taken":0.0,"cards_obtained":["Doubt"]},{"damage_healed":0.0,"max_hp_gain":0.0,"max_hp_loss":0.0,"gold_gain":0.0,"event_name":"Mushrooms","player_choice":"Fought Mushrooms","floor":7.0,"gold_loss":0.0,"damage_taken":0.0},{"cards_removed":["CommonCold"],"damage_healed":0,"gold_gain":0,"player_choice":"Gave Gold","damage_taken":0,"max_hp_gain":0,"max_hp_loss":0,"event_name":"Beggar","floor":27,"gold_loss":75},{"cards_removed":["ats:Revitalization"],"damage_healed":0,"gold_gain":0,"player_choice":"Took Card","damage_taken":0,"max_hp_gain":0,"max_hp_loss":0,"event_name":"NoteForYourself","floor":30,"gold_loss":0,"cards_obtained":["Defend_C"]},{"cards_removed":["ats:Emotion Absorption"],"damage_healed":0,"gold_gain":0,"player_choice":"Removed Skill","damage_taken":0,"max_hp_gain":0,"max_hp_loss":0,"event_name":"Falling","floor":44,"gold_loss":0}],"is_beta":false,"boss_relics":[{"not_picked":["Black Star","Snecko Eye"],"picked":"Replay:Grab Bag"},{"not_picked":["Runic Dome","Busted Crown"],"picked":"Cursed Key"},{"not_picked":["Sozu","ChewingGum"],"picked":"Coffee Dripper"},{"not_picked":["Pandora\u0027s Box","SacredBark"],"picked":"Runic Pyramid"},{"not_picked":["Replay:Drink Me","Abe\u0027s Treasure"],"picked":"ats:Omniscience"}],"items_purged_floors":[5,21,29],"is_endless":false,"potions_floor_spawned":[4,8,14,19,23,24,31,33,35,38,41,47],"ascension_level":0}}