{"host":"8d3fefv2347kqkpz","time":1611637979,"event":{"mods":["AchievementEnabler","Act Like it!","Aspiration","BaseMod","Better Vampires","Colored Map","Colored Powertips","Conspire","GifTheSpireLib","Hermit","Highlight Path","Hubris","Marisa£®ÏF”Í°°ƒß¿Ì…≥£©","Mimic Mod","Minty Spire (QoL Compilation)","Quick Restart","Rare Cards Sparkle","Reimu£®≤©¿ˆ¡È√Œ£©","Relic Stats","Remilia£®¿Ÿ√◊¿Ú—«£©","Replay The Spire","Spicy Shops","StSLib","The Cursed","The Jungle","The Servant 0.9.4","Waifu the Spire","Youmu£®ªÍ∆«—˝√Œ£©"],"gold_per_floor":[117,136,136,136,136,136,150,150,197,167,167,167],"floor_reached":11,"language":"ZHS","playtime":180,"items_purged":[],"score":61,"play_id":"54a970d8-de74-4e6e-8bf8-a30b68806a1f","local_time":"20210126131259","is_ascension_mode":false,"campfire_choices":[{"floor":6,"key":"REST"},{"data":"Neutralize","floor":8,"key":"SMITH"}],"circlet_count":0,"master_deck":["Strike_G","Strike_G","Strike_G","Strike_G","Strike_G","Defend_G","Defend_G","Defend_G","Defend_G","Defend_G","Survivor","Neutralize+1","Blade Dance","Footwork","Injury","Deadly Poison+1"],"relics":["Ring of the Snake","Toxic Egg 2","Golden Idol","Regal Pillow"],"acts_visited":["Exordium"],"potions_floor_usage":[],"damage_taken":[{"damage":3.0,"enemies":"Jaw Worm","floor":1.0,"turns":4.0},{"damage":0.0,"enemies":"2 Louse","floor":2.0,"turns":2.0},{"damage":2,"enemies":"Cultist","floor":7,"turns":4},{"damage":3,"enemies":"Looter","floor":10,"turns":4},{"damage":0,"enemies":"3 Sentries","floor":11,"turns":1}],"seed_played":"8854783436843698900","potions_obtained":[],"is_trial":false,"path_per_floor":["M","M","?","?","T","R","M","R","T","M","E"],"character_chosen":"THE_SILENT","items_purchased":[],"campfire_rested":1,"item_purchase_floors":[],"current_hp_per_floor":[74,74,74,55,55,77,75,75,75,72,72,72],"gold":167,"neow_bonus":"TEN_PERCENT_HP_BONUS","is_daily":false,"chose_seed":false,"campfire_upgraded":1,"win_rate":0.0,"timestamp":1611637979,"path_taken":["M","M","?","?","?","R","M","R","T","M","E"],"items_purchased_type":[],"build_version":"2020-12-22","purchased_purges":0,"victory":false,"max_hp_per_floor":[77,77,77,77,77,77,77,77,77,77,77,77],"relic_stats":{"Regal Pillow":0,"counters":[5,15],"Golden Idol":3,"obtain_stats":[{"Regal Pillow":9,"Golden Idol":4,"Toxic Egg 2":3,"Ring of the Snake":0},{"Regal Pillow":3,"Golden Idol":2,"Toxic Egg 2":2,"Ring of the Snake":0},{"Regal Pillow":10,"Golden Idol":6,"Toxic Egg 2":6,"Ring of the Snake":0}],"Ring of the Snake":[10]},"card_choices":[{"not_picked":["hubris:SlightOfHand","Outmaneuver"],"picked":"Blade Dance","floor":1.0},{"not_picked":["Underhanded Strike","Draining Mist"],"picked":"Footwork","floor":2.0},{"not_picked":["Outmaneuver+1","Well Laid Plans","Underhanded Strike"],"picked":"SKIP","floor":7},{"not_picked":["Backstab","Prepared+1"],"picked":"Deadly Poison+1","floor":10}],"player_experience":195662,"relics_obtained":[{"floor":9,"key":"Regal Pillow"}],"event_choices":[{"damage_healed":0,"gold_gain":0,"player_choice":"Take Damage","damage_taken":19,"relics_obtained":["Golden Idol"],"max_hp_gain":0,"max_hp_loss":0,"event_name":"Golden Idol","floor":4,"gold_loss":0}],"is_beta":false,"boss_relics":[],"items_purged_floors":[],"is_endless":false,"potions_floor_spawned":[],"killed_by":"3 Sentries","ascension_level":0}}