{"host":"vpaavrwbmey593fx","time":1611631060,"event":{"mods":["AchievementEnabler","BaseMod","Bestiary","Colored Map","Colored Powertips","DeckTracker","Minty Spire (QoL Compilation)","Relic Sorter"],"gold_per_floor":[112,122,122,87,162,162,194,194,217,217,235,267,192,210,210,307,307,320,320,280,299,317,317,72,106,157,157,157,169,189,207,207,308,308,328,113,113,113,161,195,245,274,322,322,322,339,369,389,389,389,389,389,139,170,170,170],"floor_reached":55,"language":"ENG","playtime":6204,"items_purged":["Strike_G","Strike_G"],"score":1048,"play_id":"3ca2d0fb-89f0-4e55-9b17-802539f9535f","local_time":"20210125191740","is_ascension_mode":true,"campfire_choices":[{"data":"Neutralize","floor":6,"key":"SMITH"},{"floor":8,"key":"REST"},{"data":"Predator","floor":10,"key":"SMITH"},{"floor":15,"key":"REST"},{"floor":23,"key":"REST"},{"data":"Concentrate","floor":27,"key":"SMITH"},{"data":"Prepared","floor":32,"key":"SMITH"},{"floor":45,"key":"RECALL"},{"data":"Panacea","floor":49,"key":"SMITH"},{"floor":52,"key":"REST"}],"circlet_count":0,"master_deck":["Defend_G","Defend_G","Survivor+1","Neutralize+1","Backflip","Bouncing Flask","Blade Dance","Predator+1","Concentrate+1","Dodge and Roll","Bullet Time+1","Leg Sweep+1","A Thousand Cuts+1","Blur+1","PiercingWail","Underhanded Strike+1","Prepared+1","Malaise","Noxious Fumes","Madness","Madness","Bane+1","Crippling Poison+1","Calculated Gamble+1","Panacea+1","Corpse Explosion"],"relics":["Ring of the Snake","Tingsha","Letter Opener","Lizard Tail","Astrolabe","Enchiridion","TwistedFunnel","Gambling Chip","Bag of Preparation","Snecko Eye","TheAbacus","Dead Branch","Peace Pipe","Prayer Wheel","Singing Bowl","Ancient Tea Set","Ninja Scroll","InkBottle","Pantograph"],"acts_visited":["Exordium","TheCity","TheBeyond","TheEnding"],"potions_floor_usage":[12,25,33,55,55],"damage_taken":[{"damage":0,"enemies":"Small Slimes","floor":1,"turns":3},{"damage":0,"enemies":"2 Louse","floor":2,"turns":6},{"damage":36,"enemies":"3 Sentries","floor":7,"turns":12},{"damage":0,"enemies":"Jaw Worm","floor":11,"turns":2},{"damage":20,"enemies":"Lagavulin","floor":12,"turns":5},{"damage":3,"enemies":"Lots of Slimes","floor":14,"turns":3},{"damage":11,"enemies":"The Guardian","floor":16,"turns":9},{"damage":9,"enemies":"Chosen","floor":18,"turns":6},{"damage":5,"enemies":"Shell Parasite","floor":21,"turns":5},{"damage":0,"enemies":"Snecko","floor":22,"turns":3},{"damage":2,"enemies":"Slavers","floor":25,"turns":5},{"damage":0,"enemies":"Chosen and Byrds","floor":29,"turns":3},{"damage":0,"enemies":"Snake Plant","floor":30,"turns":2},{"damage":0,"enemies":"Centurion and Healer","floor":31,"turns":2},{"damage":0,"enemies":"Automaton","floor":33,"turns":7},{"damage":0,"enemies":"3 Darklings","floor":35,"turns":2},{"damage":0,"enemies":"2 Orb Walkers","floor":39,"turns":2},{"damage":4,"enemies":"Reptomancer","floor":40,"turns":7},{"damage":0,"enemies":"Mind Bloom Boss Battle","floor":41,"turns":4},{"damage":2,"enemies":"Giant Head","floor":42,"turns":5},{"damage":0,"enemies":"3 Shapes","floor":46,"turns":1},{"damage":3,"enemies":"Nemesis","floor":47,"turns":3},{"damage":0,"enemies":"Jaw Worm Horde","floor":48,"turns":3},{"damage":27,"enemies":"Donu and Deca","floor":50,"turns":6},{"damage":29,"enemies":"Shield and Spear","floor":54,"turns":4},{"damage":136,"enemies":"The Heart","floor":55,"turns":8}],"seed_played":"5836115615099905127","potions_obtained":[{"floor":2,"key":"Strength Potion"},{"floor":16,"key":"SneckoOil"},{"floor":21,"key":"CultistPotion"},{"floor":29,"key":"Swift Potion"},{"floor":30,"key":"Ancient Potion"},{"floor":33,"key":"LiquidMemories"},{"floor":41,"key":"FairyPotion"}],"is_trial":false,"path_per_floor":["M","M","?","?","?","R","E","R","T","R","M","E","$","M","R","B",null,"M","?","?","M","M","R","$","E","T","R","?","M","M","M","R","B",null,"M","$","?","?","?","E","?","E","T","?","R","M","E","M","R","B",null,"R","$","E","B"],"character_chosen":"THE_SILENT","items_purchased":["TwistedFunnel","Noxious Fumes","TheAbacus","InkBottle"],"campfire_rested":4,"item_purchase_floors":[24,36,36,53],"current_hp_per_floor":[63,63,45,60,49,49,13,31,31,31,31,11,11,8,26,15,51,42,26,26,21,21,39,39,37,37,37,37,37,37,37,37,37,57,57,57,49,49,49,45,45,43,43,43,43,47,46,48,48,21,59,71,71,44,0,0],"gold":170,"neow_bonus":"TRANSFORM_TWO_CARDS","is_daily":false,"chose_seed":false,"campfire_upgraded":5,"win_rate":0.0,"timestamp":1611631060,"path_taken":["M","M","?","?","?","R","E","R","T","R","M","E","$","M","R","BOSS","M","?","?","M","?","R","$","E","T","R","?","M","M","M","R","BOSS","M","$","?","?","?","E","?","E","T","?","R","M","E","M","R","BOSS","R","$","E","BOSS"],"items_purchased_type":["Relic","Card","Relic","Relic"],"build_version":"2020-12-22","purchased_purges":2,"victory":false,"max_hp_per_floor":[63,63,63,63,63,63,63,63,63,63,63,63,63,63,63,63,63,63,63,63,63,63,63,63,63,63,63,63,63,63,63,63,63,63,63,63,63,63,63,63,63,63,63,63,63,67,69,71,71,71,71,71,71,73,73,73],"card_choices":[{"not_picked":["Slice","Acrobatics","Bouncing Flask"],"picked":"SKIP","floor":1},{"not_picked":["Deflect","Cloak And Dagger"],"picked":"Blade Dance","floor":2},{"not_picked":["Expertise","Quick Slash"],"picked":"Predator","floor":7},{"not_picked":["Tools of the Trade","Cloak And Dagger"],"picked":"Concentrate","floor":11},{"not_picked":["Blade Dance","Night Terror"],"picked":"Dodge and Roll","floor":12},{"not_picked":["Outmaneuver","Acrobatics","Dagger Throw"],"picked":"SKIP","floor":14},{"not_picked":["Grand Finale","A Thousand Cuts"],"picked":"Bullet Time","floor":16},{"not_picked":["Dagger Throw+1","Bane"],"picked":"PiercingWail","floor":18},{"not_picked":["Flying Knee","Finisher","Deadly Poison+1"],"picked":"SKIP","floor":21},{"not_picked":["Flying Knee","Slice+1","Dagger Spray"],"picked":"SKIP","floor":22},{"not_picked":["Storm of Steel","Unload"],"picked":"Underhanded Strike+1","floor":25},{"not_picked":["Dagger Spray","Flying Knee"],"picked":"Prepared","floor":29},{"not_picked":["Dagger Throw","Sucker Punch+1","Dash+1"],"picked":"SKIP","floor":30},{"not_picked":["Leg Sweep+1","Masterful Stab","Concentrate"],"picked":"SKIP","floor":31},{"not_picked":["Venomology","Glass Knife"],"picked":"Malaise","floor":33},{"not_picked":["Backstab+1","Endless Agony+1","Flying Knee+1"],"picked":"SKIP","floor":35},{"not_picked":["Cloak And Dagger+1","Blade Dance"],"picked":"Bane+1","floor":39},{"not_picked":["Distraction+1","Glass Knife"],"picked":"Crippling Poison+1","floor":40},{"not_picked":["Blade Dance+1","Poisoned Stab+1"],"picked":"Calculated Gamble+1","floor":42},{"not_picked":["Dramatic Entrance","Blind"],"picked":"Panacea","floor":44},{"not_picked":["Concentrate+1","Poisoned Stab+1","Well Laid Plans+1"],"picked":"Singing Bowl","floor":46},{"not_picked":["Prepared+1","Heel Hook+1","Skewer"],"picked":"Singing Bowl","floor":46},{"not_picked":["Expertise","Blade Dance","Leg Sweep+1"],"picked":"Singing Bowl","floor":47},{"not_picked":["Poisoned Stab+1","Infinite Blades"],"picked":"Corpse Explosion","floor":48},{"not_picked":["Calculated Gamble+1","Well Laid Plans","Bane"],"picked":"Singing Bowl","floor":48},{"not_picked":["Riddle With Holes","Slice+1","Cloak And Dagger"],"picked":"Singing Bowl","floor":54}],"player_experience":274907,"relics_obtained":[{"floor":7,"key":"Letter Opener"},{"floor":12,"key":"Lizard Tail"},{"floor":19,"key":"Enchiridion"},{"floor":25,"key":"Gambling Chip"},{"floor":26,"key":"Bag of Preparation"},{"floor":39,"key":"Dead Branch"},{"floor":40,"key":"Peace Pipe"},{"floor":41,"key":"Prayer Wheel"},{"floor":42,"key":"Singing Bowl"},{"floor":43,"key":"Ancient Tea Set"},{"floor":47,"key":"Ninja Scroll"},{"floor":54,"key":"Pantograph"}],"event_choices":[{"damage_healed":0,"gold_gain":0,"player_choice":"Success","damage_taken":18,"relics_obtained":["Tingsha"],"max_hp_gain":0,"max_hp_loss":0,"event_name":"Scrap Ooze","floor":3,"gold_loss":0},{"damage_healed":15,"gold_gain":0,"player_choice":"Healed","damage_taken":0,"max_hp_gain":0,"max_hp_loss":0,"event_name":"The Cleric","floor":4,"gold_loss":35},{"damage_healed":0,"gold_gain":75,"player_choice":"Gather Gold","damage_taken":11,"max_hp_gain":0,"max_hp_loss":0,"event_name":"World of Goop","floor":5,"gold_loss":0},{"damage_healed":0,"gold_gain":0,"player_choice":"Obtained Book","damage_taken":16,"max_hp_gain":0,"max_hp_loss":0,"event_name":"Cursed Tome","floor":19,"gold_loss":0},{"damage_healed":0,"gold_gain":0,"player_choice":"Upgraded Two","damage_taken":0,"max_hp_gain":0,"max_hp_loss":0,"event_name":"Designer","floor":20,"gold_loss":40,"cards_upgraded":["Survivor","Bullet Time"]},{"damage_healed":0,"gold_gain":0,"player_choice":"Ignored","damage_taken":0,"max_hp_gain":0,"max_hp_loss":0,"event_name":"Vampires","floor":28,"gold_loss":0},{"damage_healed":0,"gold_gain":0,"player_choice":"Embrace Madness","damage_taken":8,"max_hp_gain":0,"max_hp_loss":0,"event_name":"Winding Halls","floor":37,"gold_loss":0,"cards_obtained":["Madness","Madness"]},{"cards_removed":["Strike_G"],"damage_healed":0,"gold_gain":0,"player_choice":"Removed Attack","damage_taken":0,"max_hp_gain":0,"max_hp_loss":0,"event_name":"Falling","floor":38,"gold_loss":0},{"damage_healed":0,"gold_gain":0,"player_choice":"Fight","damage_taken":0,"max_hp_gain":0,"max_hp_loss":0,"event_name":"Mysterious Sphere","floor":39,"gold_loss":0},{"damage_healed":0,"gold_gain":0,"player_choice":"Fight","damage_taken":0,"max_hp_gain":0,"max_hp_loss":0,"event_name":"MindBloom","floor":41,"gold_loss":0},{"damage_healed":0,"gold_gain":0,"player_choice":"Memory 1","damage_taken":0,"max_hp_gain":0,"max_hp_loss":0,"event_name":"SensoryStone","floor":44,"gold_loss":0}],"is_beta":false,"boss_relics":[{"not_picked":["Pandora\u0027s Box","WristBlade"],"picked":"Astrolabe"},{"not_picked":["SlaversCollar","SacredBark"],"picked":"Snecko Eye"}],"items_purged_floors":[13,24],"is_endless":false,"potions_floor_spawned":[2,16,21,29,30,33,41,46,48,54],"killed_by":"The Heart","ascension_level":6}}