{"host":"i0avyit1s6jb1siw","time":1611680549,"event":{"mods":["BaseMod","DeckTracker","Dota2Spire","Highlight Path","Minty Spire (QoL Compilation)","Quick Restart","StSLib","SuperFastMode"],"gold_per_floor":[119,134,9,9,25,25,52,52,52,104,136,151,151,165,183,183,256,256,207,26,36,36,36],"floor_reached":22,"language":"ENG","playtime":425,"items_purged":["Strike_R","Pain"],"score":392,"play_id":"83bcaf98-2274-4603-b15a-c23461011ab8","local_time":"20210126180229","is_ascension_mode":true,"campfire_choices":[{"data":"Spot Weakness","floor":6,"key":"SMITH"},{"floor":8,"key":"REST"},{"floor":13,"key":"REST"},{"data":"Barricade","floor":16,"key":"SMITH"}],"circlet_count":0,"master_deck":["AscendersBane","Strike_R","Strike_R","Strike_R","Defend_R","Defend_R","Defend_R","Bash","Brutality","Disarm","Spot Weakness+1","Sword Boomerang","Wild Strike","Whirlwind","Clothesline","Barricade+1","Entrench","Ghostly Armor","Reaper","Inflame","Fire Breathing"],"relics":["Burning Blood","WarpedTongs","Mummified Hand","Meat on the Bone","Pen Nib","Question Card","Runic Pyramid"],"acts_visited":["Exordium","TheCity"],"potions_floor_usage":[7,11,17,17],"damage_taken":[{"damage":5,"enemies":"2 Louse","floor":1,"turns":4},{"damage":10,"enemies":"Cultist","floor":2,"turns":4},{"damage":11,"enemies":"Small Slimes","floor":5,"turns":3},{"damage":41,"enemies":"Lagavulin","floor":7,"turns":6},{"damage":26,"enemies":"3 Sentries","floor":11,"turns":5},{"damage":12,"enemies":"Blue Slaver","floor":12,"turns":3},{"damage":8,"enemies":"Looter","floor":14,"turns":2},{"damage":8,"enemies":"3 Louse","floor":15,"turns":4},{"damage":20,"enemies":"Slime Boss","floor":17,"turns":7},{"damage":55,"enemies":"2 Thieves","floor":19,"turns":5},{"damage":0,"enemies":"Spheric Guardian","floor":21,"turns":4},{"damage":70,"enemies":"Shelled Parasite and Fungi","floor":22,"turns":5}],"seed_played":"3386419871998896692","potions_obtained":[{"floor":2,"key":"Energy Potion"},{"floor":5,"key":"AttackPotion"},{"floor":7,"key":"Ancient Potion"},{"floor":11,"key":"HeartOfIron"},{"floor":14,"key":"LiquidMemories"},{"floor":17,"key":"SpeedPotion"},{"floor":19,"key":"BloodPotion"}],"is_trial":false,"path_per_floor":["M","M","$","?","M","R","E","R","T","T","E","M","R","M","M","R","B",null,"M","$","M","M"],"character_chosen":"IRONCLAD","items_purchased":["Wild Strike","Fire Breathing"],"campfire_rested":2,"item_purchase_floors":[3,20],"current_hp_per_floor":[51,47,47,47,42,42,7,29,29,29,21,27,49,47,45,45,43,67,46,46,52,0,0],"gold":36,"neow_bonus":"TRANSFORM_TWO_CARDS","is_daily":false,"chose_seed":false,"campfire_upgraded":2,"win_rate":0.0,"timestamp":1611680549,"path_taken":["M","M","$","?","M","R","E","R","T","T","E","M","R","M","M","R","BOSS","M","$","?","M"],"items_purchased_type":["Card","Card"],"build_version":"2020-12-22","purchased_purges":2,"victory":false,"max_hp_per_floor":[75,75,75,75,75,75,75,75,75,75,75,75,75,75,75,75,75,75,75,75,75,75,75],"card_choices":[{"not_picked":["Iron Wave","Twin Strike"],"picked":"Spot Weakness","floor":1},{"not_picked":["Cleave","Wild Strike"],"picked":"Sword Boomerang","floor":2},{"not_picked":["Searing Blow","Warcry"],"picked":"Whirlwind","floor":5},{"not_picked":["Sentinel","Exhume"],"picked":"Clothesline","floor":7},{"not_picked":["Evolve","Clothesline"],"picked":"Barricade","floor":11},{"not_picked":["Blood for Blood","Anger","Clash"],"picked":"Entrench","floor":12},{"not_picked":["Bloodletting","Anger","Heavy Blade"],"picked":"Ghostly Armor","floor":14},{"not_picked":["Headbutt","Warcry","Metallicize","Whirlwind"],"picked":"SKIP","floor":15},{"not_picked":["Feed","Fiend Fire","Offering"],"picked":"Reaper","floor":17},{"not_picked":["Rupture","Iron Wave","Body Slam"],"picked":"Inflame","floor":19},{"not_picked":["Entrench","Sword Boomerang","Pommel Strike","Sever Soul"],"picked":"SKIP","floor":21}],"player_experience":2352254,"relics_obtained":[{"floor":7,"key":"Mummified Hand"},{"floor":9,"key":"Meat on the Bone"},{"floor":10,"key":"Pen Nib"},{"floor":11,"key":"Question Card"}],"event_choices":[{"damage_healed":0,"gold_gain":0,"player_choice":"Rummage","damage_taken":0,"relics_obtained":["WarpedTongs"],"max_hp_gain":0,"max_hp_loss":0,"event_name":"Accursed Blacksmith","floor":4,"gold_loss":0,"cards_obtained":["Pain"]}],"is_beta":false,"boss_relics":[{"not_picked":["Philosopher\u0027s Stone","Tiny House"],"picked":"Runic Pyramid"}],"items_purged_floors":[3,20],"is_endless":false,"potions_floor_spawned":[2,5,7,11,14,17,19],"killed_by":"Shelled Parasite and Fungi","ascension_level":20}}