{"host":"1tl36azeqm6yhdgj","time":1611697553,"event":{"mods":["AchievementEnabler","BaseMod","Minty Spire (QoL Compilation)","StSLib","The IronCluck","everything is the same but u backflip on backflip"],"gold_per_floor":[111,128,128,53,53,53,79,79,79,90,107,107,126,138,138,215,215,228,242,517,537,555,32,41,41,41,41,83,102,127,150,150,237,246,275,296,296,296,315,333,369,369,369],"floor_reached":42,"language":"ENG","playtime":1535,"items_purged":["Regret"],"score":998,"play_id":"58c40fda-575d-4d56-89ff-ad5c2f313358","local_time":"20210126164553","is_ascension_mode":true,"campfire_choices":[{"data":"Whirlwind","floor":6.0,"key":"SMITH"},{"data":"Bash","floor":8.0,"key":"SMITH"},{"data":"Fire Breathing","floor":12.0,"key":"SMITH"},{"data":"Thunderclap","floor":15.0,"key":"SMITH"},{"floor":27.0,"key":"RECALL"},{"floor":32.0,"key":"REST"}],"circlet_count":0,"master_deck":["AscendersBane","Strike_R","Strike_R","Strike_R","Strike_R","Defend_R","Defend_R","Defend_R","Defend_R","Bash+1","Metallicize","Whirlwind+1","Reckless Charge","Fire Breathing+1","Thunderclap+1","Double Tap","Rampage","Anger","Shockwave","Flame Barrier","Sadistic Nature","Flex","Writhe","Warcry","Infernal Blade+1","Disarm","Berserk","Exhume","CurseOfTheBell","Feel No Pain","Pummel+1","Madness","Madness","Parasite","Intimidate"],"relics":["Burning Blood","Vajra","Matryoshka","Anchor","Runic Cube","Lee\u0027s Waffle","CeramicFish","Bag of Preparation","Pen Nib","Happy Flower","Calling Bell","MealTicket","Mercury Hourglass","StoneCalendar"],"acts_visited":["Exordium","TheCity","TheBeyond"],"potions_floor_usage":[42],"damage_taken":[{"damage":7.0,"enemies":"Cultist","floor":1.0,"turns":4.0},{"damage":6.0,"enemies":"Jaw Worm","floor":2.0,"turns":4.0},{"damage":22.0,"enemies":"3 Sentries","floor":7.0,"turns":5.0},{"damage":0.0,"enemies":"Small Slimes","floor":10.0,"turns":3.0},{"damage":7.0,"enemies":"Gremlin Gang","floor":11.0,"turns":3.0},{"damage":3.0,"enemies":"Looter","floor":13.0,"turns":3.0},{"damage":15.0,"enemies":"Large Slime","floor":14.0,"turns":3.0},{"damage":0.0,"enemies":"Slime Boss","floor":16.0,"turns":5.0},{"damage":28.0,"enemies":"Spheric Guardian","floor":18.0,"turns":4.0},{"damage":15.0,"enemies":"Chosen","floor":19.0,"turns":4.0},{"damage":27.0,"enemies":"Centurion and Healer","floor":21.0,"turns":7.0},{"damage":26.0,"enemies":"Snake Plant","floor":22.0,"turns":4.0},{"damage":30.0,"enemies":"Gremlin Leader","floor":28.0,"turns":5.0},{"damage":20.0,"enemies":"Sentry and Sphere","floor":29.0,"turns":4.0},{"damage":0.0,"enemies":"Centurion and Healer","floor":30.0,"turns":5.0},{"damage":6.0,"enemies":"Cultist and Chosen","floor":31.0,"turns":5.0},{"damage":79.0,"enemies":"Automaton","floor":33.0,"turns":7.0},{"damage":15.0,"enemies":"3 Shapes","floor":35.0,"turns":4.0},{"damage":23.0,"enemies":"3 Darklings","floor":36.0,"turns":5.0},{"damage":16.0,"enemies":"Sphere and 2 Shapes","floor":39.0,"turns":7.0},{"damage":10.0,"enemies":"Writhing Mass","floor":41.0,"turns":7.0},{"damage":28,"enemies":"Maw","floor":42,"turns":6}],"seed_played":"6442535311420616867","potions_obtained":[{"floor":1.0,"key":"AttackPotion"},{"floor":7.0,"key":"Fruit Juice"},{"floor":16.0,"key":"Fruit Juice"},{"floor":29.0,"key":"Energy Potion"},{"floor":31.0,"key":"LiquidBronze"},{"floor":33.0,"key":"PowerPotion"},{"floor":39.0,"key":"Dexterity Potion"},{"floor":41.0,"key":"Swift Potion"}],"is_trial":false,"path_per_floor":["M","M","?","?","$","R","E","R","T","M","M","R","M","M","R","B",null,"M","M","?","M","M","$","?","?","T","R","E","M","M","M","R","B",null,"M","M","?","?","M","?","M","M"],"character_chosen":"IRONCLAD","items_purchased":["Lee\u0027s Waffle","Sadistic Nature","Flex","Explosive Potion"],"campfire_rested":1,"item_purchase_floors":[23,23,23,23],"current_hp_per_floor":[67,67,72,72,72,72,56,56,56,62,61,61,64,55,55,61,75,53,44,44,28,13,97,97,97,97,97,73,59,65,65,94,21,78,69,52,52,52,42,25,21,0,0],"gold":369,"neow_bonus":"RANDOM_COMMON_RELIC","is_daily":false,"chose_seed":false,"campfire_upgraded":4,"win_rate":0.0,"timestamp":1611697553,"path_taken":["M","M","?","?","?","R","E","R","T","M","M","R","M","M","R","BOSS","M","M","?","M","?","$","?","?","T","R","E","M","M","M","R","BOSS","M","M","?","?","M","?","M","M"],"items_purchased_type":["Relic","Card","Card","Potion"],"build_version":"2020-12-22","purchased_purges":1,"victory":false,"max_hp_per_floor":[75,75,80,80,80,80,80,80,80,80,80,80,80,80,80,80,80,80,80,80,85,90,97,97,97,97,97,97,97,97,97,97,97,97,97,97,97,97,97,97,97,97,97],"card_choices":[{"not_picked":["Searing Blow","Pommel Strike"],"picked":"Metallicize","floor":1.0},{"not_picked":["Second Wind","Headbutt"],"picked":"Whirlwind","floor":2.0},{"not_picked":["Wild Strike","Shrug It Off"],"picked":"Reckless Charge","floor":7.0},{"not_picked":["Heavy Blade","True Grit","Iron Wave"],"picked":"SKIP","floor":10.0},{"not_picked":["Combust","Warcry"],"picked":"Fire Breathing","floor":11.0},{"not_picked":["Brutality","Pommel Strike"],"picked":"Thunderclap","floor":13.0},{"not_picked":["True Grit","Havoc","Power Through"],"picked":"SKIP","floor":14.0},{"not_picked":["Offering","Bludgeon"],"picked":"Double Tap","floor":16.0},{"not_picked":["Clothesline","Heavy Blade"],"picked":"Rampage","floor":18.0},{"not_picked":["True Grit","Heavy Blade"],"picked":"Anger","floor":19.0},{"not_picked":["Perfected Strike","Dark Embrace"],"picked":"Shockwave","floor":21.0},{"not_picked":["Iron Wave","Pummel+1"],"picked":"Flame Barrier","floor":22.0},{"not_picked":["Pommel Strike","Shockwave"],"picked":"Warcry","floor":28.0},{"not_picked":["Clothesline","Blood for Blood"],"picked":"Infernal Blade+1","floor":29.0},{"not_picked":["Clothesline","True Grit"],"picked":"Disarm","floor":30.0},{"not_picked":["Twin Strike","Clothesline+1"],"picked":"Berserk","floor":31.0},{"not_picked":["Fiend Fire","Double Tap"],"picked":"Exhume","floor":33.0},{"not_picked":["Perfected Strike+1","Shrug It Off+1"],"picked":"Feel No Pain","floor":35.0},{"not_picked":["Anger+1","Shockwave+1"],"picked":"Pummel+1","floor":36.0},{"not_picked":["Shockwave+1","Anger","Sword Boomerang"],"picked":"SKIP","floor":39.0},{"not_picked":["Uppercut","Bloodletting"],"picked":"Intimidate","floor":41.0}],"player_experience":2074284,"relics_obtained":[{"floor":7.0,"key":"Matryoshka"},{"floor":9.0,"key":"Anchor"},{"floor":26.0,"key":"Bag of Preparation"},{"floor":26.0,"key":"Pen Nib"},{"floor":28.0,"key":"Happy Flower"},{"floor":34.0,"key":"MealTicket"},{"floor":34.0,"key":"Mercury Hourglass"},{"floor":34.0,"key":"StoneCalendar"}],"event_choices":[{"damage_healed":0.0,"max_hp_gain":5.0,"max_hp_loss":0.0,"gold_gain":0.0,"event_name":"Big Fish","player_choice":"Donut","floor":3.0,"gold_loss":0.0,"damage_taken":0.0},{"cards_removed":["Strike_R"],"damage_healed":0.0,"max_hp_gain":0.0,"max_hp_loss":0.0,"gold_gain":0.0,"event_name":"The Cleric","player_choice":"Card Removal","floor":4.0,"gold_loss":75.0,"damage_taken":0.0},{"damage_healed":0.0,"max_hp_gain":0.0,"max_hp_loss":0.0,"gold_gain":275.0,"event_name":"Golden Shrine","player_choice":"Desecrate","floor":20.0,"gold_loss":0.0,"damage_taken":0.0,"cards_obtained":["Regret"]},{"damage_healed":0.0,"max_hp_gain":0.0,"max_hp_loss":0.0,"gold_gain":0.0,"event_name":"The Mausoleum","player_choice":"Opened","floor":24.0,"gold_loss":0.0,"damage_taken":0.0,"relics_obtained":["CeramicFish"],"cards_obtained":["Writhe"]},{"damage_healed":0.0,"max_hp_gain":0.0,"max_hp_loss":0.0,"gold_gain":0.0,"event_name":"Vampires","player_choice":"Ignored","floor":25.0,"gold_loss":0.0,"damage_taken":0.0},{"damage_healed":0.0,"max_hp_gain":0.0,"max_hp_loss":0.0,"gold_gain":0.0,"event_name":"Tomb of Lord Red Mask","player_choice":"Ignored","floor":37.0,"gold_loss":0.0,"damage_taken":0.0},{"damage_healed":0.0,"max_hp_gain":0.0,"max_hp_loss":0.0,"gold_gain":0.0,"event_name":"Mysterious Sphere","player_choice":"Ignored","floor":38.0,"gold_loss":0.0,"damage_taken":0.0},{"damage_healed":0.0,"max_hp_gain":0.0,"max_hp_loss":0.0,"gold_gain":0.0,"event_name":"Winding Halls","player_choice":"Embrace Madness","floor":40.0,"gold_loss":0.0,"damage_taken":17.0,"cards_obtained":["Madness","Madness"]}],"is_beta":false,"boss_relics":[{"not_picked":["Coffee Dripper","Runic Dome"],"picked":"Runic Cube"},{"not_picked":["Fusion Hammer","Busted Crown"],"picked":"Calling Bell"}],"items_purged_floors":[23],"is_endless":false,"potions_floor_spawned":[1,7,16,29,31,33,39,41],"killed_by":"Maw","ascension_level":20}}