{"host":"i0avyit1s6jb1siw","time":1611664689,"event":{"mods":["BaseMod","DeckTracker","Dota2Spire","Highlight Path","Minty Spire (QoL Compilation)","Quick Restart","StSLib","SuperFastMode"],"gold_per_floor":[113,128,40,53,14,14,40,40,66,82,102,27,39,58,58,134,134,153,78,94,109,109,142,157,174,222,246,246,259,259,259,277,277,277,277],"floor_reached":34,"language":"ENG","playtime":693,"items_purged":[],"score":556,"play_id":"3c54275a-4617-4eae-98f1-83d18d904f70","local_time":"20210126133809","is_ascension_mode":true,"campfire_choices":[{"data":"Bash","floor":6,"key":"SMITH"},{"floor":8,"key":"REST"},{"data":"Fire Breathing","floor":15,"key":"SMITH"},{"floor":28,"key":"REST"},{"floor":31,"key":"REST"},{"data":"Dark Embrace","floor":33,"key":"SMITH"}],"circlet_count":0,"master_deck":["AscendersBane","Defend_R","Defend_R","Defend_R","Defend_R","Bash+1","Fire Breathing","Fire Breathing+1","Second Wind","Battle Trance","Ghostly Armor","Pommel Strike","Wild Strike","Power Through","Wild Strike","Sentinel","Corruption","Body Slam+1","Corruption+1","Iron Wave+1","Shrug It Off","Ghostly Armor","Dark Embrace+1","Shrug It Off","Armaments","Reaper","Shrug It Off"],"relics":["Burning Blood","NeowsBlessing","Red Skull","Astrolabe","Smiling Mask","Centennial Puzzle","Toy Ornithopter"],"acts_visited":["Exordium","TheCity"],"potions_floor_usage":[7,16,23],"damage_taken":[{"damage":0,"enemies":"Cultist","floor":1,"turns":1},{"damage":0,"enemies":"Small Slimes","floor":2,"turns":1},{"damage":0,"enemies":"Jaw Worm","floor":4,"turns":1},{"damage":60,"enemies":"Lagavulin","floor":7,"turns":7},{"damage":4,"enemies":"3 Louse","floor":10,"turns":4},{"damage":16,"enemies":"Exordium Wildlife","floor":11,"turns":4},{"damage":8,"enemies":"Blue Slaver","floor":13,"turns":4},{"damage":4,"enemies":"2 Fungi Beasts","floor":14,"turns":3},{"damage":31,"enemies":"The Guardian","floor":16,"turns":8},{"damage":12,"enemies":"Spheric Guardian","floor":18,"turns":5},{"damage":18,"enemies":"Shell Parasite","floor":20,"turns":5},{"damage":14,"enemies":"Snake Plant","floor":21,"turns":3},{"damage":5,"enemies":"Gremlin Leader","floor":23,"turns":5},{"damage":5,"enemies":"Snecko","floor":24,"turns":5},{"damage":29,"enemies":"Shelled Parasite and Fungi","floor":25,"turns":4},{"damage":9,"enemies":"Centurion and Healer","floor":29,"turns":4},{"damage":21,"enemies":"3 Cultists","floor":32,"turns":5},{"damage":59,"enemies":"Automaton","floor":34,"turns":6}],"seed_played":"-5571851953313876944","potions_obtained":[{"floor":1,"key":"ElixirPotion"},{"floor":4,"key":"BlessingOfTheForge"},{"floor":14,"key":"PowerPotion"},{"floor":20,"key":"Block Potion"},{"floor":23,"key":"Block Potion"},{"floor":25,"key":"DuplicationPotion"},{"floor":29,"key":"DuplicationPotion"}],"is_trial":false,"path_per_floor":["M","M","$","M","$","R","E","R","T","M","M","?","M","M","R","B",null,"M","?","M","M","?","E","M","M","T","T","R","M","?","R","M","R","B"],"character_chosen":"IRONCLAD","items_purchased":["Second Wind","Ghostly Armor"],"campfire_rested":3,"item_purchase_floors":[3,5],"current_hp_per_floor":[74,75,75,75,75,75,21,43,43,45,35,35,33,35,35,10,59,53,53,41,33,33,34,35,12,12,12,34,31,10,34,33,33,0,0],"gold":277,"neow_bonus":"THREE_ENEMY_KILL","is_daily":false,"chose_seed":false,"campfire_upgraded":3,"win_rate":0.0,"timestamp":1611664689,"path_taken":["M","?","$","M","$","R","E","R","T","M","M","?","M","M","R","BOSS","M","?","M","M","?","E","M","M","T","T","R","M","?","R","?","R","BOSS"],"items_purchased_type":["Card","Card"],"build_version":"2020-12-22","purchased_purges":0,"victory":false,"max_hp_per_floor":[75,75,75,75,75,75,75,75,75,75,75,75,75,75,75,75,75,75,75,75,75,75,75,75,75,75,75,75,75,80,80,80,80,80,80],"card_choices":[{"not_picked":["Thunderclap","Reckless Charge"],"picked":"Fire Breathing","floor":1},{"not_picked":["Hemokinesis","Bloodletting"],"picked":"Fire Breathing","floor":2},{"not_picked":["Iron Wave","Heavy Blade"],"picked":"Battle Trance","floor":4},{"not_picked":["Flex","Clothesline"],"picked":"Pommel Strike","floor":7},{"not_picked":["Second Wind","Thunderclap"],"picked":"Wild Strike","floor":10},{"not_picked":["Heavy Blade","Anger"],"picked":"Power Through","floor":11},{"not_picked":["Cleave","Searing Blow"],"picked":"Wild Strike","floor":13},{"not_picked":["Combust","Pommel Strike"],"picked":"Sentinel","floor":14},{"not_picked":["Juggernaut","Brutality"],"picked":"Corruption","floor":16},{"not_picked":["Disarm+1","Cleave"],"picked":"Shrug It Off","floor":18},{"not_picked":["Wild Strike","Iron Wave+1"],"picked":"Ghostly Armor","floor":20},{"not_picked":["Offering","Wild Strike+1"],"picked":"Dark Embrace","floor":21},{"not_picked":["Heavy Blade","Body Slam","Metallicize+1"],"picked":"SKIP","floor":23},{"not_picked":["Bloodletting","Twin Strike","Rupture"],"picked":"SKIP","floor":24},{"not_picked":["Anger","Rampage"],"picked":"Armaments","floor":25},{"not_picked":["Dark Embrace","Pommel Strike"],"picked":"Reaper","floor":29},{"not_picked":["Entrench","Clash"],"picked":"Shrug It Off","floor":32}],"player_experience":2345609,"relics_obtained":[{"floor":7,"key":"Red Skull"},{"floor":23,"key":"Smiling Mask"},{"floor":26,"key":"Centennial Puzzle"},{"floor":27,"key":"Toy Ornithopter"}],"event_choices":[{"cards_removed":["Strike_R"],"damage_healed":0,"gold_gain":0,"player_choice":"Card Removal","damage_taken":0,"max_hp_gain":0,"max_hp_loss":0,"event_name":"The Cleric","floor":12,"gold_loss":75},{"cards_removed":["Strike_R"],"damage_healed":0,"gold_gain":0,"player_choice":"Gave Gold","damage_taken":0,"max_hp_gain":0,"max_hp_loss":0,"event_name":"Beggar","floor":19,"gold_loss":75},{"damage_healed":0,"gold_gain":0,"player_choice":"Read","damage_taken":0,"max_hp_gain":0,"max_hp_loss":0,"event_name":"The Library","floor":22,"gold_loss":0,"cards_obtained":["Shrug It Off"]},{"damage_healed":0,"gold_gain":0,"player_choice":"Shed Blood","damage_taken":26,"max_hp_gain":5,"max_hp_loss":0,"event_name":"Forgotten Altar","floor":30,"gold_loss":0}],"is_beta":false,"boss_relics":[{"not_picked":["Black Star","Runic Pyramid"],"picked":"Astrolabe"}],"items_purged_floors":[],"is_endless":false,"potions_floor_spawned":[1,4,14,20,23,25,29,32],"killed_by":"Automaton","ascension_level":20}}