{"host":"6jrd8fn9k88n08be","time":1611629167,"event":{"mods":["BaseMod","Minty Spire (QoL Compilation)","StSLib"],"gold_per_floor":[111,186,186,43,54,54,54,75,100,141,141,141,160,175,175,296,296,310,0,0,13,31,66,66,110,134,152,170,170,193,216,216,346,346,369,702,395,395,410,410,443,443,525,539,539],"floor_reached":44,"language":"ENG","playtime":2916,"items_purged":["Bouncing Flask+1","Strike_G"],"score":631,"play_id":"a8b3eee9-1a3c-4a13-ada9-ace76db76d03","local_time":"20210125214607","is_ascension_mode":true,"campfire_choices":[{"floor":6.0,"key":"REST"},{"data":"Blade Dance","floor":12.0,"key":"SMITH"},{"data":"Adrenaline","floor":15.0,"key":"SMITH"},{"data":"Blade Dance","floor":24.0,"key":"SMITH"},{"floor":29.0,"key":"REST"},{"floor":32.0,"key":"REST"},{"data":"Doppelganger","floor":40,"key":"SMITH"},{"data":"Footwork","floor":42,"key":"SMITH"}],"circlet_count":0,"master_deck":["Strike_G","Defend_G","Defend_G","Defend_G","Defend_G","Survivor","Neutralize","Adrenaline+1","Blade Dance+1","Dagger Throw","Blur","Backflip","Deflect","Blade Dance+1","Deflect","A Thousand Cuts","Calculated Gamble+1","Heel Hook+1","Cloak And Dagger","Accuracy+1","Footwork+1","Blade Dance+1","Doppelganger+1","Heel Hook","Finisher","Blur","Storm of Steel","Calculated Gamble+1","Escape Plan","Blade Dance+1","Dodge and Roll+1"],"relics":["Ring of the Snake","Oddly Smooth Stone","Ancient Tea Set","Bird Faced Urn","GremlinMask","Astrolabe","Membership Card","MealTicket","Pear","PreservedInsect","Sozu","ClockworkSouvenir","FossilizedHelix","Bag of Preparation","Ninja Scroll"],"acts_visited":["Exordium","TheCity","TheBeyond"],"potions_floor_usage":[39],"damage_taken":[{"damage":0.0,"enemies":"Small Slimes","floor":1.0,"turns":3.0},{"damage":0.0,"enemies":"Jaw Worm","floor":5.0,"turns":2.0},{"damage":0.0,"enemies":"2 Louse","floor":8.0,"turns":2.0},{"damage":15.0,"enemies":"Lagavulin","floor":10.0,"turns":8.0},{"damage":8.0,"enemies":"Lots of Slimes","floor":13.0,"turns":5.0},{"damage":0.0,"enemies":"Looter","floor":14.0,"turns":3.0},{"damage":34.0,"enemies":"The Guardian","floor":16.0,"turns":22.0},{"damage":0.0,"enemies":"Shell Parasite","floor":18.0,"turns":6.0},{"damage":0.0,"enemies":"Chosen","floor":21.0,"turns":2.0},{"damage":14.0,"enemies":"Snake Plant","floor":22.0,"turns":6.0},{"damage":20.0,"enemies":"Book of Stabbing","floor":23.0,"turns":7.0},{"damage":3.0,"enemies":"Gremlin Leader","floor":25.0,"turns":6.0},{"damage":33.0,"enemies":"Snecko","floor":27.0,"turns":7.0},{"damage":0.0,"enemies":"Chosen and Byrds","floor":28.0,"turns":3.0},{"damage":12.0,"enemies":"Snake Plant","floor":30.0,"turns":2.0},{"damage":24.0,"enemies":"Snecko","floor":31.0,"turns":4.0},{"damage":11.0,"enemies":"Collector","floor":33.0,"turns":9.0},{"damage":16.0,"enemies":"Orb Walker","floor":35.0,"turns":3.0},{"damage":38,"enemies":"3 Darklings","floor":39,"turns":7},{"damage":5,"enemies":"Nemesis","floor":41,"turns":5},{"damage":0,"enemies":"Spire Growth","floor":44,"turns":3}],"seed_played":"-2442126546405872565","potions_obtained":[{"floor":1.0,"key":"Fire Potion"},{"floor":8.0,"key":"Strength Potion"},{"floor":13.0,"key":"Dexterity Potion"},{"floor":16.0,"key":"Energy Potion"},{"floor":21.0,"key":"LiquidMemories"},{"floor":27.0,"key":"SpeedPotion"},{"floor":30.0,"key":"Dexterity Potion"},{"floor":31.0,"key":"CultistPotion"}],"is_trial":false,"path_per_floor":["M","?","?","$","M","R","?","M","T","E","?","R","M","M","R","B",null,"M","$","?","M","M","E","R","E","T","M","M","R","M","M","R","B",null,"M","?","$","?","M","R","E","R","T","M"],"character_chosen":"THE_SILENT","items_purchased":["Oddly Smooth Stone","Cloak And Dagger","Accuracy","Membership Card","ClockworkSouvenir","Escape Plan","FossilizedHelix"],"campfire_rested":3,"item_purchase_floors":[4,19,19,19,37,37,37],"current_hp_per_floor":[49,38,38,38,38,59,59,59,59,44,44,44,36,36,36,2,65,65,65,65,65,51,37,37,50,50,23,29,51,45,25,47,42,75,63,63,75,75,43,43,42,42,42,48,48],"gold":539,"neow_bonus":"THREE_RARE_CARDS","is_daily":false,"chose_seed":false,"campfire_upgraded":5,"win_rate":0.0,"timestamp":1611629167,"path_taken":["M","?","?","$","M","R","?","M","T","E","?","R","?","M","R","BOSS","M","$","?","M","M","E","R","E","T","?","M","R","M","M","R","BOSS","M","?","$","?","?","R","E","R","T","M"],"items_purchased_type":["Relic","Card","Card","Relic","Relic","Card","Relic"],"build_version":"2020-12-22","purchased_purges":2,"victory":false,"max_hp_per_floor":[70,70,70,70,70,70,65,65,65,65,65,65,65,65,65,65,65,65,65,65,65,65,65,65,75,75,75,75,75,75,75,75,75,75,75,75,75,75,75,75,75,75,75,75,75],"card_choices":[{"not_picked":["Phantasmal Killer","Glass Knife"],"picked":"Adrenaline","floor":0.0},{"not_picked":["Expertise","Leg Sweep"],"picked":"Blade Dance","floor":1.0},{"not_picked":["Endless Agony","Riddle With Holes"],"picked":"Blur","floor":5.0},{"not_picked":["Well Laid Plans","Prepared"],"picked":"Backflip","floor":8.0},{"not_picked":["Endless Agony","Sucker Punch"],"picked":"Deflect","floor":10.0},{"not_picked":["Deadly Poison","Blur"],"picked":"Blade Dance","floor":13.0},{"not_picked":["PiercingWail","Masterful Stab"],"picked":"Deflect","floor":14.0},{"not_picked":["Corpse Explosion","Tools of the Trade"],"picked":"A Thousand Cuts","floor":16.0},{"not_picked":["Acrobatics","Sucker Punch+1","All Out Attack"],"picked":"SKIP","floor":18.0},{"not_picked":["Masterful Stab+1","Calculated Gamble"],"picked":"Footwork","floor":21.0},{"not_picked":["Underhanded Strike","Quick Slash+1","Dagger Throw"],"picked":"SKIP","floor":22.0},{"not_picked":["PiercingWail+1","Quick Slash+1"],"picked":"Blade Dance+1","floor":23.0},{"not_picked":["Terror","Acrobatics"],"picked":"Doppelganger","floor":25.0},{"not_picked":["Dodge and Roll","Sucker Punch"],"picked":"Heel Hook","floor":27.0},{"not_picked":["Sucker Punch","Blur"],"picked":"Finisher","floor":28.0},{"not_picked":["Caltrops","Outmaneuver","Dagger Throw"],"picked":"SKIP","floor":30.0},{"not_picked":["Terror","Deflect"],"picked":"Blur","floor":31.0},{"not_picked":["Phantasmal Killer","Malaise"],"picked":"Storm of Steel","floor":33.0},{"not_picked":["Slice+1","Finisher"],"picked":"Calculated Gamble+1","floor":35},{"not_picked":["PiercingWail","Outmaneuver"],"picked":"Blade Dance+1","floor":39},{"not_picked":["Reflex","Poisoned Stab"],"picked":"Dodge and Roll+1","floor":41}],"player_experience":120591,"relics_obtained":[{"floor":9.0,"key":"Ancient Tea Set"},{"floor":10.0,"key":"Bird Faced Urn"},{"floor":23.0,"key":"MealTicket"},{"floor":25.0,"key":"Pear"},{"floor":26.0,"key":"PreservedInsect"},{"floor":41,"key":"Bag of Preparation"},{"floor":43,"key":"Ninja Scroll"}],"event_choices":[{"damage_healed":0.0,"max_hp_gain":0.0,"max_hp_loss":0.0,"gold_gain":75.0,"event_name":"World of Goop","player_choice":"Gather Gold","floor":2.0,"gold_loss":0.0,"damage_taken":11.0},{"damage_healed":0.0,"max_hp_gain":0.0,"max_hp_loss":0.0,"gold_gain":0.0,"cards_transformed":["Strike_G"],"event_name":"Living Wall","player_choice":"Change","floor":3.0,"gold_loss":0.0,"damage_taken":0.0,"cards_obtained":["Dagger Throw"]},{"damage_healed":0.0,"max_hp_gain":0.0,"max_hp_loss":5.0,"gold_gain":0.0,"event_name":"Golden Idol","player_choice":"Lose Max HP","floor":7.0,"gold_loss":0.0,"damage_taken":0.0,"relics_obtained":["Golden Idol"]},{"damage_healed":0.0,"max_hp_gain":0.0,"max_hp_loss":0.0,"gold_gain":0.0,"event_name":"FaceTrader","player_choice":"Trade","floor":11.0,"gold_loss":0.0,"damage_taken":0.0,"relics_obtained":["GremlinMask"]},{"damage_healed":0.0,"max_hp_gain":0.0,"max_hp_loss":0.0,"gold_gain":0.0,"event_name":"Accursed Blacksmith","player_choice":"Forge","floor":20.0,"gold_loss":0.0,"damage_taken":0.0,"cards_upgraded":["Accuracy"]},{"damage_healed":0,"gold_gain":333,"player_choice":"Gave Idol","damage_taken":0,"max_hp_gain":0,"max_hp_loss":0,"event_name":"The Moai Head","floor":36,"relics_lost":["Golden Idol"],"gold_loss":0},{"damage_healed":0,"gold_gain":0,"player_choice":"0 cards matched","damage_taken":0,"max_hp_gain":0,"max_hp_loss":0,"event_name":"Match and Keep!","floor":38,"gold_loss":0,"cards_obtained":[]}],"is_beta":false,"boss_relics":[{"not_picked":["Ectoplasm","Snecko Eye"],"picked":"Astrolabe"},{"not_picked":["Runic Dome","SacredBark"],"picked":"Sozu"}],"items_purged_floors":[19,37],"is_endless":false,"potions_floor_spawned":[1,8,13,16,21,27,28,30,31,33,41,44],"killed_by":"Spire Growth","ascension_level":3}}