{"host":"deirlxtsw53uoa9y","time":1611672174,"event":{"mods":["AchievementEnabler","BaseMod","DeckTracker","Lobotomy","Minty Spire (QoL Compilation)","Permanent Neow","Rare Cards Sparkle","StSLib","everything is the same but u backflip on backflip"],"gold_per_floor":[119,119,129,145,73,73,83,83,83],"floor_reached":8,"language":"KOR","playtime":137,"items_purged":[],"score":48,"play_id":"a0518f71-b106-4680-8469-63589c74b627","local_time":"20210126234254","is_ascension_mode":false,"campfire_choices":[{"data":"Carnage","floor":6,"key":"SMITH"}],"circlet_count":0,"master_deck":["Strike_R","Strike_R","Strike_R","Strike_R+1","Strike_R","Defend_R","Defend_R+1","Defend_R","Defend_R","Bash","HeroicMonk","Whirlwind","MeatLantern","Whirlwind","Rudolta","Carnage+1","BeautyBeast"],"relics":["Burning Blood","CogitoBucket"],"acts_visited":["Exordium"],"potions_floor_usage":[],"damage_taken":[{"damage":11,"enemies":"Jaw Worm","floor":1,"turns":3},{"damage":10,"enemies":"2 Louse","floor":3,"turns":3},{"damage":0,"enemies":"Cultist","floor":4,"turns":3},{"damage":13,"enemies":"Lots of Slimes","floor":7,"turns":3},{"damage":54,"enemies":"3 Sentries","floor":8,"turns":1}],"seed_played":"7522105278737135510","potions_obtained":[{"floor":1,"key":"SpeedPotion"},{"floor":7,"key":"Dexterity Potion"}],"is_trial":false,"path_per_floor":["M","?","M","M","$","R","M","E"],"character_chosen":"IRONCLAD","items_purchased":["Carnage"],"campfire_rested":0,"item_purchase_floors":[5],"current_hp_per_floor":[75,59,55,61,61,61,54,0,0],"gold":83,"neow_bonus":"","is_daily":false,"chose_seed":false,"campfire_upgraded":1,"win_rate":0.0,"timestamp":1611672174,"path_taken":["M","?","M","M","$","R","M","E"],"items_purchased_type":["Card"],"build_version":"2020-12-22","purchased_purges":0,"victory":false,"max_hp_per_floor":[80,80,80,80,80,80,80,80,80],"card_choices":[{"not_picked":["CrumblingArmor","CherryBlossoms"],"picked":"HeroicMonk","floor":1},{"not_picked":["Twin Strike","Sword Boomerang"],"picked":"Whirlwind","floor":1},{"not_picked":["UniverseFragment","Murderer"],"picked":"MeatLantern","floor":3},{"not_picked":["Iron Wave","Offering"],"picked":"Whirlwind","floor":3},{"not_picked":["LittleHelper","PunishingBird"],"picked":"Rudolta","floor":4},{"not_picked":["Heavy Blade","Shrug It Off","Infernal Blade"],"picked":"SKIP","floor":4},{"not_picked":["MHz","OSAHOGD"],"picked":"BeautyBeast","floor":7},{"not_picked":["Wild Strike","Sentinel","Burning Pact"],"picked":"SKIP","floor":7}],"player_experience":61529,"relics_obtained":[],"event_choices":[{"damage_healed":0,"gold_gain":0,"player_choice":"Entered Light","damage_taken":16,"max_hp_gain":0,"max_hp_loss":0,"event_name":"Shining Light","floor":2,"gold_loss":0,"cards_upgraded":["Defend_R","Strike_R"]}],"is_beta":false,"boss_relics":[],"items_purged_floors":[],"is_endless":false,"potions_floor_spawned":[1,7],"killed_by":"3 Sentries","ascension_level":0}}