{"host":"uvazukyzs1n84otc","time":1611638150,"event":{"mods":["AchievementEnabler","BaseMod","Colored Map","Colored Powertips","Highlight Path","Minty Spire (QoL Compilation)","Quick Restart","Relic Stats","SuperFastMode"],"gold_per_floor":[117,192,192,203,280,280,310,36,36,36,65,79,79,95,95,198,198,213,213,138,7,19,50,50,0,0,0,0,16,115,129,129,232,232,252,307,307,318,335,335,367,367,367],"floor_reached":42,"language":"ENG","playtime":1353,"items_purged":[],"score":501,"play_id":"85ddf20e-5d6b-4154-a7de-e7b6f83fc2ee","local_time":"20210126031550","is_ascension_mode":true,"campfire_choices":[{"data":"Heavy Blade","floor":6,"key":"SMITH"},{"data":"Demon Form","floor":13,"key":"SMITH"},{"data":"Inflame","floor":15,"key":"SMITH"},{"floor":24,"key":"REST"},{"floor":27,"key":"REST"},{"data":"Heavy Blade","floor":32,"key":"SMITH"},{"floor":40,"key":"REST"}],"circlet_count":0,"master_deck":["Strike_R","Strike_R+1","Strike_R+1","Defend_R","Defend_R","Defend_R","Bash","Armaments","Heavy Blade+1","Demon Form+1","Inflame+1","Blood for Blood","Iron Wave","Twin Strike","Rampage","Flex","Corruption","Rupture","J.A.X.","Flex","Rupture","Anger","Heavy Blade+1","Carnage+1","Pommel Strike","Pain","Dual Wield+1"],"relics":["Black Blood","HornCleat","Lee\u0027s Waffle","FossilizedHelix","Whetstone","Busted Crown","Self Forming Clay","Sundial","Ice Cream","WarpedTongs","Orichalcum"],"acts_visited":["Exordium","TheCity","TheBeyond"],"potions_floor_usage":[7,23,23,33,33,41],"damage_taken":[{"damage":10,"enemies":"Small Slimes","floor":1,"turns":4},{"damage":1,"enemies":"Cultist","floor":4,"turns":4},{"damage":40,"enemies":"Lagavulin","floor":7,"turns":8},{"damage":16,"enemies":"Gremlin Nob","floor":11,"turns":5},{"damage":0,"enemies":"2 Louse","floor":12,"turns":3},{"damage":0,"enemies":"Large Slime","floor":14,"turns":3},{"damage":48,"enemies":"Hexaghost","floor":16,"turns":5},{"damage":0,"enemies":"Chosen","floor":18,"turns":3},{"damage":13,"enemies":"Spheric Guardian","floor":22,"turns":4},{"damage":79,"enemies":"Slavers","floor":23,"turns":5},{"damage":11,"enemies":"Centurion and Healer","floor":29,"turns":5},{"damage":0,"enemies":"3 Cultists","floor":31,"turns":4},{"damage":59,"enemies":"Collector","floor":33,"turns":8},{"damage":30,"enemies":"3 Darklings","floor":35,"turns":6},{"damage":40,"enemies":"2 Orb Walkers","floor":36,"turns":4},{"damage":22,"enemies":"3 Shapes","floor":38,"turns":4},{"damage":12,"enemies":"Transient","floor":39,"turns":5},{"damage":47,"enemies":"Giant Head","floor":41,"turns":6},{"damage":22,"enemies":"Jaw Worm Horde","floor":42,"turns":2}],"seed_played":"6514533513485703348","potions_obtained":[{"floor":0,"key":"Regen Potion"},{"floor":0,"key":"EssenceOfSteel"},{"floor":0,"key":"SteroidPotion"},{"floor":14,"key":"EssenceOfSteel"},{"floor":31,"key":"AttackPotion"},{"floor":35,"key":"Swift Potion"}],"is_trial":false,"path_per_floor":["M","?","?","M","?","R","E","$","T","?","E","M","R","M","R","B",null,"M","?","?","$","M","E","R","?","T","R","$","M","?","M","R","B",null,"M","?","?","M","M","R","E","M"],"character_chosen":"IRONCLAD","items_purchased":["Lee\u0027s Waffle","Inflame","Blood for Blood","Flex","Rupture"],"campfire_rested":3,"item_purchase_floors":[8,8,8,21,21],"current_hp_per_floor":[76,65,65,70,70,70,36,87,87,87,77,83,83,87,87,45,87,87,87,87,87,80,12,38,38,38,64,64,59,59,65,65,12,87,69,41,41,31,31,57,22,0,0],"gold":367,"neow_bonus":"THREE_SMALL_POTIONS","is_daily":false,"chose_seed":false,"campfire_upgraded":4,"win_rate":0.0,"timestamp":1611638150,"path_taken":["M","?","?","?","?","R","E","$","T","?","E","?","R","M","R","BOSS","M","?","?","?","M","E","R","?","T","R","?","M","?","M","R","BOSS","M","?","?","M","M","R","E","M"],"items_purchased_type":["Relic","Card","Card","Card","Card"],"build_version":"2020-12-22","purchased_purges":0,"victory":false,"max_hp_per_floor":[80,80,80,80,80,80,80,87,87,87,87,87,87,87,87,87,87,87,87,87,87,87,87,87,87,87,87,87,87,87,87,87,87,87,87,87,87,87,87,87,87,87,87],"relic_stats":{"Lee\u0027s Waffle":51,"Busted Crown":22,"counters":[19,88],"Self Forming Clay":[102],"Sundial":[2],"Black Blood":130,"Whetstone":["Strike_R","Strike_R"],"Orichalcum":[0],"obtain_stats":[{"Ice Cream":36,"Lee\u0027s Waffle":8,"HornCleat":7,"Busted Crown":17,"Self Forming Clay":23,"Sundial":26,"Black Blood":34,"Whetstone":11,"Orichalcum":41,"Burning Blood":0,"FossilizedHelix":9,"WarpedTongs":37},{"Ice Cream":15,"Lee\u0027s Waffle":3,"HornCleat":3,"Busted Crown":7,"Self Forming Clay":10,"Sundial":10,"Black Blood":13,"Whetstone":4,"Orichalcum":18,"Burning Blood":0,"FossilizedHelix":3,"WarpedTongs":15},{"Ice Cream":71,"Lee\u0027s Waffle":16,"HornCleat":16,"Busted Crown":32,"Self Forming Clay":44,"Sundial":44,"Black Blood":61,"Whetstone":21,"Orichalcum":86,"Burning Blood":0,"FossilizedHelix":16,"WarpedTongs":71}],"WarpedTongs":[17]},"card_choices":[{"not_picked":["Shockwave","True Grit"],"picked":"Armaments","floor":1},{"not_picked":["Metallicize","Fire Breathing"],"picked":"Heavy Blade","floor":4},{"not_picked":["Shrug It Off","Shockwave"],"picked":"Demon Form","floor":7},{"not_picked":["Burning Pact","Uppercut"],"picked":"Twin Strike","floor":11},{"not_picked":["Havoc","Second Wind"],"picked":"Rampage","floor":12},{"not_picked":["Battle Trance","Power Through"],"picked":"Flex","floor":14},{"not_picked":["Impervious","Barricade"],"picked":"Corruption","floor":16},{"not_picked":[],"picked":"Rupture","floor":18},{"not_picked":[],"picked":"Anger","floor":22},{"not_picked":["Warcry"],"picked":"SKIP","floor":23},{"not_picked":[],"picked":"Heavy Blade","floor":29},{"not_picked":["Power Through"],"picked":"SKIP","floor":31},{"not_picked":[],"picked":"Carnage+1","floor":35},{"not_picked":[],"picked":"Pommel Strike","floor":36},{"not_picked":["Perfected Strike"],"picked":"SKIP","floor":38},{"not_picked":["Power Through"],"picked":"SKIP","floor":39},{"not_picked":[],"picked":"Dual Wield+1","floor":41}],"player_experience":187600,"relics_obtained":[{"floor":7,"key":"HornCleat"},{"floor":9,"key":"FossilizedHelix"},{"floor":11,"key":"Whetstone"},{"floor":23,"key":"Self Forming Clay"},{"floor":26,"key":"Sundial"},{"floor":36,"key":"Ice Cream"},{"floor":41,"key":"Orichalcum"}],"event_choices":[{"damage_healed":0,"gold_gain":75,"player_choice":"Gather Gold","damage_taken":11,"max_hp_gain":0,"max_hp_loss":0,"event_name":"World of Goop","floor":2,"gold_loss":0},{"cards_removed":["Strike_R"],"damage_healed":0,"gold_gain":0,"player_choice":"Offered Basic","damage_taken":0,"max_hp_gain":0,"max_hp_loss":0,"event_name":"Bonfire Elementals","floor":3,"gold_loss":0},{"damage_healed":0,"gold_gain":77,"player_choice":"Gained Gold","damage_taken":0,"max_hp_gain":0,"max_hp_loss":0,"event_name":"Golden Wing","floor":5,"gold_loss":0},{"damage_healed":0,"gold_gain":0,"cards_transformed":["Strike_R"],"player_choice":"Transformed","damage_taken":0,"max_hp_gain":0,"max_hp_loss":0,"event_name":"Transmorgrifier","floor":10,"gold_loss":0,"cards_obtained":["Iron Wave"]},{"damage_healed":0,"gold_gain":0,"player_choice":"Obtain J.A.X.","damage_taken":0,"max_hp_gain":0,"max_hp_loss":0,"event_name":"Drug Dealer","floor":19,"gold_loss":0,"cards_obtained":["J.A.X."]},{"cards_removed":["Defend_R"],"damage_healed":0,"gold_gain":0,"player_choice":"Gave Gold","damage_taken":0,"max_hp_gain":0,"max_hp_loss":0,"event_name":"Beggar","floor":20,"gold_loss":75},{"damage_healed":0,"gold_gain":0,"player_choice":"Paid Fearfully","damage_taken":0,"max_hp_gain":0,"max_hp_loss":0,"event_name":"Masked Bandits","floor":25,"gold_loss":50},{"damage_healed":0,"gold_gain":99,"player_choice":"Stole From Cult","damage_taken":0,"max_hp_gain":0,"max_hp_loss":0,"event_name":"Nest","floor":30,"gold_loss":0},{"damage_healed":0,"gold_gain":0,"player_choice":"Fight","damage_taken":0,"max_hp_gain":0,"max_hp_loss":0,"event_name":"Mysterious Sphere","floor":36,"gold_loss":0},{"damage_healed":0,"gold_gain":0,"player_choice":"Rummage","damage_taken":0,"relics_obtained":["WarpedTongs"],"max_hp_gain":0,"max_hp_loss":0,"event_name":"Accursed Blacksmith","floor":37,"gold_loss":0,"cards_obtained":["Pain"]}],"is_beta":false,"boss_relics":[{"not_picked":["Runic Pyramid","Pandora\u0027s Box"],"picked":"Busted Crown"},{"not_picked":["Cursed Key","Black Star"],"picked":"Black Blood"}],"items_purged_floors":[],"is_endless":false,"potions_floor_spawned":[14,16,18,31,35,36],"killed_by":"Jaw Worm Horde","ascension_level":1}}