{"host":"takgv9cv6xf64vhq","time":1611679399,"event":{"mods":["BaseMod","Colored Powertips","Downfall","Hubris","LagranYue(拉格朗・月)","Marisa（F雨　魔理沙）","Minty Spire (QoL Compilation)","Replay The Spire","StSLib","The Cursed","The Jungle","TheHeartMod"],"gold_per_floor":[114,114,114,61,71,102,102,119,119,119,149,161,180,190,190,289,289,302,322,370,370,253,281,281,299,299,311,343,343,373,463,463,567,567,577,593,283,294,312,341,341,341,393,448,269,310,367,367,367,397,397,397,37,72,72],"floor_reached":56,"language":"ZHS","playtime":4994,"items_purged":["hubris:Compulsion","JustLucky+1"],"score":1329,"play_id":"9b5abd40-4a3e-4405-a085-3bf243ba21c3","local_time":"20210127004319","is_ascension_mode":true,"campfire_choices":[{"data":"Replay:AtTheReady","floor":15.0,"key":"SMITH"},{"floor":24.0,"key":"REST"},{"floor":32.0,"key":"REST"},{"floor":42,"key":"RECALL"},{"floor":49,"key":"REST"},{"floor":52,"key":"REST"}],"circlet_count":0,"master_deck":["Strike_P+1","Strike_P+1","Defend_P+1","Defend_P+1","Defend_P","Defend_P+1","Eruption","Vigilance+1","Replay:Cycle+1","CutThroughFate","ThirdEye","Study+1","LessonLearned+1","Replay:DivineShield+1","Protect+1","Replay:AtTheReady+1","Alpha+1","CutThroughFate","Replay:Cycle+1","Pray+1","Replay:DivineShield","DeceiveReality+1","Judgement","Evaluate+1","Replay:ManipulateFuture+1","hubris:DuctTapeCard","ThirdEye+1","ThirdEye","Wish+1","hubris:EnhanceAbility","Secret Technique","Omniscience","TalkToTheHand","ThirdEye"],"relics":["PureWater","NeowsBlessing","hubris:Icosahedron","Mercury Hourglass","Sundial","Quantum Egg","Question Card","Pantograph","Fusion Hammer","ReplayTheSpireMod:CursedCoin","Replay:Baseball","Gremlin Food","hubris:DuctTape","hubris:TenFootPole","Enchiridion","Boot","Honey Jar","hubris:Spice","Bronze Scales","hubris:BottledRain","HornCleat","HandDrill"],"acts_visited":["Exordium","TheCity","TheBeyond","TheEnding"],"potions_floor_usage":[44,44,44,54,55,55,55],"damage_taken":[{"damage":0.0,"enemies":"Jaw Worm","floor":1.0,"turns":1.0},{"damage":0.0,"enemies":"Small Slimes","floor":5.0,"turns":1.0},{"damage":0.0,"enemies":"Lagavulin","floor":6.0,"turns":1.0},{"damage":5.0,"enemies":"2 Louse","floor":8.0,"turns":2.0},{"damage":7.0,"enemies":"Gremlin Nob","floor":11.0,"turns":3.0},{"damage":18.0,"enemies":"Exordium Thugs","floor":12.0,"turns":7.0},{"damage":4.0,"enemies":"Exordium Wildlife","floor":13.0,"turns":5.0},{"damage":1.0,"enemies":"Red Slaver","floor":14.0,"turns":3.0},{"damage":43.0,"enemies":"Fading Forest","floor":16.0,"turns":11.0},{"damage":0.0,"enemies":"Shell Parasite","floor":18.0,"turns":4.0},{"damage":20.0,"enemies":"3 Byrds","floor":19.0,"turns":3.0},{"damage":0.0,"enemies":"Gremlin Leader","floor":23.0,"turns":4.0},{"damage":0.0,"enemies":"Cultist and Chosen","floor":25.0,"turns":4.0},{"damage":12.0,"enemies":"Shelled Parasite and Fungi","floor":27.0,"turns":4.0},{"damage":18.0,"enemies":"Slavers","floor":28.0,"turns":4.0},{"damage":0.0,"enemies":"Book of Stabbing","floor":30.0,"turns":3.0},{"damage":29.0,"enemies":"hubris:MusketHawk","floor":33.0,"turns":7.0},{"damage":0.0,"enemies":"3 Shapes","floor":35.0,"turns":3.0},{"damage":0.0,"enemies":"3 Darklings","floor":36.0,"turns":2.0},{"damage":0,"enemies":"Sphere and 2 Shapes","floor":38,"turns":4},{"damage":0,"enemies":"Spire Growth","floor":39,"turns":4},{"damage":0,"enemies":"Nemesis","floor":40,"turns":5},{"damage":0,"enemies":"Giant Head","floor":44,"turns":8},{"damage":1,"enemies":"3 Darklings","floor":46,"turns":4},{"damage":0,"enemies":"Nemesis","floor":47,"turns":8},{"damage":15,"enemies":"Replay:Hell Engine","floor":50,"turns":15},{"damage":5,"enemies":"Shield and Spear","floor":54,"turns":4},{"damage":8,"enemies":"NeowBoss","floor":55,"turns":9}],"seed_played":"1828211897166926859","potions_obtained":[{"floor":8.0,"key":"ColorlessPotion"},{"floor":13.0,"key":"SneckoOil"},{"floor":14.0,"key":"SteroidPotion"},{"floor":16.0,"key":"Block Potion"},{"floor":19.0,"key":"BlessingOfTheForge"},{"floor":25.0,"key":"LifebloodPotion"},{"floor":28.0,"key":"Fire Potion"},{"floor":33.0,"key":"ColorlessPotion"},{"floor":38,"key":"Swift Potion"},{"floor":40,"key":"PowerPotion"},{"floor":47,"key":"Fire Potion"}],"is_trial":false,"path_per_floor":["M","?","?","$","M","E","?","M","T","T","E","M","M","M","R","B",null,"M","M","T","?","$","E","R","M","T","M","E","?","E","?","R","B",null,"M","M","$","M","M","E","?","R","T","E","$","M","E","?","R","B",null,"R","$","E","B",null],"character_chosen":"WATCHER","items_purchased":["CutThroughFate","ReplayTheSpireMod:CursedCoin","Replay:Baseball","Replay:Cycle","hubris:Spice","Secret Technique","Reflective Coating","HandDrill","TalkToTheHand"],"campfire_rested":4,"item_purchase_floors":[4,22,22,22,37,45,53,53,53],"current_hp_per_floor":[72,72,69,69,69,69,69,64,64,64,57,39,35,34,34,16,72,72,52,52,52,52,52,72,72,72,60,42,35,35,26,47,43,72,72,72,80,80,80,88,88,88,88,80,80,72,72,72,72,57,72,72,72,64,56],"gold":72,"neow_bonus":"THREE_ENEMY_KILL","is_daily":false,"chose_seed":false,"campfire_upgraded":1,"win_rate":0.0,"timestamp":1611679399,"path_taken":["M","?","?","$","M","E","?","?","T","?","E","M","M","M","R","BOSS","M","M","?","?","$","E","R","M","T","?","E","?","E","?","R","BOSS","M","M","$","M","M","E","?","R","T","E","$","M","E","?","R","BOSS","R","$","E","BOSS"],"items_purchased_type":["Card","Relic","Relic","Card","Relic","Card","Potion","Relic","Card"],"build_version":"2020-12-22","purchased_purges":2,"victory":true,"max_hp_per_floor":[72,72,72,72,72,72,72,72,72,72,72,72,72,72,72,72,72,72,72,72,72,72,72,72,72,72,72,72,72,72,72,72,72,72,72,72,80,80,80,88,88,88,88,80,80,72,72,72,72,72,72,72,72,64,64],"card_choices":[{"not_picked":["FlyingSleeves","ClearTheMind"],"picked":"Replay:Cycle","floor":1.0},{"not_picked":["Wallop","FlurryOfBlows"],"picked":"ThirdEye","floor":5.0},{"not_picked":["Adaptation","SignatureMove"],"picked":"Study","floor":6.0},{"not_picked":["Replay:BluntJabs","CrushJoints","FlurryOfBlows"],"picked":"SKIP","floor":8.0},{"not_picked":["FlyingSleeves","Replay:AtTheReady","SignatureMove"],"picked":"LessonLearned","floor":11.0},{"not_picked":["Fasting2","Vengeance","Wallop"],"picked":"Replay:DivineShield","floor":12.0},{"not_picked":["FlurryOfBlows","EmptyFist","PathToVictory"],"picked":"Protect","floor":13.0},{"not_picked":["ClearTheMind","SashWhip","EmptyFist"],"picked":"Replay:AtTheReady","floor":14.0},{"not_picked":["Replay:LoomingThreat","ConjureBlade","DevaForm"],"picked":"Alpha","floor":16.0},{"not_picked":["Meditate","BowlingBash+1","Crescendo","Indignation"],"picked":"SKIP","floor":18.0},{"not_picked":["ThirdEye","FearNoEvil+1","Pray"],"picked":"CutThroughFate","floor":19.0},{"not_picked":["Collect+1","Fasting2","Halt+1"],"picked":"Pray","floor":23.0},{"not_picked":["FlurryOfBlows","Consecrate+1","Crescendo"],"picked":"JustLucky+1","floor":25.0},{"not_picked":["EmptyBody","CarveReality+1","Nirvana"],"picked":"Replay:DivineShield","floor":27.0},{"not_picked":["Replay:Hum","MentalFortress+1","Wireheading+1"],"picked":"DeceiveReality+1","floor":28.0},{"not_picked":["FlurryOfBlows+1","EmptyFist","SashWhip","Consecrate"],"picked":"SKIP","floor":30.0},{"not_picked":["Ragnarok","Wish","Devotion"],"picked":"Judgement","floor":33.0},{"not_picked":["Sanctity+1","TalkToTheHand","FlyingSleeves+1","PathToVictory+1"],"picked":"Evaluate+1","floor":35.0},{"not_picked":["BowlingBash+1","Prostrate+1","MentalFortress","JustLucky"],"picked":"Replay:ManipulateFuture+1","floor":36.0},{"not_picked":["Replay:AtTheReady","Adaptation","DeceiveReality","Protect"],"picked":"ThirdEye+1","floor":38},{"not_picked":["Replay:Hum","ReachHeaven+1","Halt+1","Consecrate+1"],"picked":"ThirdEye","floor":39},{"not_picked":["WindmillStrike","ThirdEye+1","Vengeance+1","Meditate"],"picked":"Wish","floor":40},{"not_picked":["Specialist","ReplayTheSpireMod:Uncanny Aura","Crow Ritual","Dark Shackles"],"picked":"hubris:EnhanceAbility","floor":41},{"not_picked":["Evaluate","Replay:Vibes","Replay:ManipulateFuture","ThirdEye+1"],"picked":"hubris:SpiceAddiction","floor":44},{"not_picked":["BowlingBash","FollowUp","CrushJoints+1","Crescendo+1"],"picked":"hubris:SpiceAddiction","floor":46},{"not_picked":["Adaptation","CutThroughFate+1","InnerPeace","EmptyBody"],"picked":"Omniscience","floor":47},{"not_picked":["Replay:BluntJabs+1","EmptyBody","WheelKick","EmptyFist"],"picked":"ThirdEye","floor":54}],"player_experience":92520,"relics_obtained":[{"floor":6.0,"key":"Sundial"},{"floor":9.0,"key":"Quantum Egg"},{"floor":10.0,"key":"Question Card"},{"floor":11.0,"key":"Pantograph"},{"floor":23.0,"key":"Gremlin Food"},{"floor":26.0,"key":"hubris:DuctTape"},{"floor":28.0,"key":"hubris:TenFootPole"},{"floor":29.0,"key":"Enchiridion"},{"floor":30.0,"key":"Boot"},{"floor":40,"key":"hubris:Spice"},{"floor":43,"key":"Bronze Scales"},{"floor":44,"key":"hubris:BottledRain"},{"floor":47,"key":"HornCleat"},{"floor":54,"key":"hubris:Spice"}],"event_choices":[{"damage_healed":0.0,"max_hp_gain":0.0,"max_hp_loss":0.0,"gold_gain":0.0,"event_name":"Scrap Ooze","player_choice":"Success","floor":3.0,"gold_loss":0.0,"damage_taken":3.0,"relics_obtained":["Mercury Hourglass"]},{"damage_healed":0.0,"max_hp_gain":0.0,"max_hp_loss":0.0,"gold_gain":0.0,"event_name":"Upgrade Shrine","player_choice":"Upgraded","floor":7.0,"gold_loss":0.0,"damage_taken":0.0,"cards_upgraded":["Study"]},{"damage_healed":0.0,"max_hp_gain":0.0,"max_hp_loss":0.0,"gold_gain":0.0,"event_name":"Upgrade Shrine","player_choice":"Upgraded","floor":21.0,"gold_loss":0.0,"damage_taken":0.0,"cards_upgraded":["Alpha"]},{"damage_healed":0.0,"max_hp_gain":0.0,"max_hp_loss":0.0,"gold_gain":0.0,"event_name":"Cursed Tome","player_choice":"Obtained Book","floor":29.0,"gold_loss":0.0,"damage_taken":16.0},{"damage_healed":0.0,"max_hp_gain":0.0,"max_hp_loss":0.0,"gold_gain":90.0,"event_name":"Knowing Skull","player_choice":"GOLD POTION ","floor":31.0,"potions_obtained":["Toxic Potion"],"gold_loss":0.0,"damage_taken":18.0,"cards_obtained":[]},{"damage_healed":0,"gold_gain":0,"player_choice":"Memory 1","damage_taken":0,"max_hp_gain":0,"max_hp_loss":0,"event_name":"SensoryStone","floor":41,"gold_loss":0}],"is_beta":false,"boss_relics":[{"not_picked":["hubris:VirtuousBlindfold","Astrolabe"],"picked":"Fusion Hammer"},{"not_picked":["Black Star","ReplayTheSpireMod:DimensionalGlitch"],"picked":"Honey Jar"}],"items_purged_floors":[22,53],"is_endless":false,"potions_floor_spawned":[8,13,14,16,19,25,28,33,38,40,47],"ascension_level":1}}