{"host":"7v9t59ze4jbx2rzq","time":1611623697,"event":{"mods":["Act Like it!","BaseMod","Colored Powertips","Dark Map","Highlight Path","Minty Spire (QoL Compilation)","Optimize The Spire","Ruina","Spire Arcade","StSLib","The Caster","The Dragonkin","The Hydrologist","Wide Potions"],"gold_per_floor":[110,127,141,12,29,29,63,81,81,140,168,184,184,213,213,311,311,323,343,363,4,16,16,42,58,58,88,36,62,62,62,62,164,164,182,10,26,42,57,57,83,22,48,48,77,91,91,151,151,151],"floor_reached":51,"language":"ENG","playtime":7141,"items_purged":["hydrologistmod:Strike_Hydrologist","hydrologistmod:Strike_Hydrologist"],"score":922,"play_id":"302fa3e5-d0c7-4848-bd2d-c50b70dde222","local_time":"20210125201457","is_ascension_mode":true,"campfire_choices":[{"data":"hydrologistmod:Drench","floor":6,"key":"SMITH"},{"floor":15,"key":"REST"},{"floor":23,"key":"REST"},{"data":"hydrologistmod:ResonantCrystal","floor":32,"key":"SMITH"},{"floor":40,"key":"REST"},{"floor":47,"key":"REST"},{"floor":49,"key":"RECALL"}],"circlet_count":0,"master_deck":["hydrologistmod:FrostWhip","hydrologistmod:Hydraulics","hydrologistmod:Defend_Hydrologist","hydrologistmod:Defend_Hydrologist","hydrologistmod:Defend_Hydrologist","hydrologistmod:UnstableDefend+1","hydrologistmod:UnstableDefend","hydrologistmod:TidalWave","hydrologistmod:Drench+1","hydrologistmod:Evaporation","hydrologistmod:SoggySynthesis","hydrologistmod:HighTide","hydrologistmod:Crystallization","hydrologistmod:GlacialStrike","hydrologistmod:SoggySynthesis","hydrologistmod:SoggySynthesis","hydrologistmod:GhostlyMist","hydrologistmod:CrystalSpear","hydrologistmod:ResonantCrystal+1","hydrologistmod:ViscousShell","hydrologistmod:Scald","Sadistic Nature","hydrologistmod:ViscousShell+1","hydrologistmod:DeepFreeze+1","hydrologistmod:MirageMist+1","hydrologistmod:FrozenCapsule+1","hydrologistmod:Endothermancy","hydrologistmod:CrystalIce","hydrologistmod:FrozenCapsule+1"],"relics":["hydrologistmod:WaterPouch","Nunchaku","InkBottle","Sundial","Anchor","White Beast Statue","Runic Pyramid","Vajra","Shuriken","MealTicket","Dream Catcher","Fusion Hammer","Membership Card","Akabeko","Art of War","War Paint"],"acts_visited":["Exordium","Exordium","TheBeyond"],"potions_floor_usage":[14,18,19,24,24,25,33,33,35,37,41,45,46,50],"damage_taken":[{"damage":4,"enemies":"Small Slimes","floor":1,"turns":3},{"damage":1,"enemies":"Cultist","floor":2,"turns":3},{"damage":6,"enemies":"2 Louse","floor":3,"turns":2},{"damage":7,"enemies":"2 Fungi Beasts","floor":5,"turns":3},{"damage":23,"enemies":"3 Sentries","floor":7,"turns":9},{"damage":4,"enemies":"Exordium Wildlife","floor":8,"turns":2},{"damage":10,"enemies":"Gremlin Nob","floor":10,"turns":4},{"damage":0,"enemies":"Gremlin Nob","floor":11,"turns":2},{"damage":5,"enemies":"Large Slime","floor":12,"turns":5},{"damage":0,"enemies":"Lagavulin","floor":14,"turns":2},{"damage":0,"enemies":"Slime Boss","floor":16,"turns":6},{"damage":24,"enemies":"ruina:3_Bats","floor":18,"turns":4},{"damage":11,"enemies":"ruina:BadWolf","floor":19,"turns":4},{"damage":7,"enemies":"ruina:KingOfGreed","floor":20,"turns":6},{"damage":15,"enemies":"ruina:Woodsman","floor":22,"turns":4},{"damage":7,"enemies":"ruina:Mountain","floor":24,"turns":7},{"damage":0,"enemies":"ruina:3_Scarecrows","floor":25,"turns":2},{"damage":19,"enemies":"ruina:RoadHome","floor":27,"turns":6},{"damage":20,"enemies":"ruina:JesterOfNihil","floor":33,"turns":8},{"damage":2,"enemies":"3 Darklings","floor":35,"turns":4},{"damage":1,"enemies":"Orb Walker","floor":37,"turns":3},{"damage":25,"enemies":"4 Shapes","floor":38,"turns":4},{"damage":5,"enemies":"Spire Growth","floor":39,"turns":4},{"damage":0,"enemies":"Giant Head","floor":41,"turns":6},{"damage":9,"enemies":"Reptomancer","floor":45,"turns":6},{"damage":0,"enemies":"Writhing Mass","floor":46,"turns":4},{"damage":68,"enemies":"Awakened One","floor":50,"turns":12}],"seed_played":"-7969239935908289544","potions_obtained":[{"floor":1,"key":"SpeedPotion"},{"floor":3,"key":"Dexterity Potion"},{"floor":7,"key":"Fire Potion"},{"floor":16,"key":"Strength Potion"},{"floor":18,"key":"Fire Potion"},{"floor":19,"key":"Dexterity Potion"},{"floor":20,"key":"SpeedPotion"},{"floor":22,"key":"EssenceOfSteel"},{"floor":24,"key":"AttackPotion"},{"floor":25,"key":"Swift Potion"},{"floor":27,"key":"BlessingOfTheForge"},{"floor":33,"key":"ColorlessPotion"},{"floor":35,"key":"Explosive Potion"},{"floor":38,"key":"SpeedPotion"},{"floor":39,"key":"Fire Potion"},{"floor":41,"key":"Energy Potion"},{"floor":45,"key":"hydrologistmod:BottledWater"}],"is_trial":false,"path_per_floor":["M","M","M","$","M","R","E","M","T","?","E","M","?","E","R","B",null,"M","M","M","$","M","R","E","M","T","E","$","T","?","?","R","B",null,"M","$","M","M","M","R","E","$","T","$","E","M","R","?","R","B",null],"character_chosen":"HYDROLOGIST_CLASS","items_purchased":["hydrologistmod:SoggySynthesis","hydrologistmod:Scald","Sadistic Nature","AttackPotion","Membership Card","ColorlessPotion","hydrologistmod:Endothermancy","Block Potion"],"campfire_rested":4,"item_purchase_floors":[4,21,21,28,36,36,42,42],"current_hp_per_floor":[80,79,73,73,66,66,43,39,39,29,29,24,24,24,49,49,84,60,49,42,42,27,52,45,45,45,26,41,41,41,69,69,49,84,82,84,83,58,53,78,78,84,84,84,75,75,84,84,84,16],"gold":151,"neow_bonus":"TEN_PERCENT_HP_BONUS","is_daily":false,"chose_seed":false,"campfire_upgraded":2,"win_rate":0.0,"timestamp":1611623697,"path_taken":["M","M","M","$","M","R","E","M","T","?","E","M","?","E","R","BOSS","M","M","?","$","M","R","E","M","T","E","$","?","?","?","R","BOSS","M","$","M","M","M","R","E","$","T","$","E","M","R","?","R","BOSS"],"items_purchased_type":["Card","Card","Card","Potion","Relic","Potion","Card","Potion"],"build_version":"2020-12-22","purchased_purges":2,"victory":true,"max_hp_per_floor":[84,84,84,84,84,84,84,84,84,84,84,84,84,84,84,84,84,84,84,84,84,84,84,84,84,84,84,84,84,84,84,84,84,84,84,84,84,84,84,84,84,84,84,84,84,84,84,84,84,84],"card_choices":[{"not_picked":["hydrologistmod:StagnantCloak","hydrologistmod:Cryogenics"],"picked":"hydrologistmod:TidalWave","floor":1},{"not_picked":["hydrologistmod:Aqueducts","hydrologistmod:DimensionalIcicles"],"picked":"hydrologistmod:Drench","floor":2},{"not_picked":["hydrologistmod:DimensionalIcicles","hydrologistmod:PressureCycle"],"picked":"hydrologistmod:Evaporation","floor":3},{"not_picked":["hydrologistmod:Defrost","hydrologistmod:PressureBuildup"],"picked":"hydrologistmod:HighTide","floor":5},{"not_picked":["hydrologistmod:Upstream","hydrologistmod:SearingSynthesis"],"picked":"hydrologistmod:Crystallization","floor":7},{"not_picked":["hydrologistmod:StormOfSleet","hydrologistmod:Evaporation"],"picked":"hydrologistmod:GlacialStrike","floor":8},{"not_picked":["hydrologistmod:Cascade","hydrologistmod:HotSprings"],"picked":"hydrologistmod:SoggySynthesis","floor":10},{"not_picked":["hydrologistmod:Hail","hydrologistmod:TidalWave"],"picked":"hydrologistmod:SoggySynthesis","floor":11},{"not_picked":["hydrologistmod:GlacialSynthesis","hydrologistmod:Dehydrate"],"picked":"hydrologistmod:GhostlyMist","floor":12},{"not_picked":["hydrologistmod:Evaporation","hydrologistmod:Defrost","hydrologistmod:Cryogenics"],"picked":"SKIP","floor":14},{"not_picked":["hydrologistmod:StormOfSleet","hydrologistmod:ReleaseValve"],"picked":"hydrologistmod:CrystalSpear","floor":16},{"not_picked":["hydrologistmod:LayeredShell+1","hydrologistmod:SwelteringStrike+1"],"picked":"hydrologistmod:DimensionalIcicles","floor":18},{"not_picked":["hydrologistmod:OccludingMist","hydrologistmod:JetPropulsion+1"],"picked":"hydrologistmod:ResonantCrystal","floor":19},{"not_picked":["hydrologistmod:StormOfSleet","hydrologistmod:GhostlyMist"],"picked":"hydrologistmod:ViscousShell","floor":20},{"not_picked":["hydrologistmod:Debilitate","hydrologistmod:OccludingMist","hydrologistmod:Cascade"],"picked":"SKIP","floor":22},{"not_picked":["hydrologistmod:DimensionalIcicles","hydrologistmod:CrystalLattice","hydrologistmod:Cascade"],"picked":"SKIP","floor":24},{"not_picked":["hydrologistmod:GhostlyMist","hydrologistmod:SoggySynthesis"],"picked":"hydrologistmod:ViscousShell","floor":25},{"not_picked":["hydrologistmod:SoggySynthesis","hydrologistmod:StagnantCloak","hydrologistmod:Slurry"],"picked":"SKIP","floor":27},{"not_picked":["hydrologistmod:GhostlyMist+1","hydrologistmod:DimensionalIcicles"],"picked":"hydrologistmod:DeepFreeze+1","floor":35},{"not_picked":["hydrologistmod:GhostlyMist","hydrologistmod:GlacialSynthesis"],"picked":"hydrologistmod:MirageMist+1","floor":37},{"not_picked":["hydrologistmod:Evaporation","hydrologistmod:GlacialSynthesis+1"],"picked":"hydrologistmod:FrozenCapsule+1","floor":38},{"not_picked":["hydrologistmod:Debilitate","hydrologistmod:IcyFloe","hydrologistmod:YawningAbyss+1"],"picked":"SKIP","floor":39},{"not_picked":["hydrologistmod:Debilitate","hydrologistmod:IcyFloe","hydrologistmod:YawningAbyss+1"],"picked":"SKIP","floor":39},{"not_picked":["hydrologistmod:Ripcurrent","hydrologistmod:GlacialSynthesis","hydrologistmod:DimensionalIcicles"],"picked":"SKIP","floor":41},{"not_picked":["hydrologistmod:TidalWave+1","hydrologistmod:Debilitate"],"picked":"hydrologistmod:CrystalIce","floor":45},{"not_picked":["hydrologistmod:SwelteringStrike","hydrologistmod:Dehydrate","hydrologistmod:Cascade+1"],"picked":"SKIP","floor":46},{"not_picked":["hydrologistmod:SoggySynthesis+1","hydrologistmod:GhostlyMist+1"],"picked":"hydrologistmod:FrozenCapsule+1","floor":47}],"player_experience":2209812,"relics_obtained":[{"floor":7,"key":"Nunchaku"},{"floor":9,"key":"InkBottle"},{"floor":10,"key":"Sundial"},{"floor":11,"key":"Anchor"},{"floor":14,"key":"White Beast Statue"},{"floor":24,"key":"Vajra"},{"floor":26,"key":"Shuriken"},{"floor":27,"key":"MealTicket"},{"floor":29,"key":"Dream Catcher"},{"floor":41,"key":"Akabeko"},{"floor":43,"key":"Art of War"},{"floor":45,"key":"War Paint"}],"event_choices":[{"damage_healed":0,"gold_gain":0,"player_choice":"Searched \u00271\u0027 times","damage_taken":0,"max_hp_gain":0,"max_hp_loss":0,"event_name":"Dead Adventurer","floor":10,"gold_loss":0},{"cards_removed":["hydrologistmod:Strike_Hydrologist"],"damage_healed":0,"gold_gain":0,"player_choice":"Card Removal","damage_taken":0,"max_hp_gain":0,"max_hp_loss":0,"event_name":"Wheel of Change","floor":13,"gold_loss":0},{"cards_removed":["hydrologistmod:DimensionalIcicles"],"damage_healed":0,"gold_gain":0,"player_choice":"Elegance","damage_taken":0,"max_hp_gain":0,"max_hp_loss":0,"event_name":"Back to Basics","floor":30,"gold_loss":0},{"damage_healed":28,"gold_gain":0,"player_choice":"Heal","damage_taken":0,"max_hp_gain":0,"max_hp_loss":0,"event_name":"The Library","floor":31,"gold_loss":0}],"is_beta":false,"boss_relics":[{"not_picked":["SlaversCollar","hydrologistmod:SpinningStones"],"picked":"Runic Pyramid"},{"not_picked":["Snecko Eye","Pandora\u0027s Box"],"picked":"Fusion Hammer"}],"items_purged_floors":[4,21],"is_endless":false,"potions_floor_spawned":[1,3,7,10,11,16,18,19,20,22,24,25,27,33,35,37,38,39,41,45,46],"ascension_level":2}}