{"host":"mn5kbj4x7gv3jr0o","time":1611682123,"event":{"mods":["2.2 Compatiblity","A Magickal Journey","AchievementEnabler","Ascension Reborn","Ascension Unlocker","Aspiration","BaseMod","Bestiary","Better Altar","Better Note","Better Sensory Stone","Better Silent Start","Better Skull","Better Third Choice","Better Vampires","Better-Laid Plans","BetterRewards","Block Reminder","CCEM2","Colored Powertips","Colorless Booster Pack","Conjunction","Conspire","Curses Come First","Dota2Spire","Downfall","Emptier Cage","Energized Spire","Fox Events","GifTheSpireLib","Halation","HololiveMod","Hubris","Infinite Spire","Ironclad Rager","Jess\u0027s Bottle","Keyboard Shortcuts","Minty Spire (QoL Compilation)","Mirrors Mod","Poem Panic","Potion Indicator Mod","Potionbrewer","Puzzle Mod","Quarter Circle Forward PUNCH!","Quick Restart","Random Character Button","RatMod","Relic Sorter","Retaliation","Reworked Bosses","SCP261 Mod","SacredBarkPlus","Shop Mod","Small Relic Pack","Spicy Shops","Spikes Relics","StS++","StSLib","Stuff the Spire","The Blue Laboratory","Thieving Mod","Trackpad","Uncapped","UnlockEverythingMod","Useless Jewels Mod","Virulent Crown"],"gold_per_floor":[20,37,37,37,48,77,77,104,104,124,124,141,155,4,4,101,101,113,113,130,130,130,169,169,196,221,267,277,297,314,343,343,453,453,467,81,106,106,125,158,191,191,191,191,207,234,264,282,282,289,289],"floor_reached":50,"language":"ENG","playtime":4597,"items_purged":[],"score":640,"play_id":"ffd08537-4ab4-46cb-bbe7-b5f34a79f514","local_time":"20210126122843","is_ascension_mode":false,"campfire_choices":[{"data":"Eruption","floor":7.0,"key":"SMITH"},{"data":"ICR:YinYang","floor":11.0,"key":"SMITH"},{"floor":15.0,"key":"REST"},{"data":"hubris:InfiniteBlow+10","floor":24.0,"key":"SMITH"},{"floor":32.0,"key":"REST"},{"data":"LessonLearned","floor":49,"key":"SMITH"}],"circlet_count":0,"master_deck":["Eruption+1","Vigilance","FollowUp","FollowUp","FollowUp","FollowUp+1","ThirdEye","ThirdEye","ThirdEye","ThirdEye","EmptyFist","FlurryOfBlows","PathToVictory","ClearTheMind","Perseverance","ICR:YinYang+1","Adaptation","ForeignInfluence","StSpp:Faith","BattleHymn","infinitespire:Collect","hubris:InfiniteBlow+42","Prostrate","StuffTheSpire:FreeRealEstate+1","infinitespire:Collect","StSpp:LatentStrike+1","Devotion","FlurryOfBlows","FlurryOfBlows","LessonLearned+1","StSpp:LatentStrike","SandsOfTime","Deep Breath","Parasite","InnerPeace","Decay","Prostrate+1"],"relics":["PureWater","Dota2Spire:DrumOfEndurance","halation:EternalFortune","Dota2Spire:EtherealBlade","qcfpunch:Wild_Herbs_Ointment","RoseTintedShades","trackpad:IceCube","hubris:TerracottaHorce","conspire:TreasureMap","CCEMRelics:FakeTeeth","StSpp:BrokenTotem","Philosopher\u0027s Stone","CCEMRelics:SpiritSanctuary","conspire:TreasureMap","CCEMRelics:BundleOfDynamite","CCEMRelics:FryingPan","rat:PhantomDancer"],"acts_visited":["Exordium","TheCity","TheBeyond"],"potions_floor_usage":[50],"damage_taken":[{"damage":0.0,"enemies":"Small Slimes","floor":1.0,"turns":2.0},{"damage":0.0,"enemies":"2 Louse","floor":2.0,"turns":2.0},{"damage":3.0,"enemies":"FloatingMirror","floor":5.0,"turns":3.0},{"damage":6.0,"enemies":"3 Sentries","floor":6.0,"turns":8.0},{"damage":16.0,"enemies":"Gremlin Nob","floor":8.0,"turns":3.0},{"damage":0.0,"enemies":"Exordium Thugs","floor":10.0,"turns":3.0},{"damage":1.0,"enemies":"Red Slaver","floor":12.0,"turns":3.0},{"damage":0.0,"enemies":"conspire:2 RoseBushes","floor":13.0,"turns":5.0},{"damage":11.0,"enemies":"Hexaghost","floor":16.0,"turns":9.0},{"damage":10.0,"enemies":"Chosen","floor":18.0,"turns":5.0},{"damage":7.0,"enemies":"2 Thieves","floor":20.0,"turns":3.0},{"damage":0.0,"enemies":"conspire:Head Lice","floor":23.0,"turns":3.0},{"damage":0.0,"enemies":"Cultist and Chosen","floor":25.0,"turns":3.0},{"damage":0.0,"enemies":"Snake Plant","floor":28.0,"turns":1.0},{"damage":7.0,"enemies":"Sentry and Sphere","floor":29.0,"turns":3.0},{"damage":11.0,"enemies":"Shelled Parasite and Fungi","floor":30.0,"turns":3.0},{"damage":10.0,"enemies":"conspire:HollyBat","floor":31.0,"turns":6.0},{"damage":12.0,"enemies":"bossMod:newCollector","floor":33.0,"turns":4.0},{"damage":2.0,"enemies":"Orb Walker","floor":35.0,"turns":2.0},{"damage":0.0,"enemies":"3 Shapes","floor":37.0,"turns":3.0},{"damage":4.0,"enemies":"Spire Growth","floor":39.0,"turns":3.0},{"damage":37.0,"enemies":"Nightmare","floor":40.0,"turns":5.0},{"damage":0.0,"enemies":"Writhing Mass","floor":41.0,"turns":4.0},{"damage":0.0,"enemies":"Jaw Worm Horde","floor":45.0,"turns":2.0},{"damage":2.0,"enemies":"4 Shapes","floor":46.0,"turns":3.0},{"damage":0.0,"enemies":"Reptomancer","floor":47.0,"turns":1.0},{"damage":0,"enemies":"3 Darklings","floor":48,"turns":3}],"seed_played":"6784530279680514139","potions_obtained":[{"floor":2.0,"key":"blueLaboratory:AbyssPotion"},{"floor":6.0,"key":"LiquidBronze"},{"floor":10.0,"key":"Ambrosia"},{"floor":12.0,"key":"blueLaboratory:AlphaPotion"},{"floor":16.0,"key":"StSpp:InhibitionPotion"},{"floor":23.0,"key":"blueLaboratory:BottleOfRum"},{"floor":40.0,"key":"DistilledChaos"},{"floor":41.0,"key":"blueLaboratory:HummingbirdPotion"},{"floor":48,"key":"DuplicationPotion"}],"is_trial":false,"path_per_floor":["M","M","?","?","M","E","R","E","T","M","R","M","M","$","R","B",null,"M","AVR","M","?","?","E","R","M","T","T","M","M","M","M","R","B",null,"M","$","M","AVR","M","NM","M","?","T","?","M","M","E","M","R","B"],"character_chosen":"WATCHER","items_purchased":["trackpad:IceCube","CCEMRelics:SpiritSanctuary","SandsOfTime","Deep Breath"],"campfire_rested":2,"item_purchase_floors":[14,36,36,36],"current_hp_per_floor":[47,47,47,50,47,41,41,25,25,25,25,27,27,27,48,37,71,61,61,54,54,54,54,54,54,54,54,54,47,36,26,47,35,71,69,69,72,72,68,35,35,68,68,68,68,66,66,66,66,0,0],"gold":289,"neow_bonus":"WATCHER_SHAOLIN","is_daily":false,"chose_seed":false,"campfire_upgraded":4,"win_rate":0.0,"timestamp":1611682123,"path_taken":["M","M","?","?","M","E","R","E","T","M","R","M","M","$","R","BOSS","M","AVR","M","?","?","E","R","M","T","?","M","M","?","M","R","BOSS","M","$","M","AVR","M","NM","M","?","T","?","M","?","E","M","R","BOSS"],"items_purchased_type":["Relic","Relic","Card","Card"],"build_version":"2020-12-22","purchased_purges":0,"victory":false,"max_hp_per_floor":[65,65,65,68,68,68,68,68,68,68,68,71,71,71,71,71,71,71,71,71,71,71,71,71,71,71,71,71,71,71,71,71,71,71,71,71,74,74,74,78,78,68,68,68,68,68,68,68,68,68,68],"card_choices":[{"not_picked":["Consecrate","Crescendo"],"picked":"EmptyFist","floor":1.0},{"not_picked":["PathToVictory","Pray"],"picked":"FlurryOfBlows","floor":2.0},{"not_picked":["Scrawl","Tantrum"],"picked":"PathToVictory","floor":5.0},{"not_picked":["WaveOfTheHand","StSpp:Chanting"],"picked":"ClearTheMind","floor":6.0},{"not_picked":["EmptyMind","FollowUp"],"picked":"Perseverance","floor":8.0},{"not_picked":["StSpp:Renounce","ThirdEye"],"picked":"ICR:YinYang","floor":10.0},{"not_picked":["ThirdEye","ConjureBlade"],"picked":"Adaptation","floor":12.0},{"not_picked":["FlyingSleeves","SashWhip"],"picked":"ForeignInfluence","floor":13.0},{"not_picked":["Alpha","Scrawl"],"picked":"StSpp:Faith","floor":16.0},{"not_picked":["ThirdEye","Protect"],"picked":"BattleHymn","floor":18.0},{"not_picked":["StSpp:LatentStrike","SashWhip"],"picked":"Prostrate","floor":20.0},{"not_picked":["Meditate","BattleHymn","Protect"],"picked":"SKIP","floor":23.0},{"not_picked":["StSpp:Purify","FlyingSleeves"],"picked":"StSpp:LatentStrike+1","floor":25.0},{"not_picked":["Evaluate","FollowUp+1"],"picked":"Devotion","floor":28.0},{"not_picked":["SashWhip","CarveReality"],"picked":"FlurryOfBlows","floor":29.0},{"not_picked":["Consecrate","TalkToTheHand+1"],"picked":"FlurryOfBlows","floor":30.0},{"not_picked":["EmptyFist","Halt","WaveOfTheHand+1"],"picked":"SKIP","floor":31.0},{"not_picked":["Judgement","Devotion"],"picked":"LessonLearned","floor":33.0},{"not_picked":["Evaluate","Study+1"],"picked":"StSpp:LatentStrike","floor":35.0},{"not_picked":["FlyingSleeves","Halt+1","CrushJoints"],"picked":"SKIP","floor":37.0},{"not_picked":["CutThroughFate","WreathOfFlame+1","FollowUp+1"],"picked":"SKIP","floor":39.0},{"not_picked":["Protect","Adaptation+1","ThirdEye"],"picked":"SKIP","floor":40.0},{"not_picked":["DeceiveReality+1","WheelKick+1"],"picked":"InnerPeace","floor":41.0},{"not_picked":["Meditate+1","SandsOfTime+1","Halt+1"],"picked":"SKIP","floor":45.0},{"not_picked":["Meditate","Wireheading","ReachHeaven+1"],"picked":"SKIP","floor":46.0},{"not_picked":["Halt+1","SandsOfTime+1","StSpp:Renounce"],"picked":"SKIP","floor":47.0},{"not_picked":["Evaluate","FollowUp+1"],"picked":"Prostrate+1","floor":48}],"player_experience":155519,"relics_obtained":[{"floor":6.0,"key":"Dota2Spire:EtherealBlade"},{"floor":8.0,"key":"qcfpunch:Wild_Herbs_Ointment"},{"floor":9.0,"key":"RoseTintedShades"},{"floor":12.0,"key":"halation:EternalFortune"},{"floor":23.0,"key":"Dota2Spire:DrumOfEndurance"},{"floor":26.0,"key":"CCEMRelics:FakeTeeth"},{"floor":27.0,"key":"StSpp:BrokenTotem"},{"floor":37.0,"key":"halation:EternalFortune"},{"floor":40.0,"key":"CCEMRelics:BundleOfDynamite"},{"floor":43.0,"key":"CCEMRelics:FryingPan"},{"floor":47.0,"key":"rat:PhantomDancer"}],"event_choices":[{"cards_removed":["Clumsy"],"damage_healed":0.0,"max_hp_gain":0.0,"max_hp_loss":0.0,"gold_gain":0.0,"event_name":"Living Wall","player_choice":"Forget","floor":3.0,"gold_loss":0.0,"damage_taken":0.0},{"cards_removed":["infinitespire:Collect"],"damage_healed":0.0,"max_hp_gain":0.0,"max_hp_loss":0.0,"gold_gain":0.0,"event_name":"betterNote:BetterNote","player_choice":"Take \u0026 Give","floor":21.0,"gold_loss":0.0,"damage_taken":0.0,"cards_obtained":["StuffTheSpire:FreeRealEstate"]},{"damage_healed":0.0,"max_hp_gain":0.0,"max_hp_loss":0.0,"gold_gain":2.0,"event_name":"betterStone:BetterStone","player_choice":"4","floor":22.0,"gold_loss":0.0,"damage_taken":0.0,"cards_obtained":["infinitespire:Collect"]},{"damage_healed":68.0,"max_hp_gain":0.0,"max_hp_loss":10.0,"gold_gain":0.0,"event_name":"The Moai Head","player_choice":"Heal","floor":42.0,"gold_loss":0.0,"damage_taken":0.0},{"damage_healed":0.0,"max_hp_gain":0.0,"max_hp_loss":0.0,"gold_gain":0.0,"event_name":"Wheel of Change","player_choice":"Cursed","floor":44.0,"gold_loss":0.0,"damage_taken":0.0,"cards_obtained":["Decay"]}],"is_beta":false,"boss_relics":[{"not_picked":["CCEMRelics:ReaperScythe","relicPack:ShieldShield"],"picked":"hubris:TerracottaHorce"},{"not_picked":["StSpp:Balance","halation:MonkeysPaw"],"picked":"Philosopher\u0027s Stone"}],"items_purged_floors":[],"is_endless":false,"potions_floor_spawned":[2,6,10,12,16,18,23,25,30,33,35,39,40,41,48],"killed_by":"MirrorBossEncounter","ascension_level":0}}