{"host":"gzsdmyo07u314vug","time":1611625734,"event":{"mods":["2.2 Compatiblity","Astrologer","BaseMod","Colored Powertips","GifTheSpireLib","Gremlin Mod","Hermit","Jorbs\u0027s Wanderer Trilogy","Minty Spire (QoL Compilation)","Quick Restart","Rare Cards Sparkle","Relic Stats","Replay The Spire","Robot Space Explorer","Shop Mod","StSLib","The Bug Knight","The Construct","The Cursed","The Elementalist","The Hierophant","The IronCluck","The Marked","The Necromancer","The Runesmith","The Servant 0.9.4","Unceasing Turn Reminder","everything is the same but u backflip on backflip","slay the spire mod where everything is the same but ironclad has a cowboy hat"],"gold_per_floor":[116,132,21,21,34,34,51,51,121,121,153,153,176,40,40,168,168,192,210,29,29,29,29,70,91,163,163,163],"floor_reached":27,"language":"ENG","playtime":2739,"items_purged":["Strike_S"],"score":370,"play_id":"103d5350-b934-423b-81f9-85f83e05d7f5","local_time":"20210125224854","is_ascension_mode":true,"campfire_choices":[{"data":"Moondial","floor":6.0,"key":"SMITH"},{"floor":8.0,"key":"REST"},{"data":"BottledTime","floor":10.0,"key":"SMITH"},{"floor":15.0,"key":"REST"},{"data":"DancingSilver","floor":23.0,"key":"SMITH"}],"circlet_count":0,"master_deck":["AscendersBane","Strike_S","Defend_S","Defend_S","Defend_S","KidneyShot","Exchange","BottledTime+1","Moonlight","Moondial+1","Rearm","BestPractice","Manipulate","FastForward","MurderousAura","MurderousAura","Rewind","DancingSilver","Orbit","DancingSilver+1","Pot Of Greed","Pot Of Greed","BottledTime"],"relics":["Uniform","ReplayTheSpireMod:Ninjato","PreservedInsect","Golden Idol","Black Star","Sling","Mercury Hourglass","Grinning Jar","Eternal Feather"],"acts_visited":["Exordium","TheCity"],"potions_floor_usage":[24,27],"damage_taken":[{"damage":0.0,"enemies":"2 Louse","floor":1.0,"turns":3.0},{"damage":2.0,"enemies":"Cultist","floor":2.0,"turns":4.0},{"damage":0.0,"enemies":"Small Slimes","floor":5.0,"turns":3.0},{"damage":20.0,"enemies":"Exordium Thugs","floor":7.0,"turns":6.0},{"damage":18.0,"enemies":"Replay:BlueRogue","floor":11.0,"turns":4.0},{"damage":0.0,"enemies":"Blue Slaver","floor":13.0,"turns":3.0},{"damage":16.0,"enemies":"Slime Boss","floor":16.0,"turns":9.0},{"damage":10.0,"enemies":"Shell Parasite","floor":18.0,"turns":4.0},{"damage":5.0,"enemies":"3 Cultists","floor":19.0,"turns":5.0},{"damage":17,"enemies":"Book of Stabbing","floor":24,"turns":5},{"damage":11,"enemies":"Shelled Parasite and Fungi","floor":25,"turns":4},{"damage":8,"enemies":"Replay:Snechameleon","floor":27,"turns":2}],"seed_played":"-962640264348286064","potions_obtained":[{"floor":7.0,"key":"FearPotion"},{"floor":13.0,"key":"construct:ShiftPotion"},{"floor":16.0,"key":"SkillPotion"},{"floor":18.0,"key":"FearPotion"}],"is_trial":false,"path_per_floor":["M","M","$","?","M","R","M","R","T","R","E","?","M","$","R","B",null,"M","M","$","?","$","R","E","M","T","E"],"character_chosen":"THE_SERVANT","items_purchased":["Moondial","MurderousAura","Orbit","Sling"],"campfire_rested":2,"item_purchase_floors":[3,14,20,20],"current_hp_per_floor":[44,42,42,42,42,42,22,41,41,41,23,23,23,23,41,25,51,41,36,36,36,36,36,19,8,8,0,0],"gold":163,"neow_bonus":"REMOVE_TWO","is_daily":false,"chose_seed":false,"campfire_upgraded":3,"win_rate":0.0,"timestamp":1611625734,"path_taken":["M","M","$","?","?","R","M","R","T","R","E","?","M","?","R","BOSS","M","M","$","?","?","R","E","?","T","E"],"items_purchased_type":["Card","Card","Card","Relic"],"build_version":"2020-12-22","purchased_purges":1,"victory":false,"max_hp_per_floor":[65,65,65,65,65,65,65,65,65,65,65,60,60,60,60,60,60,60,60,60,60,60,60,60,60,60,60,60],"relic_stats":{"counters":[12,52],"Golden Idol":52,"Eternal Feather":0,"PreservedInsect":81,"Black Star":1,"obtain_stats":[{"ReplayTheSpireMod:Ninjato":9,"Golden Idol":12,"Eternal Feather":26,"PreservedInsect":11,"Uniform":0,"Black Star":17,"Grinning Jar":24,"Sling":20,"Mercury Hourglass":24},{"ReplayTheSpireMod:Ninjato":4,"Golden Idol":5,"Eternal Feather":11,"PreservedInsect":5,"Uniform":0,"Black Star":7,"Grinning Jar":10,"Sling":9,"Mercury Hourglass":10},{"ReplayTheSpireMod:Ninjato":16,"Golden Idol":20,"Eternal Feather":50,"PreservedInsect":20,"Uniform":0,"Black Star":32,"Grinning Jar":46,"Sling":41,"Mercury Hourglass":46}],"Mercury Hourglass":[15]},"card_choices":[{"not_picked":["Ricochet","ShatteredReality"],"picked":"BottledTime","floor":1.0},{"not_picked":["StarChef","FastForward"],"picked":"Moonlight","floor":2.0},{"not_picked":["Alleviate","RealityMarble"],"picked":"Rearm","floor":5.0},{"not_picked":["Ricochet","Potential"],"picked":"BestPractice","floor":7.0},{"not_picked":["SilverMatrix","RealityMarble"],"picked":"Manipulate","floor":11.0},{"not_picked":["DualDimension","Revamp"],"picked":"FastForward","floor":13.0},{"not_picked":["TrueSight","Deny"],"picked":"MurderousAura","floor":16.0},{"not_picked":["Ricochet","Replace"],"picked":"Rewind","floor":18.0},{"not_picked":["Ricochet","Misdirection"],"picked":"DancingSilver","floor":19.0},{"not_picked":["WasteNot","RealityMarble","GearUp"],"picked":"SKIP","floor":24},{"not_picked":["WasteNot","RealityMarble","GearUp"],"picked":"SKIP","floor":24},{"not_picked":["Orbit","TimeWarp"],"picked":"BottledTime","floor":25}],"player_experience":785704,"relics_obtained":[{"floor":9.0,"key":"ReplayTheSpireMod:Ninjato"},{"floor":11.0,"key":"PreservedInsect"},{"floor":24,"key":"Mercury Hourglass"},{"floor":24,"key":"Grinning Jar"},{"floor":26,"key":"Eternal Feather"}],"event_choices":[{"cards_removed":["Strike_S"],"damage_healed":0.0,"max_hp_gain":0.0,"max_hp_loss":0.0,"gold_gain":0.0,"event_name":"Purifier","player_choice":"Purged","floor":4.0,"gold_loss":0.0,"damage_taken":0.0},{"damage_healed":0.0,"max_hp_gain":0.0,"max_hp_loss":5.0,"gold_gain":0.0,"event_name":"Golden Idol","player_choice":"Lose Max HP","floor":12.0,"gold_loss":0.0,"damage_taken":0.0,"relics_obtained":["Golden Idol"]},{"damage_healed":0.0,"max_hp_gain":0.0,"max_hp_loss":0.0,"gold_gain":0.0,"event_name":"Duplicator","player_choice":"Copied","floor":21.0,"gold_loss":0.0,"damage_taken":0.0,"cards_obtained":["DancingSilver"]}],"is_beta":false,"boss_relics":[{"not_picked":["Snecko Eye","Ring of Chaos"],"picked":"Black Star"}],"items_purged_floors":[3],"is_endless":false,"potions_floor_spawned":[7,13,16,18],"killed_by":"Replay:Snechameleon","ascension_level":12}}