{"host":"ooe12lh8pgcirntb","time":1611691528,"event":{"mods":["AchievementEnabler","Act Like it!","BaseMod","Beaked The Cultist","ChefMod","Colored Map","Colored Powertips","Downfall","Minty Spire (QoL Compilation)","StSLib","The Animator","The Bug Knight","The Disciple","The Hierophant","The Problem Sleuth"],"gold_per_floor":[124,71,83,83,83,83,93,93,93,118,18,46,46,64,64,167,167,183,194,194,224,237,237,237],"floor_reached":23,"language":"ENG","playtime":3920,"items_purged":[],"score":193,"play_id":"62efed4a-9968-4689-b3e4-7e6626619c78","local_time":"20210126150528","is_ascension_mode":false,"campfire_choices":[{"data":"animator:UneriGinkaku","floor":6,"key":"SMITH"},{"floor":8,"key":"REST"},{"floor":13,"key":"REST"},{"data":"animator:Konayuki","floor":15,"key":"SMITH"}],"circlet_count":0,"master_deck":["animator:Strike_GoblinSlayer","animator:Defend_GoblinSlayer","animator:Strike","animator:Strike","animator:Strike","animator:Defend","animator:Defend","animator:Defend","animator:LizardPriest","animator:DwarfShaman","animator:IchigoKurosaki","animator:UneriGinkaku+1","animator:KyokoSakura","animator:Shion","animator:Mitsurugi","animator:Spearman","animator:Yuuichirou","animator:Konayuki+1","animator:WinryRockbell","animator:HigakiRinne","animator:UneriGinkaku+1","animator:HighElfArcher","animator:CowGirl","animator:Mitsuba"],"relics":["animator:VividPicture","animator:TheMissingPiece","Ginger","HollowMod:LifeEnderRelic","Torii"],"acts_visited":["Exordium","TheCity"],"potions_floor_usage":[16,16,16,22],"damage_taken":[{"damage":3,"enemies":"Small Slimes","floor":1,"turns":4},{"damage":6,"enemies":"Cultist","floor":3,"turns":3},{"damage":4,"enemies":"Jaw Worm","floor":7,"turns":3},{"damage":4,"enemies":"Large Slime","floor":10,"turns":5},{"damage":17,"enemies":"3 Sentries","floor":12,"turns":4},{"damage":0,"enemies":"Exordium Wildlife","floor":14,"turns":3},{"damage":4,"enemies":"Hexaghost","floor":16,"turns":7},{"damage":31,"enemies":"2 Thieves","floor":18,"turns":3},{"damage":10,"enemies":"3 Byrds","floor":19,"turns":4},{"damage":19,"enemies":"Snecko","floor":21,"turns":4},{"damage":7,"enemies":"3 Cultists","floor":22,"turns":5},{"damage":7,"enemies":"Book of Stabbing","floor":23,"turns":2}],"seed_played":"6509909501686181782","potions_obtained":[{"floor":5,"key":"DistilledChaos"},{"floor":5,"key":"SkillPotion"},{"floor":5,"key":"SpeedPotion"},{"floor":16,"key":"DuplicationPotion"},{"floor":21,"key":"Dexterity Potion"},{"floor":22,"key":"Dexterity Potion"}],"is_trial":false,"path_per_floor":["M","$","M","?","?","R","M","R","T","M","$","E","R","M","R","B",null,"M","M","$","M","M","E"],"character_chosen":"THE_ANIMATOR","items_purchased":["animator:KyokoSakura","animator:Yuuichirou","animator:Konayuki"],"campfire_rested":2,"item_purchase_floors":[2,11,11],"current_hp_per_floor":[63,63,57,32,32,32,28,47,47,43,43,26,45,45,45,42,67,36,27,27,8,1,0,0],"gold":237,"neow_bonus":"RANDOM_COLORLESS","is_daily":false,"chose_seed":false,"campfire_upgraded":2,"win_rate":0.0,"timestamp":1611691528,"path_taken":["M","$","M","?","?","R","?","R","T","M","?","E","R","M","R","BOSS","M","M","$","M","M","E"],"items_purchased_type":["Card","Card","Card"],"build_version":"2020-12-22","purchased_purges":0,"victory":false,"max_hp_per_floor":[66,66,66,66,66,66,66,66,66,66,66,66,66,66,66,67,67,67,68,68,68,68,68,68],"card_choices":[{"not_picked":["animator:LimeBell","animator:Kagari"],"picked":"animator:IchigoKurosaki","floor":0},{"not_picked":["animator:Azekura","animator:Gluttony"],"picked":"animator:UneriGinkaku","floor":1},{"not_picked":["animator:Priestess","animator:ZankiKiguchi"],"picked":"animator:Shion","floor":3},{"not_picked":["animator:Shuna","animator:GazelDwargon"],"picked":"animator:Mitsurugi","floor":7},{"not_picked":["animator:Priestess","animator:CowGirl"],"picked":"animator:Spearman","floor":10},{"not_picked":["animator:ZankiKiguchi","animator:Azekura","animator:Konayuki"],"picked":"SKIP","floor":12},{"not_picked":["animator:Kazuma","animator:MaesHughes"],"picked":"animator:WinryRockbell","floor":14},{"not_picked":["animator:Wiz","animator:MadokaKaname"],"picked":"animator:HigakiRinne","floor":16},{"not_picked":["animator:Verdia+1","animator:Souei"],"picked":"animator:UneriGinkaku+1","floor":18},{"not_picked":["animator:LizardPriest","animator:GuildGirl"],"picked":"animator:HighElfArcher","floor":19},{"not_picked":["animator:TsurugaMeisai","animator:Mitsurugi"],"picked":"animator:CowGirl","floor":21},{"not_picked":["animator:MaesHughes","animator:Millim"],"picked":"animator:Mitsuba","floor":22}],"player_experience":736314,"relics_obtained":[{"floor":9,"key":"HollowMod:LifeEnderRelic"},{"floor":12,"key":"Torii"}],"event_choices":[{"damage_healed":0,"gold_gain":0,"player_choice":"Success","damage_taken":25,"relics_obtained":["Ginger"],"max_hp_gain":0,"max_hp_loss":0,"event_name":"Scrap Ooze","floor":4,"gold_loss":0},{"damage_healed":0,"gold_gain":0,"player_choice":"Got Potions","damage_taken":0,"max_hp_gain":0,"max_hp_loss":0,"event_name":"Lab","floor":5,"gold_loss":0}],"is_beta":false,"boss_relics":[{"not_picked":["beaked:MawFillet","Astrolabe"],"picked":"animator:VividPicture"}],"items_purged_floors":[],"is_endless":false,"potions_floor_spawned":[7,14,16,21,22],"killed_by":"Book of Stabbing","ascension_level":0}}