{"host":"0xtpc43j5kblke7u","time":1611635748,"event":{"mods":["AchievementEnabler","BaseMod","Colored Map","Highlight Path","Minty Spire (QoL Compilation)"],"gold_per_floor":[115,129,147,222,222,255,45,60,60,93,103,137,137,155,155,252,252,272,22,22,36,48,74,74,99,179,196,210,222,232,1,1,100,150,167,267,282,282,298,298,333,333,360,360,360,235,235,91,91,91],"floor_reached":51,"language":"ENG","playtime":3790,"items_purged":["Strike_G","Strike_G","Strike_G"],"score":1035,"play_id":"57893912-4b97-4d85-9881-c67bd837e098","local_time":"20210125233548","is_ascension_mode":true,"campfire_choices":[{"floor":13.0,"key":"REST"},{"floor":15.0,"key":"REST"},{"floor":24.0,"key":"REST"},{"floor":32.0,"key":"REST"},{"floor":40,"key":"REST"},{"floor":42,"key":"REST"},{"data":"Malaise","floor":47,"key":"SMITH"},{"data":"Footwork","floor":49,"key":"SMITH"}],"circlet_count":0,"master_deck":["Strike_G","Defend_G","Defend_G","Defend_G+1","Defend_G","Defend_G","Survivor","Neutralize","Noxious Fumes","PiercingWail","Footwork+1","Glass Knife","Poisoned Stab","Dagger Spray+1","Quick Slash+1","Footwork","Cloak And Dagger","Acrobatics","Backflip","Backflip","Adrenaline","Crippling Poison","Die Die Die","Malaise+1","Escape Plan","Leg Sweep","Predator","Blade Dance","Infinite Blades","Finisher"],"relics":["Ring of the Snake","Regal Pillow","Letter Opener","Ice Cream","Prayer Wheel","Potion Belt","Philosopher\u0027s Stone","Whetstone","Bottled Lightning","Shuriken","Blue Candle","HandDrill","Tiny House","Pocketwatch","Centennial Puzzle","Strawberry","Chemical X"],"acts_visited":["Exordium","TheCity","TheBeyond"],"potions_floor_usage":[38,41,41,50],"damage_taken":[{"damage":1.0,"enemies":"Small Slimes","floor":1.0,"turns":4.0},{"damage":6.0,"enemies":"Jaw Worm","floor":2.0,"turns":4.0},{"damage":3.0,"enemies":"Cultist","floor":3.0,"turns":5.0},{"damage":11.0,"enemies":"Lagavulin","floor":6.0,"turns":10.0},{"damage":3.0,"enemies":"Red Slaver","floor":8.0,"turns":4.0},{"damage":8.0,"enemies":"Gremlin Nob","floor":10.0,"turns":3.0},{"damage":0.0,"enemies":"Lots of Slimes","floor":11.0,"turns":3.0},{"damage":15.0,"enemies":"Lagavulin","floor":12.0,"turns":6.0},{"damage":0.0,"enemies":"2 Fungi Beasts","floor":14.0,"turns":4.0},{"damage":65.0,"enemies":"Slime Boss","floor":16.0,"turns":13.0},{"damage":0.0,"enemies":"Chosen","floor":18.0,"turns":6.0},{"damage":10.0,"enemies":"3 Byrds","floor":21.0,"turns":4.0},{"damage":4.0,"enemies":"Centurion and Healer","floor":22.0,"turns":7.0},{"damage":0.0,"enemies":"Gremlin Leader","floor":23.0,"turns":6.0},{"damage":28.0,"enemies":"Book of Stabbing","floor":25.0,"turns":8.0},{"damage":0.0,"enemies":"Snecko","floor":27.0,"turns":3.0},{"damage":5.0,"enemies":"3 Cultists","floor":28.0,"turns":4.0},{"damage":34.0,"enemies":"Sentry and Sphere","floor":29.0,"turns":5.0},{"damage":1.0,"enemies":"Centurion and Healer","floor":30.0,"turns":7.0},{"damage":25.0,"enemies":"Champ","floor":33.0,"turns":12.0},{"damage":10,"enemies":"3 Shapes","floor":35,"turns":6},{"damage":5,"enemies":"Orb Walker","floor":37,"turns":3},{"damage":5,"enemies":"Writhing Mass","floor":38,"turns":2},{"damage":23,"enemies":"3 Darklings","floor":39,"turns":4},{"damage":48,"enemies":"Giant Head","floor":41,"turns":8},{"damage":39,"enemies":"Time Eater","floor":50,"turns":17}],"seed_played":"-8437144470753674851","potions_obtained":[{"floor":1.0,"key":"Strength Potion"},{"floor":2.0,"key":"FearPotion"},{"floor":8.0,"key":"EntropicBrew"},{"floor":12.0,"key":"FearPotion"},{"floor":18.0,"key":"Energy Potion"},{"floor":25.0,"key":"DistilledChaos"},{"floor":28.0,"key":"Strength Potion"},{"floor":30.0,"key":"SteroidPotion"},{"floor":34,"key":"SmokeBomb"},{"floor":37,"key":"Ancient Potion"},{"floor":41,"key":"GhostInAJar"}],"is_trial":false,"path_per_floor":["M","M","M","?","?","E","$","M","T","E","M","E","R","M","R","B",null,"M","$","?","M","M","E","R","E","T","M","M","M","M","$","R","B",null,"M","?","M","M","M","R","E","R","T","?","T","$","R","$","R","B",null],"character_chosen":"THE_SILENT","items_purchased":["Glass Knife","Poisoned Stab","Whetstone","Blade Dance","HandDrill","Infinite Blades","Chemical X"],"campfire_rested":6,"item_purchase_floors":[7,7,19,31,31,31,48],"current_hp_per_floor":[62,56,53,42,42,31,31,28,28,20,20,5,41,41,70,5,54,54,54,54,44,40,40,70,42,42,42,37,3,2,2,38,13,61,51,51,46,41,18,55,7,44,44,44,51,51,51,51,51,12],"gold":91,"neow_bonus":"RANDOM_COMMON_RELIC","is_daily":false,"chose_seed":false,"campfire_upgraded":2,"win_rate":0.0,"timestamp":1611635748,"path_taken":["M","M","M","?","?","E","?","M","T","E","?","E","R","M","R","BOSS","M","$","?","?","M","E","R","E","T","M","?","M","M","$","R","BOSS","M","?","?","?","?","R","E","R","T","?","?","$","R","$","R","BOSS"],"items_purchased_type":["Card","Card","Relic","Card","Relic","Card","Relic"],"build_version":"2020-12-22","purchased_purges":3,"victory":true,"max_hp_per_floor":[70,70,70,70,70,70,70,70,70,70,70,70,70,70,70,70,70,70,70,70,70,70,70,70,70,70,70,70,70,70,70,70,70,75,75,75,75,75,75,75,75,75,75,75,82,82,82,82,82,82],"card_choices":[{"not_picked":["Expertise","Setup"],"picked":"Noxious Fumes","floor":1.0},{"not_picked":["Bane","Sucker Punch"],"picked":"PiercingWail","floor":2.0},{"not_picked":["Prepared","Noxious Fumes"],"picked":"Footwork","floor":3.0},{"not_picked":["Acrobatics","Noxious Fumes","Eviscerate"],"picked":"SKIP","floor":6.0},{"not_picked":["Heel Hook","Cloak And Dagger"],"picked":"Dagger Spray","floor":8.0},{"not_picked":["PiercingWail","Riddle With Holes"],"picked":"Quick Slash","floor":10.0},{"not_picked":["Setup","Flying Knee"],"picked":"Footwork","floor":11.0},{"not_picked":["Slice","Endless Agony"],"picked":"Cloak And Dagger","floor":11.0},{"not_picked":["Storm of Steel","Prepared"],"picked":"Acrobatics","floor":12.0},{"not_picked":["Quick Slash","PiercingWail"],"picked":"Backflip","floor":14.0},{"not_picked":["Backflip","Deflect","Flechettes"],"picked":"SKIP","floor":14.0},{"not_picked":["Deflect","Flechettes"],"picked":"Backflip","floor":14.0},{"not_picked":["After Image","Doppelganger"],"picked":"Adrenaline","floor":16.0},{"not_picked":["Calculated Gamble+1","Slice","Cloak And Dagger"],"picked":"SKIP","floor":18.0},{"not_picked":["Bane","Caltrops+1","PiercingWail"],"picked":"SKIP","floor":18.0},{"not_picked":["Underhanded Strike","Caltrops","Terror+1"],"picked":"SKIP","floor":21.0},{"not_picked":["Endless Agony","Flying Knee","Footwork"],"picked":"SKIP","floor":21.0},{"not_picked":["Poisoned Stab","Acrobatics+1"],"picked":"Die Die Die","floor":22.0},{"not_picked":["Flechettes","Concentrate+1","PiercingWail"],"picked":"SKIP","floor":22.0},{"not_picked":["Flechettes+1","Dash"],"picked":"Malaise","floor":23.0},{"not_picked":["Backflip","Caltrops","Grand Finale"],"picked":"SKIP","floor":25.0},{"not_picked":["Finisher","PiercingWail","Underhanded Strike"],"picked":"SKIP","floor":27.0},{"not_picked":["Cloak And Dagger","Flying Knee","Bane"],"picked":"SKIP","floor":27.0},{"not_picked":["Underhanded Strike+1","Acrobatics+1"],"picked":"Escape Plan","floor":28.0},{"not_picked":["Infinite Blades","Underhanded Strike","Choke+1"],"picked":"SKIP","floor":28.0},{"not_picked":["Dagger Throw","Backflip"],"picked":"Leg Sweep","floor":29.0},{"not_picked":["All Out Attack","Bane"],"picked":"Predator","floor":29.0},{"not_picked":["Poisoned Stab","Underhanded Strike+1","Deflect"],"picked":"SKIP","floor":30.0},{"not_picked":["Escape Plan","Prepared","Sucker Punch+1"],"picked":"SKIP","floor":30.0},{"not_picked":["Heel Hook","Leg Sweep"],"picked":"Finisher","floor":34},{"not_picked":["Prepared+1","Dodge and Roll+1"],"picked":"Backstab+1","floor":35},{"not_picked":["Poisoned Stab+1","Bane","Crippling Poison+1"],"picked":"SKIP","floor":35},{"not_picked":["Poisoned Stab+1","Bane","Crippling Poison+1"],"picked":"SKIP","floor":35},{"not_picked":["Eviscerate+1","Cloak And Dagger+1","Flying Knee"],"picked":"SKIP","floor":37},{"not_picked":["Poisoned Stab","Dodge and Roll+1","Underhanded Strike"],"picked":"SKIP","floor":37},{"not_picked":["Blade Dance+1","Eviscerate+1","Riddle With Holes"],"picked":"SKIP","floor":39},{"not_picked":["Malaise","Dagger Spray","Quick Slash+1"],"picked":"SKIP","floor":39},{"not_picked":["Burst","Distraction","Flying Knee+1"],"picked":"SKIP","floor":41}],"player_experience":636730,"relics_obtained":[{"floor":6.0,"key":"Letter Opener"},{"floor":9.0,"key":"Ice Cream"},{"floor":10.0,"key":"Prayer Wheel"},{"floor":12.0,"key":"Potion Belt"},{"floor":23.0,"key":"Bottled Lightning"},{"floor":25.0,"key":"Shuriken"},{"floor":26.0,"key":"Blue Candle"},{"floor":41,"key":"Pocketwatch"},{"floor":43,"key":"Centennial Puzzle"},{"floor":45,"key":"Strawberry"}],"event_choices":[{"damage_healed":0.0,"max_hp_gain":0.0,"max_hp_loss":0.0,"gold_gain":75.0,"event_name":"World of Goop","player_choice":"Gather Gold","floor":4.0,"gold_loss":0.0,"damage_taken":11.0},{"damage_healed":0.0,"max_hp_gain":0.0,"max_hp_loss":0.0,"gold_gain":0.0,"event_name":"Golden Idol","player_choice":"Ignored","floor":5.0,"gold_loss":0.0,"damage_taken":0.0},{"damage_healed":0.0,"max_hp_gain":0.0,"max_hp_loss":0.0,"gold_gain":0.0,"cards_transformed":["Strike_G"],"event_name":"Transmorgrifier","player_choice":"Transformed","floor":20.0,"gold_loss":0.0,"damage_taken":0.0,"cards_obtained":["Crippling Poison"]},{"damage_healed":0,"gold_gain":100,"player_choice":"Pray","damage_taken":0,"max_hp_gain":0,"max_hp_loss":0,"event_name":"Golden Shrine","floor":36,"gold_loss":0},{"cards_removed":["Backstab"],"damage_healed":0,"gold_gain":0,"player_choice":"Removed Attack","damage_taken":0,"max_hp_gain":0,"max_hp_loss":0,"event_name":"Falling","floor":44,"gold_loss":0}],"is_beta":false,"boss_relics":[{"not_picked":["SlaversCollar","Cursed Key"],"picked":"Philosopher\u0027s Stone"},{"not_picked":["Calling Bell","Black Star"],"picked":"Tiny House"}],"items_purged_floors":[7,19,46],"is_endless":false,"potions_floor_spawned":[1,2,8,12,18,25,28,30,37,38,41],"ascension_level":9}}