{"host":"c6u7e77myxvw4d0m","time":1611682321,"event":{"mods":["AchievementEnabler","BaseMod","Bestiary","Colored Map","Colored Powertips","Minty Spire (QoL Compilation)","Rare Cards Sparkle","Relic Stats","everything is the same but u backflip on backflip"],"gold_per_floor":[117,117,136,153,205,240,240,265,265,265,278,278,292,323,323,394,394,404,404,319,53,53,83,94,129,129,129,129,156,156,3,3,74,74,90,90,110,121,131,164,164,189,243,276,276,20,34,34,34,34],"floor_reached":51,"language":"ENG","playtime":2866,"items_purged":["Writhe","Doubt"],"score":1310,"play_id":"b6e230e0-4679-42e9-ba88-527988058acc","local_time":"20210126193201","is_ascension_mode":true,"campfire_choices":[{"floor":7,"key":"REST"},{"data":"Whirlwind","floor":10,"key":"SMITH"},{"floor":12,"key":"REST"},{"floor":15,"key":"REST"},{"data":"Feed","floor":27,"key":"SMITH"},{"floor":32,"key":"REST"},{"floor":41,"key":"REST"},{"data":"Spot Weakness","floor":49,"key":"SMITH"}],"circlet_count":0,"master_deck":["AscendersBane","Strike_R+1","Strike_R+1","Strike_R+1","Strike_R+1","Strike_R+1","Defend_R+1","Defend_R+1","Defend_R+1","Defend_R+1","Uppercut+1","Whirlwind+1","Blood for Blood","Headbutt+1","Sentinel+1","Clash+1","Feed+1","Perfected Strike+1","Warcry+1","Shockwave","Inflame","Disarm","Barricade","Seeing Red","Battle Trance","Spot Weakness","Feel No Pain","Disarm","Spot Weakness+1","Reaper","Fire Breathing","Bloodletting"],"relics":["Busted Crown","Eternal Feather","Dream Catcher","Ornamental Fan","Orichalcum","Cursed Key","Happy Flower","Ice Cream","Membership Card","Bag of Preparation","War Paint","Smiling Mask","Ancient Tea Set","Whetstone","Runic Pyramid","Regal Pillow","Lizard Tail","Boot","Bronze Scales","Frozen Eye"],"acts_visited":["Exordium","TheCity","TheBeyond"],"potions_floor_usage":[8,13,13,16,29,29,33,33,38,50],"damage_taken":[{"damage":0,"enemies":"Small Slimes","floor":1,"turns":3},{"damage":0,"enemies":"Jaw Worm","floor":3,"turns":3},{"damage":0,"enemies":"2 Louse","floor":4,"turns":2},{"damage":30,"enemies":"Lagavulin","floor":6,"turns":5},{"damage":30,"enemies":"3 Sentries","floor":8,"turns":8},{"damage":2,"enemies":"2 Fungi Beasts","floor":11,"turns":3},{"damage":0,"enemies":"Large Slime","floor":13,"turns":3},{"damage":28,"enemies":"Gremlin Nob","floor":14,"turns":4},{"damage":18,"enemies":"The Guardian","floor":16,"turns":9},{"damage":0,"enemies":"Spheric Guardian","floor":18,"turns":3},{"damage":15,"enemies":"Slavers","floor":23,"turns":4},{"damage":0,"enemies":"Chosen","floor":24,"turns":3},{"damage":15,"enemies":"Gremlin Leader","floor":25,"turns":4},{"damage":11,"enemies":"Book of Stabbing","floor":29,"turns":4},{"damage":0,"enemies":"Automaton","floor":33,"turns":2},{"damage":20,"enemies":"3 Darklings","floor":35,"turns":4},{"damage":4,"enemies":"Orb Walker","floor":37,"turns":3},{"damage":0,"enemies":"Jaw Worm Horde","floor":38,"turns":2},{"damage":1,"enemies":"Writhing Mass","floor":39,"turns":7},{"damage":45,"enemies":"Reptomancer","floor":40,"turns":5},{"damage":8,"enemies":"Mind Bloom Boss Battle","floor":42,"turns":4},{"damage":29,"enemies":"Nemesis","floor":44,"turns":5},{"damage":0,"enemies":"Spire Growth","floor":47,"turns":4},{"damage":68,"enemies":"Awakened One","floor":50,"turns":9}],"seed_played":"6031707753069967964","potions_obtained":[{"floor":1,"key":"GamblersBrew"},{"floor":4,"key":"Dexterity Potion"},{"floor":8,"key":"AttackPotion"},{"floor":11,"key":"AttackPotion"},{"floor":14,"key":"AttackPotion"},{"floor":16,"key":"Dexterity Potion"},{"floor":23,"key":"AttackPotion"},{"floor":24,"key":"Block Potion"},{"floor":33,"key":"EssenceOfSteel"},{"floor":35,"key":"Block Potion"},{"floor":40,"key":"Ancient Potion"}],"is_trial":false,"path_per_floor":["M","?","M","M","?","E","R","E","T","R","M","R","M","E","R","B",null,"M","?","?","$","?","E","M","E","T","R","?","E","?","$","R","B",null,"M","?","M","M","M","E","R","?","T","E","?","$","M","$","R","B",null],"character_chosen":"IRONCLAD","items_purchased":["Membership Card","Bag of Preparation","Warcry","Inflame","Whetstone","DuplicationPotion","SteroidPotion","Spot Weakness","Frozen Eye","Reaper","Fire Breathing"],"campfire_rested":5,"item_purchase_floors":[21,21,21,31,31,31,31,46,46,46,46],"current_hp_per_floor":[72,72,72,72,72,42,72,42,42,48,46,76,76,48,80,62,76,79,79,79,79,79,67,67,55,55,67,67,56,39,39,79,79,90,70,70,70,70,73,28,88,80,80,51,89,89,89,89,89,21],"gold":34,"neow_bonus":"BOSS_RELIC","is_daily":false,"chose_seed":false,"campfire_upgraded":3,"win_rate":0.0,"timestamp":1611682321,"path_taken":["M","?","M","M","?","E","R","E","T","R","M","R","M","E","R","BOSS","M","?","?","$","?","E","M","E","T","R","?","E","?","$","R","BOSS","M","?","M","M","M","E","R","?","T","E","?","$","M","?","R","BOSS"],"items_purchased_type":["Relic","Relic","Card","Card","Relic","Potion","Potion","Card","Relic","Card","Card"],"build_version":"2020-12-22","purchased_purges":2,"victory":true,"max_hp_per_floor":[80,80,80,80,80,80,80,80,80,80,80,80,80,80,80,80,80,83,83,83,83,83,86,86,89,89,89,89,89,94,94,94,94,94,94,94,98,98,102,102,102,102,102,102,89,89,89,89,89,89],"relic_stats":{"Regal Pillow":15,"Happy Flower":[20],"counters":[24,103],"Eternal Feather":66,"Bag of Preparation":[28],"Whetstone":["Clash","Headbutt"],"Orichalcum":[42],"War Paint":["Warcry","Sentinel"],"Cursed Key":1,"Smiling Mask":0,"Boot":[8],"Dream Catcher":4,"Lizard Tail":0,"Busted Crown":54,"Ornamental Fan":[100],"Bronze Scales":[45],"obtain_stats":[{"Ice Cream":20,"Regal Pillow":40,"Happy Flower":19,"Eternal Feather":6,"Bag of Preparation":21,"Whetstone":31,"Orichalcum":14,"War Paint":23,"Cursed Key":17,"Smiling Mask":25,"Ancient Tea Set":29,"Boot":43,"Burning Blood":0,"Frozen Eye":46,"Dream Catcher":8,"Lizard Tail":42,"Busted Crown":0,"Ornamental Fan":9,"Bronze Scales":44,"Membership Card":21,"Runic Pyramid":34},{"Ice Cream":10,"Regal Pillow":20,"Happy Flower":10,"Eternal Feather":4,"Bag of Preparation":10,"Whetstone":14,"Orichalcum":8,"War Paint":11,"Cursed Key":9,"Smiling Mask":13,"Ancient Tea Set":14,"Boot":21,"Burning Blood":0,"Frozen Eye":22,"Dream Catcher":5,"Lizard Tail":21,"Busted Crown":0,"Ornamental Fan":5,"Bronze Scales":22,"Membership Card":10,"Runic Pyramid":15},{"Ice Cream":43,"Regal Pillow":81,"Happy Flower":43,"Eternal Feather":13,"Bag of Preparation":43,"Whetstone":58,"Orichalcum":31,"War Paint":47,"Cursed Key":40,"Smiling Mask":54,"Ancient Tea Set":58,"Boot":85,"Burning Blood":0,"Frozen Eye":90,"Dream Catcher":21,"Lizard Tail":85,"Busted Crown":0,"Ornamental Fan":21,"Bronze Scales":90,"Membership Card":43,"Runic Pyramid":60}]},"card_choices":[{"not_picked":[],"picked":"Uppercut","floor":1},{"not_picked":["Havoc"],"picked":"SKIP","floor":3},{"not_picked":[],"picked":"Whirlwind","floor":4},{"not_picked":["Body Slam"],"picked":"SKIP","floor":6},{"not_picked":[],"picked":"Blood for Blood","floor":8},{"not_picked":["Searing Blow"],"picked":"SKIP","floor":11},{"not_picked":[],"picked":"Headbutt","floor":13},{"not_picked":[],"picked":"Sentinel","floor":14},{"not_picked":[],"picked":"Clash","floor":15},{"not_picked":[],"picked":"Feed","floor":16},{"not_picked":[],"picked":"Perfected Strike+1","floor":18},{"not_picked":["Cleave"],"picked":"SKIP","floor":23},{"not_picked":["Metallicize"],"picked":"SKIP","floor":24},{"not_picked":["Warcry"],"picked":"SKIP","floor":25},{"not_picked":["Body Slam"],"picked":"SKIP","floor":29},{"not_picked":[],"picked":"Disarm","floor":32},{"not_picked":[],"picked":"Barricade","floor":33},{"not_picked":["Anger+1"],"picked":"SKIP","floor":35},{"not_picked":[],"picked":"Seeing Red","floor":37},{"not_picked":[],"picked":"Battle Trance","floor":38},{"not_picked":["Evolve"],"picked":"SKIP","floor":39},{"not_picked":["Clothesline"],"picked":"SKIP","floor":40},{"not_picked":[],"picked":"Spot Weakness","floor":41},{"not_picked":[],"picked":"Feel No Pain","floor":42},{"not_picked":[],"picked":"Disarm","floor":44},{"not_picked":[],"picked":"Bloodletting","floor":47}],"player_experience":514796,"relics_obtained":[{"floor":6,"key":"Eternal Feather"},{"floor":8,"key":"Dream Catcher"},{"floor":9,"key":"Ornamental Fan"},{"floor":14,"key":"Orichalcum"},{"floor":23,"key":"War Paint"},{"floor":25,"key":"Smiling Mask"},{"floor":29,"key":"Ancient Tea Set"},{"floor":40,"key":"Regal Pillow"},{"floor":42,"key":"Lizard Tail"},{"floor":43,"key":"Boot"},{"floor":44,"key":"Bronze Scales"}],"event_choices":[{"damage_healed":0,"gold_gain":0,"player_choice":"Grow","damage_taken":0,"max_hp_gain":0,"max_hp_loss":0,"event_name":"Living Wall","floor":2,"gold_loss":0,"cards_upgraded":["Uppercut"]},{"damage_healed":0,"gold_gain":52,"player_choice":"Gained Gold","damage_taken":0,"max_hp_gain":0,"max_hp_loss":0,"event_name":"Golden Wing","floor":5,"gold_loss":0},{"damage_healed":0,"gold_gain":0,"player_choice":"Opened","damage_taken":0,"relics_obtained":["Happy Flower"],"max_hp_gain":0,"max_hp_loss":0,"event_name":"The Mausoleum","floor":19,"gold_loss":0,"cards_obtained":["Writhe"]},{"damage_healed":0,"gold_gain":0,"player_choice":"Obtained Relic","damage_taken":0,"relics_obtained":["Ice Cream"],"max_hp_gain":0,"max_hp_loss":0,"event_name":"Addict","floor":20,"gold_loss":85},{"damage_healed":0,"gold_gain":0,"player_choice":"Simplicity","damage_taken":0,"max_hp_gain":0,"max_hp_loss":0,"event_name":"Back to Basics","floor":22,"gold_loss":0,"cards_upgraded":["Strike_R","Strike_R","Strike_R","Strike_R","Strike_R","Defend_R","Defend_R","Defend_R","Defend_R"]},{"damage_healed":0,"gold_gain":0,"player_choice":"Read","damage_taken":0,"max_hp_gain":0,"max_hp_loss":0,"event_name":"The Library","floor":28,"gold_loss":0,"cards_obtained":["Shockwave"]},{"damage_healed":0,"gold_gain":0,"player_choice":"Shed Blood","damage_taken":22,"max_hp_gain":5,"max_hp_loss":0,"event_name":"Forgotten Altar","floor":30,"gold_loss":0},{"cards_removed":["Bash"],"damage_healed":0,"gold_gain":0,"player_choice":"Removed Attack","damage_taken":0,"max_hp_gain":0,"max_hp_loss":0,"event_name":"Falling","floor":36,"gold_loss":0},{"damage_healed":0,"gold_gain":0,"player_choice":"Fight","damage_taken":0,"max_hp_gain":0,"max_hp_loss":0,"event_name":"MindBloom","floor":42,"gold_loss":0},{"damage_healed":89,"gold_gain":0,"player_choice":"Heal","damage_taken":0,"max_hp_gain":0,"max_hp_loss":13,"event_name":"The Moai Head","floor":45,"gold_loss":0}],"is_beta":false,"boss_relics":[{"not_picked":["Black Star","Runic Cube"],"picked":"Cursed Key"},{"not_picked":["Philosopher\u0027s Stone","Runic Dome"],"picked":"Runic Pyramid"}],"items_purged_floors":[21,46],"is_endless":false,"potions_floor_spawned":[1,4,8,11,14,16,23,24,25,33,35,37,40,42,47],"ascension_level":13}}