{"host":"jscggscbx0p7706o","time":1611644221,"event":{"mods":["AchievementEnabler","BaseMod","Block Reminder","Colored Powertips","Filter the Spire","Minty Spire (QoL Compilation)","Permanent Neow","Quick Restart","StSLib"],"gold_per_floor":[368,4,21,38,55,55,69,69,92,92,92,120,150,150,16,16,87,87,106,122,122,132,150,150,176,176,199,199,199,233,253,170,170,29,29,103,103,117,128,128,15,31,31,56,66,92,417,417,446,466,477,477,477,477],"floor_reached":55,"language":"ENG","playtime":3445,"items_purged":["Decay","Strike_G"],"score":2164,"play_id":"b63d641b-a807-44ed-9bbd-4b6b8fa4f8b2","local_time":"20210126145701","is_ascension_mode":true,"campfire_choices":[{"data":"Noxious Fumes","floor":6.0,"key":"SMITH"},{"data":"Dash","floor":11.0,"key":"SMITH"},{"data":"Survivor","floor":14.0,"key":"SMITH"},{"data":"Defend_G","floor":16.0,"key":"SMITH"},{"data":"Well Laid Plans","floor":24.0,"key":"SMITH"},{"data":"Defend_G","floor":26.0,"key":"SMITH"},{"data":"Defend_G","floor":33.0,"key":"SMITH"},{"data":"Defend_G","floor":35.0,"key":"SMITH"},{"data":"Defend_G","floor":43.0,"key":"SMITH"},{"data":"Quick Slash","floor":48.0,"key":"SMITH"},{"data":"Strike_G","floor":52.0,"key":"SMITH"}],"circlet_count":0,"master_deck":["AscendersBane","Strike_G","Strike_G","Strike_G+1","Defend_G+1","Defend_G+1","Defend_G+1","Defend_G+1","Defend_G+1","Survivor+1","Neutralize+1","Noxious Fumes+1","Dodge and Roll+1","Dash+1","Backflip+1","Dodge and Roll+1","Deflect+1","Quick Slash+1","Bouncing Flask+1","Deflect+1","Dodge and Roll+1","Corpse Explosion+1","Escape Plan+1","Well Laid Plans+1","Backflip+1","Burst+1","Acrobatics+1","Backflip+1","PiercingWail+1","Acrobatics+1"],"relics":["Ring of the Snake","Membership Card","Toxic Egg 2","MealTicket","Meat on the Bone","Odd Mushroom","Orrery","Calling Bell","Bronze Scales","Paper Crane","Thread and Needle","Pen Nib","Lantern","Oddly Smooth Stone","Ninja Scroll","Letter Opener","Happy Flower","Bottled Tornado","Coffee Dripper","PreservedInsect","Shuriken","Blood Vial","Old Coin","Eternal Feather"],"acts_visited":["Exordium","TheCity","TheBeyond"],"potions_floor_usage":[53,54],"damage_taken":[{"damage":4.0,"enemies":"Small Slimes","floor":1.0,"turns":5.0},{"damage":0.0,"enemies":"Jaw Worm","floor":3.0,"turns":5.0},{"damage":0.0,"enemies":"Cultist","floor":4.0,"turns":4.0},{"damage":10.0,"enemies":"Large Slime","floor":5.0,"turns":9.0},{"damage":0.0,"enemies":"2 Fungi Beasts","floor":7.0,"turns":4.0},{"damage":30.0,"enemies":"The Mushroom Lair","floor":12.0,"turns":8.0},{"damage":0.0,"enemies":"The Guardian","floor":17.0,"turns":10.0},{"damage":6.0,"enemies":"Shell Parasite","floor":19.0,"turns":6.0},{"damage":0.0,"enemies":"3 Byrds","floor":20.0,"turns":1.0},{"damage":1.0,"enemies":"Snake Plant","floor":22.0,"turns":4.0},{"damage":0.0,"enemies":"3 Cultists","floor":23.0,"turns":3.0},{"damage":10.0,"enemies":"Book of Stabbing","floor":25.0,"turns":8.0},{"damage":1.0,"enemies":"Gremlin Leader","floor":30.0,"turns":8.0},{"damage":3.0,"enemies":"Chosen and Byrds","floor":31.0,"turns":5.0},{"damage":25.0,"enemies":"Champ","floor":36.0,"turns":16.0},{"damage":0.0,"enemies":"Orb Walker","floor":38.0,"turns":4.0},{"damage":0.0,"enemies":"3 Shapes","floor":39.0,"turns":3.0},{"damage":0.0,"enemies":"Maw","floor":42.0,"turns":7.0},{"damage":0.0,"enemies":"Nemesis","floor":44.0,"turns":7.0},{"damage":0.0,"enemies":"4 Shapes","floor":45.0,"turns":2.0},{"damage":0.0,"enemies":"Mind Bloom Boss Battle","floor":47.0,"turns":7.0},{"damage":0.0,"enemies":"Giant Head","floor":49.0,"turns":8.0},{"damage":0.0,"enemies":"3 Darklings","floor":50.0,"turns":4.0},{"damage":0.0,"enemies":"Jaw Worm Horde","floor":51.0,"turns":3.0},{"damage":47,"enemies":"Time Eater","floor":53,"turns":16},{"damage":0,"enemies":"Awakened One","floor":54,"turns":17}],"seed_played":"6826179227188344876","potions_obtained":[{"floor":5.0,"key":"FearPotion"},{"floor":17.0,"key":"Poison Potion"},{"floor":19.0,"key":"Poison Potion"},{"floor":23.0,"key":"LiquidBronze"},{"floor":47.0,"key":"Dexterity Potion"},{"floor":49.0,"key":"Strength Potion"}],"is_trial":false,"path_per_floor":["M","$","M","M","M","R","M","?","T","T","R","?","?","R","$","R","B",null,"M","M","?","M","M","R","E","R","T","T","?","E","M","$","R","$","R","B",null,"M","M","?","$","M","R","E","M","T","?","R","E","M","M","R","B","B",null],"character_chosen":"THE_SILENT","items_purchased":["Membership Card","Toxic Egg 2","Dodge and Roll+1","Orrery","Happy Flower","Bottled Tornado","PreservedInsect","Backflip+1"],"campfire_rested":0,"item_purchase_floors":[2,2,2,15,32,34,41,41],"current_hp_per_floor":[55,55,55,55,45,45,45,45,45,45,45,27,27,27,42,42,42,60,54,54,54,53,53,53,43,43,43,43,43,42,39,54,54,66,66,41,60,60,60,60,66,66,66,66,66,66,66,66,66,66,66,66,31,45],"gold":477,"neow_bonus":"TWO_FIFTY_GOLD","is_daily":false,"chose_seed":false,"campfire_upgraded":11,"win_rate":0.0,"timestamp":1611644221,"path_taken":["M","$","M","M","M","R","M","?","T","T","R","?","?","R","$","R","BOSS","M","M","?","M","?","R","E","R","T","T","?","E","M","$","R","$","R","BOSS","M","M","?","$","?","R","E","M","T","?","R","E","M","M","R","BOSS","BOSS"],"items_purchased_type":["Relic","Relic","Card","Relic","Relic","Relic","Relic","Card"],"build_version":"2020-12-22","purchased_purges":2,"victory":true,"max_hp_per_floor":[66,66,66,66,66,66,66,66,66,66,66,66,66,66,66,66,66,66,66,66,66,66,66,66,66,66,66,66,66,66,66,66,66,66,66,66,66,66,66,66,66,66,66,66,66,66,66,66,66,66,66,66,66,66],"card_choices":[{"not_picked":["Flechettes","Calculated Gamble"],"picked":"Noxious Fumes","floor":1.0},{"not_picked":["Cloak And Dagger+1","Skewer"],"picked":"Dash","floor":3.0},{"not_picked":["Dagger Throw","Outmaneuver+1"],"picked":"Backflip+1","floor":4.0},{"not_picked":["Bane","Terror+1"],"picked":"Dodge and Roll+1","floor":5.0},{"not_picked":["Eviscerate","Underhanded Strike"],"picked":"Deflect+1","floor":7.0},{"not_picked":["Heel Hook","Underhanded Strike"],"picked":"Quick Slash","floor":12.0},{"not_picked":["Sucker Punch","A Thousand Cuts"],"picked":"Bouncing Flask+1","floor":15.0},{"not_picked":["Prepared+1","Riddle With Holes"],"picked":"Deflect+1","floor":15.0},{"not_picked":["Poisoned Stab","Backstab"],"picked":"Dodge and Roll+1","floor":15.0},{"not_picked":["Bullet Time+1","Die Die Die"],"picked":"Corpse Explosion+1","floor":17.0},{"not_picked":["Heel Hook","Endless Agony","Quick Slash"],"picked":"SKIP","floor":19.0},{"not_picked":["Dodge and Roll+1","Dagger Spray"],"picked":"Escape Plan+1","floor":20.0},{"not_picked":["Acrobatics+1","Quick Slash"],"picked":"Well Laid Plans","floor":22.0},{"not_picked":["Tactician+1","Deflect+1"],"picked":"Backflip+1","floor":23.0},{"not_picked":["Quick Slash","Underhanded Strike","Dagger Throw"],"picked":"SKIP","floor":25.0},{"not_picked":["Unload","Dagger Spray","Sucker Punch"],"picked":"SKIP","floor":30.0},{"not_picked":["Flying Knee+1","Expertise+1"],"picked":"Acrobatics+1","floor":31.0},{"not_picked":["Prepared+1","All Out Attack+1","Deflect+1"],"picked":"SKIP","floor":38.0},{"not_picked":["Blade Dance+1","Eviscerate","Dash+1"],"picked":"SKIP","floor":39.0},{"not_picked":["Poisoned Stab","Leg Sweep+1"],"picked":"PiercingWail+1","floor":42.0},{"not_picked":["Cloak And Dagger+1","Infinite Blades","Malaise+1"],"picked":"SKIP","floor":44.0},{"not_picked":["Terror+1","Outmaneuver+1"],"picked":"Acrobatics+1","floor":45.0},{"not_picked":["A Thousand Cuts","Dodge and Roll+1","Bane"],"picked":"SKIP","floor":49.0},{"not_picked":["Predator","Eviscerate","PiercingWail+1"],"picked":"SKIP","floor":50.0},{"not_picked":["Deflect+1","Outmaneuver+1","Flying Knee"],"picked":"SKIP","floor":51.0}],"player_experience":351737,"relics_obtained":[{"floor":9.0,"key":"MealTicket"},{"floor":10.0,"key":"Meat on the Bone"},{"floor":12.0,"key":"Odd Mushroom"},{"floor":18.0,"key":"Bronze Scales"},{"floor":18.0,"key":"Paper Crane"},{"floor":18.0,"key":"Thread and Needle"},{"floor":25.0,"key":"Lantern"},{"floor":27.0,"key":"Oddly Smooth Stone"},{"floor":28.0,"key":"Ninja Scroll"},{"floor":30.0,"key":"Letter Opener"},{"floor":44.0,"key":"Shuriken"},{"floor":46.0,"key":"Blood Vial"},{"floor":47.0,"key":"Old Coin"},{"floor":49.0,"key":"Eternal Feather"}],"event_choices":[{"damage_healed":0.0,"max_hp_gain":0.0,"max_hp_loss":0.0,"gold_gain":0.0,"event_name":"Living Wall","player_choice":"Grow","floor":8.0,"gold_loss":0.0,"damage_taken":0.0,"cards_upgraded":["Neutralize"]},{"damage_healed":0.0,"max_hp_gain":0.0,"max_hp_loss":0.0,"gold_gain":0.0,"event_name":"Mushrooms","player_choice":"Fought Mushrooms","floor":12.0,"gold_loss":0.0,"damage_taken":0.0},{"damage_healed":0.0,"max_hp_gain":0.0,"max_hp_loss":0.0,"gold_gain":30.0,"event_name":"Dead Adventurer","player_choice":"Searched \u00272\u0027 times","floor":13.0,"gold_loss":0.0,"damage_taken":0.0},{"damage_healed":0.0,"max_hp_gain":0.0,"max_hp_loss":0.0,"gold_gain":0.0,"event_name":"WeMeetAgain","player_choice":"Gave Potion","floor":21.0,"gold_loss":0.0,"damage_taken":0.0,"relics_obtained":["Pen Nib"]},{"damage_healed":0.0,"max_hp_gain":0.0,"max_hp_loss":0.0,"gold_gain":0.0,"event_name":"The Library","player_choice":"Read","floor":29.0,"gold_loss":0.0,"damage_taken":0.0,"cards_obtained":["Burst"]},{"cards_removed":["Strike_G"],"damage_healed":0.0,"max_hp_gain":0.0,"max_hp_loss":0.0,"gold_gain":0.0,"event_name":"Bonfire Elementals","player_choice":"Offered Basic","floor":40.0,"gold_loss":0.0,"damage_taken":0.0},{"damage_healed":0.0,"max_hp_gain":0.0,"max_hp_loss":0.0,"gold_gain":0.0,"event_name":"MindBloom","player_choice":"Fight","floor":47.0,"gold_loss":0.0,"damage_taken":0.0}],"is_beta":false,"boss_relics":[{"not_picked":["Ectoplasm","Tiny House"],"picked":"Calling Bell"},{"not_picked":["Snecko Eye","HoveringKite"],"picked":"Coffee Dripper"}],"items_purged_floors":[2,15],"is_endless":false,"potions_floor_spawned":[5,17,19,23,31,36,39,42,47,49],"ascension_level":20}}