{"host":"lnt5dzsuhru0aonl","time":1611671045,"event":{"mods":["2.2 Compatiblity","BaseMod","Colored Map","Colored Powertips","DeckTracker","Keyboard Shortcuts","Minty Spire (QoL Compilation)","Permanent Neow","Rare Cards Sparkle","StSLib","SuperFastMode","everything is the same but u backflip on backflip"],"gold_per_floor":[112,129,129,143,160,160,160,160],"floor_reached":7,"language":"KOR","playtime":206,"items_purged":[],"score":86,"play_id":"11238ea8-ae4e-4738-a7db-c49b5986426c","local_time":"20210126232405","is_ascension_mode":true,"campfire_choices":[{"floor":6,"key":"REST"}],"circlet_count":0,"master_deck":["AscendersBane","Strike_B","Strike_B","Strike_B","Strike_B","Defend_B","Defend_B","Defend_B","Defend_B","Zap","Dualcast","Echo Form+1","Storm","Coolheaded","Turbo","BootSequence"],"relics":["Cracked Core"],"acts_visited":["Exordium"],"potions_floor_usage":[5],"damage_taken":[{"damage":4.0,"enemies":"Small Slimes","floor":1.0,"turns":4.0},{"damage":2.0,"enemies":"Cultist","floor":2.0,"turns":4.0},{"damage":1.0,"enemies":"2 Louse","floor":4.0,"turns":2.0},{"damage":56,"enemies":"Exordium Thugs","floor":5,"turns":8},{"damage":21,"enemies":"3 Sentries","floor":7,"turns":4}],"seed_played":"-8950303749799565859","potions_obtained":[{"floor":1.0,"key":"SneckoOil"}],"is_trial":false,"path_per_floor":["M","M","?","M","M","R","E"],"character_chosen":"DEFECT","items_purchased":[],"campfire_rested":1,"item_purchase_floors":[],"current_hp_per_floor":[60,58,58,57,1,20,0,0],"gold":160,"neow_bonus":"THREE_RARE_CARDS","is_daily":false,"chose_seed":false,"campfire_upgraded":0,"win_rate":0.0,"timestamp":1611671045,"path_taken":["M","M","?","?","M","R","E"],"items_purchased_type":[],"build_version":"2020-12-22","purchased_purges":0,"victory":false,"max_hp_per_floor":[64,64,64,64,64,64,64,64],"card_choices":[{"not_picked":["Thunder Strike","Seek"],"picked":"Echo Form","floor":0.0},{"not_picked":["Self Repair","Reprogram"],"picked":"Storm","floor":1.0},{"not_picked":["Steam","Lockon"],"picked":"Coolheaded","floor":2.0},{"not_picked":["Coolheaded","Go for the Eyes"],"picked":"Turbo","floor":4.0},{"not_picked":["Doom and Gloom","Beam Cell"],"picked":"BootSequence","floor":5}],"player_experience":770623,"relics_obtained":[],"event_choices":[{"damage_healed":0.0,"max_hp_gain":0.0,"max_hp_loss":0.0,"gold_gain":0.0,"event_name":"Upgrade Shrine","player_choice":"Upgraded","floor":3.0,"gold_loss":0.0,"damage_taken":0.0,"cards_upgraded":["Echo Form"]}],"is_beta":false,"boss_relics":[],"items_purged_floors":[],"is_endless":false,"potions_floor_spawned":[1],"killed_by":"3 Sentries","ascension_level":20}}