{"host":"Snek","time":1611693937,"event":{"mods":["AchievementEnabler","BaseMod","Block Reminder","Highlight Path","Minty Spire (QoL Compilation)","Relic Stats","StSLib"],"gold_per_floor":[110,129,304,322,14,14,45,57,83,83,158,174,27,37,37,111,111,125,125,136,150,150,150,176,136,160,178,178,205,123,155,155,226,226,238,85,105,105,124,124,152,168,168,168,168,199,149,149,149],"floor_reached":48,"language":"ENG","playtime":2959,"items_purged":["Doubt"],"score":970,"play_id":"f3639e20-b6d7-4649-9453-93eae908e259","local_time":"20210126214537","is_ascension_mode":true,"campfire_choices":[{"data":"Defragment","floor":6,"key":"SMITH"},{"floor":15,"key":"REST"},{"data":"Dualcast","floor":23,"key":"SMITH"},{"floor":28,"key":"REST"},{"data":"Barrage","floor":32,"key":"SMITH"},{"data":"Self Repair","floor":40,"key":"SMITH"},{"data":"Hologram","floor":45,"key":"SMITH"}],"circlet_count":0,"master_deck":["AscendersBane","Zap","Dualcast+1","Rebound","Barrage+1","Machine Learning","Auto Shields","Scrape","Self Repair+1","Darkness","Electrodynamics","Force Field","Defragment+1","Hologram+1","Defragment+1","FTL","Rip and Tear","Reboot","Leap+1","Reinforced Body","Beam Cell","White Noise+1","Chill+1","Sweeping Beam+1","Recycle","Echo Form","Madness","Madness","Creative AI","Doubt","Tempest"],"relics":["Pandora\u0027s Box","Symbiotic Virus","Akabeko","Anchor","Regal Pillow","Tiny Chest","Bronze Scales","Pear","Snecko Eye","Chemical X","Smiling Mask","Bottled Lightning","White Beast Statue"],"acts_visited":["Exordium","TheCity","TheBeyond"],"potions_floor_usage":[8,16,18,24,33,33,39,41,48,48],"damage_taken":[{"damage":6,"enemies":"2 Louse","floor":1,"turns":3},{"damage":12,"enemies":"Jaw Worm","floor":2,"turns":3},{"damage":10,"enemies":"Small Slimes","floor":4,"turns":3},{"damage":16,"enemies":"Lagavulin","floor":7,"turns":6},{"damage":5,"enemies":"Gremlin Gang","floor":8,"turns":3},{"damage":1,"enemies":"Looter","floor":12,"turns":2},{"damage":0,"enemies":"Large Slime","floor":14,"turns":3},{"damage":30,"enemies":"Hexaghost","floor":16,"turns":7},{"damage":23,"enemies":"2 Thieves","floor":18,"turns":4},{"damage":16,"enemies":"Shell Parasite","floor":20,"turns":4},{"damage":10,"enemies":"Snecko","floor":21,"turns":4},{"damage":20,"enemies":"Slavers","floor":24,"turns":6},{"damage":19,"enemies":"Centurion and Healer","floor":27,"turns":5},{"damage":0,"enemies":"Gremlin Leader","floor":29,"turns":7},{"damage":23,"enemies":"Slavers","floor":31,"turns":5},{"damage":40,"enemies":"Automaton","floor":33,"turns":10},{"damage":2,"enemies":"3 Shapes","floor":35,"turns":6},{"damage":4,"enemies":"Orb Walker","floor":37,"turns":5},{"damage":18,"enemies":"3 Darklings","floor":39,"turns":7},{"damage":38,"enemies":"Reptomancer","floor":41,"turns":12},{"damage":31,"enemies":"Transient","floor":42,"turns":5},{"damage":74,"enemies":"Giant Head","floor":46,"turns":11},{"damage":34,"enemies":"Nemesis","floor":48,"turns":6}],"seed_played":"-2320780194169093153","potions_obtained":[{"floor":4,"key":"SkillPotion"},{"floor":8,"key":"Fire Potion"},{"floor":16,"key":"Swift Potion"},{"floor":20,"key":"Strength Potion"},{"floor":21,"key":"Block Potion"},{"floor":31,"key":"DistilledChaos"},{"floor":33,"key":"Weak Potion"},{"floor":35,"key":"SkillPotion"},{"floor":39,"key":"SpeedPotion"}],"is_trial":false,"path_per_floor":["M","M","?","M","$","R","E","M","T","?","?","M","$","M","R","B",null,"M","?","M","M","?","R","E","?","T","M","R","E","$","E","R","B",null,"M","$","M","?","M","R","E","M","T","?","R","E","$","E"],"character_chosen":"DEFECT","items_purchased":["Symbiotic Virus","Explosive Potion","Rip and Tear","Recycle","Chemical X","Block Potion"],"campfire_rested":2,"item_purchase_floors":[5,5,13,30,36,47],"current_hp_per_floor":[69,64,64,61,61,61,52,47,47,52,41,40,40,40,64,41,70,54,54,45,42,68,68,55,55,55,43,80,80,80,74,74,41,78,90,90,86,75,71,71,53,32,32,90,90,26,26,0,0],"gold":149,"neow_bonus":"BOSS_RELIC","is_daily":false,"chose_seed":false,"campfire_upgraded":5,"win_rate":0.0,"timestamp":1611693937,"path_taken":["M","M","?","M","$","R","E","M","T","?","?","?","$","M","R","BOSS","M","?","?","M","?","R","E","?","T","?","R","E","$","E","R","BOSS","M","$","M","?","M","R","E","M","T","?","R","E","$","E"],"items_purchased_type":["Relic","Potion","Card","Card","Relic","Potion"],"build_version":"2020-12-18","purchased_purges":1,"victory":false,"max_hp_per_floor":[75,75,75,75,75,75,75,75,75,80,80,80,80,80,80,80,80,80,80,80,80,80,80,80,80,80,80,80,80,80,90,90,90,90,90,90,90,90,90,90,90,90,90,90,90,90,90,90,90],"relic_stats":{"Regal Pillow":13,"counters":[23,127],"Bronze Scales":[204],"Snecko Eye":[91,87,97,90],"Pandora\u0027s Box":["Rebound","Barrage","Machine Learning","Auto Shields","Scrape","Self Repair","Darkness","Electrodynamics"],"Tiny Chest":0,"Chemical X":[13],"Smiling Mask":0,"obtain_stats":[{"Regal Pillow":24,"Pear":31,"Smiling Mask":41,"Akabeko":7,"White Beast Statue":46,"Anchor":9,"Bronze Scales":29,"Snecko Eye":34,"Pandora\u0027s Box":0,"Tiny Chest":26,"Chemical X":36,"Bottled Lightning":43,"Cracked Core":0,"Symbiotic Virus":5},{"Regal Pillow":12,"Pear":15,"Smiling Mask":20,"Akabeko":4,"White Beast Statue":22,"Anchor":5,"Bronze Scales":14,"Snecko Eye":16,"Pandora\u0027s Box":0,"Tiny Chest":12,"Chemical X":17,"Bottled Lightning":21,"Cracked Core":0,"Symbiotic Virus":3},{"Regal Pillow":48,"Pear":65,"Smiling Mask":105,"Akabeko":15,"White Beast Statue":121,"Anchor":18,"Bronze Scales":60,"Snecko Eye":75,"Pandora\u0027s Box":0,"Tiny Chest":48,"Chemical X":81,"Bottled Lightning":110,"Cracked Core":0,"Symbiotic Virus":9}]},"card_choices":[{"not_picked":["Coolheaded","Barrage"],"picked":"Force Field","floor":1},{"not_picked":["Ball Lightning","Leap"],"picked":"Defragment","floor":2},{"not_picked":["Gash","Barrage","Hologram"],"picked":"SKIP","floor":4},{"not_picked":["Meteor Strike","Self Repair"],"picked":"Hologram","floor":7},{"not_picked":["Go for the Eyes","Capacitor"],"picked":"Defragment","floor":8},{"not_picked":["Fusion","Defragment"],"picked":"FTL","floor":12},{"not_picked":["Rip and Tear","Barrage","Ball Lightning"],"picked":"SKIP","floor":14},{"not_picked":["All For One","Seek"],"picked":"Reboot","floor":16},{"not_picked":["FTL","Steam+1"],"picked":"Leap+1","floor":18},{"not_picked":["Leap","Steam+1"],"picked":"Reinforced Body","floor":20},{"not_picked":["Ball Lightning","Hologram"],"picked":"Beam Cell","floor":21},{"not_picked":["Force Field","Streamline"],"picked":"White Noise","floor":24},{"not_picked":["Hologram","Cold Snap"],"picked":"Chill+1","floor":27},{"not_picked":["Gash+1","Electrodynamics"],"picked":"Sweeping Beam+1","floor":29},{"not_picked":["Hologram","Genetic Algorithm","Scrape"],"picked":"SKIP","floor":31},{"not_picked":["Core Surge","Meteor Strike"],"picked":"Echo Form","floor":33},{"not_picked":["Conserve Battery","Reprogram","Steam Power"],"picked":"SKIP","floor":35},{"not_picked":["Go for the Eyes","Steam","Turbo"],"picked":"SKIP","floor":37},{"not_picked":["Reprogram+1","Scrape+1"],"picked":"Creative AI","floor":39},{"not_picked":["Rebound","Go for the Eyes+1","Seek"],"picked":"SKIP","floor":41},{"not_picked":["Rip and Tear","Barrage+1","Steam"],"picked":"SKIP","floor":42},{"not_picked":["Rebound","Auto Shields"],"picked":"Tempest","floor":46}],"player_experience":499435,"relics_obtained":[{"floor":7,"key":"Akabeko"},{"floor":9,"key":"Anchor"},{"floor":24,"key":"Regal Pillow"},{"floor":26,"key":"Tiny Chest"},{"floor":29,"key":"Bronze Scales"},{"floor":31,"key":"Pear"},{"floor":41,"key":"Smiling Mask"},{"floor":43,"key":"Bottled Lightning"},{"floor":46,"key":"White Beast Statue"}],"event_choices":[{"damage_healed":0,"gold_gain":175,"player_choice":"AGREE","damage_taken":0,"max_hp_gain":0,"max_hp_loss":0,"event_name":"Liars Game","floor":3,"gold_loss":0,"cards_obtained":["Doubt"]},{"damage_healed":0,"gold_gain":0,"player_choice":"Donut","damage_taken":0,"max_hp_gain":5,"max_hp_loss":0,"event_name":"Big Fish","floor":10,"gold_loss":0},{"damage_healed":0,"gold_gain":75,"player_choice":"Gather Gold","damage_taken":11,"max_hp_gain":0,"max_hp_loss":0,"event_name":"World of Goop","floor":11,"gold_loss":0},{"damage_healed":0,"gold_gain":0,"player_choice":"Upgraded","damage_taken":0,"max_hp_gain":0,"max_hp_loss":0,"event_name":"Upgrade Shrine","floor":19,"gold_loss":0,"cards_upgraded":["Defragment"]},{"damage_healed":26,"gold_gain":0,"player_choice":"Heal","damage_taken":0,"max_hp_gain":0,"max_hp_loss":0,"event_name":"The Library","floor":22,"gold_loss":0},{"damage_healed":0,"gold_gain":0,"player_choice":"Upgrade","damage_taken":0,"max_hp_gain":0,"max_hp_loss":0,"event_name":"Designer","floor":25,"gold_loss":40,"cards_upgraded":["White Noise"]},{"damage_healed":0,"gold_gain":0,"player_choice":"Embrace Madness","damage_taken":11,"max_hp_gain":0,"max_hp_loss":0,"event_name":"Winding Halls","floor":38,"gold_loss":0,"cards_obtained":["Madness","Madness"]},{"damage_healed":58,"gold_gain":0,"player_choice":"Heal","damage_taken":0,"max_hp_gain":0,"max_hp_loss":0,"event_name":"MindBloom","floor":44,"gold_loss":0,"cards_obtained":["Doubt"]}],"is_beta":true,"boss_relics":[{"not_picked":[]},{"not_picked":["Runic Dome","Cursed Key"],"picked":"Snecko Eye"}],"items_purged_floors":[13],"is_endless":false,"potions_floor_spawned":[4,7,8,16,20,21,31,33,35,39],"killed_by":"Nemesis","ascension_level":13}}