{"host":"Snek","time":1611674627,"event":{"mods":["AchievementEnabler","BaseMod","Block Reminder","Highlight Path","Minty Spire (QoL Compilation)","Relic Stats","StSLib"],"gold_per_floor":[211,222,172,54,67,67,94,94,94,107,138,148,31,51,51,151,151,170,170,181,181,199,228,72,84,166,178,210,210,227,244,244,348,348,362,375,255,302,352,352,385,405,405,435,92,111,33,45,45,45,45],"floor_reached":50,"language":"ENG","playtime":3319,"items_purged":["Strike_G+1"],"score":965,"play_id":"f288ec65-2112-4ff4-9856-03db3b0baf74","local_time":"20210126162346","is_ascension_mode":true,"campfire_choices":[{"data":"Skewer","floor":6.0,"key":"SMITH"},{"floor":15.0,"key":"REST"},{"floor":32.0,"key":"REST"},{"floor":40,"key":"REST"},{"floor":49,"key":"REST"}],"circlet_count":0,"master_deck":["AscendersBane","Strike_G+1","Strike_G+1","Strike_G+1","Defend_G+1","Defend_G+1","Defend_G+1","Defend_G+1","Defend_G+1","Survivor","Neutralize","Bane","Poisoned Stab","Bouncing Flask","Skewer+1","PiercingWail","Footwork+1","Backflip","Swift Strike+1","Flying Knee+1","Finisher+1","Bullet Time+1","Tactician+1","Dodge and Roll","Choke+1","Bane+1","Malaise","Outmaneuver","Adrenaline","Envenom","Footwork+1","Setup","Dash+1","Flying Knee+1","Venomology","Concentrate+1","Adrenaline","Cloak And Dagger","Dash+1"],"relics":["Ring of the Snake","Molten Egg 2","Singing Bowl","Paper Crane","Runic Pyramid","Bottled Tornado","Bottled Flame","Letter Opener","Runic Dome","Unceasing Top","Calipers","Centennial Puzzle","Blood Vial","Eternal Feather","Membership Card","Bottled Lightning","OrangePellets"],"acts_visited":["Exordium","TheCity","TheBeyond"],"potions_floor_usage":[33,33,33,33,38,42,42,46,46,46,48,50,50],"damage_taken":[{"damage":3.0,"enemies":"2 Louse","floor":1.0,"turns":4.0},{"damage":2.0,"enemies":"Jaw Worm","floor":2.0,"turns":6.0},{"damage":3.0,"enemies":"Small Slimes","floor":5.0,"turns":4.0},{"damage":16.0,"enemies":"Gremlin Nob","floor":7.0,"turns":4.0},{"damage":8.0,"enemies":"3 Louse","floor":10.0,"turns":4.0},{"damage":13.0,"enemies":"3 Sentries","floor":11.0,"turns":10.0},{"damage":0.0,"enemies":"Looter","floor":12.0,"turns":4.0},{"damage":0.0,"enemies":"Gremlin Gang","floor":14.0,"turns":5.0},{"damage":34.0,"enemies":"Slime Boss","floor":16.0,"turns":14.0},{"damage":0.0,"enemies":"Spheric Guardian","floor":18.0,"turns":2.0},{"damage":1.0,"enemies":"2 Thieves","floor":20.0,"turns":3.0},{"damage":3.0,"enemies":"Snake Plant","floor":22.0,"turns":4.0},{"damage":2.0,"enemies":"Gremlin Leader","floor":23.0,"turns":5.0},{"damage":2.0,"enemies":"Centurion and Healer","floor":25.0,"turns":6.0},{"damage":12.0,"enemies":"Cultist and Chosen","floor":27.0,"turns":9.0},{"damage":8.0,"enemies":"Slavers","floor":28.0,"turns":11.0},{"damage":2.0,"enemies":"Sentry and Sphere","floor":30.0,"turns":5.0},{"damage":8.0,"enemies":"Snake Plant","floor":31.0,"turns":4.0},{"damage":29,"enemies":"Champ","floor":33,"turns":9},{"damage":4,"enemies":"3 Shapes","floor":35,"turns":6},{"damage":3,"enemies":"Orb Walker","floor":36,"turns":3},{"damage":23,"enemies":"2 Orb Walkers","floor":38,"turns":5},{"damage":0,"enemies":"Mind Bloom Boss Battle","floor":39,"turns":5},{"damage":32,"enemies":"Reptomancer","floor":41,"turns":10},{"damage":8,"enemies":"Jaw Worm Horde","floor":42,"turns":4},{"damage":12,"enemies":"Nemesis","floor":44,"turns":9},{"damage":0,"enemies":"Maw","floor":46,"turns":7},{"damage":1,"enemies":"Spire Growth","floor":48,"turns":5},{"damage":67,"enemies":"Donu and Deca","floor":50,"turns":7}],"seed_played":"-3510947274673887917","potions_obtained":[{"floor":5.0,"key":"SneckoOil"},{"floor":7.0,"key":"Block Potion"},{"floor":11.0,"key":"Energy Potion"},{"floor":16.0,"key":"SteroidPotion"},{"floor":18.0,"key":"Fire Potion"},{"floor":27.0,"key":"EntropicBrew"},{"floor":28.0,"key":"Energy Potion"},{"floor":36,"key":"Dexterity Potion"},{"floor":42,"key":"Explosive Potion"},{"floor":44,"key":"DistilledChaos"},{"floor":48,"key":"Explosive Potion"}],"is_trial":false,"path_per_floor":["M","M","?","$","M","R","E","?","T","M","E","M","$","M","R","B",null,"M","?","M","?","M","E","$","M","T","M","E","?","M","M","R","B",null,"M","M","$","?","?","R","E","M","T","E","$","M","$","M","R","B"],"character_chosen":"THE_SILENT","items_purchased":["Bouncing Flask","Skewer","Swift Strike+1","Flying Knee+1","Malaise","Strength Potion","Setup","Membership Card","Bottled Lightning","Cloak And Dagger","OrangePellets"],"campfire_rested":4,"item_purchase_floors":[4,4,13,13,24,37,37,45,45,45,47],"current_hp_per_floor":[60,58,58,58,55,55,39,39,39,33,22,22,22,22,44,10,58,58,58,59,59,56,54,54,52,52,42,34,34,34,28,52,23,67,65,62,62,39,39,64,32,24,24,14,14,16,16,19,65,0,0],"gold":45,"neow_bonus":"HUNDRED_GOLD","is_daily":false,"chose_seed":false,"campfire_upgraded":1,"win_rate":0.0,"timestamp":1611674626,"path_taken":["M","M","?","$","M","R","E","?","T","M","E","M","$","M","R","BOSS","M","?","M","?","M","E","$","M","T","M","E","?","M","?","R","BOSS","M","M","$","?","?","R","E","M","T","E","$","M","?","M","R","BOSS"],"items_purchased_type":["Card","Card","Card","Card","Card","Potion","Card","Relic","Relic","Card","Relic"],"build_version":"2020-12-18","purchased_purges":1,"victory":false,"max_hp_per_floor":[70,70,70,70,70,70,70,70,70,72,74,74,74,74,74,74,74,74,74,76,76,76,76,76,76,76,78,78,78,80,82,82,82,82,84,84,84,84,84,84,84,84,84,84,84,84,84,86,86,86,86],"relic_stats":{"Blood Vial":8,"OrangePellets":[4],"Centennial Puzzle":[12],"Singing Bowl":16,"counters":[29,174],"Eternal Feather":21,"Letter Opener":[174],"obtain_stats":[{"Calipers":39,"Singing Bowl":9,"Eternal Feather":44,"Letter Opener":28,"Paper Crane":11,"Bottled Tornado":23,"Blood Vial":43,"Runic Dome":34,"OrangePellets":47,"Bottled Flame":26,"Centennial Puzzle":41,"Molten Egg 2":7,"Membership Card":45,"Bottled Lightning":45,"Unceasing Top":38,"Ring of the Snake":0,"Runic Pyramid":17},{"Calipers":23,"Singing Bowl":4,"Eternal Feather":26,"Letter Opener":16,"Paper Crane":6,"Bottled Tornado":13,"Blood Vial":25,"Runic Dome":19,"OrangePellets":27,"Bottled Flame":14,"Centennial Puzzle":24,"Molten Egg 2":4,"Membership Card":26,"Bottled Lightning":26,"Unceasing Top":22,"Ring of the Snake":0,"Runic Pyramid":9},{"Calipers":132,"Singing Bowl":18,"Eternal Feather":155,"Letter Opener":95,"Paper Crane":32,"Bottled Tornado":69,"Blood Vial":146,"Runic Dome":113,"OrangePellets":162,"Bottled Flame":75,"Centennial Puzzle":142,"Molten Egg 2":18,"Membership Card":155,"Bottled Lightning":155,"Unceasing Top":127,"Ring of the Snake":0,"Runic Pyramid":55}],"Unceasing Top":[9],"Ring of the Snake":[58]},"card_choices":[{"not_picked":["Backflip","Outmaneuver"],"picked":"Bane","floor":1.0},{"not_picked":["Reflex","Bane"],"picked":"Poisoned Stab","floor":2.0},{"not_picked":["Sucker Punch","Bane"],"picked":"PiercingWail","floor":5.0},{"not_picked":["Backflip","Infinite Blades"],"picked":"Footwork","floor":7.0},{"not_picked":["Dodge and Roll","PiercingWail","Calculated Gamble"],"picked":"Singing Bowl","floor":10.0},{"not_picked":["Blade Dance","Deadly Poison","Flying Knee+1"],"picked":"Singing Bowl","floor":11.0},{"not_picked":["Reflex","Blade Dance"],"picked":"Backflip","floor":12.0},{"not_picked":["Choke+1","Dagger Throw+1"],"picked":"Finisher+1","floor":14.0},{"not_picked":["Unload+1","Tools of the Trade"],"picked":"Bullet Time","floor":16.0},{"not_picked":["Deflect","Expertise"],"picked":"Tactician+1","floor":18.0},{"not_picked":["All Out Attack+1","Caltrops","Acrobatics"],"picked":"Singing Bowl","floor":20.0},{"not_picked":["Bane+1","Underhanded Strike+1"],"picked":"Choke+1","floor":22.0},{"not_picked":["Poisoned Stab+1","Slice+1"],"picked":"Bane+1","floor":23.0},{"not_picked":["Blur","PiercingWail+1"],"picked":"Outmaneuver","floor":25.0},{"not_picked":["Dagger Spray+1","Eviscerate+1","Dodge and Roll"],"picked":"Singing Bowl","floor":27.0},{"not_picked":["Distraction","Dagger Throw+1"],"picked":"Adrenaline","floor":28.0},{"not_picked":["Flying Knee+1","Poisoned Stab+1","Tactician"],"picked":"Singing Bowl","floor":30.0},{"not_picked":["Poisoned Stab+1","Sucker Punch+1","Blade Dance"],"picked":"Singing Bowl","floor":31.0},{"not_picked":["Grand Finale+1","Tools of the Trade"],"picked":"Envenom","floor":33},{"not_picked":["Tactician","Backflip+1","Slice+1"],"picked":"Singing Bowl","floor":35},{"not_picked":["Deadly Poison","Dodge and Roll"],"picked":"Footwork+1","floor":36},{"not_picked":["Deadly Poison","Sucker Punch+1"],"picked":"Dash+1","floor":38},{"not_picked":["Backflip+1","Blade Dance"],"picked":"Flying Knee+1","floor":39},{"not_picked":["Sucker Punch+1","Catalyst"],"picked":"Venomology","floor":41},{"not_picked":["Cloak And Dagger+1","Skewer+1"],"picked":"Concentrate+1","floor":42},{"not_picked":["Flechettes+1","Acrobatics"],"picked":"Adrenaline","floor":44},{"not_picked":["Deadly Poison","Cloak And Dagger"],"picked":"Dash+1","floor":46},{"not_picked":["Bane+1","Masterful Stab+1","Tactician"],"picked":"Singing Bowl","floor":48}],"player_experience":495622,"relics_obtained":[{"floor":7.0,"key":"Molten Egg 2"},{"floor":9.0,"key":"Singing Bowl"},{"floor":11.0,"key":"Paper Crane"},{"floor":23.0,"key":"Bottled Tornado"},{"floor":26.0,"key":"Bottled Flame"},{"floor":28.0,"key":"Letter Opener"},{"floor":38,"key":"Unceasing Top"},{"floor":39,"key":"Calipers"},{"floor":41,"key":"Centennial Puzzle"},{"floor":43,"key":"Blood Vial"},{"floor":44,"key":"Eternal Feather"}],"event_choices":[{"cards_removed":["Strike_G"],"damage_healed":0.0,"max_hp_gain":0.0,"max_hp_loss":0.0,"gold_gain":0.0,"event_name":"The Cleric","player_choice":"Card Removal","floor":3.0,"gold_loss":50.0,"damage_taken":0.0},{"damage_healed":0.0,"max_hp_gain":0.0,"max_hp_loss":0.0,"gold_gain":0.0,"event_name":"Living Wall","player_choice":"Grow","floor":8.0,"gold_loss":0.0,"damage_taken":0.0,"cards_upgraded":["Footwork"]},{"damage_healed":0.0,"max_hp_gain":0.0,"max_hp_loss":0.0,"gold_gain":0.0,"event_name":"Back to Basics","player_choice":"Simplicity","floor":19.0,"gold_loss":0.0,"damage_taken":0.0,"cards_upgraded":["Strike_G","Strike_G","Strike_G","Strike_G","Defend_G","Defend_G","Defend_G","Defend_G","Defend_G"]},{"damage_healed":0.0,"max_hp_gain":0.0,"max_hp_loss":0.0,"gold_gain":0.0,"event_name":"The Library","player_choice":"Read","floor":21.0,"gold_loss":0.0,"damage_taken":0.0,"cards_obtained":["Dodge and Roll"]},{"damage_healed":0.0,"max_hp_gain":0.0,"max_hp_loss":0.0,"gold_gain":0.0,"event_name":"Accursed Blacksmith","player_choice":"Forge","floor":29.0,"gold_loss":0.0,"damage_taken":0.0,"cards_upgraded":["Bullet Time"]},{"damage_healed":0,"gold_gain":0,"player_choice":"Fight","damage_taken":0,"max_hp_gain":0,"max_hp_loss":0,"event_name":"Mysterious Sphere","floor":38,"gold_loss":0},{"damage_healed":0,"gold_gain":0,"player_choice":"Fight","damage_taken":0,"max_hp_gain":0,"max_hp_loss":0,"event_name":"MindBloom","floor":39,"gold_loss":0}],"is_beta":true,"boss_relics":[{"not_picked":["Fusion Hammer","Tiny House"],"picked":"Runic Pyramid"},{"not_picked":["Sozu","Ring of the Serpent"],"picked":"Runic Dome"}],"items_purged_floors":[45],"is_endless":false,"potions_floor_spawned":[5,7,11,12,16,18,22,27,28,30,36,42,44,48],"killed_by":"Donu and Deca","ascension_level":12}}