{"host":"ytv3ru9tdqpvv9vj","time":1611631607,"event":{"mods":["BaseMod","Minty Spire (QoL Compilation)","Replay The Spire","StSLib"],"gold_per_floor":[119,129,145,145,145,145,165,165,192,204,204,221,221,233,41,41,41,140,140,154,1,15,27,39,39,68,68,68,68,68,14,14,26,26,26,26],"floor_reached":35,"language":"ENG","playtime":2475,"items_purged":[],"score":279,"play_id":"50ace878-02da-44c2-abec-882185478f9d","local_time":"20210126132647","is_ascension_mode":false,"campfire_choices":[{"data":"Thunderclap","floor":8,"key":"SMITH"},{"data":"Anger","floor":13,"key":"SMITH"},{"data":"Armaments","floor":17,"key":"SMITH"},{"data":"ReplayTheSpireMod:Muscle Training","floor":25,"key":"SMITH"},{"data":"Anger","floor":30,"key":"SMITH"},{"data":"Flex","floor":32,"key":"SMITH"}],"circlet_count":0,"master_deck":["Strike_R","Strike_R","Strike_R","Strike_R","Defend_R","Defend_R","Defend_R","Defend_R","Bash","Shrug It Off","Iron Wave","Thunderclap+1","Ghostly Armor+1","Anger+1","ReplayTheSpireMod:Muscle Training+1","Cleave","Armaments+1","Demonic Infusion+1","Limit Break+1","Anger+1","Clash+1","Flex+1"],"relics":["Burning Blood","CultistMask","Bag of Marbles","Replay:WaspNest","ReplayFunnel","Busted Crown","Guide Book","Gambling Chip","Replay:Towering Pillar of Hats"],"acts_visited":["Exordium","TheCity"],"potions_floor_usage":[2,7,18,18,24,24,33,33,35,35],"damage_taken":[{"damage":6,"enemies":"Jaw Worm","floor":1,"turns":5},{"damage":4,"enemies":"Cultist","floor":2,"turns":5},{"damage":0,"enemies":"2 Louse","floor":3,"turns":3},{"damage":24,"enemies":"Exordium Thugs","floor":7,"turns":5},{"damage":17,"enemies":"3 Sentries","floor":9,"turns":10},{"damage":3,"enemies":"Exordium Wildlife","floor":10,"turns":4},{"damage":4,"enemies":"Large Slime","floor":12,"turns":4},{"damage":1,"enemies":"3 Louse","floor":14,"turns":3},{"damage":49,"enemies":"Fading Forest","floor":18,"turns":11},{"damage":3,"enemies":"Chosen","floor":20,"turns":6},{"damage":2,"enemies":"2 Thieves","floor":22,"turns":4},{"damage":19,"enemies":"Snake Plant","floor":23,"turns":4},{"damage":21,"enemies":"Sentry and Sphere","floor":24,"turns":5},{"damage":23,"enemies":"Book of Stabbing","floor":26,"turns":5},{"damage":11,"enemies":"Cultist and Chosen","floor":33,"turns":6},{"damage":84,"enemies":"Automaton","floor":35,"turns":8}],"seed_played":"-7230969605399654641","potions_obtained":[{"floor":1,"key":"ColorlessPotion"},{"floor":2,"key":"AttackPotion"},{"floor":12,"key":"ColorlessPotion"},{"floor":14,"key":"LifebloodPotion"},{"floor":23,"key":"Fire Potion"},{"floor":24,"key":"BloodPotion"},{"floor":29,"key":"LifebloodPotion"},{"floor":29,"key":"FearPotion"},{"floor":29,"key":"PowerPotion"},{"floor":33,"key":"SkillPotion"}],"is_trial":false,"path_per_floor":["M","M","M","PTL","PTL","?","M","R","E","M","T","M","R","M","$","?","R","B",null,"M","$","M","M","M","R","E","?","T","?","R","$","R","M","R","B"],"character_chosen":"IRONCLAD","items_purchased":["Armaments","ReplayFunnel","Guide Book","Flex"],"campfire_rested":0,"item_purchase_floors":[15,15,21,31],"current_hp_per_floor":[88,88,88,88,88,88,70,70,59,62,62,64,64,69,69,69,69,36,88,88,88,88,75,77,77,60,60,60,60,60,60,60,55,81,0,0],"gold":26,"neow_bonus":"TEN_PERCENT_HP_BONUS","is_daily":false,"chose_seed":false,"campfire_upgraded":6,"win_rate":0.0,"timestamp":1611631607,"path_taken":["M","M","M","PTL","PTL","?","?","R","E","M","T","M","R","M","?","?","R","BOSS","M","$","M","M","?","R","E","?","T","?","R","$","R","M","R","BOSS"],"items_purchased_type":["Card","Relic","Relic","Card"],"build_version":"2020-12-22","purchased_purges":0,"victory":false,"max_hp_per_floor":[88,88,88,88,88,88,88,88,88,88,88,88,88,88,88,88,88,88,88,88,88,88,88,88,88,88,88,88,88,88,88,88,88,88,88,88],"card_choices":[{"not_picked":["Searing Blow","Dual Wield"],"picked":"Shrug It Off","floor":1},{"not_picked":["Battle Trance","Pommel Strike"],"picked":"Iron Wave","floor":2},{"not_picked":["Armaments","Perfected Strike"],"picked":"Thunderclap","floor":3},{"not_picked":["Twin Strike","Headbutt"],"picked":"Ghostly Armor","floor":7},{"not_picked":["Fire Breathing","Iron Wave"],"picked":"Anger","floor":9},{"not_picked":["Fire Breathing","Combust"],"picked":"ReplayTheSpireMod:Muscle Training","floor":10},{"not_picked":["ReplayTheSpireMod:Corrosion Curse","Shrug It Off","Headbutt"],"picked":"SKIP","floor":12},{"not_picked":["Sword Boomerang","Dark Embrace"],"picked":"Cleave","floor":14},{"not_picked":["Corruption","Exhume"],"picked":"Limit Break","floor":18},{"not_picked":["True Grit+1"],"picked":"SKIP","floor":20},{"not_picked":[],"picked":"Anger","floor":22},{"not_picked":[],"picked":"Clash+1","floor":23},{"not_picked":["Perfected Strike+1"],"picked":"SKIP","floor":24},{"not_picked":["Sword Boomerang+1"],"picked":"SKIP","floor":26},{"not_picked":["Dark Embrace"],"picked":"SKIP","floor":33}],"player_experience":44744,"relics_obtained":[{"floor":9,"key":"Bag of Marbles"},{"floor":11,"key":"Replay:WaspNest"},{"floor":26,"key":"Gambling Chip"},{"floor":28,"key":"Replay:Towering Pillar of Hats"}],"event_choices":[{"damage_healed":0,"gold_gain":0,"player_choice":"Trade","damage_taken":0,"relics_obtained":["CultistMask"],"max_hp_gain":0,"max_hp_loss":0,"event_name":"FaceTrader","floor":6,"gold_loss":0},{"damage_healed":0,"gold_gain":0,"cards_transformed":["Strike_R"],"player_choice":"Transformed","damage_taken":0,"max_hp_gain":0,"max_hp_loss":0,"event_name":"Transmorgrifier","floor":16,"gold_loss":0,"cards_obtained":["Demonic Infusion"]},{"damage_healed":0,"gold_gain":0,"player_choice":"Ignored","damage_taken":0,"max_hp_gain":0,"max_hp_loss":0,"event_name":"Ghosts","floor":27,"gold_loss":0},{"damage_healed":0,"gold_gain":0,"player_choice":"Got Potions","damage_taken":0,"max_hp_gain":0,"max_hp_loss":0,"event_name":"Lab","floor":29,"gold_loss":0}],"is_beta":false,"boss_relics":[{"not_picked":["SacredBark","SlaversCollar"],"picked":"Busted Crown"}],"items_purged_floors":[],"is_endless":false,"potions_floor_spawned":[1,2,12,14,23,24,33],"killed_by":"Automaton","ascension_level":0}}