{"host":"mg6qqnp83j5r6p2r","time":1611629843,"event":{"mods":["BaseMod","Colored Map","Colored Powertips","Highlight Path","Minty Spire (QoL Compilation)","Rare Cards Sparkle","Relic Sorter","Relic Stats","StSLib"],"gold_per_floor":[113,124,124,13,13,27,52,52,52,63,63,15,34,44,44,141,141,158,73,73,91,105,105,136,153,222,192,225,243,275,375,375,375,375],"floor_reached":33,"language":"ENG","playtime":1564,"items_purged":["Strike_G"],"score":365,"play_id":"f8cdf5af-4eaf-4601-a1d9-3aca75e442d1","local_time":"20210125205723","is_ascension_mode":true,"campfire_choices":[{"data":"Neutralize","floor":8,"key":"SMITH"},{"floor":15,"key":"RECALL"},{"floor":23,"key":"REST"},{"floor":32,"key":"REST"}],"circlet_count":0,"master_deck":["Strike_G","Strike_G","Strike_G","Defend_G+1","Defend_G","Defend_G","Defend_G","Defend_G+1","Survivor","Neutralize+1","Predator","Backstab","Blade Dance","Noxious Fumes+1","PiercingWail","Calculated Gamble","Backstab","Corpse Explosion","Slice+1","Escape Plan+1","Poisoned Stab","Leg Sweep+1","Flying Knee","Accuracy","Infinite Blades"],"relics":["Ring of the Serpent","Pocketwatch","Potion Belt","Tough Bandages","Ninja Scroll","Calipers","Lantern","Turnip","Frozen Egg 2"],"acts_visited":["Exordium","TheCity"],"potions_floor_usage":[7,18,18,24,31,33],"damage_taken":[{"damage":0,"enemies":"Small Slimes","floor":1,"turns":3},{"damage":2,"enemies":"Jaw Worm","floor":2,"turns":3},{"damage":0,"enemies":"Cultist","floor":6,"turns":3},{"damage":14,"enemies":"Lagavulin","floor":7,"turns":8},{"damage":0,"enemies":"Exordium Wildlife","floor":10,"turns":2},{"damage":0,"enemies":"Lots of Slimes","floor":13,"turns":4},{"damage":1,"enemies":"Blue Slaver","floor":14,"turns":3},{"damage":4,"enemies":"The Guardian","floor":16,"turns":13},{"damage":7,"enemies":"Shell Parasite","floor":18,"turns":3},{"damage":14,"enemies":"2 Thieves","floor":21,"turns":2},{"damage":8,"enemies":"Snecko","floor":22,"turns":4},{"damage":11,"enemies":"Slavers","floor":24,"turns":4},{"damage":2,"enemies":"Snake Plant","floor":25,"turns":6},{"damage":9,"enemies":"Book of Stabbing","floor":28,"turns":6},{"damage":5,"enemies":"Centurion and Healer","floor":29,"turns":5},{"damage":0,"enemies":"Gremlin Leader","floor":30,"turns":7},{"damage":2,"enemies":"Colosseum Slavers","floor":31,"turns":3},{"damage":25,"enemies":"Colosseum Nobs","floor":31,"turns":3},{"damage":48,"enemies":"Automaton","floor":33,"turns":6}],"seed_played":"5926210899294521376","potions_obtained":[{"floor":1,"key":"Poison Potion"},{"floor":10,"key":"SkillPotion"},{"floor":13,"key":"CultistPotion"},{"floor":16,"key":"DistilledChaos"},{"floor":22,"key":"Explosive Potion"},{"floor":24,"key":"PowerPotion"},{"floor":25,"key":"Strength Potion"},{"floor":27,"key":"LiquidBronze"},{"floor":27,"key":"SpeedPotion"},{"floor":29,"key":"LiquidBronze"},{"floor":31,"key":"Fire Potion"}],"is_trial":false,"path_per_floor":["M","M","?","$","?","M","E","R","T","M","$","?","M","M","R","B",null,"M","?","?","M","M","R","E","M","T","?","E","M","E","?","R","B"],"character_chosen":"THE_SILENT","items_purchased":["Noxious Fumes"],"campfire_rested":2,"item_purchase_floors":[4],"current_hp_per_floor":[70,68,54,54,54,54,40,40,40,40,40,40,40,39,39,35,70,63,63,63,49,41,62,51,49,49,49,40,35,35,8,29,0,0],"gold":375,"neow_bonus":"TRANSFORM_CARD","is_daily":false,"chose_seed":false,"campfire_upgraded":1,"win_rate":0.0,"timestamp":1611629843,"path_taken":["M","M","?","$","?","M","E","R","T","M","$","?","M","M","R","BOSS","M","?","?","?","M","R","E","M","T","?","E","?","E","?","R","BOSS"],"items_purchased_type":["Card"],"build_version":"2020-12-22","purchased_purges":1,"victory":false,"max_hp_per_floor":[70,70,70,70,70,70,70,70,70,70,70,70,70,70,70,70,70,70,70,70,70,70,70,70,70,70,70,70,70,70,70,70,70,70],"relic_stats":{"Tough Bandages":[60],"counters":[19,88],"Turnip":[0],"obtain_stats":[{"Potion Belt":19,"Tough Bandages":24,"Lantern":30,"Calipers":28,"Ninja Scroll":26,"Turnip":31,"Frozen Egg 2":31,"Ring of the Serpent":17,"Ring of the Snake":0,"Pocketwatch":7},{"Potion Belt":9,"Tough Bandages":12,"Lantern":16,"Calipers":14,"Ninja Scroll":13,"Turnip":18,"Frozen Egg 2":18,"Ring of the Serpent":8,"Ring of the Snake":0,"Pocketwatch":4},{"Potion Belt":42,"Tough Bandages":52,"Lantern":76,"Calipers":64,"Ninja Scroll":58,"Turnip":82,"Frozen Egg 2":82,"Ring of the Serpent":39,"Ring of the Snake":0,"Pocketwatch":17}],"Pocketwatch":[36]},"card_choices":[{"not_picked":["PiercingWail","Sucker Punch"],"picked":"Backstab","floor":1},{"not_picked":["Setup","Dodge and Roll"],"picked":"Blade Dance","floor":2},{"not_picked":["Calculated Gamble","Sucker Punch"],"picked":"PiercingWail","floor":6},{"not_picked":["Underhanded Strike","Masterful Stab"],"picked":"Calculated Gamble","floor":7},{"not_picked":["Prepared","Deadly Poison","Bouncing Flask"],"picked":"SKIP","floor":10},{"not_picked":["Setup","Prepared"],"picked":"Backstab","floor":13},{"not_picked":["Slice","Deadly Poison","Dagger Throw"],"picked":"SKIP","floor":14},{"not_picked":["Envenom","Venomology"],"picked":"Corpse Explosion","floor":16},{"not_picked":["Dagger Spray","Deflect"],"picked":"Slice+1","floor":18},{"not_picked":["Underhanded Strike","Flechettes"],"picked":"Escape Plan+1","floor":21},{"not_picked":["Dodge and Roll","Choke"],"picked":"Poisoned Stab","floor":22},{"not_picked":["Deflect","Quick Slash"],"picked":"Leg Sweep+1","floor":24},{"not_picked":["Tools of the Trade","Finisher","Concentrate+1"],"picked":"SKIP","floor":25},{"not_picked":["Dagger Spray","All Out Attack"],"picked":"Flying Knee","floor":28},{"not_picked":["Prepared","Bane"],"picked":"Accuracy","floor":29},{"not_picked":["Quick Slash","Expertise+1"],"picked":"Infinite Blades","floor":30}],"player_experience":219487,"relics_obtained":[{"floor":7,"key":"Pocketwatch"},{"floor":24,"key":"Tough Bandages"},{"floor":26,"key":"Ninja Scroll"},{"floor":28,"key":"Calipers"},{"floor":30,"key":"Lantern"},{"floor":31,"key":"Turnip"},{"floor":31,"key":"Frozen Egg 2"}],"event_choices":[{"damage_healed":0,"gold_gain":0,"player_choice":"Entered Light","damage_taken":14,"max_hp_gain":0,"max_hp_loss":0,"event_name":"Shining Light","floor":3,"gold_loss":0,"cards_upgraded":["Defend_G","Defend_G"]},{"damage_healed":0,"gold_gain":0,"player_choice":"Ignored","damage_taken":0,"max_hp_gain":0,"max_hp_loss":0,"event_name":"Liars Game","floor":5,"gold_loss":0},{"damage_healed":0,"gold_gain":0,"player_choice":"Left Gold","damage_taken":0,"max_hp_gain":0,"max_hp_loss":0,"event_name":"World of Goop","floor":12,"gold_loss":48},{"damage_healed":0,"gold_gain":0,"player_choice":"Obtained Relic","damage_taken":0,"relics_obtained":["Potion Belt"],"max_hp_gain":0,"max_hp_loss":0,"event_name":"Addict","floor":19,"gold_loss":85},{"damage_healed":0,"gold_gain":0,"player_choice":"Forge","damage_taken":0,"max_hp_gain":0,"max_hp_loss":0,"event_name":"Accursed Blacksmith","floor":20,"gold_loss":0,"cards_upgraded":["Noxious Fumes"]},{"damage_healed":0,"gold_gain":0,"player_choice":"Bought 2 Potions","damage_taken":0,"max_hp_gain":0,"max_hp_loss":0,"event_name":"The Woman in Blue","floor":27,"gold_loss":0},{"damage_healed":0,"gold_gain":0,"player_choice":"Fight","damage_taken":0,"max_hp_gain":0,"max_hp_loss":0,"event_name":"Colosseum","floor":31,"gold_loss":0},{"damage_healed":0,"gold_gain":0,"player_choice":"Fought Nobs","damage_taken":0,"max_hp_gain":0,"max_hp_loss":0,"event_name":"Colosseum","floor":31,"gold_loss":0}],"is_beta":false,"boss_relics":[{"not_picked":["SlaversCollar","Velvet Choker"],"picked":"Ring of the Serpent"}],"items_purged_floors":[4],"is_endless":false,"potions_floor_spawned":[1,10,13,16,22,24,25,29,31,31],"killed_by":"Automaton","ascension_level":2}}