{"host":"ndqo0ze3xqwwg5zo","time":1611699217,"event":{"mods":["BaseMod","Colored Powertips","Downfall","Hermit","Koishi","Marisa????????","Minty Spire (QoL Compilation)","Permanent Neow","Replay The Spire","Shop Mod","StSLib","Td1madao Mod","The Cursed","The Disciple","The Hierophant","The Necromancer","The Runesmith","The Servant 0.9.4","The Wild Card"],"gold_per_floor":[119,133,152,168,54,54,74,88,88,88,98,98,98,110,110,212,212,226,237,157,172,0,0,0,0,0,11,11,11,11,11],"floor_reached":30,"language":"ENG","playtime":4913,"items_purged":["Strike_Br"],"score":224,"play_id":"8197e581-a79e-4387-baf2-a8364947c60c","local_time":"20210126161337","is_ascension_mode":false,"campfire_choices":[{"data":"PatternShift","floor":6,"key":"SMITH"},{"data":"SecondHand","floor":10,"key":"SMITH"},{"data":"LockedPlans","floor":13,"key":"SMITH"},{"data":"Keepsakes","floor":15,"key":"SMITH"},{"floor":23,"key":"REST"},{"floor":25,"key":"REST"},{"floor":29,"key":"REST"}],"circlet_count":0,"master_deck":["Strike_Br","Defend_Br","Defend_Br","Defend_Br","Defend_Br","SecondHand+1","PatternShift+1","HandsUpC","Keepsakes+1","HandsUpB+1","LockedPlans+1","LockedWhetstone","OracleForm","CurseOfTheBell","HandsUpC","Echoward","Echonomics","BlueShift","LockedBlood","LockedAnchor","Backlash"],"relics":["Chronometer","Quantum Egg","MerchantsRug","Bag of Marbles"],"acts_visited":["Exordium","TheCity"],"potions_floor_usage":[16,18],"damage_taken":[{"damage":2,"enemies":"Jaw Worm","floor":1,"turns":7},{"damage":2,"enemies":"2 Louse","floor":2,"turns":3},{"damage":0,"enemies":"Small Slimes","floor":3,"turns":4},{"damage":3,"enemies":"2 Fungi Beasts","floor":4,"turns":3},{"damage":1,"enemies":"Blue Slaver","floor":7,"turns":5},{"damage":2,"enemies":"Red Slaver","floor":8,"turns":5},{"damage":6,"enemies":"Gremlin Gang","floor":11,"turns":5},{"damage":0,"enemies":"Large Slime","floor":14,"turns":6},{"damage":15,"enemies":"The Guardian","floor":16,"turns":11},{"damage":21,"enemies":"Chosen","floor":18,"turns":6},{"damage":13,"enemies":"Shell Parasite","floor":19,"turns":8},{"damage":36,"enemies":"3 Cultists","floor":21,"turns":8},{"damage":30,"enemies":"Snecko","floor":27,"turns":8},{"damage":30,"enemies":"Centurion and Healer","floor":30,"turns":7}],"seed_played":"-8746023908294414033","potions_obtained":[{"floor":1,"key":"Reflective Coating"},{"floor":4,"key":"AttackPotion"},{"floor":11,"key":"Death Potion"},{"floor":18,"key":"Elixir"},{"floor":21,"key":"Doom Potion"},{"floor":27,"key":"Block Potion"}],"is_trial":false,"path_per_floor":["M","M","M","M","$","R","M","M","T","R","M","?","R","M","R","B",null,"M","M","$","M","?","R","?","R","T","M","?","R","M"],"character_chosen":"CHRONO_CLASS","items_purchased":["HandsUpB+1","MerchantsRug","Echonomics"],"campfire_rested":3,"item_purchase_floors":[5,20,20],"current_hp_per_floor":[69,67,67,64,64,64,63,61,61,61,55,55,55,55,55,40,71,50,37,37,1,1,22,22,43,43,28,15,37,13,13],"gold":11,"neow_bonus":"TEN_PERCENT_HP_BONUS","is_daily":false,"chose_seed":false,"campfire_upgraded":4,"win_rate":0.0,"timestamp":1611699217,"path_taken":["M","M","M","M","$","R","M","M","T","R","M","?","R","M","R","BOSS","M","M","$","M","?","R","?","R","T","M","?","R","M"],"items_purchased_type":["Card","Relic","Card"],"build_version":"2020-12-22","purchased_purges":1,"victory":false,"max_hp_per_floor":[71,71,71,71,71,71,71,71,71,71,71,71,71,71,71,71,71,71,71,71,71,71,71,71,71,71,71,76,76,76,76],"card_choices":[{"not_picked":["SlimeSpray","PrimeTime"],"picked":"HandsUpC","floor":1},{"not_picked":["AlternateTimeline","HandsUpB"],"picked":"Keepsakes","floor":2},{"not_picked":["LockedBlood","Parity","Engulf"],"picked":"SKIP","floor":3},{"not_picked":["LockedAnchor","LockedOrichalcum","LockedCalendar"],"picked":"SKIP","floor":4},{"not_picked":["Engulf","BiteCommand"],"picked":"LockedPlans","floor":7},{"not_picked":["ShortSighted","TiringSlam"],"picked":"LockedWhetstone","floor":8},{"not_picked":["Parity","BiteCommand","LockedUrn"],"picked":"SKIP","floor":11},{"not_picked":["ExoVibe","LockedAnchor","WatchCommand"],"picked":"SKIP","floor":14},{"not_picked":["Flay","LockedCalendar"],"picked":"OracleForm","floor":16},{"not_picked":["HandsUpB","WindUp"],"picked":"HandsUpC","floor":18},{"not_picked":["Engulf+1","Keepsakes"],"picked":"Echoward","floor":19},{"not_picked":["LockedUrn","WindUp"],"picked":"BlueShift","floor":21},{"not_picked":["Parity","AlternateTimeline"],"picked":"Backlash","floor":27}],"player_experience":55390,"relics_obtained":[{"floor":9,"key":"Quantum Egg"},{"floor":17,"key":"Nunchaku"},{"floor":17,"key":"InkBottle"},{"floor":17,"key":"CaptainsWheel"},{"floor":26,"key":"Bag of Marbles"}],"event_choices":[{"damage_healed":0,"gold_gain":0,"player_choice":"Paid Fearfully","damage_taken":0,"max_hp_gain":0,"max_hp_loss":0,"event_name":"Masked Bandits","floor":22,"gold_loss":172},{"damage_healed":0,"gold_gain":0,"player_choice":"Shed Blood","damage_taken":18,"max_hp_gain":5,"max_hp_loss":0,"event_name":"Forgotten Altar","floor":28,"gold_loss":0}],"is_beta":false,"boss_relics":[{"not_picked":["Runesmith:UraniumAnvil","Replay:Wanted Poster"],"picked":"Calling Bell"}],"items_purged_floors":[5],"is_endless":false,"potions_floor_spawned":[1,4,11,18,21,27],"killed_by":"Centurion and Healer","ascension_level":0}}