{"host":"FirstDane","time":1611632890,"event":{"mods":["BaseMod","Bestiary","Highlight Path","Minty Spire (QoL Compilation)","Relic Stats","Slay the Relics Exporter"],"gold_per_floor":[109,122,132,52,68,68,98,98,167,167,180,190,217,237,237,312,312,324,334,259,277,192,217,217,217,217],"floor_reached":25,"language":"ENG","playtime":2712,"items_purged":[],"score":520,"play_id":"6ce447ba-5564-48f6-b350-0475097a70a7","local_time":"20210125214810","is_ascension_mode":true,"campfire_choices":[{"data":"Dash","floor":6,"key":"SMITH"},{"data":"Terror","floor":10,"key":"SMITH"},{"data":"Deadly Poison","floor":15,"key":"SMITH"},{"data":"Predator","floor":24,"key":"SMITH"}],"circlet_count":0,"master_deck":["AscendersBane","Strike_G","Strike_G","Defend_G","Defend_G","Defend_G","Defend_G","Survivor","Neutralize","Masterful Stab","Blade Dance","Deadly Poison+1","Dash+1","Terror+1","Venomology","Predator+1","Deflect","Adrenaline","Prepared","Masterful Stab","Deadly Poison"],"relics":["Ring of the Snake","The Specimen","Bottled Lightning","Snake Skull","Runic Pyramid","Meat on the Bone"],"acts_visited":["Exordium","TheCity"],"potions_floor_usage":[7,13,13,14,18,19,21,21,23,23,25,25],"damage_taken":[{"damage":4,"enemies":"Jaw Worm","floor":1,"turns":7},{"damage":0,"enemies":"Cultist","floor":2,"turns":3},{"damage":0,"enemies":"Small Slimes","floor":3,"turns":2},{"damage":3,"enemies":"Exordium Wildlife","floor":5,"turns":3},{"damage":0,"enemies":"Gremlin Nob","floor":7,"turns":2},{"damage":3,"enemies":"Looter","floor":11,"turns":2},{"damage":0,"enemies":"2 Fungi Beasts","floor":12,"turns":3},{"damage":2,"enemies":"Lagavulin","floor":13,"turns":5},{"damage":4,"enemies":"Lots of Slimes","floor":14,"turns":5},{"damage":37,"enemies":"The Guardian","floor":16,"turns":10},{"damage":11,"enemies":"Shell Parasite","floor":18,"turns":5},{"damage":0,"enemies":"Chosen","floor":19,"turns":3},{"damage":5,"enemies":"Shelled Parasite and Fungi","floor":21,"turns":5},{"damage":5,"enemies":"Book of Stabbing","floor":23,"turns":4},{"damage":46,"enemies":"Slavers","floor":25,"turns":4}],"seed_played":"-5029202534484142841","potions_obtained":[{"floor":2,"key":"SteroidPotion"},{"floor":5,"key":"Ancient Potion"},{"floor":11,"key":"SpeedPotion"},{"floor":13,"key":"LiquidBronze"},{"floor":18,"key":"PowerPotion"},{"floor":19,"key":"Regen Potion"},{"floor":21,"key":"Energy Potion"}],"is_trial":false,"path_per_floor":["M","M","M","$","M","R","E","?","T","R","M","M","E","M","R","B",null,"M","M","?","M","?","E","R","E"],"character_chosen":"THE_SILENT","items_purchased":["Dash"],"campfire_rested":0,"item_purchase_floors":[4],"current_hp_per_floor":[55,55,55,55,52,52,52,57,57,57,54,54,52,48,48,11,52,41,41,41,50,50,45,45,0,0],"gold":217,"neow_bonus":"REMOVE_TWO","is_daily":false,"chose_seed":false,"campfire_upgraded":4,"win_rate":0.0,"timestamp":1611632890,"path_taken":["M","M","M","$","M","R","E","?","T","R","M","M","E","M","R","BOSS","M","M","?","?","?","E","R","E"],"items_purchased_type":["Card"],"build_version":"2020-12-18","purchased_purges":0,"victory":false,"max_hp_per_floor":[60,60,60,60,60,60,60,65,65,65,65,65,65,65,65,65,65,65,65,65,65,65,65,65,65,65],"relic_stats":{"counters":[15,63],"Snake Skull":[16],"obtain_stats":[{"The Specimen":7,"Snake Skull":13,"Bottled Lightning":9,"Ring of the Snake":0,"Runic Pyramid":17,"Meat on the Bone":22},{"The Specimen":5,"Snake Skull":8,"Bottled Lightning":5,"Ring of the Snake":0,"Runic Pyramid":10,"Meat on the Bone":13},{"The Specimen":17,"Snake Skull":27,"Bottled Lightning":17,"Ring of the Snake":0,"Runic Pyramid":42,"Meat on the Bone":55}],"Ring of the Snake":[30],"Meat on the Bone":0},"card_choices":[{"not_picked":["Dagger Spray","Accuracy"],"picked":"Masterful Stab","floor":1},{"not_picked":["Deadly Poison","Distraction"],"picked":"Blade Dance","floor":2},{"not_picked":["Tactician","Prepared"],"picked":"Deadly Poison","floor":3},{"not_picked":["Poisoned Stab","Outmaneuver"],"picked":"Terror","floor":5},{"not_picked":["Backstab","Finisher"],"picked":"Venomology","floor":7},{"not_picked":["Eviscerate","Poisoned Stab","Quick Slash"],"picked":"SKIP","floor":11},{"not_picked":["Flying Knee","Choke"],"picked":"Predator","floor":12},{"not_picked":["Reflex","Finisher"],"picked":"Deflect","floor":13},{"not_picked":["Endless Agony","Quick Slash","Underhanded Strike"],"picked":"SKIP","floor":14},{"not_picked":["Phantasmal Killer","Grand Finale"],"picked":"Adrenaline","floor":16},{"not_picked":["Dagger Throw","Dodge and Roll","Backstab"],"picked":"SKIP","floor":18},{"not_picked":["Blade Dance+1","All Out Attack"],"picked":"Prepared","floor":19},{"not_picked":["Poisoned Stab","Slice","Flying Knee"],"picked":"SKIP","floor":21},{"not_picked":["Deadly Poison","All Out Attack","Distraction"],"picked":"SKIP","floor":23}],"player_experience":3987404,"relics_obtained":[{"floor":7,"key":"The Specimen"},{"floor":9,"key":"Bottled Lightning"},{"floor":13,"key":"Snake Skull"}],"event_choices":[{"damage_healed":0,"gold_gain":0,"player_choice":"Donut","damage_taken":0,"max_hp_gain":5,"max_hp_loss":0,"event_name":"Big Fish","floor":8,"gold_loss":0},{"damage_healed":0,"gold_gain":0,"cards_transformed":["Strike_G","Strike_G"],"player_choice":"Transformed Cards","damage_taken":0,"max_hp_gain":0,"max_hp_loss":0,"event_name":"Designer","floor":20,"gold_loss":75,"cards_obtained":["Masterful Stab","Deadly Poison"]},{"damage_healed":0,"gold_gain":0,"player_choice":"Obtained Relic","damage_taken":0,"relics_obtained":["Meat on the Bone"],"max_hp_gain":0,"max_hp_loss":0,"event_name":"Addict","floor":22,"gold_loss":85}],"is_beta":true,"boss_relics":[{"not_picked":["Runic Dome","Astrolabe"],"picked":"Runic Pyramid"}],"items_purged_floors":[],"is_endless":false,"potions_floor_spawned":[2,5,11,13,18,19,21],"killed_by":"Slavers","ascension_level":20}}