{"host":"kw4o7b3ro2ktmmbe","time":1611657626,"event":{"mods":["BaseMod","Evolution","Minty Spire (QoL Compilation)","StSLib","The Druid"],"gold_per_floor":[118,118,134,134,151,151,182,27,53,53,72,72,82,102,102,207,207,225,225,235,235,235,235,267,267,291,68,85,114,114,114],"floor_reached":30,"language":"ENG","playtime":1874,"items_purged":["Writhe"],"score":347,"play_id":"0a14a818-0cf5-482b-81b8-16b836e6f4a7","local_time":"20210126234026","is_ascension_mode":true,"campfire_choices":[{"floor":6,"key":"RECALL"},{"floor":12,"key":"REST"},{"floor":15,"key":"REST"},{"floor":23,"key":"REST"},{"floor":25,"key":"REST"}],"circlet_count":0,"master_deck":["theDruid:PlagueClaw","theDruid:PlagueClaw","theDruid:PlagueClaw","theDruid:PlagueClaw","theDruid:AstralShield","theDruid:Defend_O","theDruid:BriarArmor+1","theDruid:WildSlash","theDruid:Infestation","theDruid:FullMoon","theDruid:WallofRoots","theDruid:Earthquake","theDruid:SerratedFlesh+1","theDruid:SpiritCall","theDruid:BrambleLash+1","theDruid:FullMoon+1","theDruid:TwinStars","theDruid:PrimalStrength","theDruid:FeralPlants"],"relics":["EVO:Axolotl","Fusion Hammer","Blood Vial","Membership Card","Potion Belt","Philosopher\u0027s Stone","Shuriken","PreservedInsect","Dream Catcher","TungstenRod","Vajra"],"acts_visited":["Exordium","TheCity"],"potions_floor_usage":[16,18,29],"damage_taken":[{"damage":0,"enemies":"Jaw Worm","floor":1,"turns":3},{"damage":0,"enemies":"Cultist","floor":3,"turns":4},{"damage":0,"enemies":"Small Slimes","floor":5,"turns":3},{"damage":30,"enemies":"3 Sentries","floor":7,"turns":10},{"damage":5,"enemies":"Red Slaver","floor":11,"turns":2},{"damage":0,"enemies":"Large Slime","floor":13,"turns":3},{"damage":5,"enemies":"Lots of Slimes","floor":14,"turns":2},{"damage":60,"enemies":"Slime Boss","floor":16,"turns":9},{"damage":0,"enemies":"Chosen","floor":18,"turns":6},{"damage":0,"enemies":"3 Byrds","floor":20,"turns":4},{"damage":53,"enemies":"Slavers","floor":24,"turns":4},{"damage":15,"enemies":"Centurion and Healer","floor":28,"turns":5},{"damage":34,"enemies":"Book of Stabbing","floor":29,"turns":4},{"damage":18,"enemies":"Sentry and Sphere","floor":30,"turns":2}],"seed_played":"-7944150585509587455","potions_obtained":[{"floor":5,"key":"FearPotion"},{"floor":11,"key":"SkillPotion"},{"floor":14,"key":"Swift Potion"},{"floor":28,"key":"Regen Potion"}],"is_trial":false,"path_per_floor":["M","?","M","?","M","R","E","$","T","?","M","R","M","M","R","B",null,"M","?","M","?","?","R","E","R","T","$","M","E","M"],"character_chosen":"DRUID","items_purchased":["Membership Card","TungstenRod","theDruid:TwinStars"],"campfire_rested":4,"item_purchase_floors":[8,27,27],"current_hp_per_floor":[75,68,68,68,68,68,38,38,38,38,35,57,59,56,75,15,75,75,75,75,75,75,75,22,44,44,44,31,13,0,0],"gold":114,"neow_bonus":"BOSS_RELIC","is_daily":false,"chose_seed":false,"campfire_upgraded":0,"win_rate":0.0,"timestamp":1611657626,"path_taken":["M","?","M","?","?","R","E","$","T","?","M","R","M","M","R","BOSS","M","?","M","?","?","R","E","R","T","$","M","E","?"],"items_purchased_type":["Relic","Relic","Card"],"build_version":"2020-12-22","purchased_purges":1,"victory":false,"max_hp_per_floor":[75,75,75,75,75,75,75,75,75,75,75,75,75,75,75,75,75,75,75,75,75,75,75,75,75,75,75,75,75,75,75],"card_choices":[{"not_picked":["theDruid:Gore","theDruid:IronClaw","theDruid:Slingshot"],"picked":"SKIP","floor":1},{"not_picked":["theDruid:Prowl","theDruid:IronClaw"],"picked":"theDruid:Infestation","floor":3},{"not_picked":["theDruid:IronClaw","theDruid:Moonbeam"],"picked":"theDruid:FullMoon","floor":5},{"not_picked":["theDruid:AstralShield","theDruid:BagofTricks"],"picked":"theDruid:WallofRoots","floor":7},{"not_picked":["theDruid:BlessedStrike","theDruid:ThickHide","theDruid:FelineGrace"],"picked":"SKIP","floor":11},{"not_picked":["theDruid:RockSlide","theDruid:Resourcefulness","theDruid:ExposingSlash"],"picked":"SKIP","floor":13},{"not_picked":["theDruid:BlessedStrike","theDruid:InsectSwarm"],"picked":"theDruid:SerratedFlesh","floor":14},{"not_picked":["theDruid:Earthquake","theDruid:HailofThorns"],"picked":"theDruid:SpiritCall","floor":16},{"not_picked":["theDruid:FelineGrace","theDruid:IronClaw"],"picked":"theDruid:BrambleLash+1","floor":18},{"not_picked":["theDruid:Slingshot+1","theDruid:TakeShelter","theDruid:ThornStrike"],"picked":"SKIP","floor":20},{"not_picked":["theDruid:Infestation","theDruid:ExposingSlash"],"picked":"theDruid:FullMoon+1","floor":24},{"not_picked":["theDruid:RockSlide","theDruid:BackupSupplies+1"],"picked":"theDruid:PrimalStrength","floor":28},{"not_picked":["theDruid:Guidance","theDruid:Thornburst"],"picked":"theDruid:FeralPlants","floor":29}],"player_experience":1884443,"relics_obtained":[{"floor":7,"key":"Blood Vial"},{"floor":9,"key":"Potion Belt"},{"floor":24,"key":"PreservedInsect"},{"floor":26,"key":"Dream Catcher"},{"floor":29,"key":"Vajra"}],"event_choices":[{"cards_removed":["theDruid:Defend_O"],"damage_healed":0,"gold_gain":0,"player_choice":"Card Removal","damage_taken":7,"max_hp_gain":0,"max_hp_loss":0,"event_name":"Golden Wing","floor":2,"gold_loss":0},{"damage_healed":0,"gold_gain":0,"player_choice":"Upgraded","damage_taken":0,"max_hp_gain":0,"max_hp_loss":0,"event_name":"Upgrade Shrine","floor":4,"gold_loss":0,"cards_upgraded":["theDruid:BriarArmor"]},{"damage_healed":0,"gold_gain":0,"cards_transformed":["theDruid:Defend_O"],"player_choice":"Transformed","damage_taken":0,"max_hp_gain":0,"max_hp_loss":0,"event_name":"Transmorgrifier","floor":10,"gold_loss":0,"cards_obtained":["theDruid:Earthquake"]},{"damage_healed":0,"gold_gain":0,"player_choice":"Ignored","damage_taken":0,"max_hp_gain":0,"max_hp_loss":0,"event_name":"Beggar","floor":19,"gold_loss":0},{"damage_healed":0,"gold_gain":0,"player_choice":"Opened","damage_taken":0,"relics_obtained":["Shuriken"],"max_hp_gain":0,"max_hp_loss":0,"event_name":"The Mausoleum","floor":21,"gold_loss":0,"cards_obtained":["Writhe"]},{"damage_healed":0,"gold_gain":0,"player_choice":"Upgraded","damage_taken":0,"max_hp_gain":0,"max_hp_loss":0,"event_name":"Upgrade Shrine","floor":22,"gold_loss":0,"cards_upgraded":["theDruid:SerratedFlesh"]}],"is_beta":false,"boss_relics":[{"not_picked":["Empty Cage","Astrolabe"],"picked":"Philosopher\u0027s Stone"}],"items_purged_floors":[27],"is_endless":false,"potions_floor_spawned":[5,11,14,28],"killed_by":"Sentry and Sphere","ascension_level":4}}