{"host":"1xo5g347e5o4auts","time":1611673243,"event":{"mods":["BaseMod","Minty Spire (QoL Compilation)","Permanent Neow","StSLib"],"gold_per_floor":[114,134,134,146,146,172,172,192,192,192,227,152,187,201,201,277,277,297,310,329,244,244,244],"floor_reached":22,"language":"ENG","playtime":497,"items_purged":["Strike_B"],"score":462,"play_id":"d7fc8cd6-350f-4b36-9045-e3cd2b94346e","local_time":"20210126170043","is_ascension_mode":true,"campfire_choices":[{"data":"Zap","floor":7.0,"key":"SMITH"},{"data":"Electrodynamics","floor":10.0,"key":"SMITH"},{"data":"Ball Lightning","floor":15,"key":"SMITH"}],"circlet_count":0,"master_deck":["AscendersBane","Strike_B","Strike_B","Strike_B","Defend_B","Defend_B","Defend_B","Defend_B","Zap+1","Dualcast","Electrodynamics+1","BootSequence","Ball Lightning+1","Ball Lightning","Conserve Battery","Creative AI","Barrage+1","Defragment"],"relics":["Cracked Core","Blood Vial","Strawberry","Mercury Hourglass","Nunchaku","Runic Dome","Symbiotic Virus"],"acts_visited":["Exordium","TheCity"],"potions_floor_usage":[13,20],"damage_taken":[{"damage":0.0,"enemies":"Small Slimes","floor":1.0,"turns":2.0},{"damage":1.0,"enemies":"Cultist","floor":2.0,"turns":3.0},{"damage":0.0,"enemies":"2 Louse","floor":4.0,"turns":2.0},{"damage":20.0,"enemies":"Lagavulin","floor":6.0,"turns":5.0},{"damage":0.0,"enemies":"Looter","floor":8.0,"turns":2.0},{"damage":0.0,"enemies":"3 Sentries","floor":11.0,"turns":2.0},{"damage":10,"enemies":"Lagavulin","floor":13,"turns":5},{"damage":0,"enemies":"3 Louse","floor":14,"turns":2},{"damage":6,"enemies":"Slime Boss","floor":16,"turns":6},{"damage":25,"enemies":"Shell Parasite","floor":18,"turns":4},{"damage":4,"enemies":"Spheric Guardian","floor":19,"turns":3},{"damage":13,"enemies":"Chosen and Byrds","floor":20,"turns":4},{"damage":40,"enemies":"Shelled Parasite and Fungi","floor":22,"turns":3}],"seed_played":"6904945770182240215","potions_obtained":[{"floor":1.0,"key":"AttackPotion"},{"floor":4.0,"key":"Weak Potion"},{"floor":5.0,"key":"Dexterity Potion"},{"floor":11,"key":"Fire Potion"}],"is_trial":false,"path_per_floor":["M","M","?","M","?","E","R","M","T","R","E","$","E","M","R","B",null,"M","M","M","?","M"],"character_chosen":"DEFECT","items_purchased":[],"campfire_rested":0,"item_purchase_floors":[],"current_hp_per_floor":[64,63,68,68,68,48,48,50,57,57,59,59,51,53,53,49,69,46,44,33,33,0,0],"gold":244,"neow_bonus":"THREE_RARE_CARDS","is_daily":false,"chose_seed":false,"campfire_upgraded":3,"win_rate":0.0,"timestamp":1611673243,"path_taken":["M","M","?","M","?","E","R","M","T","R","E","$","E","M","R","BOSS","M","M","?","?","M"],"items_purchased_type":[],"build_version":"2020-12-22","purchased_purges":1,"victory":false,"max_hp_per_floor":[64,64,69,69,69,69,69,69,76,76,76,76,76,76,76,76,76,76,76,76,76,76,76],"card_choices":[{"not_picked":["Machine Learning","Core Surge"],"picked":"Electrodynamics","floor":0.0},{"not_picked":["Leap","Double Energy"],"picked":"BootSequence","floor":1.0},{"not_picked":["Rebound","Gash","Thunder Strike"],"picked":"SKIP","floor":2.0},{"not_picked":["Compile Driver","Undo"],"picked":"Ball Lightning","floor":4.0},{"not_picked":["Beam Cell","Tempest"],"picked":"Ball Lightning","floor":6.0},{"not_picked":["Sweeping Beam","Gash"],"picked":"Conserve Battery","floor":8.0},{"not_picked":["White Noise","Redo","Hyperbeam"],"picked":"SKIP","floor":11},{"not_picked":["Thunder Strike","Sweeping Beam","Rebound"],"picked":"SKIP","floor":13},{"not_picked":["Recycle","Reprogram","Streamline"],"picked":"SKIP","floor":14},{"not_picked":["Rainbow","Multi-Cast"],"picked":"Creative AI","floor":16},{"not_picked":["Auto Shields","Sweeping Beam","Turbo"],"picked":"SKIP","floor":18},{"not_picked":["Gash+1","Auto Shields"],"picked":"Barrage+1","floor":19},{"not_picked":["Stack","Loop"],"picked":"Defragment","floor":20}],"player_experience":1363896,"relics_obtained":[{"floor":6.0,"key":"Blood Vial"},{"floor":9.0,"key":"Strawberry"},{"floor":11,"key":"Mercury Hourglass"},{"floor":13,"key":"Nunchaku"}],"event_choices":[{"damage_healed":0.0,"max_hp_gain":5.0,"max_hp_loss":0.0,"gold_gain":0.0,"event_name":"Big Fish","player_choice":"Donut","floor":3.0,"gold_loss":0.0,"damage_taken":0.0},{"damage_healed":0.0,"max_hp_gain":0.0,"max_hp_loss":0.0,"gold_gain":0.0,"event_name":"Lab","player_choice":"Got Potions","floor":5.0,"gold_loss":0.0,"damage_taken":0.0},{"damage_healed":0,"gold_gain":0,"player_choice":"Obtained Relic","damage_taken":0,"relics_obtained":["Symbiotic Virus"],"max_hp_gain":0,"max_hp_loss":0,"event_name":"Addict","floor":21,"gold_loss":85}],"is_beta":false,"boss_relics":[{"not_picked":["Sozu","Fusion Hammer"],"picked":"Runic Dome"}],"items_purged_floors":[12],"is_endless":false,"potions_floor_spawned":[1,4,11],"killed_by":"Shelled Parasite and Fungi","ascension_level":20}}