{"host":"bavx0eibpuvdy04q","time":1611627830,"event":{"mods":["BaseMod","BetterRewards","Friendly Minions","Hermit","Hubris","Infinite Spire","KinomotoSakuraMod(????)","Kiyohime????","Koishi","LagranYue(???·?)","Marisa????????","Minty Spire (QoL Compilation)","Prisma Mod","Remilia??????","Replay The Spire","StSLib","The Administrix","The Alterego","The Animator","The Construct","The Cursed","The Disciple","The Hierophant","The Mystic","The Necromancer","The Runesmith","The Senshi","The Servant 0.9.4","Yakumo Yukari mod","Yuri Mod"],"gold_per_floor":[11,31,31,31,41,74,74,74,74,87,100,120,150,170,170,272,272,290,308,408,408,408],"floor_reached":21,"language":"ENG","playtime":2180,"items_purged":[],"score":191,"play_id":"2015f2d1-34bd-4654-8339-4151f9c08913","local_time":"20210125192350","is_ascension_mode":false,"campfire_choices":[{"data":"Prepared","floor":7,"key":"SMITH"}],"circlet_count":0,"master_deck":["Strike_G","Strike_G","Strike_G","Strike_G","Defend_G","Defend_G","Defend_G","Defend_G","Survivor","Neutralize+1","Prepared+1","Blade Dance+1","Slice","Replay:Poison Smokescreen","Slice","Blade Dance","Skewer+1","Footwork","Prepared","A Thousand Cuts","Infinite Blades+1","ReplayTheSpireMod:Tripwire"],"relics":["Ring of the Snake","LagranYue:RandomDrawCardRelic","construct:FoamFinger","Sundial","Odd Mushroom","Nunchaku","hubris:BlackHole"],"acts_visited":["Exordium","TheCity"],"potions_floor_usage":[13,16,16,16,21,21],"damage_taken":[{"damage":5,"enemies":"Cultist","floor":1,"turns":7},{"damage":0,"enemies":"2 Louse","floor":2,"turns":4},{"damage":0,"enemies":"Jaw Worm","floor":5,"turns":3},{"damage":40,"enemies":"3 Sentries","floor":6,"turns":9},{"damage":0,"enemies":"Blue Slaver","floor":10,"turns":3},{"damage":0,"enemies":"Exordium Thugs","floor":11,"turns":3},{"damage":4,"enemies":"The Mushroom Lair","floor":12,"turns":4},{"damage":11,"enemies":"Lagavulin","floor":13,"turns":5},{"damage":1,"enemies":"Exordium Wildlife","floor":14,"turns":2},{"damage":27,"enemies":"Fading Forest","floor":16,"turns":11},{"damage":0,"enemies":"Spheric Guardian","floor":18,"turns":2},{"damage":0,"enemies":"Chosen","floor":19,"turns":3},{"damage":94,"enemies":"Centurion and Healer","floor":21,"turns":10}],"seed_played":"1838940699337004061","potions_obtained":[{"floor":2,"key":"Adrenaline Potion"},{"floor":6,"key":"Weak Potion"},{"floor":10,"key":"Block Potion"},{"floor":14,"key":"GamblersBrew"},{"floor":19,"key":"FairyPotion"}],"is_trial":false,"path_per_floor":["M","M","?","?","M","E","R","$","T","M","M","?","E","M","R","B",null,"M","M","?","M"],"character_chosen":"THE_SILENT","items_purchased":[],"campfire_rested":0,"item_purchase_floors":[],"current_hp_per_floor":[65,65,65,65,65,25,25,25,25,25,25,21,10,9,30,13,70,70,70,70,0,0],"gold":408,"neow_bonus":"REMOVE_TWO","is_daily":false,"chose_seed":false,"campfire_upgraded":1,"win_rate":0.0,"timestamp":1611627830,"path_taken":["M","M","?","?","M","E","R","?","T","?","M","?","E","M","R","BOSS","M","M","?","M"],"items_purchased_type":[],"build_version":"2020-12-22","purchased_purges":0,"victory":false,"max_hp_per_floor":[70,70,70,70,70,70,70,70,70,70,70,70,70,70,70,70,70,70,70,70,70,70],"card_choices":[{"not_picked":["PiercingWail","Poisoned Stab"],"picked":"Deadly Poison","floor":1},{"not_picked":["Dodge and Roll","Backflip"],"picked":"Prepared","floor":2},{"not_picked":["Dodge and Roll","Backflip"],"picked":"Slice","floor":5},{"not_picked":["Blade Dance","hubris:SlightOfHand"],"picked":"Replay:Poison Smokescreen","floor":6},{"not_picked":["Flying Knee","ReplayTheSpireMod:Necrosis"],"picked":"Slice","floor":10},{"not_picked":["hubris:SlightOfHand","Poisoned Stab"],"picked":"Blade Dance","floor":11},{"not_picked":["Predator","Dagger Throw"],"picked":"Skewer","floor":12},{"not_picked":["Flying Knee","Slice"],"picked":"Footwork","floor":13},{"not_picked":["ReplayTheSpireMod:Speed Training","Flying Knee"],"picked":"Prepared","floor":14},{"not_picked":["Bullet Time","ReplayTheSpireMod:From All Sides"],"picked":"A Thousand Cuts","floor":16},{"not_picked":["Fluid Movement","Caltrops"],"picked":"Infinite Blades+1","floor":18},{"not_picked":["Reflex+1","Leg Sweep"],"picked":"ReplayTheSpireMod:Tripwire","floor":19}],"player_experience":77703,"relics_obtained":[{"floor":6,"key":"construct:FoamFinger"},{"floor":9,"key":"Sundial"},{"floor":12,"key":"Odd Mushroom"},{"floor":13,"key":"Nunchaku"}],"event_choices":[{"damage_healed":0,"gold_gain":0,"player_choice":"Fought Mushrooms","damage_taken":0,"max_hp_gain":0,"max_hp_loss":0,"event_name":"Mushrooms","floor":12,"gold_loss":0},{"damage_healed":0,"gold_gain":100,"player_choice":"Pray","damage_taken":0,"max_hp_gain":0,"max_hp_loss":0,"event_name":"Golden Shrine","floor":20,"gold_loss":0}],"is_beta":false,"boss_relics":[{"not_picked":["Replay:Wanted Poster","Fusion Hammer"],"picked":"hubris:BlackHole"}],"items_purged_floors":[],"is_endless":false,"potions_floor_spawned":[2,6,10,12,14,16,19],"killed_by":"Centurion and Healer","ascension_level":0}}