{"host":"rzjc4nrqz5d54r3r","time":1611639613,"event":{"mods":["BaseMod","Colored Map","Keyboard Shortcuts","Minty Spire (QoL Compilation)","Quick Restart","StSLib","SuperFastMode","everything is the same but u backflip on backflip"],"gold_per_floor":[109,109,174,189,189,216,216,242,265,294,294,326,326,360,360,432,432,442,367,278,278,295,324,371,383,446,458,505,545,585,625,637,722,784,806,530,530,530,530,559,584,616,667,696,722,756,779,779,779,779,779],"floor_reached":52,"language":"KOR","playtime":1743,"items_purged":[],"score":2915,"play_id":"f85d306a-5aeb-417c-aefa-f5ab3be30ef1","local_time":"20210126144013","daily_mods":["SealedDeck","Heirloom","Flight"],"is_ascension_mode":true,"campfire_choices":[{"data":"Noxious Fumes","floor":7.0,"key":"SMITH"},{"data":"Catalyst","floor":11.0,"key":"SMITH"},{"data":"Bouncing Flask","floor":13.0,"key":"SMITH"},{"data":"DevaForm","floor":15.0,"key":"SMITH"},{"data":"Catalyst","floor":25.0,"key":"SMITH"},{"data":"Adrenaline","floor":27.0,"key":"SMITH"},{"floor":32.0,"key":"REST"},{"floor":49,"key":"REST"}],"circlet_count":0,"master_deck":["Wraith Form v2","Echo Form","DevaForm+1","AscendersBane","PiercingWail","Backstab","Escape Plan","Backflip","Deflect+1","Leg Sweep","Noxious Fumes+1","Deadly Poison+1","Blur","Catalyst+1","Bouncing Flask+1","Escape Plan+1","Adrenaline+1","Catalyst+1","Dodge and Roll+1","Escape Plan","Venomology+1","Crippling Poison","Burst","Acrobatics+1","Apotheosis+1"],"relics":["Ring of the Snake","StoneCalendar","Tough Bandages","Bottled Lightning","Snake Skull","Nunchaku","Regal Pillow","Torii","Boot","SlaversCollar","MawBank","Blood Vial","Lantern","Toy Ornithopter","Juzu Bracelet","Pantograph","Tiny Chest","Tiny House","Singing Bowl","Question Card","War Paint","Ice Cream","MealTicket","Smiling Mask","Toxic Egg 2","TungstenRod","Akabeko"],"acts_visited":["Exordium","TheCity","TheBeyond"],"potions_floor_usage":[46,46,50],"damage_taken":[{"damage":0.0,"enemies":"Cultist","floor":1.0,"turns":4.0},{"damage":9.0,"enemies":"Jaw Worm","floor":4.0,"turns":6.0},{"damage":0.0,"enemies":"Lagavulin","floor":6.0,"turns":7.0},{"damage":10.0,"enemies":"Gremlin Nob","floor":8.0,"turns":3.0},{"damage":0.0,"enemies":"Lagavulin","floor":10.0,"turns":6.0},{"damage":8.0,"enemies":"Gremlin Nob","floor":12.0,"turns":6.0},{"damage":0.0,"enemies":"Lagavulin","floor":14.0,"turns":6.0},{"damage":0.0,"enemies":"Slime Boss","floor":16.0,"turns":5.0},{"damage":11.0,"enemies":"2 Thieves","floor":18.0,"turns":4.0},{"damage":0.0,"enemies":"Chosen","floor":22.0,"turns":2.0},{"damage":0.0,"enemies":"Gremlin Leader","floor":23.0,"turns":4.0},{"damage":7.0,"enemies":"Book of Stabbing","floor":24.0,"turns":4.0},{"damage":1.0,"enemies":"Gremlin Leader","floor":28.0,"turns":5.0},{"damage":31.0,"enemies":"Slavers","floor":29.0,"turns":4.0},{"damage":0.0,"enemies":"Gremlin Leader","floor":30.0,"turns":4.0},{"damage":11.0,"enemies":"Slavers","floor":31.0,"turns":6.0},{"damage":11.0,"enemies":"Champ","floor":33.0,"turns":5.0},{"damage":14.0,"enemies":"Orb Walker","floor":35.0,"turns":4.0},{"damage":0.0,"enemies":"Giant Head","floor":40.0,"turns":5.0},{"damage":28.0,"enemies":"Nemesis","floor":41.0,"turns":7.0},{"damage":0.0,"enemies":"Giant Head","floor":42.0,"turns":4.0},{"damage":31.0,"enemies":"Reptomancer","floor":44.0,"turns":4.0},{"damage":1.0,"enemies":"Nemesis","floor":45.0,"turns":5.0},{"damage":0,"enemies":"Reptomancer","floor":46,"turns":3},{"damage":9,"enemies":"Donu and Deca","floor":50,"turns":7},{"damage":20,"enemies":"Time Eater","floor":51,"turns":8}],"seed_played":"-3418976227244011200","potions_obtained":[{"floor":1.0,"key":"DuplicationPotion"},{"floor":6.0,"key":"Explosive Potion"},{"floor":10.0,"key":"FearPotion"},{"floor":24.0,"key":"Dexterity Potion"},{"floor":31.0,"key":"EssenceOfSteel"}],"is_trial":true,"path_per_floor":["M","T","?","M","?","E","R","E","T","E","R","E","R","E","R","B",null,"M","?","$","?","M","E","E","R","T","R","E","E","E","E","R","B",null,"M","$","?","?","?","E","E","E","T","E","E","E","T","?","R","B","B",null],"character_chosen":"THE_SILENT","items_purchased":["Catalyst","Singing Bowl"],"campfire_rested":2,"item_purchase_floors":[20,36],"current_hp_per_floor":[59,59,59,50,55,55,55,45,45,45,45,37,37,37,37,37,63,52,52,52,52,52,52,45,45,45,45,46,17,24,15,51,60,73,62,62,62,62,62,69,45,49,49,25,33,47,47,47,80,71,60],"gold":779,"neow_bonus":"","is_daily":false,"chose_seed":false,"campfire_upgraded":6,"win_rate":0.0,"timestamp":1611639613,"path_taken":["M","?","?","M","?","E","R","E","T","E","R","E","R","E","R","BOSS","M","?","$","?","?","E","E","R","T","R","E","E","E","E","R","BOSS","M","$","?","?","?","E","E","E","T","E","E","E","?","?","R","BOSS","BOSS"],"items_purchased_type":["Card","Relic"],"build_version":"2020-12-22","purchased_purges":0,"victory":true,"max_hp_per_floor":[66,66,66,66,71,71,71,71,71,71,71,71,71,71,71,71,71,71,71,71,71,71,71,71,71,71,71,71,71,71,71,71,71,76,76,76,76,76,72,72,74,76,76,76,78,80,80,80,80,80,80],"card_choices":[{"not_picked":["Sucker Punch","Well Laid Plans"],"picked":"Catalyst","floor":1.0},{"not_picked":["Caltrops","Choke","Outmaneuver"],"picked":"SKIP","floor":4.0},{"not_picked":["Dagger Throw","Sucker Punch"],"picked":"Bouncing Flask","floor":6.0},{"not_picked":["Unload","Dagger Throw","Blur"],"picked":"SKIP","floor":8.0},{"not_picked":["Sucker Punch","Outmaneuver"],"picked":"Escape Plan","floor":10.0},{"not_picked":["Dagger Throw","All Out Attack","Prepared"],"picked":"SKIP","floor":12.0},{"not_picked":["Flechettes","Dagger Spray","All Out Attack"],"picked":"SKIP","floor":14.0},{"not_picked":["After Image","Malaise"],"picked":"Adrenaline","floor":16.0},{"not_picked":["Prepared","Underhanded Strike","Slice"],"picked":"SKIP","floor":18.0},{"not_picked":["Flying Knee","Cloak And Dagger","Sucker Punch"],"picked":"SKIP","floor":22.0},{"not_picked":["Blade Dance","Predator"],"picked":"Dodge and Roll+1","floor":23.0},{"not_picked":["Expertise+1","Deadly Poison","Blade Dance"],"picked":"SKIP","floor":24.0},{"not_picked":["Accuracy","Bouncing Flask","Dodge and Roll"],"picked":"SKIP","floor":28.0},{"not_picked":["Outmaneuver+1","Quick Slash+1"],"picked":"Escape Plan","floor":29.0},{"not_picked":["Die Die Die","After Image","Sucker Punch"],"picked":"SKIP","floor":30.0},{"not_picked":["Heel Hook","Setup+1","Dagger Spray"],"picked":"SKIP","floor":31.0},{"not_picked":["After Image","Unload"],"picked":"Venomology","floor":33.0},{"not_picked":["Dagger Throw","Flying Knee"],"picked":"Crippling Poison","floor":34.0},{"not_picked":["Blur","Dash","Backstab"],"picked":"SKIP","floor":35.0},{"not_picked":["PiercingWail","Dagger Throw"],"picked":"Burst","floor":40.0},{"not_picked":["Blur","Unload","Quick Slash","Noxious Fumes"],"picked":"Singing Bowl","floor":41.0},{"not_picked":["Bane+1","Outmaneuver","Flechettes+1","Accuracy"],"picked":"Singing Bowl","floor":42.0},{"not_picked":["PiercingWail","Cloak And Dagger","Underhanded Strike"],"picked":"Acrobatics+1","floor":44.0},{"not_picked":["Sucker Punch+1","Terror+1","Deadly Poison+1","Slice"],"picked":"Singing Bowl","floor":45.0},{"not_picked":["Cloak And Dagger+1","Acrobatics+1","Leg Sweep+1","Unload"],"picked":"Singing Bowl","floor":46},{"not_picked":["Thinking Ahead+1","Impatience+1","Metamorphosis+1"],"picked":"Apotheosis+1","floor":48}],"player_experience":11084,"relics_obtained":[{"floor":2.0,"key":"Tough Bandages"},{"floor":6.0,"key":"Bottled Lightning"},{"floor":8.0,"key":"Snake Skull"},{"floor":9.0,"key":"Nunchaku"},{"floor":10.0,"key":"Regal Pillow"},{"floor":12.0,"key":"Torii"},{"floor":14.0,"key":"Boot"},{"floor":23.0,"key":"MawBank"},{"floor":24.0,"key":"Blood Vial"},{"floor":26.0,"key":"Lantern"},{"floor":28.0,"key":"Toy Ornithopter"},{"floor":29.0,"key":"Juzu Bracelet"},{"floor":30.0,"key":"Pantograph"},{"floor":31.0,"key":"Tiny Chest"},{"floor":40.0,"key":"Question Card"},{"floor":41.0,"key":"War Paint"},{"floor":42.0,"key":"Ice Cream"},{"floor":43.0,"key":"MealTicket"},{"floor":44.0,"key":"Smiling Mask"},{"floor":45.0,"key":"Toxic Egg 2"},{"floor":46,"key":"TungstenRod"},{"floor":47,"key":"Akabeko"}],"event_choices":[{"damage_healed":0.0,"max_hp_gain":0.0,"max_hp_loss":0.0,"gold_gain":65.0,"event_name":"Golden Wing","player_choice":"Gained Gold","floor":3.0,"gold_loss":0.0,"damage_taken":0.0},{"damage_healed":0.0,"max_hp_gain":5.0,"max_hp_loss":0.0,"gold_gain":0.0,"event_name":"Big Fish","player_choice":"Donut","floor":5.0,"gold_loss":0.0,"damage_taken":0.0},{"cards_removed":["Demon Form"],"damage_healed":0.0,"max_hp_gain":0.0,"max_hp_loss":0.0,"gold_gain":0.0,"event_name":"Beggar","player_choice":"Gave Gold","floor":19.0,"gold_loss":75.0,"damage_taken":0.0},{"damage_healed":0.0,"max_hp_gain":0.0,"max_hp_loss":0.0,"gold_gain":0.0,"event_name":"Transmorgrifier","player_choice":"Ignored","floor":21.0,"gold_loss":0.0,"damage_taken":0.0},{"cards_removed":["Dagger Spray"],"damage_healed":0.0,"max_hp_gain":0.0,"max_hp_loss":0.0,"gold_gain":0.0,"event_name":"Falling","player_choice":"Removed Attack","floor":37.0,"gold_loss":0.0,"damage_taken":0.0},{"damage_healed":0.0,"max_hp_gain":0.0,"max_hp_loss":0.0,"gold_gain":0.0,"event_name":"Accursed Blacksmith","player_choice":"Forge","floor":38.0,"gold_loss":0.0,"damage_taken":0.0,"cards_upgraded":["Venomology"]},{"damage_healed":0.0,"max_hp_gain":0.0,"max_hp_loss":4.0,"gold_gain":0.0,"event_name":"Winding Halls","player_choice":"Max HP","floor":39.0,"gold_loss":0.0,"damage_taken":0.0},{"damage_healed":0,"gold_gain":0,"player_choice":"Memory 1","damage_taken":0,"max_hp_gain":0,"max_hp_loss":0,"event_name":"SensoryStone","floor":48,"gold_loss":0}],"is_beta":false,"boss_relics":[{"not_picked":["Black Star","Empty Cage"],"picked":"SlaversCollar"},{"not_picked":["Sozu","Velvet Choker"],"picked":"Tiny House"}],"items_purged_floors":[],"is_endless":false,"potions_floor_spawned":[1,6,10,16,18,24,28,31,33,41],"ascension_level":20}}