{"host":"nia1zwr35jsu5y7h","time":1611647733,"event":{"mods":["2.2 Compatiblity","Abigail Mod","Bard","BaseMod","Colored Map","Conspire","Downfall","Friendly Minions","Hermit","Highlight Path","Hubris","Infinite Spire","Kiyohime????","Koishi","Marisa????????","Minty Spire (QoL Compilation)","Quick Restart","Replay The Spire","Shade Mod","Shop Mod","StSLib","The Administrix","The Animator","The Construct","The Cursed","The Disciple","The Mystic","The Necromancer","The Servant 0.9.4"],"gold_per_floor":[365,22,32,32,32,58,58,58,82,102,119,48,48,77,77,178,178,90,90,90],"floor_reached":19,"language":"ENG","playtime":1814,"items_purged":[],"score":167,"play_id":"c19b0932-6fa4-43b9-8a0d-39d10693d4a7","local_time":"20210125235533","is_ascension_mode":false,"campfire_choices":[{"data":"animator:FielNirvalen","floor":13,"key":"SMITH"},{"data":"animator:EmiyaShirou","floor":15,"key":"SMITH"}],"circlet_count":0,"master_deck":["animator:Strike_Elsword","animator:Defend_Elsword","animator:Strike","animator:Strike+1","animator:Strike","animator:Defend","animator:Defend","animator:Defend","animator:Chung","animator:Raven","animator:DolaStephanie","animator:Saber+1","animator:Kaijin","animator:WinryRockbell","animator:NagisaMomoe","animator:EmiyaShirou+1","animator:Caster","animator:FielNirvalen+1","animator:NarberalGamma","animator:Shiro","ReplayTheSpireMod:Doomed","Writhe","animator:QuestionMark"],"relics":["animator:LivingPicture","animator:ColorlessFragment","animator:PurgingStone","conspire:InfiniteJournal","ReplayFunnel","Replay:Ancient Bell","Bronze Scales","Eternal Feather","hubris:Zylophone"],"acts_visited":["Exordium","TheCity"],"potions_floor_usage":[18],"damage_taken":[{"damage":7,"enemies":"infinitespire:Voidling","floor":1,"turns":4},{"damage":10,"enemies":"Small Slimes","floor":3,"turns":3},{"damage":5,"enemies":"Replay:BlueRogue","floor":6,"turns":6},{"damage":1,"enemies":"2 Louse","floor":10,"turns":3},{"damage":11,"enemies":"Large Slime","floor":11,"turns":6},{"damage":16,"enemies":"Exordium Thugs","floor":14,"turns":7},{"damage":10,"enemies":"Hexaghost","floor":16,"turns":9},{"damage":32,"enemies":"2 Thieves","floor":18,"turns":4},{"damage":15,"enemies":"conspire:FuzzyDice","floor":19,"turns":3}],"seed_played":"519324301658462789","potions_obtained":[{"floor":1,"key":"Cursed Concoction"},{"floor":10,"key":"LiquidBronze"},{"floor":16,"key":"ColorlessPotion"}],"is_trial":false,"path_per_floor":["M","$","M","?","$","E","?","?","T","M","M","$","R","M","R","B",null,"M","M"],"character_chosen":"THE_ANIMATOR","items_purchased":["animator:Saber","animator:Kaijin","animator:ColorlessFragment","animator:FielNirvalen"],"campfire_rested":0,"item_purchase_floors":[2,2,2,12],"current_hp_per_floor":[60,60,50,50,50,45,45,45,45,44,33,33,33,17,17,7,60,28,13,13],"gold":90,"neow_bonus":"TWO_FIFTY_GOLD","is_daily":false,"chose_seed":false,"campfire_upgraded":2,"win_rate":0.0,"timestamp":1611647733,"path_taken":["M","$","?","?","$","E","?","?","T","?","M","?","R","M","R","BOSS","M","M"],"items_purchased_type":["Card","Card","Relic","Card"],"build_version":"2020-12-22","purchased_purges":0,"victory":false,"max_hp_per_floor":[60,60,60,60,60,60,60,60,60,60,60,60,60,60,60,60,60,60,60,60],"card_choices":[{"not_picked":["animator:Souei","animator:Rider"],"picked":"animator:DolaStephanie","floor":1},{"not_picked":["animator:Benimaru","animator:Elsword"],"picked":"animator:WinryRockbell","floor":3},{"not_picked":["animator:Chris","animator:Lancer"],"picked":"animator:EmiyaShirou","floor":6},{"not_picked":["animator:Illya","animator:Berserker"],"picked":"animator:Caster","floor":10},{"not_picked":["animator:DolaSchwi","animator:Kazuma","animator:Alexander"],"picked":"SKIP","floor":11},{"not_picked":["animator:Eris","animator:Laby"],"picked":"animator:NarberalGamma","floor":14},{"not_picked":["animator:Hans","animator:Shizu"],"picked":"animator:Shiro","floor":16},{"not_picked":["Languid","hubris:Envy"],"picked":"ReplayTheSpireMod:IOU","floor":17},{"not_picked":["ReplayTheSpireMod:Faulty Equipment","Decay"],"picked":"ReplayTheSpireMod:Doomed","floor":17},{"not_picked":["Overencumbered","ReplayTheSpireMod:Faulty Equipment"],"picked":"Writhe","floor":17},{"not_picked":["animator:MisakiNakahara","animator:Canti"],"picked":"animator:QuestionMark","floor":18}],"player_experience":2261422,"relics_obtained":[{"floor":6,"key":"conspire:InfiniteJournal"},{"floor":9,"key":"ReplayFunnel"}],"event_choices":[{"damage_healed":0,"gold_gain":0,"player_choice":"Leave","damage_taken":0,"max_hp_gain":0,"max_hp_loss":0,"event_name":"conspire:Investor","floor":7,"gold_loss":0},{"damage_healed":0,"gold_gain":0,"player_choice":"Upgraded","damage_taken":0,"max_hp_gain":0,"max_hp_loss":0,"event_name":"Upgrade Shrine","floor":8,"gold_loss":0,"cards_upgraded":["animator:Saber"]}],"is_beta":false,"boss_relics":[{"not_picked":["SlaversCollar","Fusion Hammer"],"picked":"Replay:Ancient Bell"},{"not_picked":["infinitespire:Satchel","Replay:Mystery Machine"],"picked":"Bronze Scales"},{"not_picked":["Replay:WaspNest","hubris:SphereOfDissonance"],"picked":"Eternal Feather"},{"not_picked":["Old Coin","Lizard Tail"],"picked":"hubris:Zylophone"}],"items_purged_floors":[],"is_endless":false,"potions_floor_spawned":[1,10,16],"killed_by":"conspire:FuzzyDice","ascension_level":0}}