{"host":"l2onoeb0kdqo1a9y","time":1611641932,"event":{"mods":["AchievementEnabler","BaseMod","Colored Powertips","Highlight Path","Minty Spire (QoL Compilation)","Quick Restart"],"gold_per_floor":[117,133,83,93,108,108,135,135,159,12,31,42,42,42,42,42,42],"floor_reached":16,"language":"ZHS","playtime":466,"items_purged":["Strike_G"],"score":102,"play_id":"5655cd3d-fb74-4993-8243-b41d8258335a","local_time":"20210126141852","is_ascension_mode":false,"campfire_choices":[{"data":"Acrobatics","floor":6.0,"key":"SMITH"},{"floor":8,"key":"REST"},{"data":"Adrenaline","floor":13,"key":"SMITH"},{"data":"Calculated Gamble","floor":15,"key":"SMITH"}],"circlet_count":0,"master_deck":["Strike_G","Strike_G","Strike_G","Defend_G","Defend_G","Defend_G","Defend_G","Defend_G","Survivor","Neutralize","Underhanded Strike","Acrobatics+1","PiercingWail","Choke","Calculated Gamble+1","Concentrate","Adrenaline+1","Backflip","Backflip"],"relics":["Ring of the Snake","NeowsBlessing","Dream Catcher","MealTicket"],"acts_visited":["Exordium"],"potions_floor_usage":[7],"damage_taken":[{"damage":0.0,"enemies":"2 Louse","floor":1.0,"turns":1.0},{"damage":0.0,"enemies":"Jaw Worm","floor":2.0,"turns":1.0},{"damage":0.0,"enemies":"Small Slimes","floor":4.0,"turns":1.0},{"damage":0.0,"enemies":"2 Fungi Beasts","floor":5.0,"turns":4.0},{"damage":36,"enemies":"Gremlin Nob","floor":7,"turns":5},{"damage":0,"enemies":"Exordium Wildlife","floor":11,"turns":2},{"damage":8,"enemies":"Large Slime","floor":12,"turns":5},{"damage":13,"enemies":"Slime Boss","floor":16,"turns":6}],"seed_played":"6038949228710694192","potions_obtained":[{"floor":2.0,"key":"Energy Potion"},{"floor":5.0,"key":"AttackPotion"},{"floor":11,"key":"Poison Potion"}],"is_trial":false,"path_per_floor":["M","M","?","M","M","R","E","R","T","$","M","M","R","?","R","B"],"character_chosen":"THE_SILENT","items_purchased":["Adrenaline"],"campfire_rested":1,"item_purchase_floors":[10],"current_hp_per_floor":[70,70,70,70,70,70,34,55,55,70,70,62,62,67,67,54,54],"gold":42,"neow_bonus":"THREE_ENEMY_KILL","is_daily":false,"chose_seed":false,"campfire_upgraded":3,"win_rate":0.0,"timestamp":1611641932,"path_taken":["M","M","?","M","M","R","E","R","T","$","M","M","R","?","R","BOSS"],"items_purchased_type":["Card"],"build_version":"2020-12-22","purchased_purges":1,"victory":false,"max_hp_per_floor":[70,70,70,70,70,70,70,70,70,70,70,70,70,75,75,75,75],"card_choices":[{"not_picked":["Quick Slash","Blade Dance"],"picked":"Underhanded Strike","floor":1.0},{"not_picked":["Poisoned Stab","Backflip"],"picked":"Acrobatics","floor":2.0},{"not_picked":["Heel Hook","Blur"],"picked":"PiercingWail","floor":4.0},{"not_picked":["Poisoned Stab","PiercingWail"],"picked":"Choke","floor":5.0},{"not_picked":["Blade Dance","Dagger Spray"],"picked":"Calculated Gamble","floor":7},{"not_picked":["Acrobatics","Finisher"],"picked":"Concentrate","floor":8},{"not_picked":["Crippling Poison","Tools of the Trade"],"picked":"Backflip","floor":11},{"not_picked":["Quick Slash","Deadly Poison"],"picked":"Backflip","floor":12}],"player_experience":122888,"relics_obtained":[{"floor":7,"key":"Dream Catcher"},{"floor":9,"key":"MealTicket"}],"event_choices":[{"cards_removed":["Strike_G"],"damage_healed":0.0,"max_hp_gain":0.0,"max_hp_loss":0.0,"gold_gain":0.0,"event_name":"The Cleric","player_choice":"Card Removal","floor":3.0,"gold_loss":50.0,"damage_taken":0.0},{"damage_healed":0,"gold_gain":0,"player_choice":"Donut","damage_taken":0,"max_hp_gain":5,"max_hp_loss":0,"event_name":"Big Fish","floor":14,"gold_loss":0}],"is_beta":false,"boss_relics":[],"items_purged_floors":[10],"is_endless":false,"potions_floor_spawned":[2,5,11],"killed_by":"Slime Boss","ascension_level":0}}