{"host":"bq4pt811tk9yrmjl","time":1611676906,"event":{"mods":["AchievementEnabler","BaseMod","Colored Map","Colored Powertips","Defuse TimeMaze Blight","Hermit","Minty Spire (QoL Compilation)","StSLib","SuperFastMode"],"gold_per_floor":[110,123,123,123,123,163,163,199,222,237,19,19,19,19,19,149,149,177,200,222,246,266,266,289,58,58,58,157,191,191,214,214,214,214],"floor_reached":33,"language":"ENG","playtime":649,"items_purged":["Strike_R"],"score":313,"play_id":"bab74eab-5589-4c70-9c92-7145b322456c","local_time":"20210126140146","is_ascension_mode":true,"campfire_choices":[{"data":"Armaments","floor":7.0,"key":"SMITH"},{"data":"Shrug It Off","floor":13.0,"key":"SMITH"},{"floor":15.0,"key":"RECALL"},{"floor":23.0,"key":"REST"},{"data":"Berserk","floor":27.0,"key":"SMITH"},{"floor":32,"key":"REST"}],"circlet_count":0,"master_deck":["Strike_R","Strike_R","Strike_R","Strike_R","Defend_R","Defend_R","Defend_R","Defend_R","Bash","Armaments+1","Shrug It Off+1","Rampage+1","Berserk+1","Thunderclap+1","Cleave","True Grit+1"],"relics":["Burning Blood","NeowsBlessing","CeramicFish","Golden Idol","Self Forming Clay","Sundial","MealTicket","Lee\u0027s Waffle","Sozu","Medical Kit","StrikeDummy","Art of War"],"acts_visited":["Exordium","TheCity"],"potions_floor_usage":[],"damage_taken":[{"damage":0.0,"enemies":"Jaw Worm","floor":1.0,"turns":1.0},{"damage":0.0,"enemies":"2 Louse","floor":2.0,"turns":1.0},{"damage":0.0,"enemies":"Lagavulin","floor":6.0,"turns":1.0},{"damage":23.0,"enemies":"3 Sentries","floor":8.0,"turns":13.0},{"damage":0.0,"enemies":"Cultist","floor":10.0,"turns":4.0},{"damage":11.0,"enemies":"The Guardian","floor":16.0,"turns":13.0},{"damage":5.0,"enemies":"Spheric Guardian","floor":18.0,"turns":4.0},{"damage":16.0,"enemies":"Chosen","floor":20.0,"turns":5.0},{"damage":33.0,"enemies":"Sentry and Sphere","floor":21.0,"turns":6.0},{"damage":20.0,"enemies":"Snake Plant","floor":22.0,"turns":6.0},{"damage":8.0,"enemies":"Centurion and Healer","floor":24.0,"turns":7.0},{"damage":26.0,"enemies":"Gremlin Leader","floor":29.0,"turns":8.0},{"damage":14,"enemies":"Shelled Parasite and Fungi","floor":31,"turns":6},{"damage":79,"enemies":"Champ","floor":33,"turns":11}],"seed_played":"-2379178043928741187","potions_obtained":[{"floor":2.0,"key":"ColorlessPotion"},{"floor":6.0,"key":"AttackPotion"},{"floor":10.0,"key":"Dexterity Potion"},{"floor":16.0,"key":"PowerPotion"}],"is_trial":false,"path_per_floor":["M","M","?","?","?","E","R","E","T","M","$","?","R","$","R","B",null,"M","T","M","M","M","R","M","$","T","R","?","E","?","M","R","B"],"character_chosen":"IRONCLAD","items_purchased":["Lee\u0027s Waffle","Rampage","Medical Kit"],"campfire_rested":2,"item_purchase_floors":[11,11,25],"current_hp_per_floor":[80,80,62,42,42,48,48,31,31,37,87,87,87,87,87,82,87,87,87,77,50,36,62,60,75,75,75,75,55,55,47,73,0,0],"gold":214,"neow_bonus":"THREE_ENEMY_KILL","is_daily":false,"chose_seed":false,"campfire_upgraded":3,"win_rate":0.0,"timestamp":1611676906,"path_taken":["M","M","?","?","?","E","R","E","T","M","$","?","R","$","R","BOSS","M","?","?","M","M","R","?","$","T","R","?","E","?","M","R","BOSS"],"items_purchased_type":["Relic","Card","Relic"],"build_version":"2020-12-22","purchased_purges":1,"victory":false,"max_hp_per_floor":[80,80,80,80,80,80,80,80,80,80,87,87,87,87,87,87,87,87,87,87,87,87,87,87,87,87,87,87,87,87,87,87,87,87],"card_choices":[{"not_picked":["Second Wind","Hemokinesis"],"picked":"Armaments","floor":1.0},{"not_picked":["Armaments","Cleave"],"picked":"Shrug It Off","floor":2.0},{"not_picked":["Shrug It Off","Twin Strike","Sword Boomerang"],"picked":"SKIP","floor":6.0},{"not_picked":["Offering","Bloodletting","Thunderclap"],"picked":"SKIP","floor":8.0},{"not_picked":["Combust","Heavy Blade","Uppercut"],"picked":"SKIP","floor":10.0},{"not_picked":["Fiend Fire","Offering"],"picked":"Berserk","floor":16.0},{"not_picked":["Uppercut","Shockwave"],"picked":"Thunderclap+1","floor":18.0},{"not_picked":["Sword Boomerang","Blood for Blood"],"picked":"Cleave","floor":20.0},{"not_picked":["Pommel Strike","Body Slam"],"picked":"True Grit+1","floor":21.0},{"not_picked":["Evolve","Searing Blow","Clash"],"picked":"SKIP","floor":22.0},{"not_picked":["Armaments","Havoc","Thunderclap"],"picked":"SKIP","floor":24.0},{"not_picked":["Flex","Double Tap","Heavy Blade"],"picked":"SKIP","floor":29.0},{"not_picked":["Thunderclap+1","Bloodletting","Dropkick"],"picked":"SKIP","floor":31}],"player_experience":259076,"relics_obtained":[{"floor":6.0,"key":"Self Forming Clay"},{"floor":8.0,"key":"Sundial"},{"floor":9.0,"key":"MealTicket"},{"floor":26.0,"key":"StrikeDummy"},{"floor":29.0,"key":"Art of War"}],"event_choices":[{"damage_healed":0.0,"max_hp_gain":0.0,"max_hp_loss":0.0,"gold_gain":0.0,"event_name":"Scrap Ooze","player_choice":"Success","floor":3.0,"gold_loss":0.0,"damage_taken":18.0,"relics_obtained":["CeramicFish"]},{"damage_healed":0.0,"max_hp_gain":0.0,"max_hp_loss":0.0,"gold_gain":0.0,"event_name":"Golden Idol","player_choice":"Take Damage","floor":4.0,"gold_loss":0.0,"damage_taken":20.0,"relics_obtained":["Golden Idol"]},{"damage_healed":0.0,"max_hp_gain":0.0,"max_hp_loss":0.0,"gold_gain":0.0,"event_name":"Golden Wing","player_choice":"Ignored","floor":5.0,"gold_loss":0.0,"damage_taken":0.0},{"damage_healed":0.0,"max_hp_gain":0.0,"max_hp_loss":0.0,"gold_gain":0.0,"event_name":"Accursed Blacksmith","player_choice":"Forge","floor":12.0,"gold_loss":0.0,"damage_taken":0.0,"cards_upgraded":["Rampage"]},{"damage_healed":0.0,"max_hp_gain":0.0,"max_hp_loss":0.0,"gold_gain":99.0,"event_name":"Nest","player_choice":"Stole From Cult","floor":28.0,"gold_loss":0.0,"damage_taken":0.0},{"damage_healed":0,"gold_gain":0,"player_choice":"Ignored","damage_taken":0,"max_hp_gain":0,"max_hp_loss":0,"event_name":"The Mausoleum","floor":30,"gold_loss":0}],"is_beta":false,"boss_relics":[{"not_picked":["Black Blood","Cursed Key"],"picked":"Sozu"}],"items_purged_floors":[25],"is_endless":false,"potions_floor_spawned":[2,6,10,16,21,24,29],"killed_by":"Champ","ascension_level":1}}