{"host":"jumrmhf584hajrnz","time":1611654839,"event":{"mods":["BaseMod","Duelist Mod","GifTheSpireLib","Minty Spire (QoL Compilation)","Quick Restart","Replay The Spire","StSLib"],"gold_per_floor":[143,160,160,180,12,40,52,79,152,164,164,182,210,210,210,287,287,302,302,317,317,331,331,362,362,387,387,421,451,196,216,216,287,387,405,405,135,165,205,205,251,289,289,289,289],"floor_reached":44,"language":"ENG","playtime":4053,"items_purged":[],"score":1092,"play_id":"3c3f3462-b1ae-4dd7-971b-ecad7962f176","local_time":"20210126105359","is_ascension_mode":true,"campfire_choices":[{"floor":23,"key":"RECALL"},{"floor":25,"key":"REST"},{"floor":40,"key":"REST"}],"circlet_count":0,"master_deck":["AscendersBane","theDuelist:Sparks+1","theDuelist:CastleWalls","theDuelist:CastleWalls","theDuelist:DarkMagician+1","theDuelist:MysticalElf","theDuelist:MysticalElf","theDuelist:NeoMagic","theDuelist:NeoMagic","theDuelist:Sparks","theDuelist:Sparks","theDuelist:Graverobber","theDuelist:Sparks","theDuelist:InjectionFairy","theDuelist:AmuletAmbition","theDuelist:BloodSparks","theDuelist:MudragonSwamp","theDuelist:Eva","theDuelist:MysticalElf","theDuelist:BloodSparks","The Bomb","theDuelist:LightningBlade","theDuelist:SangaEarth","theDuelist:MudragonSwamp","theDuelist:DunamesDarkWitch","theDuelist:GhostrickSocuteboss","theDuelist:SummoningCurse","theDuelist:MindAir","theDuelist:SpiritHarp","theDuelist:StormSparks","theDuelist:YamiForm","theDuelist:RainbowMagician","theDuelist:DarkMagician","theDuelist:GhostrickSocuteboss","theDuelist:Nameless:Magic:InsectQueen","theDuelist:FrontierWiseman","theDuelist:FrontierWiseman+1","Parasite","theDuelist:SangaEarth+1"],"relics":["theDuelist:MillenniumPuzzle","theDuelist:CardPoolRelic","theDuelist:CardPoolBasicRelic","theDuelist:BoosterPackPoolRelic","theDuelist:CardPoolAddRelic","theDuelist:CardPoolMinusRelic","theDuelist:CardPoolSaveRelic","theDuelist:CardPoolOptionsRelic","NeowsBlessing","Replay:PocketPolymizer","Torii","Ring of Fangs","Ring of Fury","theDuelist:MillenniumRod","Busted Crown","Darkstone Periapt","Replay:Rubber Ducky","theDuelist:MillenniumSymbol","theDuelist:ResummonBranch","Red Mask","Runic Capacitor","Replay:Wanted Poster","theDuelist:KaibaToken","Quantum Egg","theDuelist:MillenniumPrayerbook"],"acts_visited":["Exordium","TheCity","TheBeyond"],"potions_floor_usage":[8,12,24,44,44],"damage_taken":[{"damage":0,"enemies":"Cultist","floor":1,"turns":1},{"damage":0,"enemies":"2 Louse","floor":2,"turns":1},{"damage":0,"enemies":"Small Slimes","floor":4,"turns":1},{"damage":18,"enemies":"Replay:BlueRogue","floor":6,"turns":9},{"damage":0,"enemies":"Exordium Wildlife","floor":7,"turns":4},{"damage":32,"enemies":"Gremlin Nob","floor":8,"turns":5},{"damage":1,"enemies":"Looter","floor":10,"turns":4},{"damage":18,"enemies":"Gremlin Gang","floor":12,"turns":6},{"damage":10,"enemies":"Lagavulin","floor":13,"turns":8},{"damage":3,"enemies":"Hexaghost","floor":16,"turns":8},{"damage":18,"enemies":"Spheric Guardian","floor":18,"turns":6},{"damage":4,"enemies":"Shell Parasite","floor":20,"turns":6},{"damage":26,"enemies":"Chosen and Byrds","floor":22,"turns":6},{"damage":23,"enemies":"Book of Stabbing","floor":24,"turns":5},{"damage":2,"enemies":"theDuelist:KaibaA2","floor":28,"turns":4},{"damage":19,"enemies":"Masked Bandits","floor":29,"turns":4},{"damage":8,"enemies":"3 Cultists","floor":31,"turns":4},{"damage":23,"enemies":"Collector","floor":33,"turns":7},{"damage":32,"enemies":"3 Darklings","floor":35,"turns":4},{"damage":20,"enemies":"3 Shapes","floor":39,"turns":4},{"damage":19,"enemies":"R_Hoarder","floor":41,"turns":8},{"damage":45,"enemies":"Writhing Mass","floor":42,"turns":6},{"damage":36,"enemies":"Jaw Worm Horde","floor":44,"turns":3}],"seed_played":"1295211221106131803","potions_obtained":[{"floor":2,"key":"Strength Potion"},{"floor":7,"key":"theDuelist:TokenPotion"},{"floor":12,"key":"theDuelist:TokenPotionB"},{"floor":13,"key":"Milkshake"},{"floor":16,"key":"theDuelist:FireBottle"},{"floor":31,"key":"BlessingOfTheForge"},{"floor":33,"key":"theDuelist:OrbBottle"},{"floor":41,"key":"Regen Potion"}],"is_trial":false,"path_per_floor":["M","M","?","M","$","E","M","E","T","M","?","M","E","?","R","B",null,"M","?","M","?","M","R","E","R","T","?","E","?","$","M","R","B",null,"M","?","$","?","M","R","E","M","T","M"],"character_chosen":"THE_DUELIST","items_purchased":["theDuelist:AmuletAmbition","Runic Capacitor","theDuelist:StormSparks","theDuelist:KaibaToken"],"campfire_rested":2,"item_purchase_floors":[5,30,30,37],"current_hp_per_floor":[63,63,63,63,63,57,65,41,41,48,48,42,40,40,40,45,76,66,66,66,66,44,44,25,50,50,56,58,47,47,43,70,47,81,53,53,53,53,37,64,53,19,19,0,0],"gold":289,"neow_bonus":"THREE_ENEMY_KILL","is_daily":false,"chose_seed":false,"campfire_upgraded":0,"win_rate":0.0,"timestamp":1611654839,"path_taken":["M","?","?","M","$","E","M","E","T","M","?","M","E","?","R","BOSS","M","?","?","?","M","R","E","R","T","?","E","?","$","M","R","BOSS","M","?","?","?","M","R","E","M","T","M"],"items_purchased_type":["Card","Relic","Card","Relic"],"build_version":"2020-12-22","purchased_purges":0,"victory":false,"max_hp_per_floor":[70,70,70,70,70,70,74,78,78,82,82,86,86,86,86,86,86,86,86,86,86,86,86,86,86,86,92,92,92,92,92,92,92,92,92,92,92,92,92,92,92,98,98,98,98],"card_choices":[{"not_picked":["theDuelist:FairyBox","theDuelist:AltarTribute","theDuelist:DarkHorizon","theDuelist:WhiteHowling"],"picked":"theDuelist:Graverobber","floor":1},{"not_picked":[],"picked":"theDuelist:Sparks","floor":2},{"not_picked":["theDuelist:SangaThunder","theDuelist:BlizzardWarrior","theDuelist:SpellShatteringArrow","theDuelist:LegendaryExodia"],"picked":"theDuelist:InjectionFairy","floor":4},{"not_picked":["theDuelist:DarkPaladin","theDuelist:SilentDoom"],"picked":"theDuelist:BloodSparks","floor":6},{"not_picked":["theDuelist:Hinotama","theDuelist:ScrapFactory","theDuelist:Kuribohrn","theDuelist:DarkHole"],"picked":"theDuelist:MudragonSwamp","floor":7},{"not_picked":["theDuelist:RainbowMagician","theDuelist:IrisEarthMother","theDuelist:RainbowDarkDragon","theDuelist:DunamesDarkWitch"],"picked":"theDuelist:Eva","floor":8},{"not_picked":["theDuelist:SpellShatteringArrow","theDuelist:BlizzardWarrior","theDuelist:DarkMagician","theDuelist:ContractExodia"],"picked":"theDuelist:MysticalElf","floor":10},{"not_picked":["theDuelist:Sparks","theDuelist:AmuletAmbition","theDuelist:Graverobber","theDuelist:CastleWalls"],"picked":"theDuelist:BloodSparks","floor":12},{"not_picked":["Discovery","Flash of Steel","Forethought"],"picked":"The Bomb","floor":13},{"not_picked":["theDuelist:SwordsBurning","theDuelist:ThousandEyesRestrict","theDuelist:Wildfire","theDuelist:StormSparks"],"picked":"theDuelist:LightningBlade","floor":16},{"not_picked":["theDuelist:SangaThunder","theDuelist:BlizzardWarrior"],"picked":"theDuelist:SangaEarth","floor":18},{"not_picked":["theDuelist:EvilswarmHeliotrope+1","theDuelist:LightningVortex"],"picked":"theDuelist:MudragonSwamp","floor":20},{"not_picked":["theDuelist:ThousandEyesIdol","theDuelist:SangaThunder"],"picked":"theDuelist:DunamesDarkWitch","floor":22},{"not_picked":["theDuelist:GhostrickWitch","theDuelist:GhostrickYukiOnna"],"picked":"theDuelist:GhostrickSocuteboss","floor":24},{"not_picked":["theDuelist:WonderWand","theDuelist:BadReaction","theDuelist:VoidExpansion"],"picked":"theDuelist:MindAir","floor":28},{"not_picked":["theDuelist:ExodiaLL","theDuelist:ExodiaRL"],"picked":"theDuelist:SpiritHarp","floor":29},{"not_picked":["theDuelist:GreyGreedOni","theDuelist:SolemnStrike"],"picked":"theDuelist:YamiForm","floor":31},{"not_picked":["theDuelist:RainbowDarkDragon+1","theDuelist:Eva"],"picked":"theDuelist:RainbowMagician","floor":33},{"not_picked":["theDuelist:SpellShatteringArrow","theDuelist:FogKing"],"picked":"theDuelist:DarkMagician","floor":35},{"not_picked":["theDuelist:BattleOx+1","theDuelist:GilfordLegend"],"picked":"theDuelist:FrontierWiseman","floor":39},{"not_picked":["theDuelist:SkilledDarkMagician","theDuelist:DarkHorizon"],"picked":"theDuelist:FrontierWiseman+1","floor":41},{"not_picked":["theDuelist:DunamesDarkWitch+1","theDuelist:MysticalElf+1"],"picked":"theDuelist:SangaEarth+1","floor":42}],"player_experience":1540443,"relics_obtained":[{"floor":6,"key":"Replay:PocketPolymizer"},{"floor":8,"key":"Torii"},{"floor":11,"key":"Ring of Fangs"},{"floor":11,"key":"Ring of Fury"},{"floor":13,"key":"theDuelist:MillenniumRod"},{"floor":24,"key":"Darkstone Periapt"},{"floor":26,"key":"Replay:Rubber Ducky"},{"floor":28,"key":"theDuelist:ResummonBranch"},{"floor":29,"key":"Red Mask"},{"floor":41,"key":"Quantum Egg"},{"floor":43,"key":"theDuelist:MillenniumPrayerbook"}],"event_choices":[{"damage_healed":0,"gold_gain":0,"player_choice":"Leave","duelist":true,"damage_taken":0,"max_hp_gain":0,"max_hp_loss":0,"event_name":"Relic Duplicator","floor":3,"gold_loss":0},{"damage_healed":0,"gold_gain":0,"player_choice":"Leave","duelist":true,"damage_taken":0,"max_hp_gain":0,"max_hp_loss":0,"event_name":"Battle City","floor":14,"gold_loss":0},{"damage_healed":0,"gold_gain":0,"player_choice":"Leave","duelist":true,"damage_taken":0,"max_hp_gain":0,"max_hp_loss":0,"event_name":"Tomb of the Nameless","floor":15,"gold_loss":0},{"cards_removed":["Doubt"],"damage_healed":0,"gold_gain":0,"player_choice":"Card Removal","damage_taken":0,"max_hp_gain":0,"max_hp_loss":0,"event_name":"Wheel of Change","floor":19,"gold_loss":0},{"damage_healed":0,"gold_gain":0,"player_choice":"Ignored","damage_taken":0,"max_hp_gain":0,"max_hp_loss":0,"event_name":"Beggar","floor":21,"gold_loss":0},{"damage_healed":0,"gold_gain":0,"player_choice":"Took item - Received: Millennium Symbol","duelist":true,"damage_taken":0,"max_hp_gain":0,"max_hp_loss":0,"event_name":"Millennium Items","floor":27,"gold_loss":0},{"damage_healed":0,"gold_gain":0,"player_choice":"Fought Bandits","damage_taken":0,"max_hp_gain":0,"max_hp_loss":0,"event_name":"Masked Bandits","floor":29,"gold_loss":0},{"damage_healed":0,"gold_gain":0,"player_choice":"Copied","damage_taken":0,"max_hp_gain":0,"max_hp_loss":0,"event_name":"Duplicator","floor":36,"gold_loss":0,"cards_obtained":["theDuelist:GhostrickSocuteboss"]},{"total_magic_score":158,"gold_gain":0,"duelist":true,"damage_taken":0,"relics_obtained":[],"points":4,"max_hp_gain":0,"max_hp_loss":0,"spent_points":{"magic":4,"greed":0,"war":0,"power":0,"hunger":0},"event_name":"Nameless Tomb","floor":38,"gold_loss":0,"magic_reward":4,"cards_obtained":["theDuelist:Nameless:Magic:InsectQueen"]}],"is_beta":false,"boss_relics":[{"not_picked":["Snecko Scales","Replay:Drink Me"],"picked":"Busted Crown"},{"not_picked":["ReplayTheSpireMod:DimensionalGlitch","Velvet Choker"],"picked":"Replay:Wanted Poster"}],"items_purged_floors":[],"is_endless":false,"potions_floor_spawned":[2,7,12,13,16,18,22,31,33,41,42],"killed_by":"Jaw Worm Horde","ascension_level":20}}