{"host":"f1yp41yk4w46r4xn","time":1611680029,"event":{"mods":["AchievementEnabler","Act Like it!","BaseMod","BetterRewards","Block Reminder","Conspire","Downfall","GifTheSpireLib","Highlight Path","Hubris","Infinite Spire","Jedi Mod","Minty Spire (QoL Compilation)","Pale of the Ancients","Replay The Spire","StSLib","Stuff the Spire"],"gold_per_floor":[112,122,122,133,133,133,133,133],"floor_reached":6,"language":"ENG","playtime":379,"items_purged":[],"score":36,"play_id":"cc6e8927-2428-4c02-bb8b-1cb8f2fc967a","local_time":"20210126145349","daily_mods":["Draft"],"is_ascension_mode":false,"campfire_choices":[],"circlet_count":0,"master_deck":["Slimebound:GoopSpray","Slimebound:SplitBruiser","Slimebound:LivingWall","Slimebound:SplitMire","Slimebound:SplitAcid","Slimebound:LeadByExample","Slimebound:SplitLeeching","Slimebound:SplitBruiser","Slimebound:LeadByExample","Slimebound:Schlurp","Slimebound:SplitMire","Slimebound:RainOfGoop","Slimebound:GoopSpray","Slimebound:SplitAcid","Slimebound:SplitBruiser","Slimebound:SplitMire","Slimebound:LeechingTouch"],"relics":["Slimebound:AbsorbEndCombat","Ring of Chaos","jedi:maincommand"],"acts_visited":["Exordium"],"potions_floor_usage":[],"damage_taken":[{"damage":0,"enemies":"Small Slimes","floor":1,"turns":2},{"damage":7,"enemies":"infinitespire:Voidling","floor":2,"turns":3},{"damage":0,"enemies":"Cultist","floor":4,"turns":3},{"damage":79,"enemies":"Gremlin Nob","floor":6,"turns":4}],"seed_played":"-404049908029664322","potions_obtained":[{"floor":1,"key":"LiquidBronze"}],"is_trial":true,"path_per_floor":["M","M","?","M","$","E"],"character_chosen":"SLIMEBOUND","items_purchased":[],"campfire_rested":0,"item_purchase_floors":[],"current_hp_per_floor":[65,58,58,58,58,0,0,0],"gold":133,"neow_bonus":"","is_daily":false,"chose_seed":false,"campfire_upgraded":0,"win_rate":0.0,"timestamp":1611680029,"path_taken":["M","M","?","?","$","E"],"items_purchased_type":[],"build_version":"2020-12-22","purchased_purges":0,"victory":false,"max_hp_per_floor":[65,65,65,65,65,65,65,65],"card_choices":[{"not_picked":["Slimebound:RollThrough","Slimebound:Prepare"],"picked":"Slimebound:GoopSpray","floor":0},{"not_picked":["Slimebound:Replication","Slimebound:GoopSpray"],"picked":"Slimebound:SplitBruiser","floor":0},{"not_picked":["Slimebound:SamplingLick","Slimebound:ProtectTheBoss"],"picked":"Slimebound:LivingWall","floor":0},{"not_picked":["Slimebound:SlimeBrawl","Slimebound:SlimeTap"],"picked":"Slimebound:SplitMire","floor":0},{"not_picked":["Slimebound:GoopTackle","Slimebound:SplitLeeching"],"picked":"Slimebound:SplitAcid","floor":0},{"not_picked":["Slimebound:Equalize","Slimebound:DisruptingSlam"],"picked":"Slimebound:LeadByExample","floor":0},{"not_picked":["Slimebound:ItLooksTasty","Slimebound:RollThrough"],"picked":"Slimebound:SplitLeeching","floor":0},{"not_picked":["Slimebound:GoopSpray","Slimebound:RainOfGoop"],"picked":"Slimebound:SplitBruiser","floor":0},{"not_picked":["Slimebound:SplitLeeching","Slimebound:TongueLash"],"picked":"Slimebound:LeadByExample","floor":0},{"not_picked":["Slimebound:LeechingTouch","Slimebound:GoopTackle"],"picked":"Slimebound:Schlurp","floor":0},{"not_picked":["Slimebound:Chomp","Slimebound:SamplingLick"],"picked":"Slimebound:SplitMire","floor":0},{"not_picked":["Slimebound:MegaLick","Slimebound:BestDefense"],"picked":"Slimebound:RainOfGoop","floor":0},{"not_picked":["Slimebound:RollThrough","Slimebound:Schlurp"],"picked":"Slimebound:GoopSpray","floor":0},{"not_picked":["Slimebound:ViciousTackle","Slimebound:DivideAndConquer"],"picked":"Slimebound:SplitAcid","floor":0},{"not_picked":["Slimebound:LivingWall","Slimebound:SlimeSpikes"],"picked":"Slimebound:SplitBruiser","floor":0},{"not_picked":["Slimebound:DisruptingSlam","Slimebound:FinishingTackle"],"picked":"Slimebound:ViciousTackle","floor":1},{"not_picked":["Slimebound:MegaLick","Slimebound:ServeAndProtect"],"picked":"Slimebound:SplitMire","floor":2},{"not_picked":["Slimebound:LivingWall","Slimebound:DivideAndConquer"],"picked":"Slimebound:LeechingTouch","floor":4}],"player_experience":210439,"relics_obtained":[],"event_choices":[{"cards_removed":["Slimebound:ViciousTackle"],"damage_healed":0,"gold_gain":0,"player_choice":"Purged","damage_taken":0,"max_hp_gain":0,"max_hp_loss":0,"event_name":"Purifier","floor":3,"gold_loss":0}],"is_beta":false,"boss_relics":[],"items_purged_floors":[],"is_endless":false,"potions_floor_spawned":[1],"killed_by":"Gremlin Nob","ascension_level":0}}