{"host":"fkig9nrckec4xsh0","time":1611621294,"event":{"mods":["Act Like it!","BaseMod","Colored Map","Gensokyo","Hermit","Marisa????????","Minty Spire (QoL Compilation)","Quick Restart","Replay The Spire","StSLib"],"gold_per_floor":[116,129,129,129,6,6,22,22,101,51,78,41,54,104,104,104,104],"floor_reached":16,"language":"ENG","playtime":536,"items_purged":[],"score":137,"play_id":"95f3aa22-d542-4f7d-ac9f-adbc69bc9d65","local_time":"20210125193454","is_ascension_mode":true,"campfire_choices":[{"data":"EnergyFlow","floor":6,"key":"SMITH"},{"data":"BlazeAway","floor":8,"key":"SMITH"},{"floor":15,"key":"DIG"}],"circlet_count":0,"master_deck":["Strike_MRS+1","Strike_MRS+1","Strike_MRS+1","Strike_MRS+1","Defend_MRS","Defend_MRS","Defend_MRS","Defend_MRS","MasterSpark+1","UpSweep+1","EnergyFlow+1","BlazeAway+1","6A+1","Gensokyo:BlessingOfVigor","UltimateShortwave","WitchOfGreed","WitchOfGreed","WitchOfGreed","MagicAbsorber","ChargeUpSpray"],"relics":["MiniHakkero","NeowsBlessing","Pear","White Beast Statue","Mango","SproutingBranch","Letter Opener","Whetstone"],"acts_visited":["Exordium"],"potions_floor_usage":[11,14,16],"damage_taken":[{"damage":0,"enemies":"Gensokyo:3_Fairies","floor":1,"turns":1},{"damage":0,"enemies":"Gensokyo:Gryphon","floor":2,"turns":1},{"damage":0,"enemies":"Gensokyo:Python","floor":7,"turns":2},{"damage":14,"enemies":"Gensokyo:Aya","floor":11,"turns":5},{"damage":5,"enemies":"Gensokyo:3_Kodama","floor":13,"turns":4},{"damage":21,"enemies":"Gensokyo:Cirno","floor":14,"turns":5},{"damage":0,"enemies":"Gensokyo:Reimu","floor":16,"turns":4}],"seed_played":"1668711494053398192","potions_obtained":[{"floor":1,"key":"Weak Potion"},{"floor":7,"key":"Milkshake"},{"floor":11,"key":"Weak Potion"},{"floor":13,"key":"AttackPotion"},{"floor":14,"key":"Block Potion"},{"floor":14,"key":"DuplicationPotion"}],"is_trial":false,"path_per_floor":["M","M","?","?","COS","R","M","R","T","?","E","$","M","E","R_BF","B"],"character_chosen":"MARISA","items_purchased":["WitchOfGreed"],"campfire_rested":0,"item_purchase_floors":[12],"current_hp_per_floor":[75,75,70,45,45,45,45,45,45,45,45,45,40,19,19,31,31],"gold":104,"neow_bonus":"THREE_ENEMY_KILL","is_daily":false,"chose_seed":false,"campfire_upgraded":2,"win_rate":0.0,"timestamp":1611621294,"path_taken":["M","M","?","?","COS","R","M","R","T","?","E","?","?","E","R_BF","BOSS"],"items_purchased_type":["Card"],"build_version":"2020-12-22","purchased_purges":0,"victory":false,"max_hp_per_floor":[75,75,85,85,85,85,85,85,85,85,99,99,99,99,99,99,99],"card_choices":[{"not_picked":["MagicAbsorber","ChargeUpSpray"],"picked":"EnergyFlow","floor":1},{"not_picked":["PropBag","GravityBeat"],"picked":"BlazeAway","floor":2},{"not_picked":["GravityBeat","Singularity"],"picked":"6A","floor":7},{"not_picked":["SatelliteIllusion","BlazingStar"],"picked":"UltimateShortwave","floor":11},{"not_picked":["DoubleSpark","EventHorizon"],"picked":"WitchOfGreed","floor":11},{"not_picked":["MilkyWay","MachineGunSpark"],"picked":"MagicAbsorber","floor":13},{"not_picked":["GrandCross","EarthLightRay"],"picked":"ChargeUpSpray","floor":14}],"player_experience":404744,"relics_obtained":[{"floor":9,"key":"White Beast Statue"},{"floor":11,"key":"Mango"},{"floor":14,"key":"Letter Opener"},{"floor":15,"key":"Whetstone"}],"event_choices":[],"is_beta":false,"boss_relics":[],"items_purged_floors":[],"is_endless":false,"potions_floor_spawned":[1,7,11,13,14],"killed_by":"Gensokyo:Reimu","ascension_level":1}}