{"host":"wonp23fsqqcu31ie","time":1611663988,"event":{"mods":["2.2 Compatiblity","AchievementEnabler","Aspiration","BaseMod","Bestiary","Better Altar","Better Match","Better Sensory Stone","Better Skull","Better Third Choice","BetterRewards","Block Reminder","Colored Map","Colored Powertips","Conspire","Curses Come First","DeckTracker","Displayed Cursed Tome","Downfall","Energized Spire","Evolution","Hermit","Highlight Path","Hubris","Infinite Spire","Marisa????????","Minty Spire (QoL Compilation)","Permanent Neow","Prisma Mod","Quick Restart","Rare Cards Sparkle","Relic Stats","Robot Space Explorer","Shade Mod","Shop Mod","StSLib","SuperFastMode","The Animator","The Bug Knight","The Construct","The Cursed","The Disciple","The Dragon Tamer","The Gatherer","The Hierophant","The Marked","The Necromancer","The Poker Player","The Runesmith","The Saiyan","The Servant 0.9.4","TheBandit"],"gold_per_floor":[119,163,163,9,9,66,66,66,115,125,125,125],"floor_reached":11,"language":"ENG","playtime":199,"items_purged":[],"score":83,"play_id":"763586b6-3f6f-4043-805d-49d391210c67","local_time":"20210126232628","is_ascension_mode":true,"campfire_choices":[],"circlet_count":0,"master_deck":["animator:Genos","animator:Shinoa","animator:Genos","animator:Genos","animator:Strike","animator:Defend","animator:Defend","animator:Defend","animator:DolaSchwi","animator:DolaCouronne","animator:Alexander","animator:SuzuneAmano","animator:Kagari","animator:Gilgamesh+2","animator:MumenRider"],"relics":["animator:LivingPicture","animator:TheMissingPiece","EVO:Axolotl","Vajra","CaptainsWheel","Centennial Puzzle","Girya","Happy Flower"],"acts_visited":["Exordium"],"potions_floor_usage":[6,10],"damage_taken":[{"damage":1,"enemies":"Jaw Worm","floor":1,"turns":2},{"damage":8,"enemies":"conspire:MimicChest","floor":2,"turns":2},{"damage":25,"enemies":"HollowMod:MossKnight","floor":6,"turns":8},{"damage":0,"enemies":"Small Slimes","floor":10,"turns":3},{"damage":19,"enemies":"Lagavulin","floor":11,"turns":2}],"seed_played":"-4326051610717061318","potions_obtained":[{"floor":1,"key":"Energy Potion"},{"floor":6,"key":"Explosive Potion"}],"is_trial":false,"path_per_floor":["M","?","?","$","?","E","$","T","T","M","E"],"character_chosen":"THE_ANIMATOR","items_purchased":["Vajra","animator:Gilgamesh"],"campfire_rested":0,"item_purchase_floors":[0,4],"current_hp_per_floor":[50,42,42,42,42,17,17,17,17,17,0,0],"gold":125,"neow_bonus":"","is_daily":false,"chose_seed":false,"campfire_upgraded":0,"win_rate":0.0,"timestamp":1611663988,"path_taken":["M","?","?","$","?","E","$","?","T","?","E"],"items_purchased_type":["Relic","Card"],"build_version":"2020-12-22","purchased_purges":0,"victory":false,"max_hp_per_floor":[66,66,66,66,66,66,66,66,66,66,66,66],"relic_stats":{"Centennial Puzzle":[3],"Happy Flower":[1],"counters":[187,709],"obtain_stats":[{"TwistedFunnel":3,"infinitespire:BottledMercury":24,"construct:FoamFinger":10,"aspiration:PoetsPen_weak":34,"Ginger":65,"Bottled Tornado":43,"Sling":38,"aspiration:RitualStick":27,"Blood Vial":94,"infinitespire:ShieldingShard":0,"aspiration:BabyByrd":53,"hubris:AstralHammer":136,"infinitespire:Golems Mask":25,"Replay:Bottled Flurry":12,"HandDrill":29,"HollowMod:PaleOreRelic":151,"hubris:TinFlute":22,"MerchantsRug":38,"HollowMod:QueensCombRelic":0,"Blue Candle":5,"hubris:SphereOfDissonance":7,"HollowMod:JonisBlessing":4,"Eternal Feather":52,"Guardian:PocketSentry":4,"infinitespire:Magic Flask":42,"Paper Crane":28,"energizedSpire:StickyHand":55,"aspiration:FrozenJewel":29,"SlaversCollar":51,"animator:HolyGrailRelic":17,"hubris:BottledHeart":19,"ReplayTheSpireMod:Ring of Collecting":13,"aspiration:SilentSkillbook":132,"energizedSpire:MagnifyingGlass":17,"hubris:TenFootPole":36,"conspire:BottledYoYo":26,"infinitespire:PuzzleCube":108,"Unceasing Top":0,"infinitespire:Cupcake":85,"animator:ShionDessert":24,"aspiration:Lifesprig":57,"Lantern":121,"Regal Pillow":146,"animator:Hoodie":20,"animator:TheMissingPiece":0,"hubris:EmptyBottle":53,"Ancient Tea Set":72,"Smiling Mask":77,"Burning Blood":0,"conspire:InfiniteJournal":6,"Matryoshka":0,"hubris:Backtick":68,"Shovel":0,"aspiration:AnachronicSnailShell":6,"hubris:CuriousFeather":63,"WingedGreaves":0,"animator:HallowedScabbard":0,"InkBottle":14,"hubris:GlazedTorus":6,"Potion Belt":55,"Lee\u0027s Waffle":151,"Runesmith:Nanobots":46,"The Specimen":17,"Thread and Needle":36,"PreservedInsect":117,"infinitespire:CheckeredPen":72,"hubris:Towel":2,"Frozen Egg 2":36,"energizedSpire:DeadBattery":34,"Busted Crown":34,"Bloody Idol":19,"Orrery":136,"animator:LivingPicture":0,"Art of War":24,"Runesmith:AutoHammer":10,"Bottled Lightning":152,"ReplayTheSpireMod:Ring of Challenge":13,"animator:AlchemistGlove":30,"conspire:DeflatedDodgeball":110,"hexamod:BolsterEngine":45,"animator:OldCoffin":90,"hubris:BottledRain":0,"Ice Cream":0,"Tiny House":20,"Gremlin Horn":26,"Vajra":7,"EVO:Axolotl":0,"HollowMod:StagPassRelic":12,"Lizard Tail":0,"Centennial Puzzle":2,"DollysMirror":22,"Strawberry":29,"conspire:DecoderRing":47,"aspiration:ArtOfWarUpgrade":40,"Philosopher\u0027s Stone":24,"Girya":0,"Happy Flower":95,"aspiration:Nostalgia":0,"animator:BattleDrones":65,"Dead Branch":120,"Oddly Smooth Stone":9,"infinitespire:Beetle Shell":20,"aspiration:SeaSaltIceCream":25,"War Paint":0,"Question Card":124,"hubris:Zylophone":45,"Bottled Flame":29,"energizedSpire:NeverEndingSparkler":17,"Brimstone":10,"Bronze Scales":76,"Nloth\u0027s Gift":73,"CatCart":137,"Meat on the Bone":138,"animator:CursedGlyph":31,"SacredBark":98,"Enchiridion":30,"Mango":101,"aspiration:TomeofQuesting":141,"Incense Burner":26,"hubris:RunicObelisk":34,"Empty Cage":19,"conspire:TopHat":13,"ClockworkSouvenir":72,"Nunchaku":48,"Dream Catcher":107,"hubris:Icosahedron":36,"animator:PurgingStone":0,"Mummified Hand":24,"Pantograph":0,"Red Mask":21,"animator:VividPicture":17,"animator:MantleOfTheStrategist":63,"Red Skull":31,"hexamod:CandleOfCauterizing":43,"HollowMod:LifeEnderRelic":119,"aspiration:FetidBarrel":68,"hubris:MedicalManual":0,"aspiration:HummingbirdHeart":46,"animator:WornHelmet":38,"Medical Kit":0,"White Beast Statue":21,"Mercury Hourglass":108,"Strange Spoon":0,"Anchor":8,"CaptainsWheel":0,"infinitespire:WardingShard":0,"infinitespire:Satchel":20,"aspiration:KaomsHeart":48,"hubris:BundleOfHerbs":0,"Bag of Marbles":48,"Membership Card":0,"hubris:OldNail":9,"TungstenRod":0},{"TwistedFunnel":49,"infinitespire:BottledMercury":17,"construct:FoamFinger":125,"aspiration:PoetsPen_weak":37,"Ginger":78,"Bottled Tornado":66,"Sling":21,"aspiration:RitualStick":17,"Blood Vial":90,"infinitespire:ShieldingShard":48,"aspiration:BabyByrd":72,"hubris:AstralHammer":113,"infinitespire:Golems Mask":132,"Replay:Bottled Flurry":7,"HandDrill":17,"HollowMod:PaleOreRelic":117,"hubris:TinFlute":57,"MerchantsRug":21,"HollowMod:QueensCombRelic":119,"Blue Candle":167,"hubris:SphereOfDissonance":4,"HollowMod:JonisBlessing":24,"Eternal Feather":143,"Guardian:PocketSentry":2,"infinitespire:Magic Flask":42,"Paper Crane":17,"energizedSpire:StickyHand":72,"aspiration:FrozenJewel":133,"SlaversCollar":71,"animator:HolyGrailRelic":55,"hubris:BottledHeart":15,"ReplayTheSpireMod:Ring of Collecting":7,"aspiration:SilentSkillbook":111,"energizedSpire:MagnifyingGlass":14,"hubris:TenFootPole":38,"conspire:BottledYoYo":58,"infinitespire:PuzzleCube":98,"Unceasing Top":145,"infinitespire:Cupcake":87,"animator:ShionDessert":58,"aspiration:Lifesprig":74,"Lantern":104,"Regal Pillow":116,"animator:Hoodie":128,"animator:TheMissingPiece":0,"hubris:EmptyBottle":143,"Ancient Tea Set":81,"Smiling Mask":83,"Burning Blood":160,"conspire:InfiniteJournal":163,"Matryoshka":22,"hubris:Backtick":79,"Shovel":119,"aspiration:AnachronicSnailShell":168,"hubris:CuriousFeather":77,"WingedGreaves":145,"animator:HallowedScabbard":119,"InkBottle":150,"hubris:GlazedTorus":123,"Potion Belt":72,"Lee\u0027s Waffle":117,"Runesmith:Nanobots":141,"The Specimen":127,"Thread and Needle":20,"PreservedInsect":102,"infinitespire:CheckeredPen":81,"hubris:Towel":9,"Frozen Egg 2":38,"energizedSpire:DeadBattery":135,"Busted Crown":62,"Bloody Idol":56,"Orrery":113,"animator:LivingPicture":0,"Art of War":34,"Runesmith:AutoHammer":5,"Bottled Lightning":118,"ReplayTheSpireMod:Ring of Challenge":7,"animator:AlchemistGlove":35,"conspire:DeflatedDodgeball":98,"hexamod:BolsterEngine":140,"animator:OldCoffin":89,"hubris:BottledRain":119,"Ice Cream":145,"Tiny House":15,"Gremlin Horn":17,"Vajra":10,"EVO:Axolotl":0,"HollowMod:StagPassRelic":28,"Lizard Tail":119,"Centennial Puzzle":184,"DollysMirror":57,"Strawberry":17,"conspire:DecoderRing":141,"aspiration:ArtOfWarUpgrade":40,"Philosopher\u0027s Stone":132,"Girya":48,"Happy Flower":91,"aspiration:Nostalgia":0,"animator:BattleDrones":78,"Dead Branch":103,"Oddly Smooth Stone":26,"infinitespire:Beetle Shell":15,"aspiration:SeaSaltIceCream":132,"War Paint":48,"Question Card":106,"hubris:Zylophone":67,"Bottled Flame":17,"energizedSpire:NeverEndingSparkler":30,"Brimstone":169,"Bronze Scales":83,"Nloth\u0027s Gift":81,"CatCart":114,"Meat on the Bone":115,"animator:CursedGlyph":36,"SacredBark":92,"Enchiridion":133,"Mango":94,"aspiration:TomeofQuesting":115,"Incense Burner":132,"hubris:RunicObelisk":18,"Empty Cage":173,"conspire:TopHat":53,"ClockworkSouvenir":81,"Nunchaku":70,"Dream Catcher":98,"hubris:Icosahedron":63,"animator:PurgingStone":22,"Mummified Hand":176,"Pantograph":119,"Red Mask":32,"animator:VividPicture":151,"animator:MantleOfTheStrategist":77,"Red Skull":134,"hexamod:CandleOfCauterizing":42,"HollowMod:LifeEnderRelic":103,"aspiration:FetidBarrel":79,"hubris:MedicalManual":48,"aspiration:HummingbirdHeart":44,"animator:WornHelmet":39,"Medical Kit":119,"White Beast Statue":15,"Mercury Hourglass":98,"Strange Spoon":119,"Anchor":147,"CaptainsWheel":182,"infinitespire:WardingShard":160,"infinitespire:Satchel":56,"aspiration:KaomsHeart":45,"hubris:BundleOfHerbs":119,"Bag of Marbles":142,"Membership Card":48,"hubris:OldNail":26,"TungstenRod":48},{"TwistedFunnel":222,"infinitespire:BottledMercury":67,"construct:FoamFinger":441,"aspiration:PoetsPen_weak":170,"Ginger":323,"Bottled Tornado":285,"Sling":92,"aspiration:RitualStick":67,"Blood Vial":350,"infinitespire:ShieldingShard":218,"aspiration:BabyByrd":309,"hubris:AstralHammer":400,"infinitespire:Golems Mask":468,"Replay:Bottled Flurry":28,"HandDrill":67,"HollowMod:PaleOreRelic":416,"hubris:TinFlute":251,"MerchantsRug":92,"HollowMod:QueensCombRelic":425,"Blue Candle":627,"hubris:SphereOfDissonance":14,"HollowMod:JonisBlessing":106,"Eternal Feather":507,"Guardian:PocketSentry":8,"infinitespire:Magic Flask":187,"Paper Crane":67,"energizedSpire:StickyHand":309,"aspiration:FrozenJewel":471,"SlaversCollar":306,"animator:HolyGrailRelic":245,"hubris:BottledHeart":59,"ReplayTheSpireMod:Ring of Collecting":28,"aspiration:SilentSkillbook":397,"energizedSpire:MagnifyingGlass":53,"hubris:TenFootPole":172,"conspire:BottledYoYo":255,"infinitespire:PuzzleCube":362,"Unceasing Top":516,"infinitespire:Cupcake":345,"animator:ShionDessert":255,"aspiration:Lifesprig":313,"Lantern":371,"Regal Pillow":409,"animator:Hoodie":451,"animator:TheMissingPiece":0,"hubris:EmptyBottle":507,"Ancient Tea Set":330,"Smiling Mask":335,"Burning Blood":587,"conspire:InfiniteJournal":611,"Matryoshka":99,"hubris:Backtick":326,"Shovel":425,"aspiration:AnachronicSnailShell":635,"hubris:CuriousFeather":320,"WingedGreaves":516,"animator:HallowedScabbard":425,"InkBottle":538,"hubris:GlazedTorus":435,"Potion Belt":309,"Lee\u0027s Waffle":416,"Runesmith:Nanobots":496,"The Specimen":448,"Thread and Needle":88,"PreservedInsect":368,"infinitespire:CheckeredPen":330,"hubris:Towel":36,"Frozen Egg 2":172,"energizedSpire:DeadBattery":478,"Busted Crown":274,"Bloody Idol":248,"Orrery":400,"animator:LivingPicture":0,"Art of War":154,"Runesmith:AutoHammer":18,"Bottled Lightning":418,"ReplayTheSpireMod:Ring of Challenge":28,"animator:AlchemistGlove":159,"conspire:DeflatedDodgeball":362,"hexamod:BolsterEngine":493,"animator:OldCoffin":348,"hubris:BottledRain":425,"Ice Cream":516,"Tiny House":59,"Gremlin Horn":67,"Vajra":38,"EVO:Axolotl":0,"HollowMod:StagPassRelic":120,"Lizard Tail":425,"Centennial Puzzle":696,"DollysMirror":251,"Strawberry":67,"conspire:DecoderRing":496,"aspiration:ArtOfWarUpgrade":180,"Philosopher\u0027s Stone":467,"Girya":218,"Happy Flower":352,"aspiration:Nostalgia":0,"animator:BattleDrones":323,"Dead Branch":369,"Oddly Smooth Stone":110,"infinitespire:Beetle Shell":59,"aspiration:SeaSaltIceCream":468,"War Paint":218,"Question Card":374,"hubris:Zylophone":290,"Bottled Flame":67,"energizedSpire:NeverEndingSparkler":135,"Brimstone":639,"Bronze Scales":335,"Nloth\u0027s Gift":330,"CatCart":404,"Meat on the Bone":406,"animator:CursedGlyph":163,"SacredBark":356,"Enchiridion":471,"Mango":358,"aspiration:TomeofQuesting":406,"Incense Burner":468,"hubris:RunicObelisk":77,"Empty Cage":651,"conspire:TopHat":237,"ClockworkSouvenir":330,"Nunchaku":301,"Dream Catcher":362,"hubris:Icosahedron":276,"animator:PurgingStone":99,"Mummified Hand":667,"Pantograph":425,"Red Mask":141,"animator:VividPicture":546,"animator:MantleOfTheStrategist":320,"Red Skull":472,"hexamod:CandleOfCauterizing":187,"HollowMod:LifeEnderRelic":369,"aspiration:FetidBarrel":326,"hubris:MedicalManual":218,"aspiration:HummingbirdHeart":194,"animator:WornHelmet":175,"Medical Kit":425,"White Beast Statue":59,"Mercury Hourglass":362,"Strange Spoon":425,"Anchor":525,"CaptainsWheel":692,"infinitespire:WardingShard":587,"infinitespire:Satchel":248,"aspiration:KaomsHeart":198,"hubris:BundleOfHerbs":425,"Bag of Marbles":500,"Membership Card":218,"hubris:OldNail":110,"TungstenRod":218}]},"card_choices":[{"not_picked":["animator:DolaSchwi","animator:Geryuganshoop"],"picked":"animator:Alexander","floor":1},{"not_picked":["animator:ElricEdward","animator:Rider"],"picked":"animator:SuzuneAmano","floor":2},{"not_picked":["animator:Kuroyukihime","animator:Urushihara"],"picked":"animator:Kagari","floor":3},{"not_picked":["animator:DolaRiku","animator:TsurugaMeisai"],"picked":"animator:MumenRider","floor":6},{"not_picked":["animator:Togame","animator:Shichika","animator:Berserker"],"picked":"SKIP","floor":10}],"player_experience":582326,"relics_obtained":[{"floor":2,"key":"Centennial Puzzle"},{"floor":6,"key":"Girya"},{"floor":9,"key":"Happy Flower"}],"event_choices":[{"damage_healed":0,"gold_gain":1,"player_choice":"1","damage_taken":0,"max_hp_gain":0,"max_hp_loss":0,"event_name":"betterStone:BetterStone","floor":3,"gold_loss":0},{"damage_healed":0,"gold_gain":0,"player_choice":"Disagree","damage_taken":0,"max_hp_gain":0,"max_hp_loss":0,"event_name":"conspire:LoneGhost","floor":5,"gold_loss":0}],"is_beta":false,"boss_relics":[],"items_purged_floors":[],"is_endless":false,"potions_floor_spawned":[1,6],"killed_by":"Lagavulin","ascension_level":4}}