{"host":"Mute","time":1611628931,"event":{"mods":["BaseMod","Colored Map","Downfall","Minty Spire (QoL Compilation)","StSLib"],"gold_per_floor":[99,111,123,123,108,141,166,178,198,217,236,236,252,252,252,252],"floor_reached":14,"language":"ENG","playtime":861,"items_purged":[],"score":94,"play_id":"dedc8f13-cbc8-414b-99bd-162f533f4364","local_time":"20210125214211","is_ascension_mode":false,"campfire_choices":[{"data":"Guardian:TwinSlam","floor":1,"key":"SMITH"}],"circlet_count":0,"master_deck":["Guardian:Strike_Guardian","Guardian:Strike_Guardian","Guardian:Strike_Guardian","Guardian:Strike_Guardian","Guardian:Defend_Guardian","Guardian:Defend_Guardian","Guardian:Defend_Guardian","Guardian:Defend_Guardian","Guardian:CurlUp","Guardian:TwinSlam+1","Guardian:Gem_Red","Guardian:WalkerClaw","Guardian:Gem_Crimson","Guardian:ChargeCore","Guardian:ChargeCore","Guardian:PrimingBeam","Guardian:TemporalStrike","Guardian:TemporalShield"],"relics":["Guardian:ModeShifter","Tiny Chest","Dream Catcher","Ice Cream"],"acts_visited":["Exordium"],"potions_floor_usage":[10],"damage_taken":[{"damage":0,"enemies":"Small Slimes","floor":2,"turns":3},{"damage":0,"enemies":"Cultist","floor":3,"turns":4},{"damage":5,"enemies":"downfall:FleeingMerchant","floor":5,"turns":4},{"damage":30,"enemies":"3 Sentries","floor":6,"turns":13},{"damage":0,"enemies":"2 Louse","floor":8,"turns":2},{"damage":7,"enemies":"Blue Slaver","floor":9,"turns":3},{"damage":12,"enemies":"Large Slime","floor":10,"turns":4},{"damage":22,"enemies":"Exordium Thugs","floor":11,"turns":4},{"damage":9,"enemies":"Blue Slaver","floor":13,"turns":3},{"damage":5,"enemies":"Lagavulin","floor":14,"turns":2}],"seed_played":"-2768285972056672698","potions_obtained":[{"floor":3,"key":"GamblersBrew"},{"floor":6,"key":"Guardian:AcceleratePotion"},{"floor":8,"key":"Weak Potion"},{"floor":11,"key":"LiquidMemories"}],"is_trial":false,"path_per_floor":["R","M","M","?","$","E","T","M","M","M","M","T","M","E"],"character_chosen":"GUARDIAN","items_purchased":[],"campfire_rested":0,"item_purchase_floors":[],"current_hp_per_floor":[88,88,88,88,83,53,53,53,46,34,12,12,3,0,0,0],"gold":252,"neow_bonus":"TEN_PERCENT_HP_BONUS","is_daily":false,"chose_seed":false,"campfire_upgraded":1,"win_rate":0.0,"timestamp":1611628931,"path_taken":["R","M","M","?","$","E","T","M","M","?","M","?","M","E"],"items_purchased_type":[],"build_version":"2020-12-18","purchased_purges":0,"victory":false,"max_hp_per_floor":[88,88,88,88,88,88,88,88,88,88,88,88,88,88,88,88],"card_choices":[{"not_picked":["Guardian:PrimingBeam","Guardian:Gem_Fragmented"],"picked":"Guardian:Gem_Red","floor":2},{"not_picked":["Guardian:Gem_White","Guardian:VentSteam"],"picked":"Guardian:WalkerClaw","floor":3},{"not_picked":["Guardian:BronzeArmor","Guardian:TemporalStrike"],"picked":"Guardian:Gem_Crimson","floor":5},{"not_picked":["Guardian:SentryBeam","Guardian:TimeCapacitor"],"picked":"Guardian:ChargeCore","floor":6},{"not_picked":["Guardian:Reroute","Guardian:EvasiveProtocol"],"picked":"Guardian:ChargeCore","floor":8},{"not_picked":["Guardian:BronzeOrb","Guardian:PrismaticBeam","Guardian:VentSteam"],"picked":"SKIP","floor":9},{"not_picked":["Guardian:TimeBomb","Guardian:Gem_Lightblue"],"picked":"Guardian:PrimingBeam","floor":10},{"not_picked":["Guardian:Gem_Purple","Guardian:ChargeCore"],"picked":"Guardian:TemporalStrike","floor":11},{"not_picked":["Guardian:PiercingHide","Guardian:Gem_Lightblue"],"picked":"Guardian:TemporalShield","floor":13}],"player_experience":452561,"relics_obtained":[{"floor":6,"key":"Tiny Chest"},{"floor":7,"key":"Dream Catcher"},{"floor":12,"key":"Ice Cream"}],"event_choices":[{"damage_healed":0,"gold_gain":0,"player_choice":"Ignored","damage_taken":0,"max_hp_gain":0,"max_hp_loss":0,"event_name":"NoteForYourself","floor":4,"gold_loss":0}],"is_beta":true,"boss_relics":[],"items_purged_floors":[],"is_endless":false,"potions_floor_spawned":[3,6,8,11],"killed_by":"Lagavulin","ascension_level":0}}