{"host":"jhy70w0yh8dayqay","time":1611678088,"event":{"mods":["AchievementEnabler","BaseMod","Colored Map","Colored Powertips","DeckTracker","Minty Spire (QoL Compilation)","Permanent Neow","SuperFastMode"],"gold_per_floor":[119,139,156,173,173,173,173,205,260,285,285,315,89,108,108,213,213,230,130,130,130,147,147,163,26,26,45,45,58,58,157,157,157,157],"floor_reached":33,"language":"KOR","playtime":1391,"items_purged":["Strike_R","Sword Boomerang"],"score":450,"play_id":"16dbfbce-f5e7-478f-b95b-6d3ea7eba144","local_time":"20210127012128","is_ascension_mode":true,"campfire_choices":[{"data":"Carnage","floor":6,"key":"SMITH"},{"data":"Fire Breathing","floor":11,"key":"SMITH"},{"data":"True Grit","floor":15,"key":"SMITH"},{"data":"Barricade","floor":23,"key":"SMITH"},{"data":"Corruption","floor":32,"key":"SMITH"}],"circlet_count":0,"master_deck":["AscendersBane","Bash","Dramatic Entrance","Carnage+1","Twin Strike","Clothesline","Flex","Feel No Pain","Fire Breathing+1","Second Wind","True Grit+1","Corruption+1","Combust","Whirlwind","Metallicize","Ghostly Armor","Second Wind","Barricade+1","Heavy Blade","Battle Trance","Body Slam+1","Impervious","Writhe"],"relics":["Burning Blood","Gremlin Horn","Akabeko","Ancient Tea Set","Darkstone Periapt","ClockworkSouvenir","Pandora\u0027s Box","Bag of Preparation","Sundial"],"acts_visited":["Exordium","TheCity"],"potions_floor_usage":[8,10,12,16,27,33],"damage_taken":[{"damage":0,"enemies":"2 Louse","floor":1,"turns":3},{"damage":0,"enemies":"Small Slimes","floor":2,"turns":2},{"damage":1,"enemies":"Cultist","floor":3,"turns":3},{"damage":19,"enemies":"Exordium Wildlife","floor":4,"turns":4},{"damage":15,"enemies":"3 Sentries","floor":8,"turns":4},{"damage":0,"enemies":"Gremlin Nob","floor":10,"turns":2},{"damage":27,"enemies":"Lagavulin","floor":12,"turns":4},{"damage":0,"enemies":"Large Slime","floor":14,"turns":4},{"damage":59,"enemies":"Hexaghost","floor":16,"turns":11},{"damage":10,"enemies":"Chosen","floor":18,"turns":4},{"damage":20,"enemies":"Shell Parasite","floor":22,"turns":6},{"damage":0,"enemies":"Centurion and Healer","floor":24,"turns":6},{"damage":36,"enemies":"3 Cultists","floor":27,"turns":7},{"damage":7,"enemies":"Cultist and Chosen","floor":29,"turns":6},{"damage":71,"enemies":"Collector","floor":33,"turns":7}],"seed_played":"5687955890543191550","potions_obtained":[{"floor":1,"key":"GamblersBrew"},{"floor":3,"key":"DistilledChaos"},{"floor":8,"key":"Fire Potion"},{"floor":10,"key":"Regen Potion"},{"floor":18,"key":"Strength Potion"},{"floor":21,"key":"CultistPotion"},{"floor":29,"key":"CultistPotion"}],"is_trial":false,"path_per_floor":["M","M","M","M","?","R","?","E","T","E","R","E","$","M","R","B",null,"M","$","?","?","M","R","M","$","T","M","?","M","?","?","R","B"],"character_chosen":"IRONCLAD","items_purchased":["ClockworkSouvenir","Impervious"],"campfire_rested":0,"item_purchase_floors":[13,25],"current_hp_per_floor":[78,80,80,67,72,72,72,63,63,69,69,48,48,54,54,15,68,64,64,64,64,50,50,56,56,56,26,54,53,59,59,59,0,0],"gold":157,"neow_bonus":"RANDOM_COLORLESS","is_daily":false,"chose_seed":false,"campfire_upgraded":5,"win_rate":0.0,"timestamp":1611678088,"path_taken":["M","M","M","M","?","R","?","E","T","E","R","E","$","M","R","BOSS","M","$","?","?","M","R","M","$","T","?","?","M","?","?","R","BOSS"],"items_purchased_type":["Relic","Card"],"build_version":"2020-12-22","purchased_purges":2,"victory":false,"max_hp_per_floor":[80,80,80,80,85,85,85,85,85,85,85,85,85,85,85,85,85,85,85,85,85,85,85,85,85,85,85,85,85,91,91,91,91,91],"card_choices":[{"not_picked":["Trip","Bandage Up"],"picked":"Dramatic Entrance","floor":0},{"not_picked":["Headbutt","Heavy Blade"],"picked":"Carnage","floor":1},{"not_picked":["Thunderclap","Warcry"],"picked":"Twin Strike","floor":2},{"not_picked":["Bloodletting","Warcry"],"picked":"Clothesline","floor":3},{"not_picked":["Anger","Sever Soul"],"picked":"Flex","floor":4},{"not_picked":["Headbutt","Rampage"],"picked":"Feel No Pain","floor":8},{"not_picked":["Rage","Iron Wave"],"picked":"Fire Breathing","floor":10},{"not_picked":["Blood for Blood","Wild Strike"],"picked":"Second Wind","floor":12},{"not_picked":["Havoc","Blood for Blood"],"picked":"True Grit","floor":14},{"not_picked":["Brutality","Exhume"],"picked":"Corruption","floor":16},{"not_picked":["Flex","Havoc"],"picked":"Battle Trance","floor":18},{"not_picked":["Havoc","Cleave"],"picked":"Body Slam+1","floor":22},{"not_picked":["Thunderclap","Heavy Blade","Pummel"],"picked":"SKIP","floor":24},{"not_picked":["Warcry","Sever Soul","Inflame"],"picked":"SKIP","floor":27},{"not_picked":["Havoc","Pommel Strike","Cleave"],"picked":"SKIP","floor":29}],"player_experience":431281,"relics_obtained":[{"floor":8,"key":"Gremlin Horn"},{"floor":9,"key":"Akabeko"},{"floor":10,"key":"Ancient Tea Set"},{"floor":12,"key":"Darkstone Periapt"},{"floor":26,"key":"Bag of Preparation"}],"event_choices":[{"damage_healed":0,"gold_gain":0,"player_choice":"Donut","damage_taken":0,"max_hp_gain":5,"max_hp_loss":0,"event_name":"Big Fish","floor":5,"gold_loss":0},{"damage_healed":0,"gold_gain":0,"player_choice":"Ignored","damage_taken":0,"max_hp_gain":0,"max_hp_loss":0,"event_name":"Liars Game","floor":7,"gold_loss":0},{"damage_healed":0,"gold_gain":0,"player_choice":"Ignored","damage_taken":0,"max_hp_gain":0,"max_hp_loss":0,"event_name":"Ghosts","floor":20,"gold_loss":0},{"damage_healed":0,"gold_gain":0,"player_choice":"Got Potions","damage_taken":0,"max_hp_gain":0,"max_hp_loss":0,"event_name":"Lab","floor":21,"gold_loss":0},{"damage_healed":28,"gold_gain":0,"player_choice":"Heal","damage_taken":0,"max_hp_gain":0,"max_hp_loss":0,"event_name":"The Library","floor":28,"gold_loss":0},{"damage_healed":0,"gold_gain":0,"player_choice":"Opened","damage_taken":0,"relics_obtained":["Sundial"],"max_hp_gain":0,"max_hp_loss":0,"event_name":"The Mausoleum","floor":30,"gold_loss":0,"cards_obtained":["Writhe"]},{"damage_healed":0,"gold_gain":99,"player_choice":"Stole From Cult","damage_taken":0,"max_hp_gain":0,"max_hp_loss":0,"event_name":"Nest","floor":31,"gold_loss":0}],"is_beta":false,"boss_relics":[{"not_picked":["Fusion Hammer","Mark of Pain"],"picked":"Pandora\u0027s Box"}],"items_purged_floors":[13,19],"is_endless":false,"potions_floor_spawned":[1,3,8,10,18,22,29],"killed_by":"Collector","ascension_level":11}}