{"host":"yajbwjoofeeg2olc","time":1611675730,"event":{"mods":["AchievementEnabler","BaseMod","Better Altar","Better Match","Better Note","Better Sensory Stone","Better Skull","Better Third Choice","BetterRewards","Colored Map","Downfall","GifTheSpireLib","Highlight Path","Minty Spire (QoL Compilation)","Permanent Neow","Replay The Spire","StSLib"],"gold_per_floor":[0,15,35,47,47,72,72,102,116,143,43,56,56,67,87,87,87,87],"floor_reached":16,"language":"ENG","playtime":1360,"items_purged":[],"score":114,"play_id":"1382b0b7-0447-45a5-ba56-08cb7f28f72c","local_time":"20210126154210","is_ascension_mode":false,"campfire_choices":[{"floor":1,"key":"RECALL"},{"floor":11,"key":"REST"},{"data":"bronze:ClassDefault","floor":13,"key":"SMITH"}],"circlet_count":0,"master_deck":["bronze:Strike","bronze:Strike","bronze:Strike","bronze:Strike","bronze:Defend","bronze:Defend","bronze:Defend","bronze:Defend","bronze:Replicate","bronze:Goto","bronze:ChosenStrike","bronze:Constructor","bronze:FineTuning","bronze:Spike","bronze:DazingPulse","bronze:FollowUp","bronze:BronzeOrb","bronze:ClassDefault+1","bronze:Frontload","bronze:WildBeam+1","bronze:CloningBeam+1","bronze:Separator+1"],"relics":["bronze:BronzeCore","Pantograph","Divine Protection","Sundial","Molten Egg 2","downfall:HeartBlessingGreen"],"acts_visited":["Exordium"],"potions_floor_usage":[10,16,16],"damage_taken":[{"damage":2,"enemies":"Small Slimes","floor":2,"turns":3},{"damage":7,"enemies":"2 Louse","floor":3,"turns":3},{"damage":7,"enemies":"Jaw Worm","floor":4,"turns":4},{"damage":40,"enemies":"Jaw Worm","floor":5,"turns":6},{"damage":19,"enemies":"Replay:BlueRogue","floor":6,"turns":5},{"damage":0,"enemies":"3 Louse","floor":9,"turns":3},{"damage":3,"enemies":"Lagavulin","floor":10,"turns":6},{"damage":0,"enemies":"Blue Slaver","floor":12,"turns":2},{"damage":0,"enemies":"Red Slaver","floor":14,"turns":3},{"damage":0,"enemies":"Large Slime","floor":15,"turns":2},{"damage":59,"enemies":"IC_STATUS_ARCHETYPE","floor":16,"turns":13}],"seed_played":"-242550219656117424","potions_obtained":[{"floor":3,"key":"Weak Potion"},{"floor":4,"key":"bronze:CleanCodePotion"},{"floor":10,"key":"AttackPotion"},{"floor":12,"key":"Weak Potion"}],"is_trial":false,"path_per_floor":["R","M","M","M","?","E","T","?","M","E","R","M","R","M","M","B"],"character_chosen":"THE_AUTOMATON","items_purchased":[],"campfire_rested":1,"item_purchase_floors":[],"current_hp_per_floor":[84,82,75,68,28,9,9,9,9,6,31,31,31,31,31,0,0,0],"gold":87,"neow_bonus":"TWENTY_PERCENT_HP_BONUS","is_daily":false,"chose_seed":false,"campfire_upgraded":1,"win_rate":0.0,"timestamp":1611675730,"path_taken":["R","M","M","M","?","E","T","?","M","E","R","M","R","M","M","BOSS"],"items_purchased_type":[],"build_version":"2020-12-22","purchased_purges":0,"victory":false,"max_hp_per_floor":[84,84,84,84,84,84,84,84,84,84,84,84,84,84,84,84,84,84],"card_choices":[{"not_picked":["bronze:CutThrough","bronze:ForceShield"],"picked":"bronze:ChosenStrike","floor":2},{"not_picked":["bronze:BugBarrage","bronze:Repulsor"],"picked":"bronze:Constructor","floor":3},{"not_picked":["bronze:Constructor","bronze:DelayedSlice"],"picked":"bronze:FineTuning","floor":4},{"not_picked":[],"picked":"bronze:Spike","floor":5},{"not_picked":[],"picked":"bronze:DazingPulse","floor":5},{"not_picked":["bronze:MaxOutput","bronze:Turbo"],"picked":"bronze:FollowUp","floor":5},{"not_picked":["bronze:BitShift","bronze:BugBarrage"],"picked":"bronze:BronzeOrb","floor":6},{"not_picked":["bronze:Overheat","bronze:FollowUp"],"picked":"bronze:ClassDefault","floor":9},{"not_picked":["bronze:Constructor","bronze:ChosenStrike+1"],"picked":"bronze:Frontload","floor":10},{"not_picked":["bronze:Turbo","bronze:ClassDefault"],"picked":"bronze:WildBeam+1","floor":12},{"not_picked":["bronze:BuggyMess","bronze:OilSpill+1"],"picked":"bronze:CloningBeam+1","floor":14},{"not_picked":["bronze:WildBeam+1","bronze:ShipIt+1"],"picked":"bronze:Separator+1","floor":15}],"player_experience":255884,"relics_obtained":[{"floor":6,"key":"Pantograph"},{"floor":7,"key":"Divine Protection"},{"floor":10,"key":"Molten Egg 2"}],"event_choices":[],"is_beta":false,"boss_relics":[],"items_purged_floors":[],"is_endless":false,"potions_floor_spawned":[3,4,10,12],"killed_by":"IC_STATUS_ARCHETYPE","ascension_level":0}}