{"host":"d61fcf2p3sjwe6yo","time":1611655807,"event":{"mods":["AchievementEnabler","BaseMod","Colored Map","Downfall","Minty Spire (QoL Compilation)","StSLib","SuperFastMode"],"gold_per_floor":[99,114,114,169,182,182,182,195,195,195,195],"floor_reached":9,"language":"ENG","playtime":300,"items_purged":[],"score":81,"play_id":"cb2e7bf0-6a15-4bfd-99ef-b441b558620e","local_time":"20210126131007","is_ascension_mode":true,"campfire_choices":[{"data":"champ:Execute","floor":1,"key":"SMITH"}],"circlet_count":0,"master_deck":["AscendersBane","champ:Strike","champ:Strike+1","champ:Strike","champ:Strike","champ:Defend+1","champ:Defend","champ:Defend","champ:Defend","champ:Execute+1","champ:Taunt+1","champ:Lariat","champ:Lariat"],"relics":["champ:ChampionCrown","Toy Ornithopter","Spirit Poop"],"acts_visited":["Exordium"],"potions_floor_usage":[],"damage_taken":[{"damage":10,"enemies":"Small Slimes","floor":2,"turns":3},{"damage":57,"enemies":"Gremlin Nob","floor":4,"turns":5},{"damage":2,"enemies":"2 Louse","floor":5,"turns":3},{"damage":12,"enemies":"Jaw Worm","floor":8,"turns":5},{"damage":89,"enemies":"Gremlin Nob","floor":9,"turns":4}],"seed_played":"-617679757606004514","potions_obtained":[],"is_trial":false,"path_per_floor":["R","M","?","?","M","?","T","M","E"],"character_chosen":"THE_CHAMP","items_purchased":[],"campfire_rested":0,"item_purchase_floors":[],"current_hp_per_floor":[90,90,90,53,51,51,51,49,0,0,0],"gold":195,"neow_bonus":"TEN_PERCENT_HP_BONUS","is_daily":false,"chose_seed":false,"campfire_upgraded":1,"win_rate":0.0,"timestamp":1611655807,"path_taken":["R","M","?","?","M","?","T","M","E"],"items_purchased_type":[],"build_version":"2020-12-22","purchased_purges":0,"victory":false,"max_hp_per_floor":[99,99,99,99,99,99,99,99,99,99,99],"card_choices":[{"not_picked":["champ:Haymaker","champ:BringItOn"],"picked":"champ:Lariat","floor":2},{"not_picked":["champ:ShieldSigil","champ:FocusedBerserking"],"picked":"champ:Lariat","floor":5},{"not_picked":["champ:ShieldSigil","champ:PerfectedStrike","champ:StanceDance"],"picked":"SKIP","floor":8}],"player_experience":706606,"relics_obtained":[{"floor":4,"key":"Toy Ornithopter"}],"event_choices":[{"cards_removed":["downfall:Malfunctioning"],"damage_healed":0,"gold_gain":0,"player_choice":"Offered Curse","damage_taken":0,"relics_obtained":["Spirit Poop"],"max_hp_gain":0,"max_hp_loss":0,"event_name":"Bonfire Elementals","floor":6,"gold_loss":0}],"is_beta":false,"boss_relics":[],"items_purged_floors":[],"is_endless":false,"potions_floor_spawned":[],"killed_by":"Gremlin Nob","ascension_level":12}}