{"host":"2eswhqk6sgfpt1j1","time":1611650073,"event":{"mods":["Act Like it!","BaseMod","Colored Powertips","Downfall","Duelist Mod","Hallownest","Hunter ¡‘»À","Minty Spire (QoL Compilation)","Replay The Spire","StSLib","The Bug Knight","The Cursed","The Servant 0.9.4"],"gold_per_floor":[118,0,14,14,14,14,25,25,25,39,39,62,62,62,62,160,169,193,47,123,123,135,169,193,193,193,193,193,193],"floor_reached":28,"language":"ZHS","playtime":1739,"items_purged":["Strike_Giant"],"score":224,"play_id":"f9315b3d-62cc-4d49-8510-0bca4d5e30fc","local_time":"20210126163433","is_ascension_mode":false,"campfire_choices":[{"data":"HollowMod:SoulMaster","floor":6.0,"key":"SMITH"},{"data":"HollowMod:SoulSplash","floor":11.0,"key":"SMITH"},{"data":"HollowMod:Grubsong","floor":13.0,"key":"SMITH"},{"data":"HollowMod:CoiledNail","floor":15.0,"key":"SMITH"},{"floor":25,"key":"REST"}],"circlet_count":1,"master_deck":["HollowMod:NailStrikeStart","HollowMod:NailStrikeStart","HollowMod:NailStrikeStart","HollowMod:NailStrikeStart","HollowMod:QuickDashStart","HollowMod:QuickDashStart","HollowMod:QuickDashStart","HollowMod:QuickDashStart","HollowMod:FocusHealStart","HollowMod:PogoStrike","HollowMod:SoulMaster+1","HollowMod:Grubsong+1","HollowMod:SoulSplash+1","HollowMod:DoubleDash","HollowMod:CoiledNail+1","HollowMod:SoulMaster+1","HollowMod:MantisMark","ReplayTheSpireMod:Splinters","HollowMod:CornifersMapStart","HollowMod:BaldurShell+1"],"relics":["HollowMod:VesselMask","Orichalcum","ReplayTheSpireMod:Ring of Exchange","Hallownest:DreamNailRelic","Frozen Egg 2","CeramicFish","Circlet","DollysMirror","ReplayTheSpireMod:Lightbulb","Nunchaku","HollowMod:PaleOreRelic"],"acts_visited":["Hallownest:Greenpath","Hallownest:CityofTears"],"potions_floor_usage":[23,24,28,28],"damage_taken":[{"damage":6.0,"enemies":"Hallownest:2_Tiktiks_and_1_Crawlid","floor":1.0,"turns":6.0},{"damage":0.0,"enemies":"2_ Uuma","floor":3.0,"turns":6.0},{"damage":1.0,"enemies":"Hallownest:monsterHuskGuard","floor":7.0,"turns":4.0},{"damage":7.0,"enemies":"Hallownest:Wandering_and_Horned","floor":10.0,"turns":9.0},{"damage":54.0,"enemies":"Hallownest:BossFalseKnight","floor":16.0,"turns":9.0},{"damage":17.0,"enemies":"Hallownest:Flukemon_and_Top","floor":18.0,"turns":8.0},{"damage":32,"enemies":"Hallownest:2_Mistakes","floor":22,"turns":10},{"damage":18,"enemies":"Hallownest:eliteSoulWarrior","floor":23,"turns":12},{"damage":19,"enemies":"Hallownest:Warrior_and_Youth","floor":24,"turns":5},{"damage":61,"enemies":"Hallownest:3_Mistakes","floor":28,"turns":9}],"seed_played":"5098802159441612006","potions_obtained":[{"floor":3.0,"key":"Fire Potion"},{"floor":10.0,"key":"SkillPotion"},{"floor":18.0,"key":"Ancient Potion"},{"floor":20,"key":"Languid Potion"},{"floor":22,"key":"Explosive Potion"}],"is_trial":false,"path_per_floor":["M","?","M","?","?","R","M","?","T","M","R","T","R","?","R","B",null,"M","$","?","?","M","E","M","R","T","?","M"],"character_chosen":"THE_BUGKNIGHT","items_purchased":["HollowMod:MantisMark"],"campfire_rested":1,"item_purchase_floors":[19],"current_hp_per_floor":[75,75,75,75,75,75,75,75,75,74,74,74,74,74,74,30,75,58,58,58,75,55,47,28,50,50,50,0,0],"gold":193,"neow_bonus":"THREE_RARE_CARDS","is_daily":false,"chose_seed":false,"campfire_upgraded":4,"win_rate":0.0,"timestamp":1611650073,"path_taken":["M","?","M","?","?","R","M","?","T","?","R","?","R","?","R","BOSS","M","$","?","?","?","E","M","R","T","?","M"],"items_purchased_type":["Card"],"build_version":"2020-12-22","purchased_purges":1,"victory":false,"max_hp_per_floor":[75,75,75,75,75,75,75,75,75,75,75,75,75,75,75,75,75,75,75,75,75,75,75,75,75,75,75,75,75],"card_choices":[{"not_picked":["HollowMod:MidwifesHunger","HollowMod:VoidDash"],"picked":"HollowMod:SoulMaster","floor":0.0},{"not_picked":["HollowMod:HeavyBlow","HollowMod:SharpenedShadows"],"picked":"HollowMod:Grubsong","floor":1.0},{"not_picked":["HollowMod:FastStrike","HollowMod:VengefulVoid"],"picked":"HollowMod:SoulSplash","floor":3.0},{"not_picked":["HollowMod:FallenFury","HollowMod:DreamGate","HollowMod:NewJinnsSoul"],"picked":"SKIP","floor":7.0},{"not_picked":["HollowMod:PerfectDash","HollowMod:GrimmsGift"],"picked":"HollowMod:CoiledNail","floor":10.0},{"not_picked":["HollowMod:SharpenedShadows+1","HollowMod:VengefulSpirit"],"picked":"HollowMod:MantisMark","floor":18.0},{"not_picked":["HollowMod:NewLittleFool","HollowMod:DashSlash+1"],"picked":"HollowMod:CornifersMapStart","floor":20},{"not_picked":["HollowMod:CrystalDash","HollowMod:DescendingDark+1","HollowMod:DoubleDash"],"picked":"SKIP","floor":22},{"not_picked":["HollowMod:RecoilStrike","HollowMod:NewJinnsSoul","HollowMod:HeavyBlow"],"picked":"SKIP","floor":23},{"not_picked":["HollowMod:WraithStrike","HollowMod:SoulVessel+1"],"picked":"HollowMod:BaldurShell+1","floor":24}],"player_experience":438901,"relics_obtained":[{"floor":4.0,"key":"ReplayTheSpireMod:Ring of Exchange"},{"floor":9.0,"key":"Frozen Egg 2"},{"floor":12.0,"key":"CeramicFish"},{"floor":20,"key":"ReplayTheSpireMod:Lightbulb"},{"floor":23,"key":"Nunchaku"},{"floor":26,"key":"HollowMod:PaleOreRelic"}],"event_choices":[],"is_beta":false,"boss_relics":[{"not_picked":["ChewingGum","Philosopher\u0027s Stone"],"picked":"DollysMirror"}],"items_purged_floors":[19],"is_endless":false,"potions_floor_spawned":[3,10,18,22],"killed_by":"Hallownest:3_Mistakes","ascension_level":0}}