{"host":"ttx8tv95o5vka1nm","time":1611636568,"event":{"mods":["AchievementEnabler","BaseMod","Colored Map","Downfall","Infinite Spire","Minty Spire (QoL Compilation)","Shop Mod","StSLib","The Jungle"],"gold_per_floor":[99,116,129,129,144,144,192,211,241,252,271,28,53,53,72,176,176,176,190,209,226,236,236,236,236],"floor_reached":23,"language":"ENG","playtime":2268,"items_purged":[],"score":242,"play_id":"a029ecd0-6e06-453e-a6e5-3d9828fcb36a","local_time":"20210126144928","is_ascension_mode":true,"campfire_choices":[{"data":"sneckomod:SnekBite","floor":1,"key":"SMITH"},{"data":"sneckomod:QuickMove","floor":6,"key":"SMITH"},{"floor":18,"key":"RECALL"}],"circlet_count":0,"master_deck":["sneckomod:Strike","sneckomod:Strike","sneckomod:Strike","sneckomod:Defend","sneckomod:Defend","sneckomod:Defend","sneckomod:TailWhip","sneckomod:SnekBite+1","sneckomod:Unknown","sneckomod:Unknown","sneckomod:UnknownVulnerable","sneckomod:QuickMove+1","sneckomod:TrashToTreasure","sneckomod:MorePower+1","sneckomod:UnknownUncommonAttack+1","sneckomod:DefensiveFlair","sneckomod:UnknownWeak","sneckomod:UnknownColorless+1","sneckomod:Nope","sneckomod:UnendingSupply+1","sneckomod:WideSting","sneckomod:Unknown3Cost+1","sneckomod:UnlimitedRolls+1","sneckomod:Unknown3Cost+1","sneckomod:Unknown2Cost","Turbo","sneckomod:UnknownDraw+1","sneckomod:UnknownRareSkill","sneckomod:UnknownUncommonPower+1","sneckomod:UnknownCommonSkill+1","sneckomod:UnknownColorless+1","sneckomod:SlitherStrike+1","sneckomod:CheapStock+1","sneckomod:UnknownDexterity+1","sneckomod:SnekBeam+1"],"relics":["sneckomod:SneckoSoul","sneckomod:LoadedDie","Frozen Egg 2","MerchantsRug","Question Card","Blue Candle","Runic Pyramid"],"acts_visited":["Exordium","TheCity"],"potions_floor_usage":[16],"damage_taken":[{"damage":3,"enemies":"Jaw Worm","floor":2,"turns":2},{"damage":2,"enemies":"2 Louse","floor":3,"turns":2},{"damage":1,"enemies":"Cultist","floor":5,"turns":3},{"damage":4,"enemies":"2 Fungi Beasts","floor":8,"turns":2},{"damage":27,"enemies":"3 Sentries","floor":9,"turns":10},{"damage":1,"enemies":"Exordium Wildlife","floor":10,"turns":4},{"damage":0,"enemies":"Lots of Slimes","floor":11,"turns":1},{"damage":0,"enemies":"downfall:FleeingMerchant","floor":12,"turns":4},{"damage":11,"enemies":"Gremlin Nob","floor":13,"turns":3},{"damage":4,"enemies":"Large Slime","floor":15,"turns":4},{"damage":40,"enemies":"IC_STATUS_ARCHETYPE","floor":16,"turns":10},{"damage":36,"enemies":"3 Byrds","floor":19,"turns":7},{"damage":33,"enemies":"Shelled Parasite and Fungi","floor":20,"turns":6},{"damage":0,"enemies":"3 Cultists","floor":21,"turns":3},{"damage":10,"enemies":"Sentry and Sphere","floor":22,"turns":3},{"damage":33,"enemies":"Gremlin Leader","floor":23,"turns":3}],"seed_played":"1288352118091516809","potions_obtained":[{"floor":2,"key":"DistilledChaos"},{"floor":9,"key":"LiquidMemories"},{"floor":13,"key":"FearPotion"},{"floor":15,"key":"sneckomod:MuddlingPotion"},{"floor":16,"key":"SpeedPotion"}],"is_trial":false,"path_per_floor":["R","M","M","?","M","R","T","M","E","M","M","$","E","?","M","B",null,"R","M","M","M","M","E"],"character_chosen":"THE_SNECKO","items_purchased":["MerchantsRug","sneckomod:UnendingSupply+1","sneckomod:WideSting"],"campfire_rested":0,"item_purchase_floors":[12,12,12],"current_hp_per_floor":[99,96,94,94,93,93,93,89,62,65,65,65,54,49,45,5,99,99,71,38,38,28,0,0,0],"gold":236,"neow_bonus":"TEN_PERCENT_HP_BONUS","is_daily":false,"chose_seed":false,"campfire_upgraded":2,"win_rate":0.0,"timestamp":1611636568,"path_taken":["R","M","M","?","M","R","T","M","E","M","M","$","E","?","M","BOSS","R","M","M","M","M","E"],"items_purchased_type":["Relic","Card","Card"],"build_version":"2020-12-22","purchased_purges":0,"victory":false,"max_hp_per_floor":[99,99,99,99,99,99,99,99,99,99,99,99,99,99,99,99,99,99,99,99,99,99,99,99,99],"card_choices":[{"not_picked":["sneckomod:UnknownCommonAttack","sneckomod:DiceBoulder"],"picked":"sneckomod:UnknownCommonSkill","floor":2},{"not_picked":["sneckomod:SoulDraw","sneckomod:Nope"],"picked":"sneckomod:UnknownVulnerable","floor":3},{"not_picked":["sneckomod:Nope","sneckomod:DiceBoulder"],"picked":"sneckomod:QuickMove","floor":5},{"not_picked":["sneckomod:RainOfDice","sneckomod:SoulDraw"],"picked":"sneckomod:TrashToTreasure","floor":8},{"not_picked":["sneckomod:UnknownUncommonPower+1","sneckomod:WideSting"],"picked":"sneckomod:MorePower+1","floor":9},{"not_picked":["sneckomod:UnknownClassGUARDIAN+1","sneckomod:UnknownClassTHE_CHAMP_GRAY+1"],"picked":"sneckomod:UnknownUncommonAttack+1","floor":10},{"not_picked":["sneckomod:UnknownCommonAttack","sneckomod:Unknown1Cost"],"picked":"sneckomod:DefensiveFlair","floor":10},{"not_picked":["sneckomod:UnknownCommonSkill","sneckomod:QuickMove"],"picked":"sneckomod:UnknownWeak","floor":11},{"not_picked":["sneckomod:UnknownClassSLIMEBOUND+1","sneckomod:UnknownClassTHE_CHAMP_GRAY+1"],"picked":"sneckomod:UnknownColorless+1","floor":12},{"not_picked":["sneckomod:DiceBlock","sneckomod:SoulDraw"],"picked":"sneckomod:Nope","floor":12},{"not_picked":["sneckomod:UnknownClassTHE_CHAMP_GRAY+1","sneckomod:UnknownClassTHE_BRONZE_AUTOMATON+1"],"picked":"sneckomod:Unknown3Cost+1","floor":13},{"not_picked":["sneckomod:SerpentIdol","sneckomod:DangerNoodle"],"picked":"sneckomod:UnlimitedRolls+1","floor":13},{"not_picked":["sneckomod:UnknownClassPURPLE+1","sneckomod:UnknownColorless+1","sneckomod:UnknownClassGREEN+1"],"picked":"sneckomod:Unknown3Cost+1","floor":15},{"not_picked":["sneckomod:UnknownUncommonSkill","sneckomod:DiceBlock","sneckomod:MasterEye+1"],"picked":"sneckomod:Unknown2Cost","floor":15},{"not_picked":["sneckomod:UnknownClassINFINITE_BLACK+1","sneckomod:UnknownBlock+1","sneckomod:UnknownClassPURPLE+1"],"picked":"sneckomod:UnknownDraw+1","floor":16},{"not_picked":["sneckomod:SoulExchange","sneckomod:UnknownBoss","sneckomod:Unknown3Cost"],"picked":"sneckomod:UnknownRareSkill","floor":16},{"not_picked":["sneckomod:Unknown+1","sneckomod:UnknownClassGREEN+1","sneckomod:UnknownUncommonAttack+1"],"picked":"sneckomod:UnknownUncommonPower+1","floor":19},{"not_picked":["sneckomod:DiceBlock+1","sneckomod:UnknownBlock","sneckomod:UnlimitedRolls+1"],"picked":"sneckomod:UnknownCommonSkill+1","floor":19},{"not_picked":["sneckomod:UnknownBlock+1","sneckomod:UnknownUncommonPower+1","sneckomod:UnknownX+1"],"picked":"sneckomod:UnknownColorless+1","floor":20},{"not_picked":["sneckomod:SoulRoll","sneckomod:UnknownClassBLUE+1","sneckomod:UnknownDexterity"],"picked":"sneckomod:SlitherStrike+1","floor":20},{"not_picked":["sneckomod:UnknownWeak","sneckomod:UnknownExhaust","sneckomod:UnknownVulnerable"],"picked":"sneckomod:CheapStock+1","floor":21},{"not_picked":["sneckomod:UnknownStrike+1","sneckomod:UnknownDraw+1","sneckomod:UnknownUncommonPower+1"],"picked":"sneckomod:UnknownDexterity+1","floor":22},{"not_picked":["sneckomod:SoulDraw","sneckomod:UnknownClassBLUE+1","sneckomod:WideSting"],"picked":"sneckomod:SnekBeam+1","floor":22}],"player_experience":878964,"relics_obtained":[{"floor":7,"key":"sneckomod:LoadedDie"},{"floor":9,"key":"Frozen Egg 2"},{"floor":13,"key":"Question Card"}],"event_choices":[],"is_beta":false,"boss_relics":[{"not_picked":["Snecko Eye","Sozu"],"picked":"Runic Pyramid"}],"items_purged_floors":[],"is_endless":false,"potions_floor_spawned":[2,9,13,15,16],"killed_by":"Gremlin Leader","ascension_level":1}}