{"host":"45elk2x1nmxetvky","time":1611701361,"event":{"mods":["BaseMod","Downfall","Minty Spire (QoL Compilation)","StSLib"],"gold_per_floor":[99,119,119,132,132,157,157,157,192,92,127,37,37,72,86,183,183,183,195,80,95,107,141,164,194,194,222,222,122,122,149,160,260,260,260,272,290,290,306,306,355,367,398,418,435,435,435,435,450,450],"floor_reached":51,"language":"ENG","playtime":2275,"items_purged":["Regret","bronze:Strike"],"score":1054,"play_id":"cf11611d-2660-4133-8f82-427c494cb3f9","local_time":"20210126224921","is_ascension_mode":true,"campfire_choices":[{"data":"bronze:Replicate","floor":1,"key":"SMITH"},{"data":"bronze:Flail","floor":8,"key":"SMITH"},{"data":"bronze:BuggyMess","floor":10,"key":"SMITH"},{"data":"bronze:DelayedSlice","floor":13,"key":"SMITH"},{"floor":18,"key":"RECALL"},{"data":"bronze:Goto","floor":29,"key":"SMITH"},{"data":"bronze:TinkerersToolbox","floor":35,"key":"SMITH"},{"data":"bronze:Assembly","floor":40,"key":"SMITH"}],"circlet_count":0,"master_deck":["bronze:Strike","bronze:Strike","bronze:Strike","bronze:Defend","bronze:Defend","bronze:Defend","bronze:Replicate+1","bronze:Goto+1","bronze:CutThrough","bronze:DelayedGuard","bronze:Flail+1","bronze:BuggyMess+1","bronze:DelayedSlice+1","bronze:Boost+1","bronze:Invalidate","bronze:InfiniteBeams","bronze:Assembly+1","bronze:Constructor+1","bronze:WhirlingStrike","bronze:Philosophize","bronze:Boost","Pride","bronze:TinkerersToolbox+1","bronze:Flail+1","bronze:FineTuning+1","downfall:Malfunctioning","bronze:Terminator+1","bronze:Turbo+1","bronze:Branch"],"relics":["bronze:BronzeCore","TungstenRod","Akabeko","StrikeDummy","Gremlin Horn","Ancient Tea Set","downfall:HeartBlessingGreen","Juzu Bracelet","Lizard Tail","Coffee Dripper","Red Mask","PreservedInsect","Boot","White Beast Statue","Bronze Scales","downfall:HeartBlessingRed","Pen Nib","Matryoshka","Cursed Key","Smiling Mask","Dream Catcher"],"acts_visited":["Exordium","TheCity","TheBeyond"],"potions_floor_usage":[16,31,37,42,50],"damage_taken":[{"damage":1,"enemies":"Jaw Worm","floor":2,"turns":3},{"damage":1,"enemies":"Cultist","floor":4,"turns":2},{"damage":3,"enemies":"3 Sentries","floor":6,"turns":2},{"damage":12,"enemies":"Lagavulin","floor":9,"turns":6},{"damage":0,"enemies":"3 Sentries","floor":11,"turns":2},{"damage":6,"enemies":"downfall:FleeingMerchant","floor":12,"turns":4},{"damage":0,"enemies":"Lagavulin","floor":14,"turns":4},{"damage":0,"enemies":"2 Louse","floor":15,"turns":1},{"damage":21,"enemies":"IC_STATUS_ARCHETYPE","floor":16,"turns":5},{"damage":0,"enemies":"Spheric Guardian","floor":19,"turns":2},{"damage":8,"enemies":"downfall:FleeingMerchant","floor":20,"turns":4},{"damage":0,"enemies":"Centurion and Healer","floor":21,"turns":2},{"damage":18,"enemies":"Shelled Parasite and Fungi","floor":22,"turns":4},{"damage":0,"enemies":"Masked Bandits","floor":23,"turns":2},{"damage":0,"enemies":"Gremlin Leader","floor":25,"turns":3},{"damage":0,"enemies":"Slavers","floor":27,"turns":1},{"damage":8,"enemies":"Book of Stabbing","floor":31,"turns":3},{"damage":0,"enemies":"3 Cultists","floor":32,"turns":2},{"damage":0,"enemies":"WA_ARCHETYPE_CALM","floor":33,"turns":5},{"damage":0,"enemies":"3 Darklings","floor":36,"turns":2},{"damage":6,"enemies":"3 Shapes","floor":37,"turns":1},{"damage":0,"enemies":"Sphere and 2 Shapes","floor":39,"turns":2},{"damage":2,"enemies":"Transient","floor":42,"turns":5},{"damage":10,"enemies":"Reptomancer","floor":43,"turns":2},{"damage":0,"enemies":"Jaw Worm Horde","floor":44,"turns":1},{"damage":5,"enemies":"Sphere and 2 Shapes","floor":45,"turns":3},{"damage":14,"enemies":"Spire Growth","floor":49,"turns":3},{"damage":7,"enemies":"SI_POISON_ARCHETYPE","floor":50,"turns":6}],"seed_played":"110062425204723","potions_obtained":[{"floor":11,"key":"Explosive Potion"},{"floor":14,"key":"champ:CounterPotion"},{"floor":15,"key":"Swift Potion"},{"floor":19,"key":"GamblersBrew"},{"floor":31,"key":"Guardian:BlockOnCardUsePotion"},{"floor":37,"key":"champ:CounterPotion"},{"floor":39,"key":"DistilledChaos"},{"floor":42,"key":"EssenceOfSteel"},{"floor":44,"key":"FairyPotion"}],"is_trial":false,"path_per_floor":["R","M","?","M","?","E","T","R","E","R","E","$","R","E","M","B",null,"R","M","$","M","M","?","T","E","?","E","?","R","?","E","M","B",null,"R","M","M","?","M","R","T","M","E","M","M","?","?","?","M","B",null],"character_chosen":"THE_AUTOMATON","items_purchased":[],"campfire_rested":0,"item_purchase_floors":[],"current_hp_per_floor":[49,48,48,47,47,44,44,44,32,32,32,26,26,26,26,5,70,70,70,62,62,44,44,44,44,44,44,44,44,44,36,36,36,70,70,70,64,64,64,64,64,62,52,52,47,80,80,80,66,59],"gold":450,"neow_bonus":"ONE_RARE_RELIC","is_daily":false,"chose_seed":false,"campfire_upgraded":7,"win_rate":0.0,"timestamp":1611701361,"path_taken":["R","M","?","M","?","E","T","R","E","R","E","$","R","E","M","BOSS","R","M","$","M","M","?","T","E","?","E","?","R","?","E","M","BOSS","R","M","M","?","M","R","T","M","E","M","M","?","?","?","M","BOSS"],"items_purchased_type":[],"build_version":"2020-12-22","purchased_purges":2,"victory":true,"max_hp_per_floor":[70,70,70,70,70,70,70,70,70,70,70,70,70,70,70,70,70,70,70,70,70,70,70,70,70,70,70,70,70,70,70,70,70,70,70,70,70,70,70,70,70,70,70,70,70,80,80,80,80,80],"card_choices":[{"not_picked":["bronze:FineTuning","bronze:Invalidate"],"picked":"bronze:CutThrough","floor":2},{"not_picked":["bronze:FineTuning","bronze:ChildClass"],"picked":"bronze:DelayedGuard","floor":4},{"not_picked":["bronze:Invalidate","bronze:Constructor","bronze:Turbo"],"picked":"SKIP","floor":6},{"not_picked":["bronze:Frontload","bronze:OilSpill"],"picked":"bronze:BuggyMess","floor":9},{"not_picked":["bronze:BronzeArmor","bronze:BitShift"],"picked":"bronze:DelayedSlice","floor":11},{"not_picked":["bronze:Shield","bronze:Branch"],"picked":"bronze:Boost","floor":12},{"not_picked":["bronze:SpaghettiCode","bronze:BronzeArmor"],"picked":"bronze:Invalidate","floor":14},{"not_picked":["bronze:Separator","bronze:DelayedGuard"],"picked":"bronze:InfiniteBeams","floor":15},{"not_picked":["bronze:FindAndReplace","bronze:HyperBeam"],"picked":"bronze:Assembly","floor":16},{"not_picked":["bronze:Deprecate","bronze:WildBeam+1"],"picked":"bronze:Constructor+1","floor":19},{"not_picked":["bronze:FindAndReplace","bronze:Fortify","bronze:BitShift"],"picked":"SKIP","floor":20},{"not_picked":["bronze:DelayedSlice","bronze:DelayedGuard"],"picked":"bronze:WhirlingStrike","floor":21},{"not_picked":["bronze:DelayedSlice","bronze:Iterate"],"picked":"bronze:Philosophize","floor":22},{"not_picked":["bronze:Optimize","bronze:Overheat","bronze:Frontload"],"picked":"SKIP","floor":25},{"not_picked":["bronze:ItsAFeature","bronze:FollowUp"],"picked":"bronze:Boost","floor":27},{"not_picked":["bronze:ClassDefault+1","bronze:Optimize","bronze:Separator"],"picked":"SKIP","floor":31},{"not_picked":["bronze:ChildClass","bronze:Separator"],"picked":"bronze:TinkerersToolbox","floor":32},{"not_picked":["bronze:BurnOut","bronze:HyperBeam"],"picked":"bronze:InfiniteLoop","floor":33},{"not_picked":["bronze:Shell","bronze:BuggyMess"],"picked":"bronze:Flail+1","floor":36},{"not_picked":["bronze:Allocate","bronze:Constructor","bronze:BugBarrage"],"picked":"SKIP","floor":37},{"not_picked":["bronze:BitShift","bronze:Repulsor"],"picked":"bronze:FineTuning+1","floor":39},{"not_picked":["bronze:FineTuning+1","bronze:CutThrough+1"],"picked":"bronze:Terminator+1","floor":42},{"not_picked":["bronze:Repair","bronze:Iterate","bronze:InfiniteBeams"],"picked":"SKIP","floor":43},{"not_picked":["bronze:CutThrough","bronze:Constructor+1"],"picked":"bronze:Turbo+1","floor":44},{"not_picked":["bronze:Verify","bronze:DigitalCarnage+1"],"picked":"bronze:Branch","floor":45},{"not_picked":["bronze:Turbo","bronze:Overload","bronze:DelayedSlice+1"],"picked":"SKIP","floor":49}],"player_experience":381664,"relics_obtained":[{"floor":6,"key":"StrikeDummy"},{"floor":7,"key":"Gremlin Horn"},{"floor":9,"key":"Ancient Tea Set"},{"floor":11,"key":"Juzu Bracelet"},{"floor":14,"key":"Lizard Tail"},{"floor":23,"key":"Red Mask"},{"floor":24,"key":"PreservedInsect"},{"floor":25,"key":"Boot"},{"floor":27,"key":"White Beast Statue"},{"floor":31,"key":"Matryoshka"},{"floor":41,"key":"Smiling Mask"},{"floor":43,"key":"Dream Catcher"}],"event_choices":[{"damage_healed":0,"gold_gain":0,"player_choice":"Box","damage_taken":0,"relics_obtained":["Akabeko"],"max_hp_gain":0,"max_hp_loss":0,"event_name":"Big Fish","floor":3,"gold_loss":0,"cards_obtained":["Regret"]},{"damage_healed":0,"gold_gain":0,"player_choice":"Fought Bandits","damage_taken":0,"max_hp_gain":0,"max_hp_loss":0,"event_name":"Masked Bandits","floor":23,"gold_loss":0},{"damage_healed":0,"gold_gain":0,"player_choice":"Stole Relic","damage_taken":0,"relics_obtained":["Pen Nib"],"max_hp_gain":0,"max_hp_loss":0,"event_name":"Addict","floor":30,"gold_loss":0,"cards_obtained":["Pride"]}],"is_beta":false,"boss_relics":[{"not_picked":["Astrolabe","expansioncontent:StudyCardRelic"],"picked":"Coffee Dripper"},{"not_picked":["Runic Dome","Tiny House"],"picked":"Cursed Key"}],"items_purged_floors":[12,20],"is_endless":false,"potions_floor_spawned":[11,14,15,19,21,23,31,32,33,36,37,39,42,43,44,45,49],"ascension_level":2}}