{"host":"tr12w2fixbnujl15","time":1611685696,"event":{"mods":["100% Spire Juice","2.2 Compatiblity","A Penny For Your Troubles","Arknights The Spire","BaseMod","Better Skull","Better Vampires","BetterRewards","CapriCore","Clockwork Mod","Colored Powertips","Evolution","Gremlin Skip","Hermit","Hubris","Infinite Spire","JesterMod","Kalas","KinomotoSakuraMod(????)","Koishi","Mad Scientist","Magitek Elite","Mathematician","Minty Spire (QoL Compilation)","Permanent Neow","Quick Restart","Reimu??????","Relic Filter","Remilia_Scarlet Moed?????·?????3.3.5","Replay The Spire","Shop Mod","StSLib","SuperFastMode","The Accelerator","The Animator","The Bug Knight","The Construct","The Cursed","The Hayseed","The Hierophant","The Immortal","The Mystic","The Necromancer","The Runesmith","The Sage","The Senshi","The Servant 0.9.4","The Spell Scribe","The Vixen","TheFirefly","TheSwordswoman","TheVelvet","Transform Curses","WarShipGirlsR/????R mod","Yakumo Yukari mod","[IsaacMod]????"],"gold_per_floor":[115,133,133,57,132,167,177,197,197,197,210,210,228,328,328,424,424,443,459,473,483,458,476,476,476],"floor_reached":24,"language":"ENG","playtime":1075,"items_purged":[],"score":202,"play_id":"e2f19df1-df5c-4128-9cd3-41e8738cb9ce","local_time":"20210126132816","is_ascension_mode":false,"campfire_choices":[{"floor":10,"key":"REST"},{"floor":12,"key":"REST"},{"floor":15,"key":"REST"}],"circlet_count":0,"master_deck":["TheSimpletonMod:Strike_TheSimpleton","TheSimpletonMod:Strike_TheSimpleton","TheSimpletonMod:Strike_TheSimpleton","TheSimpletonMod:Strike_TheSimpleton","TheSimpletonMod:Defend_TheSimpleton","TheSimpletonMod:Defend_TheSimpleton","TheSimpletonMod:Defend_TheSimpleton","TheSimpletonMod:Defend_TheSimpleton","TheSimpletonMod:Haymaker","TheSimpletonMod:ReapAndSow","EpicFetus+1","TheSimpletonMod:ToughenUp","TheSimpletonMod:Mulch","TheSimpletonMod:Fertilaser","TheSimpletonMod:BumperCrop","TheSimpletonMod:CullingStrike","TheSimpletonMod:DoubleBarrel","TheSimpletonMod:OnionBloom","TheSimpletonMod:Sunseed","TheSimpletonMod:BuzzBomb","TheSimpletonMod:CullingStrike+1","TheSimpletonMod:ControlledBurn","TheSimpletonMod:SlashAndBurn+1","TheSimpletonMod:Aerate","TheSimpletonMod:BumperCrop+1"],"relics":["TheSimpletonMod:SpudOfTheInnocent","TheSimpletonMod:NightSoil","TheSimpletonMod:TheHarvester","EVO:Axolotl","HushsDoor","SteamSale","MerchantsRug","ReplayFunnel","hubris:MedicalManual","sagemod:The_Guidebook_Guide","Anchor"],"acts_visited":["Exordium","TheCity"],"potions_floor_usage":[16,16,20,24],"damage_taken":[{"damage":13,"enemies":"Jaw Worm","floor":1,"turns":3},{"damage":6,"enemies":"2 Louse","floor":2,"turns":2},{"damage":22,"enemies":"Gremlin Nob","floor":6,"turns":4},{"damage":3,"enemies":"Small Slimes","floor":7,"turns":3},{"damage":22,"enemies":"3 Louse","floor":8,"turns":6},{"damage":8,"enemies":"2 Fungi Beasts","floor":11,"turns":5},{"damage":15,"enemies":"Red Slaver","floor":13,"turns":5},{"damage":35,"enemies":"Slime Boss","floor":16,"turns":8},{"damage":19,"enemies":"Spheric Guardian","floor":18,"turns":5},{"damage":3,"enemies":"3 Byrds","floor":19,"turns":4},{"damage":6,"enemies":"Snecko","floor":20,"turns":4},{"damage":29,"enemies":"Snake Plant","floor":21,"turns":3},{"damage":33,"enemies":"Centurion and Healer","floor":23,"turns":8},{"damage":6,"enemies":"3 Cultists","floor":24,"turns":2}],"seed_played":"-895420503953596123","potions_obtained":[{"floor":6,"key":"SpeedPotion"},{"floor":7,"key":"Explosive Potion"},{"floor":8,"key":"BlessingOfTheForge"},{"floor":11,"key":"GrandPatriotsElixir:ReiMu"},{"floor":21,"key":"Strength Potion"},{"floor":23,"key":"ColorlessPotion"}],"is_trial":false,"path_per_floor":["M","M","?","$","?","E","M","M","T","R","M","R","M","?","R","B",null,"M","M","M","M","$","M","M"],"character_chosen":"THE_SIMPLETON","items_purchased":["MerchantsRug","sagemod:The_Guidebook_Guide","Anchor"],"campfire_rested":3,"item_purchase_floors":[4,22,22],"current_hp_per_floor":[62,60,65,65,54,36,33,11,11,35,27,51,36,36,60,31,80,65,66,60,35,35,2,0,0],"gold":476,"neow_bonus":"UPGRADE_CARD","is_daily":false,"chose_seed":false,"campfire_upgraded":0,"win_rate":0.0,"timestamp":1611685696,"path_taken":["M","M","?","$","?","E","M","M","T","R","M","R","M","?","R","BOSS","M","?","?","M","$","M","M"],"items_purchased_type":["Relic","Relic","Relic"],"build_version":"2020-12-22","purchased_purges":0,"victory":false,"max_hp_per_floor":[75,75,80,80,80,80,80,80,80,80,80,80,80,80,80,80,80,80,80,80,80,80,80,80,80],"card_choices":[{"not_picked":[],"picked":"EpicFetus","floor":0},{"not_picked":["Bomb","TheSimpletonMod:Ferment"],"picked":"TheSimpletonMod:ToughenUp","floor":1},{"not_picked":["TheSimpletonMod:CullingStrike","TheSimpletonMod:VineRipen"],"picked":"TheSimpletonMod:Mulch","floor":2},{"not_picked":["TheSimpletonMod:Mulch","TheSimpletonMod:SeedCoat"],"picked":"TheSimpletonMod:Fertilaser","floor":6},{"not_picked":["TheSimpletonMod:SlashAndBurn","TheSimpletonMod:CloseScrape"],"picked":"TheSimpletonMod:BumperCrop","floor":7},{"not_picked":["TheSimpletonMod:FlashPasteurize","TheSimpletonMod:BumperCrop"],"picked":"TheSimpletonMod:CullingStrike","floor":8},{"not_picked":["TheSimpletonMod:ToughenUp","TheSimpletonMod:SaladShooter"],"picked":"TheSimpletonMod:DoubleBarrel","floor":11},{"not_picked":["TheSimpletonMod:SpiceUp","TheSimpletonMod:Rake"],"picked":"TheSimpletonMod:OnionBloom","floor":13},{"not_picked":["TheSimpletonMod:Aerate","TheSimpletonMod:Pruning"],"picked":"TheSimpletonMod:Sunseed","floor":14},{"not_picked":["TheSimpletonMod:ResearchGrant","TheSimpletonMod:SaltTheEarth"],"picked":"TheSimpletonMod:BuzzBomb","floor":16},{"not_picked":["TheSimpletonMod:Rototilling+1","TheSimpletonMod:Fertilaser+1"],"picked":"TheSimpletonMod:CullingStrike+1","floor":18},{"not_picked":["TheSimpletonMod:BumperCrop","TheSimpletonMod:DigIn+1"],"picked":"TheSimpletonMod:ControlledBurn","floor":19},{"not_picked":["TheSimpletonMod:RootDown+1","TheSimpletonMod:DoubleBarrel"],"picked":"TheSimpletonMod:SlashAndBurn+1","floor":20},{"not_picked":["TheSimpletonMod:Rake","TheSimpletonMod:ToughenUp"],"picked":"TheSimpletonMod:Aerate","floor":21},{"not_picked":["TheSimpletonMod:Rototilling","TheSimpletonMod:Sunseed"],"picked":"TheSimpletonMod:BumperCrop+1","floor":23}],"player_experience":80717,"relics_obtained":[{"floor":6,"key":"ReplayFunnel"},{"floor":9,"key":"hubris:MedicalManual"}],"event_choices":[{"damage_healed":0,"gold_gain":0,"player_choice":"Donut","damage_taken":0,"max_hp_gain":5,"max_hp_loss":0,"event_name":"Big Fish","floor":3,"gold_loss":0},{"damage_healed":0,"gold_gain":75,"player_choice":"Gather Gold","damage_taken":11,"max_hp_gain":0,"max_hp_loss":0,"event_name":"World of Goop","floor":5,"gold_loss":0}],"is_beta":false,"boss_relics":[{"not_picked":["ReplayTheSpireMod:DimensionalGlitch","Honey Jar"],"picked":"Runesmith:UraniumAnvil"},{"not_picked":[]}],"items_purged_floors":[],"is_endless":false,"potions_floor_spawned":[6,7,8,11,21,23],"killed_by":"3 Cultists","ascension_level":0}}