{"host":"ow66nzv2xecjoor3","time":1611636821,"event":{"mods":["BaseMod","Bestiary","Block Reminder","Colored Powertips","Curses Come First","Downfall","Highlight Path","Keyboard Shortcuts","Minty Spire (QoL Compilation)","Permanent Neow","Relic Stats","StSLib","UnlockEverythingMod"],"gold_per_floor":[99,117,132,144,144,169,169,189,205,105,116,151,151,163,174,174,174,174],"floor_reached":16,"language":"ENG","playtime":969,"items_purged":[],"score":116,"play_id":"bcdc9787-7a21-48bb-a9f9-72596db1af35","local_time":"20210125225341","is_ascension_mode":false,"campfire_choices":[{"floor":1,"key":"RECALL"},{"data":"champ:FaceSlap","floor":10,"key":"SMITH"},{"data":"champ:Lariat","floor":13,"key":"SMITH"}],"circlet_count":0,"master_deck":["champ:Strike","champ:Strike","champ:Strike","champ:Strike","champ:Defend","champ:Defend","champ:Defend","champ:Defend","champ:Execute","champ:Taunt","champ:BladeFlurry","champ:CalledShot","champ:BladeFlurry","champ:Lariat+1","champ:RisingSlash","champ:FaceSlap+1","champ:ShieldThrow","champ:AdrenalArmor"],"relics":["SacredBark","Darkstone Periapt","sneckomod:BlankCard","downfall:HeartBlessingRed","Happy Flower"],"acts_visited":["Exordium"],"potions_floor_usage":[6,9,12,16,16],"damage_taken":[{"damage":10,"enemies":"Small Slimes","floor":2,"turns":4},{"damage":11,"enemies":"Cultist","floor":3,"turns":3},{"damage":7,"enemies":"Jaw Worm","floor":4,"turns":4},{"damage":16,"enemies":"Gremlin Nob","floor":6,"turns":3},{"damage":25,"enemies":"3 Louse","floor":8,"turns":4},{"damage":0,"enemies":"Exordium Thugs","floor":9,"turns":2},{"damage":28,"enemies":"Gremlin Gang","floor":11,"turns":4},{"damage":45,"enemies":"Lagavulin","floor":12,"turns":7},{"damage":15,"enemies":"2 Fungi Beasts","floor":14,"turns":2},{"damage":26,"enemies":"Exordium Wildlife","floor":15,"turns":2},{"damage":33,"enemies":"SI_SHIV_ARCHETYPE","floor":16,"turns":10}],"seed_played":"-6707962270463822063","potions_obtained":[{"floor":4,"key":"AttackPotion"},{"floor":5,"key":"FearPotion"},{"floor":5,"key":"LiquidBronze"},{"floor":6,"key":"Dexterity Potion"},{"floor":12,"key":"SpeedPotion"},{"floor":15,"key":"bronze:BurnAndBuffPotion"}],"is_trial":false,"path_per_floor":["R","M","M","M","?","E","T","M","M","R","M","E","R","M","M","B"],"character_chosen":"THE_CHAMP","items_purchased":[],"campfire_rested":0,"item_purchase_floors":[],"current_hp_per_floor":[90,90,89,82,82,76,76,71,71,71,53,28,28,28,17,0,0,0],"gold":174,"neow_bonus":"BOSS_RELIC","is_daily":false,"chose_seed":false,"campfire_upgraded":2,"win_rate":0.0,"timestamp":1611636821,"path_taken":["R","M","M","M","?","E","T","M","M","R","M","E","R","?","M","BOSS"],"items_purchased_type":[],"build_version":"2020-12-22","purchased_purges":0,"victory":false,"max_hp_per_floor":[90,90,90,90,90,90,90,90,90,90,90,90,90,90,90,90,90,90],"relic_stats":{"Darkstone Periapt":0,"Happy Flower":[4],"counters":[11,45],"obtain_stats":[{"Darkstone Periapt":6,"downfall:HeartBlessingRed":10,"Happy Flower":12,"SacredBark":0,"sneckomod:BlankCard":7,"champ:ChampionCrown":0},{"Darkstone Periapt":4,"downfall:HeartBlessingRed":6,"Happy Flower":8,"SacredBark":0,"sneckomod:BlankCard":4,"champ:ChampionCrown":0},{"Darkstone Periapt":14,"downfall:HeartBlessingRed":20,"Happy Flower":31,"SacredBark":0,"sneckomod:BlankCard":14,"champ:ChampionCrown":0}]},"card_choices":[{"not_picked":["champ:StanceDance","champ:BerserkersShout"],"picked":"champ:BladeFlurry","floor":2},{"not_picked":["champ:FocusedDefense","champ:PerfectedStrike"],"picked":"champ:CalledShot","floor":3},{"not_picked":["champ:Circumvent","champ:Backstep"],"picked":"champ:BladeFlurry","floor":4},{"not_picked":["champ:GutPunch","champ:SkillfulDodge"],"picked":"champ:Lariat","floor":6},{"not_picked":["champ:PerfectedStrike","champ:TornadoPunch"],"picked":"champ:RisingSlash","floor":8},{"not_picked":["champ:FanOfKnives","champ:Backstep"],"picked":"champ:FaceSlap","floor":9},{"not_picked":["champ:Backstep","champ:CrownThrow"],"picked":"champ:ShieldThrow","floor":11},{"not_picked":["champ:BringItOn","champ:TornadoPunch","champ:PreciseThrust"],"picked":"SKIP","floor":12},{"not_picked":["champ:BerserkersShout","champ:Backstep"],"picked":"champ:AdrenalArmor","floor":14},{"not_picked":["champ:CrownThrow","champ:PreemptiveStrike","champ:BringItOn"],"picked":"SKIP","floor":15}],"player_experience":2826151,"relics_obtained":[{"floor":6,"key":"Darkstone Periapt"},{"floor":7,"key":"sneckomod:BlankCard"},{"floor":12,"key":"Happy Flower"}],"event_choices":[{"damage_healed":0,"gold_gain":0,"player_choice":"Got Potions","damage_taken":0,"max_hp_gain":0,"max_hp_loss":0,"event_name":"Lab","floor":5,"gold_loss":0}],"is_beta":false,"boss_relics":[],"items_purged_floors":[],"is_endless":false,"potions_floor_spawned":[4,6,12,15],"killed_by":"SI_SHIV_ARCHETYPE","ascension_level":0}}