{"host":"up0yrwoki2hbybns","time":1611661548,"event":{"mods":["BaseMod","Downfall","Hermit","Infinite Spire","Minty Spire (QoL Compilation)","Quick Restart","Replay The Spire","StSLib","The Runesmith"],"gold_per_floor":[160,176,196,196,196,196,221,9,9,29,29,41,59,74,74,177,177,191,191,176,186,249,249,67,67,67],"floor_reached":25,"language":"ENG","playtime":4490,"items_purged":["Regret","ReplayTheSpireMod:Restless Dread"],"score":265,"play_id":"6a8c61a1-6718-499f-9ffe-dbccfa086dfd","local_time":"20210126164548","is_ascension_mode":true,"campfire_choices":[{"data":"Sneak Up","floor":6.0,"key":"SMITH"},{"data":"Accuracy","floor":11.0,"key":"SMITH"},{"data":"infinitespire:Menacing","floor":15.0,"key":"SMITH"},{"floor":23.0,"key":"REST"}],"circlet_count":0,"master_deck":["Strike_G","Strike_G","Strike_G","Strike_G","Strike_G","Defend_G+1","Defend_G","Defend_G","Defend_G","Defend_G","Survivor","Neutralize","Sneak Up+1","Riddle With Holes","Footwork","Accuracy+1","infinitespire:Menacing+1","Riddle With Holes","Cloak And Dagger","Cloak And Dagger","Cloak And Dagger","Dagger Spray","Dodge and Roll","Fluid Movement+1","Poison Darts","Outmaneuver","Forethought","Accuracy+1","Outmaneuver","Crippling Poison","Replay:BasicMightCard+1"],"relics":["Tiny House","infinitespire:FocusingShard","infinitespire:ShieldingShard","ReplayTheSpireMod:CursedCoin","infinitespire:Bottled Soul","Frozen Egg 2","Philosopher\u0027s Stone","Runesmith:AutoHammer"],"acts_visited":["Exordium","TheCity"],"potions_floor_usage":[25,25],"damage_taken":[{"damage":0.0,"enemies":"Cultist","floor":1.0,"turns":5.0},{"damage":0.0,"enemies":"Small Slimes","floor":2.0,"turns":3.0},{"damage":0.0,"enemies":"2 Louse","floor":3.0,"turns":2.0},{"damage":26.0,"enemies":"Lagavulin","floor":7.0,"turns":11.0},{"damage":0.0,"enemies":"Large Slime","floor":10.0,"turns":6.0},{"damage":0.0,"enemies":"Red Slaver","floor":12.0,"turns":4.0},{"damage":0.0,"enemies":"Looter","floor":13.0,"turns":4.0},{"damage":0.0,"enemies":"3 Louse","floor":14.0,"turns":4.0},{"damage":17.0,"enemies":"Slime Boss","floor":16.0,"turns":11.0},{"damage":1.0,"enemies":"3 Byrds","floor":18.0,"turns":6.0},{"damage":9.0,"enemies":"2 Thieves","floor":20.0,"turns":4.0},{"damage":34.0,"enemies":"3 Cultists","floor":21.0,"turns":6.0},{"damage":27,"enemies":"Chosen and Byrds","floor":25,"turns":6}],"seed_played":"-3025740920447699731","potions_obtained":[{"floor":0.0,"key":"champ:CounterPotion"},{"floor":1.0,"key":"Doom Potion"},{"floor":10.0,"key":"FearPotion"},{"floor":13.0,"key":"Block Potion"},{"floor":16.0,"key":"Block Potion"},{"floor":20.0,"key":"SkillPotion"},{"floor":21.0,"key":"Venom Potion"},{"floor":22.0,"key":"bronze:BurnAndBuffPotion"},{"floor":22.0,"key":"Milkshake"}],"is_trial":false,"path_per_floor":["M","M","M","?","?","R","E","$","T","M","R","M","M","M","R","B",null,"M","?","M","M","?","R","$","M"],"character_chosen":"THE_SILENT","items_purchased":["ReplayTheSpireMod:CursedCoin","infinitespire:Bottled Soul","Cloak And Dagger","Replay:BasicMightCard+1"],"campfire_rested":1,"item_purchase_floors":[8,8,8,24],"current_hp_per_floor":[75,75,75,58,58,58,32,32,32,32,32,32,32,32,32,15,75,74,62,53,19,1,23,23,0,0],"gold":67,"neow_bonus":"BOSS_RELIC","is_daily":false,"chose_seed":false,"campfire_upgraded":3,"win_rate":0.0,"timestamp":1611661548,"path_taken":["M","?","?","?","?","R","E","$","T","M","R","M","M","M","R","BOSS","M","?","M","?","?","R","?","M"],"items_purchased_type":["Relic","Relic","Card","Card"],"build_version":"2020-12-22","purchased_purges":2,"victory":false,"max_hp_per_floor":[75,75,75,75,75,75,75,75,75,75,75,75,75,75,75,75,75,75,75,75,75,75,75,75,75,75],"card_choices":[{"not_picked":["Outmaneuver","Bane"],"picked":"Sneak Up","floor":0.0},{"not_picked":["Flechettes","Dagger Throw"],"picked":"Riddle With Holes","floor":1.0},{"not_picked":["Prepared","Dagger Throw"],"picked":"Footwork","floor":2.0},{"not_picked":["Flying Knee","Heel Hook"],"picked":"Accuracy","floor":3.0},{"not_picked":["infinitespire:Punishment","infinitespire:Collect"],"picked":"infinitespire:Menacing","floor":4.0},{"not_picked":["Flechettes","Acrobatics"],"picked":"Riddle With Holes","floor":7.0},{"not_picked":["Heel Hook","Bane"],"picked":"Cloak And Dagger","floor":10.0},{"not_picked":["Sucker Punch","Hidden Blade"],"picked":"Dagger Spray","floor":12.0},{"not_picked":["Dagger Spray","Deadly Poison"],"picked":"Dodge and Roll","floor":13.0},{"not_picked":["Reflex","Setup"],"picked":"Fluid Movement+1","floor":14.0},{"not_picked":["Adrenaline","Grand Finale"],"picked":"Poison Darts","floor":16.0},{"not_picked":["Acrobatics","Backflip"],"picked":"Outmaneuver","floor":18.0},{"not_picked":["Flying Knee","Sucker Punch"],"picked":"Accuracy+1","floor":20.0},{"not_picked":["Acrobatics","Calculated Gamble"],"picked":"Outmaneuver","floor":21.0},{"not_picked":["Masterful Stab","Prepared"],"picked":"Crippling Poison","floor":22.0}],"player_experience":445098,"relics_obtained":[{"floor":7.0,"key":"infinitespire:ShieldingShard"},{"floor":9.0,"key":"Frozen Egg 2"},{"floor":22.0,"key":"Runesmith:AutoHammer"}],"event_choices":[{"damage_healed":0.0,"max_hp_gain":0.0,"max_hp_loss":0.0,"gold_gain":0.0,"event_name":"Big Fish","player_choice":"Box","floor":5.0,"gold_loss":0.0,"damage_taken":0.0,"relics_obtained":["infinitespire:FocusingShard"],"cards_obtained":["Regret"]},{"damage_healed":0.0,"max_hp_gain":0.0,"max_hp_loss":0.0,"gold_gain":0.0,"event_name":"Knowing Skull","player_choice":"CARD ","floor":19.0,"potions_obtained":[],"gold_loss":0.0,"damage_taken":12.0,"cards_obtained":["Forethought"]},{"damage_healed":0.0,"max_hp_gain":0.0,"max_hp_loss":0.0,"gold_gain":0.0,"event_name":"Knowing Skull","player_choice":"CARD ","floor":19.0,"potions_obtained":[],"gold_loss":0.0,"damage_taken":12.0,"cards_obtained":["Forethought"]}],"is_beta":false,"boss_relics":[{"not_picked":["Runesmith:UraniumAnvil","Snecko Eye"],"picked":"Philosopher\u0027s Stone"}],"items_purged_floors":[8,24],"is_endless":false,"potions_floor_spawned":[1,10,13,14,16,20,21],"killed_by":"Chosen and Byrds","ascension_level":3}}