{"host":"mr1ctipv0dcr6y8g","time":1611704464,"event":{"mods":["BaseMod","DeckTracker","Energized Spire","Minty Spire (QoL Compilation)","Shop Mod","StSLib"],"gold_per_floor":[116,116,291,309,16,16,43,72,72,72,147,53,87,106,106,201,201,214,228,228,228,246,272,57,77,77,77,105,136,136,161,161,261,261,275,320,320,338,338,338,388,388,411,445,475,491,491,273,273,273,273,273,54,85,85],"floor_reached":56,"language":"ENG","playtime":5091,"items_purged":["Doubt","Clash","Dark Embrace","Rage"],"score":1570,"play_id":"3e755dff-6b83-42e9-9995-b100e9af821f","local_time":"20210126164104","daily_mods":["Draft","Heirloom","Time Dilation","Flight"],"is_ascension_mode":false,"campfire_choices":[{"data":"Armaments","floor":6,"key":"SMITH"},{"data":"Body Slam","floor":10,"key":"SMITH"},{"data":"Metallicize","floor":15,"key":"SMITH"},{"data":"True Grit","floor":30,"key":"SMITH"},{"data":"Limit Break","floor":32,"key":"SMITH"},{"data":"1","floor":40,"key":"LIFT"},{"data":"2","floor":42,"key":"LIFT"},{"data":"3","floor":47,"key":"LIFT"},{"floor":49,"key":"RECALL"},{"data":"Limit Break","floor":52,"key":"SMITH"}],"circlet_count":0,"master_deck":["Pommel Strike","Spot Weakness","Armaments+1","Iron Wave","Shrug It Off","Warcry","Cleave","Feel No Pain+1","Body Slam","Shrug It Off","Armaments+1","Body Slam","Seeing Red","Disarm","Body Slam+1","Metallicize+1","Body Slam","Limit Break+1","True Grit+1","Entrench","Inflame","Headbutt+1","Iron Wave+1","Limit Break+1","Flame Barrier+1","Body Slam+1","Uppercut+1","Whirlwind+1","Metallicize","Ghostly Armor+1"],"relics":["Burning Blood","Torii","Membership Card","Strawberry","Pantograph","Lantern","Happy Flower","MealTicket","Magic Flower","Busted Crown","Enchiridion","Molten Egg 2","HornCleat","Dead Branch","Smiling Mask","Incense Burner","energizedSpire:DeadBattery","Girya","Toxic Egg 2","Lizard Tail","PreservedInsect","Letter Opener","Red Skull","Sling","Blood Vial","Ornamental Fan","Mummified Hand"],"acts_visited":["Exordium","TheCity","TheBeyond","TheEnding"],"potions_floor_usage":[25,37,55,55,55],"damage_taken":[{"damage":0,"enemies":"Small Slimes","floor":1,"turns":2},{"damage":0,"enemies":"2 Louse","floor":4,"turns":3},{"damage":1,"enemies":"3 Sentries","floor":7,"turns":7},{"damage":20,"enemies":"Gremlin Nob","floor":8,"turns":4},{"damage":0,"enemies":"Lagavulin","floor":13,"turns":5},{"damage":0,"enemies":"Jaw Worm","floor":14,"turns":2},{"damage":0,"enemies":"The Guardian","floor":16,"turns":6},{"damage":0,"enemies":"Spheric Guardian","floor":18,"turns":4},{"damage":2,"enemies":"2 Thieves","floor":19,"turns":4},{"damage":2,"enemies":"Snake Plant","floor":22,"turns":4},{"damage":8,"enemies":"Gremlin Leader","floor":23,"turns":5},{"damage":0,"enemies":"Cultist and Chosen","floor":25,"turns":6},{"damage":0,"enemies":"Book of Stabbing","floor":28,"turns":3},{"damage":0,"enemies":"Gremlin Leader","floor":29,"turns":4},{"damage":0,"enemies":"Book of Stabbing","floor":31,"turns":4},{"damage":0,"enemies":"Collector","floor":33,"turns":5},{"damage":0,"enemies":"Orb Walker","floor":35,"turns":2},{"damage":9,"enemies":"2 Orb Walkers","floor":36,"turns":4},{"damage":0,"enemies":"3 Shapes","floor":38,"turns":1},{"damage":0,"enemies":"Mind Bloom Boss Battle","floor":41,"turns":6},{"damage":28,"enemies":"Reptomancer","floor":44,"turns":4},{"damage":28,"enemies":"Nemesis","floor":45,"turns":5},{"damage":16,"enemies":"Jaw Worm Horde","floor":46,"turns":2},{"damage":23,"enemies":"Time Eater","floor":50,"turns":8},{"damage":8,"enemies":"Shield and Spear","floor":54,"turns":5},{"damage":84,"enemies":"The Heart","floor":55,"turns":9}],"seed_played":"-5344364315587935026","potions_obtained":[{"floor":1,"key":"HeartOfIron"},{"floor":14,"key":"Swift Potion"},{"floor":18,"key":"Swift Potion"},{"floor":23,"key":"Strength Potion"},{"floor":29,"key":"Energy Potion"},{"floor":37,"key":"Fruit Juice"},{"floor":37,"key":"BlessingOfTheForge"},{"floor":45,"key":"BloodPotion"}],"is_trial":true,"path_per_floor":["M","?","?","M","$","R","E","E","T","R","?","$","E","M","R","B",null,"M","M","?","?","M","E","$","M","T","?","E","E","R","E","R","B",null,"M","?","?","M","T","R","?","R","T","E","E","M","R","$","R","B",null,"R","$","E","B",null],"character_chosen":"IRONCLAD","items_purchased":["Membership Card","Strawberry","Metallicize","MealTicket","Entrench","HornCleat","Sling","Metallicize","Blood Vial","Ornamental Fan","Ghostly Armor+1"],"campfire_rested":0,"item_purchase_floors":[5,5,12,12,24,24,48,48,48,53,53],"current_hp_per_floor":[80,64,64,70,77,77,82,68,68,68,57,57,63,72,72,87,87,87,87,71,54,61,62,77,86,86,86,92,92,92,92,92,92,92,92,92,97,97,97,97,97,97,97,78,59,52,52,67,67,83,97,97,97,97,51],"gold":85,"neow_bonus":"","is_daily":false,"chose_seed":false,"campfire_upgraded":6,"win_rate":0.0,"timestamp":1611704464,"path_taken":["M","?","?","?","$","R","E","E","T","R","?","?","E","?","R","BOSS","M","M","?","?","M","E","$","M","T","?","E","E","R","E","R","BOSS","M","?","?","?","?","R","?","R","T","E","E","M","R","$","R","BOSS","R","$","E","BOSS"],"items_purchased_type":["Relic","Relic","Card","Relic","Card","Relic","Relic","Card","Relic","Relic","Card"],"build_version":"2020-12-22","purchased_purges":4,"victory":true,"max_hp_per_floor":[80,80,80,80,87,87,87,87,87,87,87,87,87,87,87,87,87,87,87,87,92,92,92,92,92,92,92,92,92,92,92,92,92,92,92,92,97,97,97,97,97,97,97,97,97,97,97,97,97,97,97,97,97,97,97],"card_choices":[{"not_picked":["Rupture","Warcry"],"picked":"Dark Embrace","floor":0},{"not_picked":["Rage","Perfected Strike"],"picked":"Pommel Strike","floor":0},{"not_picked":["Headbutt","Clothesline"],"picked":"Spot Weakness","floor":0},{"not_picked":["Thunderclap","Reckless Charge"],"picked":"Armaments","floor":0},{"not_picked":["Warcry","Perfected Strike"],"picked":"Iron Wave","floor":0},{"not_picked":["Perfected Strike","Sword Boomerang"],"picked":"Shrug It Off","floor":0},{"not_picked":["Searing Blow","Carnage"],"picked":"Warcry","floor":0},{"not_picked":["Headbutt","Clash"],"picked":"Cleave","floor":0},{"not_picked":["Headbutt","Havoc"],"picked":"Rage","floor":0},{"not_picked":["Heavy Blade","Twin Strike"],"picked":"Feel No Pain","floor":0},{"not_picked":["Dropkick","Entrench"],"picked":"Clash","floor":0},{"not_picked":["Entrench","Flex"],"picked":"Body Slam","floor":0},{"not_picked":["Clash","Bloodletting"],"picked":"Shrug It Off","floor":0},{"not_picked":["Warcry","Flex"],"picked":"Armaments","floor":0},{"not_picked":["Carnage","Thunderclap"],"picked":"Body Slam","floor":0},{"not_picked":["Shockwave","Cleave"],"picked":"Seeing Red","floor":1},{"not_picked":["Headbutt","Flex","Sword Boomerang"],"picked":"SKIP","floor":4},{"not_picked":["Hemokinesis","Cleave"],"picked":"Disarm","floor":7},{"not_picked":["Flex","Wild Strike"],"picked":"Body Slam","floor":8},{"not_picked":["Corruption","Clothesline"],"picked":"Body Slam","floor":13},{"not_picked":["Iron Wave","Thunderclap","Second Wind"],"picked":"SKIP","floor":14},{"not_picked":["Double Tap","Brutality"],"picked":"Limit Break","floor":16},{"not_picked":[],"picked":"True Grit","floor":18},{"not_picked":["Perfected Strike"],"picked":"SKIP","floor":19},{"not_picked":["Perfected Strike"],"picked":"SKIP","floor":22},{"not_picked":["Twin Strike+1"],"picked":"SKIP","floor":23},{"not_picked":["Warcry"],"picked":"SKIP","floor":25},{"not_picked":[],"picked":"Headbutt+1","floor":28},{"not_picked":["Perfected Strike+1"],"picked":"SKIP","floor":29},{"not_picked":[],"picked":"Iron Wave+1","floor":31},{"not_picked":[],"picked":"Limit Break","floor":33},{"not_picked":[],"picked":"Flame Barrier+1","floor":35},{"not_picked":[],"picked":"Body Slam+1","floor":38},{"not_picked":["Dark Embrace+1"],"picked":"SKIP","floor":44},{"not_picked":[],"picked":"Uppercut+1","floor":45},{"not_picked":[],"picked":"Whirlwind+1","floor":46},{"not_picked":["Twin Strike+1"],"picked":"SKIP","floor":54}],"player_experience":1266330,"relics_obtained":[{"floor":7,"key":"Pantograph"},{"floor":8,"key":"Lantern"},{"floor":9,"key":"Happy Flower"},{"floor":13,"key":"Magic Flower"},{"floor":20,"key":"Enchiridion"},{"floor":23,"key":"Molten Egg 2"},{"floor":28,"key":"Dead Branch"},{"floor":29,"key":"Smiling Mask"},{"floor":31,"key":"Incense Burner"},{"floor":36,"key":"Girya"},{"floor":39,"key":"Toxic Egg 2"},{"floor":41,"key":"Lizard Tail"},{"floor":43,"key":"PreservedInsect"},{"floor":44,"key":"Letter Opener"},{"floor":45,"key":"Red Skull"},{"floor":54,"key":"Mummified Hand"}],"event_choices":[{"damage_healed":0,"gold_gain":0,"player_choice":"Entered Light","damage_taken":16,"max_hp_gain":0,"max_hp_loss":0,"event_name":"Shining Light","floor":2,"gold_loss":0,"cards_upgraded":["Armaments","Feel No Pain"]},{"damage_healed":0,"gold_gain":175,"player_choice":"AGREE","damage_taken":0,"max_hp_gain":0,"max_hp_loss":0,"event_name":"Liars Game","floor":3,"gold_loss":0,"cards_obtained":["Doubt"]},{"damage_healed":0,"gold_gain":75,"player_choice":"Gather Gold","damage_taken":11,"max_hp_gain":0,"max_hp_loss":0,"event_name":"World of Goop","floor":11,"gold_loss":0},{"damage_healed":0,"gold_gain":0,"player_choice":"Obtained Book","damage_taken":16,"max_hp_gain":0,"max_hp_loss":0,"event_name":"Cursed Tome","floor":20,"gold_loss":0},{"damage_healed":0,"gold_gain":0,"player_choice":"Shed Blood","damage_taken":22,"max_hp_gain":5,"max_hp_loss":0,"event_name":"Forgotten Altar","floor":21,"gold_loss":0},{"damage_healed":0,"gold_gain":0,"player_choice":"Read","damage_taken":0,"max_hp_gain":0,"max_hp_loss":0,"event_name":"The Library","floor":27,"gold_loss":0,"cards_obtained":["Inflame"]},{"damage_healed":0,"gold_gain":0,"player_choice":"Fight","damage_taken":0,"max_hp_gain":0,"max_hp_loss":0,"event_name":"Mysterious Sphere","floor":36,"gold_loss":0},{"damage_healed":0,"gold_gain":0,"player_choice":"Got Potions","damage_taken":0,"max_hp_gain":0,"max_hp_loss":0,"event_name":"Lab","floor":37,"gold_loss":0},{"damage_healed":0,"gold_gain":0,"player_choice":"Fight","damage_taken":0,"max_hp_gain":0,"max_hp_loss":0,"event_name":"MindBloom","floor":41,"gold_loss":0}],"is_beta":false,"boss_relics":[{"not_picked":["energizedSpire:TabascoSauce","energizedSpire:EnergizedDie"],"picked":"Busted Crown"},{"not_picked":["Tiny House","Velvet Choker"],"picked":"energizedSpire:DeadBattery"}],"items_purged_floors":[5,24,48,53],"is_endless":false,"potions_floor_spawned":[1,14,18,23,29,31,35,45,46],"ascension_level":0}}