{"host":"clf2hd4adhiiw0zf","time":1611624489,"event":{"mods":["AchievementEnabler","BaseMod","Beaked The Cultist","Bestiary","Dark Map","Downfall","Gremlin Mod","Hermit","Jorbs\u0027s Wanderer Trilogy","Marisa????????","Minty Spire (QoL Compilation)","Shop Mod","StSLib","The Cursed","The Servant 0.9.4","UnlockEverythingMod","Wide Potions"],"gold_per_floor":[99,112,123,123,137,149,149,49,63,75,98,98,98,12,23,127,127,27,44,29,47,47,47,47,65,65,65,50,50,50,50],"floor_reached":29,"language":"ENG","playtime":4983,"items_purged":[],"score":251,"play_id":"0ad25204-6c9e-4550-86c3-216bbaf1ac1a","local_time":"20210125182809","is_ascension_mode":true,"campfire_choices":[{"floor":1,"key":"RECALL"},{"data":"Slimebound:Gluttony","floor":8,"key":"SMITH"},{"data":"Slimebound:FormOfPuddle","floor":13,"key":"SMITH"},{"data":"Slimebound:MassFeed","floor":18,"key":"SMITH"},{"floor":26,"key":"REST"}],"circlet_count":0,"master_deck":["Slimebound:Strike_Slimebound","Slimebound:Strike_Slimebound","Slimebound:Strike_Slimebound","Slimebound:Tackle","Slimebound:Defend_Slimebound","Slimebound:Defend_Slimebound","Slimebound:Defend_Slimebound","Slimebound:Defend_Slimebound+1","Slimebound:Split","Slimebound:CorrosiveSpit","downfall:Malfunctioning","Slimebound:LeechEnergy+1","Slimebound:HauntingLick","Slimebound:RainOfGoop+1","Slimebound:Gluttony+1","Slimebound:FormOfPuddle+1","Slimebound:Prepare","Slimebound:Recollect","downfall:Malfunctioning","Slimebound:FinishingTackle","Slimebound:Grow","Slimebound:FlameTackle","Slimebound:MassFeed+1","Slimebound:GoopTackle","Slimebound:GoopSpray","Slimebound:Prepare","Slimebound:CheckThePlaybook","downfall:Icky"],"relics":["Slimebound:AbsorbEndCombat","downfall:HeartBlessingRed","Odd Mushroom","Black Star","downfall:HeartBlessingBlue","Kunai"],"acts_visited":["Exordium","TheCity"],"potions_floor_usage":[16,25,29],"damage_taken":[{"damage":11,"enemies":"Jaw Worm","floor":2,"turns":4},{"damage":0,"enemies":"Cultist","floor":3,"turns":3},{"damage":2,"enemies":"Small Slimes","floor":5,"turns":3},{"damage":4,"enemies":"Blue Slaver","floor":6,"turns":3},{"damage":3,"enemies":"Exordium Wildlife","floor":9,"turns":3},{"damage":15,"enemies":"Large Slime","floor":10,"turns":8},{"damage":29,"enemies":"The Mushroom Lair","floor":11,"turns":4},{"damage":0,"enemies":"downfall:FleeingMerchant","floor":14,"turns":4},{"damage":3,"enemies":"3 Louse","floor":15,"turns":4},{"damage":63,"enemies":"IC_STATUS_ARCHETYPE","floor":16,"turns":9},{"damage":22,"enemies":"Shell Parasite","floor":19,"turns":6},{"damage":19,"enemies":"downfall:FleeingMerchant","floor":20,"turns":4},{"damage":17,"enemies":"Chosen","floor":21,"turns":6},{"damage":54,"enemies":"3 Cultists","floor":25,"turns":6},{"damage":25,"enemies":"downfall:FleeingMerchant","floor":28,"turns":4},{"damage":19,"enemies":"Book of Stabbing","floor":29,"turns":4}],"seed_played":"-5940879950951038413","potions_obtained":[{"floor":3,"key":"EssenceOfSteel"},{"floor":6,"key":"LiquidBronze"},{"floor":16,"key":"PowerPotion"}],"is_trial":false,"path_per_floor":["R","M","M","?","M","M","T","R","M","M","?","?","R","$","M","B",null,"R","M","$","M","?","?","T","M","R","?","$","E"],"character_chosen":"SLIMEBOUND","items_purchased":["Slimebound:Grow"],"campfire_rested":1,"item_purchase_floors":[14],"current_hp_per_floor":[77,68,72,72,76,76,76,76,77,66,45,45,45,53,56,1,77,87,71,58,49,49,49,49,7,34,34,11,0,0,0],"gold":50,"neow_bonus":"TWENTY_PERCENT_HP_BONUS","is_daily":false,"chose_seed":false,"campfire_upgraded":3,"win_rate":0.0,"timestamp":1611624489,"path_taken":["R","M","M","?","?","M","T","R","M","M","?","?","R","$","M","BOSS","R","M","$","M","?","?","T","M","R","?","?","E"],"items_purchased_type":["Card"],"build_version":"2020-12-22","purchased_purges":0,"victory":false,"max_hp_per_floor":[77,77,77,77,77,77,77,77,77,77,77,77,77,77,77,77,77,87,87,87,87,87,87,87,91,91,91,91,91,91,91],"card_choices":[{"not_picked":["Slimebound:LevelUp","Slimebound:SamplingLick"],"picked":"Slimebound:LeechEnergy","floor":2},{"not_picked":["Slimebound:SplitAcid","Slimebound:TongueLash"],"picked":"Slimebound:HauntingLick","floor":3},{"not_picked":["Slimebound:PressTheAttack","Slimebound:SplitSpecialist"],"picked":"Slimebound:RainOfGoop","floor":5},{"not_picked":["Slimebound:LeadByExample","Slimebound:SplitBruiser"],"picked":"Slimebound:Gluttony","floor":6},{"not_picked":["Slimebound:SlimeTap","Slimebound:Nibble"],"picked":"Slimebound:FormOfPuddle","floor":9},{"not_picked":["Slimebound:SplitAcid","Slimebound:LeechingTouch"],"picked":"Slimebound:Prepare","floor":10},{"not_picked":["Slimebound:SlimeBarrage","Slimebound:DisruptingSlam"],"picked":"Slimebound:Recollect","floor":11},{"not_picked":["Slimebound:Dissolve","Slimebound:OneTwoCombo"],"picked":"Slimebound:FinishingTackle","floor":14},{"not_picked":["Slimebound:RollThrough","Slimebound:SplitBruiser"],"picked":"Slimebound:FlameTackle","floor":15},{"not_picked":["Slimebound:DuplicatedForm","Slimebound:RallyTheTroops"],"picked":"Slimebound:MassFeed","floor":16},{"not_picked":["Slimebound:SpikyOuterGoop","Slimebound:LeechingTouch","Slimebound:ServeAndProtect+1"],"picked":"SKIP","floor":19},{"not_picked":["Slimebound:Prepare+1","Slimebound:LeechEnergy"],"picked":"Slimebound:GoopTackle","floor":20},{"not_picked":["Slimebound:GrowthPunch","Slimebound:ProtectTheBoss"],"picked":"Slimebound:GoopSpray","floor":21},{"not_picked":["Slimebound:SlimeSpikes","Slimebound:SamplingLick"],"picked":"Slimebound:Prepare","floor":25},{"not_picked":["Slimebound:SlimeBrawl+1","Slimebound:TagTeam","Slimebound:Recollect"],"picked":"SKIP","floor":28}],"player_experience":119955,"relics_obtained":[{"floor":11,"key":"Odd Mushroom"},{"floor":24,"key":"Kunai"}],"event_choices":[{"damage_healed":0,"gold_gain":0,"player_choice":"Fought Mushrooms","damage_taken":0,"max_hp_gain":0,"max_hp_loss":0,"event_name":"Mushrooms","floor":11,"gold_loss":0},{"damage_healed":0,"gold_gain":0,"player_choice":"Ignored","damage_taken":0,"max_hp_gain":0,"max_hp_loss":0,"event_name":"Ghosts","floor":22,"gold_loss":0},{"damage_healed":0,"gold_gain":0,"player_choice":"Ignored","damage_taken":0,"max_hp_gain":0,"max_hp_loss":0,"event_name":"Vampires","floor":23,"gold_loss":0}],"is_beta":false,"boss_relics":[{"not_picked":["Calling Bell","Pandora\u0027s Box"],"picked":"Black Star"}],"items_purged_floors":[],"is_endless":false,"potions_floor_spawned":[3,6,10,16,19],"killed_by":"Book of Stabbing","ascension_level":1}}