{"host":"q9718omregw4er46","time":1611677788,"event":{"mods":["BaseMod","Bestiary","Colored Powertips","Custom Start","Highlight Path","Minty Spire (QoL Compilation)","Practice Mode","Quick Restart","Relic Stats"],"gold_per_floor":[116,134,134,146,146,146,146,179,179,208,225,225,240,265,265,265,265],"floor_reached":16,"language":"ENG","playtime":611,"items_purged":[],"score":240,"play_id":"3435076b-37af-44cf-9fc5-e99ee2108d23","local_time":"20210126211628","is_ascension_mode":true,"campfire_choices":[{"data":"Eruption","floor":6.0,"key":"SMITH"},{"floor":12,"key":"REST"},{"data":"BowlingBash","floor":15,"key":"SMITH"}],"circlet_count":0,"master_deck":["AscendersBane","Strike_P","Strike_P","Strike_P","Strike_P","Defend_P","Defend_P","Defend_P","Defend_P","Eruption+1","Vigilance","EmptyFist","SashWhip+1","BowlingBash+1","FearNoEvil","Wallop","Crescendo"],"relics":["Black Star","Pantograph","Juzu Bracelet","Sundial","HornCleat","Dream Catcher","Toy Ornithopter","Blue Candle"],"acts_visited":["Exordium"],"potions_floor_usage":[10],"damage_taken":[{"damage":6.0,"enemies":"Cultist","floor":1.0,"turns":4.0},{"damage":7.0,"enemies":"Small Slimes","floor":2.0,"turns":4.0},{"damage":0.0,"enemies":"2 Louse","floor":4.0,"turns":3.0},{"damage":32.0,"enemies":"3 Sentries","floor":8.0,"turns":9.0},{"damage":7,"enemies":"Lagavulin","floor":10,"turns":4},{"damage":0,"enemies":"Large Slime","floor":11,"turns":5},{"damage":5,"enemies":"3 Louse","floor":13,"turns":3},{"damage":23,"enemies":"Gremlin Nob","floor":14,"turns":4},{"damage":42,"enemies":"Slime Boss","floor":16,"turns":9}],"seed_played":"858385057430910740","potions_obtained":[{"floor":1.0,"key":"FearPotion"},{"floor":10,"key":"Energy Potion"},{"floor":14,"key":"SmokeBomb"}],"is_trial":false,"path_per_floor":["M","M","?","M","?","R","?","E","T","E","M","R","M","E","R","B"],"character_chosen":"WATCHER","items_purchased":[],"campfire_rested":1,"item_purchase_floors":[],"current_hp_per_floor":[55,48,48,48,53,53,53,21,21,14,14,35,30,7,7,0,0],"gold":265,"neow_bonus":"BOSS_RELIC","is_daily":false,"chose_seed":false,"campfire_upgraded":2,"win_rate":0.0,"timestamp":1611677788,"path_taken":["M","M","?","M","?","R","?","E","T","E","M","R","M","E","R","BOSS"],"items_purchased_type":[],"build_version":"2020-12-22","purchased_purges":0,"victory":false,"max_hp_per_floor":[68,68,68,68,73,73,73,73,73,73,73,73,73,73,73,73,73],"relic_stats":{"Dream Catcher":1,"counters":[9,45],"Sundial":[2],"Pantograph":25,"Blue Candle":[0],"Black Star":3,"Juzu Bracelet":0,"obtain_stats":[{"Dream Catcher":10,"HornCleat":10,"Sundial":9,"Pantograph":8,"Blue Candle":14,"Black Star":0,"Juzu Bracelet":8,"PureWater":0,"Toy Ornithopter":14},{"Dream Catcher":5,"HornCleat":5,"Sundial":4,"Pantograph":4,"Blue Candle":8,"Black Star":0,"Juzu Bracelet":4,"PureWater":0,"Toy Ornithopter":8},{"Dream Catcher":24,"HornCleat":24,"Sundial":20,"Pantograph":20,"Blue Candle":36,"Black Star":0,"Juzu Bracelet":20,"PureWater":0,"Toy Ornithopter":36}],"Toy Ornithopter":0},"card_choices":[{"not_picked":["SandsOfTime","Collect"],"picked":"EmptyFist","floor":1.0},{"not_picked":["LikeWater","EmptyFist"],"picked":"SashWhip","floor":2.0},{"not_picked":["Protect","Swivel","ClearTheMind"],"picked":"SKIP","floor":4.0},{"not_picked":["Worship","FlyingSleeves","Vengeance"],"picked":"SKIP","floor":8.0},{"not_picked":["InnerPeace","Swivel"],"picked":"BowlingBash","floor":10},{"not_picked":["FlyingSleeves","FlurryOfBlows"],"picked":"FearNoEvil","floor":11},{"not_picked":["Meditate","SignatureMove"],"picked":"Wallop","floor":13},{"not_picked":["EmptyBody","InnerPeace"],"picked":"Crescendo","floor":14}],"player_experience":1263402,"relics_obtained":[{"floor":8.0,"key":"Pantograph"},{"floor":8.0,"key":"Juzu Bracelet"},{"floor":9.0,"key":"Sundial"},{"floor":10,"key":"HornCleat"},{"floor":10,"key":"Dream Catcher"},{"floor":14,"key":"Toy Ornithopter"},{"floor":14,"key":"Blue Candle"}],"event_choices":[{"damage_healed":0.0,"max_hp_gain":0.0,"max_hp_loss":0.0,"gold_gain":0.0,"event_name":"Liars Game","player_choice":"Ignored","floor":3.0,"gold_loss":0.0,"damage_taken":0.0},{"damage_healed":0.0,"max_hp_gain":5.0,"max_hp_loss":0.0,"gold_gain":0.0,"event_name":"Big Fish","player_choice":"Donut","floor":5.0,"gold_loss":0.0,"damage_taken":0.0},{"damage_healed":0.0,"max_hp_gain":0.0,"max_hp_loss":0.0,"gold_gain":0.0,"event_name":"Living Wall","player_choice":"Grow","floor":7.0,"gold_loss":0.0,"damage_taken":0.0,"cards_upgraded":["SashWhip"]}],"is_beta":false,"boss_relics":[],"items_purged_floors":[],"is_endless":false,"potions_floor_spawned":[1,10,14],"killed_by":"Slime Boss","ascension_level":20}}