{"host":"yq2wmfr0u0wuvxc0","time":1611638146,"event":{"mods":["Act Like it!","Aspiration","BaseMod","Curses Come First","Downfall","Friendly Minions","Gensokyo","Hero for Fun","Hubris","Infinite Spire","Marisa????????","Minty Spire (QoL Compilation)","Pale of the Ancients","Remilia??????","Shop Mod","Spicy Shops","StSLib","The Jungle","The Servant 0.9.4","Wide Potions"],"gold_per_floor":[119,139,139,152,39,72,92,92,92,92,106,106,140,140,140,238,238,256,273,273,273,288,320,320,332,332,352,366,26,42,42,42],"floor_reached":31,"language":"ZHS","playtime":1470,"items_purged":["Strike_G","Strike_G"],"score":430,"play_id":"c90b40e2-10e4-42c1-9d9f-0c296a7edf46","local_time":"20210125211546","is_ascension_mode":true,"campfire_choices":[{"data":"Envenom","floor":8.0,"key":"SMITH"},{"data":"Neutralize","floor":10.0,"key":"SMITH"},{"floor":15.0,"key":"REST"},{"floor":24.0,"key":"REST"}],"circlet_count":0,"master_deck":["AscendersBane","Strike_G","Defend_G","Defend_G","Defend_G","Defend_G","Defend_G","Survivor","Neutralize+1","Cloak And Dagger","Riddle With Holes","Sucker Punch","Envenom+1","Backflip","Footwork","Storm of Steel","Acrobatics","Dash","Calculated Gamble","Blade Dance","Terror","Die Die Die","Blade Dance","PiercingWail","Accuracy"],"relics":["Ring of the Snake","aspiration:DSix","Ninja Scroll","hubris:ToyBattleship","Sozu","Nloth\u0027s Gift","MealTicket","Ancient Tea Set","Happy Flower"],"acts_visited":["Exordium","TheCity"],"potions_floor_usage":[],"damage_taken":[{"damage":2.0,"enemies":"Small Slimes","floor":1.0,"turns":5.0},{"damage":3.0,"enemies":"Cultist","floor":2.0,"turns":5.0},{"damage":1.0,"enemies":"Jaw Worm","floor":4.0,"turns":5.0},{"damage":22.0,"enemies":"3 Sentries","floor":6.0,"turns":11.0},{"damage":0.0,"enemies":"Large Slime","floor":7.0,"turns":6.0},{"damage":0.0,"enemies":"Blue Slaver","floor":11.0,"turns":5.0},{"damage":20.0,"enemies":"Lagavulin","floor":13.0,"turns":6.0},{"damage":24.0,"enemies":"Slime Boss","floor":16.0,"turns":15.0},{"damage":5.0,"enemies":"2 Thieves","floor":18.0,"turns":4.0},{"damage":0.0,"enemies":"3 Byrds","floor":19.0,"turns":5.0},{"damage":11.0,"enemies":"Centurion and Healer","floor":22.0,"turns":7.0},{"damage":24.0,"enemies":"Slavers","floor":23.0,"turns":7.0},{"damage":13.0,"enemies":"Shelled Parasite and Fungi","floor":25.0,"turns":6.0},{"damage":3.0,"enemies":"Chosen and Byrds","floor":27.0,"turns":5.0},{"damage":13.0,"enemies":"Snake Plant","floor":28.0,"turns":5.0},{"damage":16.0,"enemies":"Centurion and Healer","floor":30.0,"turns":6.0},{"damage":23,"enemies":"Cultist and Chosen","floor":31,"turns":4}],"seed_played":"-3632270854390500971","potions_obtained":[{"floor":2.0,"key":"DuplicationPotion"},{"floor":7.0,"key":"ColorlessPotion"},{"floor":16.0,"key":"Explosive Potion"}],"is_trial":false,"path_per_floor":["M","M","?","M","$","E","M","R","T","R","M","?","E","?","R","B",null,"M","M","?","?","M","E","R","M","T","M","M","$","M","M"],"character_chosen":"THE_SILENT","items_purchased":["Sucker Punch","Blade Dance","Happy Flower","PiercingWail"],"campfire_rested":2,"item_purchase_floors":[5,29,29,29],"current_hp_per_floor":[61,58,58,57,57,35,35,35,35,35,35,35,15,8,29,5,54,49,49,49,49,38,14,35,22,22,19,6,21,5,0,0],"gold":42,"neow_bonus":"DSIX","is_daily":false,"chose_seed":false,"campfire_upgraded":2,"win_rate":0.0,"timestamp":1611638146,"path_taken":["M","M","?","M","?","E","M","R","T","R","M","?","E","?","R","BOSS","M","M","?","?","?","E","R","M","T","M","M","$","M","M"],"items_purchased_type":["Card","Card","Relic","Card"],"build_version":"2020-12-22","purchased_purges":2,"victory":false,"max_hp_per_floor":[70,70,70,70,70,70,70,70,70,70,70,70,70,70,70,70,70,70,70,70,70,70,70,70,70,70,70,70,70,70,70,70],"card_choices":[{"not_picked":["Calculated Gamble","Prepared"],"picked":"Cloak And Dagger","floor":1.0},{"not_picked":["Cloak And Dagger","Quick Slash"],"picked":"Riddle With Holes","floor":2.0},{"not_picked":["Dodge and Roll","Cloak And Dagger","Deadly Poison"],"picked":"SKIP","floor":4.0},{"not_picked":["Cloak And Dagger","Slice"],"picked":"Envenom","floor":6.0},{"not_picked":["Deflect","Prepared"],"picked":"Backflip","floor":7.0},{"not_picked":["Endless Agony","Deadly Poison","Setup"],"picked":"SKIP","floor":11.0},{"not_picked":["Bullet Time","Calculated Gamble"],"picked":"Footwork","floor":13.0},{"not_picked":["Bullet Time","Doppelganger"],"picked":"Storm of Steel","floor":16.0},{"not_picked":["Slice","Cloak And Dagger"],"picked":"Acrobatics","floor":18.0},{"not_picked":["Distraction+1","Slice"],"picked":"Dash","floor":19.0},{"not_picked":["Deadly Poison","Dash","All Out Attack"],"picked":"SKIP","floor":22.0},{"not_picked":["Prepared","Cloak And Dagger"],"picked":"Calculated Gamble","floor":23.0},{"not_picked":["Slice","Underhanded Strike"],"picked":"Blade Dance","floor":25.0},{"not_picked":["Dodge and Roll","Underhanded Strike"],"picked":"Terror","floor":27.0},{"not_picked":["Flying Knee","PiercingWail"],"picked":"Die Die Die","floor":28.0},{"not_picked":["Catalyst","Deflect"],"picked":"Accuracy","floor":30.0}],"player_experience":259341,"relics_obtained":[{"floor":6.0,"key":"Ninja Scroll"},{"floor":13.0,"key":"hubris:ToyBattleship"},{"floor":23.0,"key":"MealTicket"},{"floor":26.0,"key":"Ancient Tea Set"}],"event_choices":[{"cards_removed":["Strike_G"],"damage_healed":0.0,"max_hp_gain":0.0,"max_hp_loss":0.0,"gold_gain":0.0,"event_name":"Golden Wing","player_choice":"Card Removal","floor":14.0,"gold_loss":0.0,"damage_taken":7.0},{"damage_healed":0.0,"max_hp_gain":0.0,"max_hp_loss":0.0,"gold_gain":0.0,"event_name":"The Mausoleum","player_choice":"Opened","floor":20.0,"gold_loss":0.0,"damage_taken":0.0,"relics_obtained":["Juzu Bracelet"]},{"damage_healed":0.0,"max_hp_gain":0.0,"max_hp_loss":0.0,"gold_gain":0.0,"event_name":"N\u0027loth","player_choice":"Traded Relic","floor":21.0,"relics_lost":["Juzu Bracelet"],"gold_loss":0.0,"damage_taken":0.0,"relics_obtained":["Nloth\u0027s Gift"]}],"is_beta":false,"boss_relics":[{"not_picked":["HoveringKite","hubris:RunicObelisk"],"picked":"Sozu"}],"items_purged_floors":[5,29],"is_endless":false,"potions_floor_spawned":[2,7,16,18,19,27],"killed_by":"Cultist and Chosen","ascension_level":12}}