{"host":"kvo7eymyd21g9abd","time":1611688398,"event":{"mods":["AchievementEnabler","BaseMod","Bestiary","Colored Map","Minty Spire (QoL Compilation)","StSLib"],"gold_per_floor":[113,133,133,133,83,83,83,109,109,120,132,132,166,176,176,176,176],"floor_reached":16,"language":"ENG","playtime":635,"items_purged":[],"score":116,"play_id":"1e2b0248-3634-40e0-a83d-9cc34033dc98","local_time":"20210126141318","is_ascension_mode":true,"campfire_choices":[{"floor":6,"key":"RECALL"},{"floor":12,"key":"REST"},{"floor":15,"key":"REST"}],"circlet_count":0,"master_deck":["Strike_P","Strike_P","Strike_P","Strike_P","Defend_P","Defend_P","Defend_P","Defend_P","Eruption","Vigilance","FollowUp","Collect","Crescendo","Conclude","SandsOfTime","FlyingSleeves"],"relics":["PureWater","Strawberry","Boot","Eternal Feather","Turnip","Oddly Smooth Stone","White Beast Statue"],"acts_visited":["Exordium"],"potions_floor_usage":[8,16,16,16],"damage_taken":[{"damage":5,"enemies":"2 Louse","floor":1,"turns":3},{"damage":2,"enemies":"Jaw Worm","floor":2,"turns":4},{"damage":19,"enemies":"Lagavulin","floor":8,"turns":6},{"damage":0,"enemies":"Cultist","floor":10,"turns":3},{"damage":6,"enemies":"2 Fungi Beasts","floor":11,"turns":3},{"damage":18,"enemies":"3 Sentries","floor":13,"turns":4},{"damage":23,"enemies":"Gremlin Gang","floor":14,"turns":4},{"damage":49,"enemies":"The Guardian","floor":16,"turns":7}],"seed_played":"-5695755991477110003","potions_obtained":[{"floor":1,"key":"Dexterity Potion"},{"floor":11,"key":"Block Potion"},{"floor":13,"key":"Fire Potion"},{"floor":14,"key":"SpeedPotion"}],"is_trial":false,"path_per_floor":["M","M","?","T","$","R","?","E","T","M","M","R","E","M","R","B"],"character_chosen":"WATCHER","items_purchased":["Block Potion"],"campfire_rested":2,"item_purchase_floors":[5],"current_hp_per_floor":[74,72,39,39,39,45,45,26,26,26,20,52,34,11,43,0,0],"gold":176,"neow_bonus":"RANDOM_COMMON_RELIC","is_daily":false,"chose_seed":false,"campfire_upgraded":0,"win_rate":0.0,"timestamp":1611688398,"path_taken":["M","M","?","?","$","R","?","E","T","M","?","R","E","M","R","BOSS"],"items_purchased_type":["Potion"],"build_version":"2020-12-22","purchased_purges":0,"victory":false,"max_hp_per_floor":[79,79,79,79,79,79,79,79,79,79,79,79,79,79,79,79,79],"card_choices":[{"not_picked":["EmptyMind","Wireheading"],"picked":"FollowUp","floor":1},{"not_picked":["Prostrate","CutThroughFate"],"picked":"Collect","floor":2},{"not_picked":["FollowUp","FlurryOfBlows"],"picked":"Crescendo","floor":8},{"not_picked":["Collect","Worship"],"picked":"Conclude","floor":10},{"not_picked":["Meditate","Evaluate"],"picked":"SandsOfTime","floor":11},{"not_picked":["Tantrum","FlurryOfBlows"],"picked":"FlyingSleeves","floor":13},{"not_picked":["FlurryOfBlows","SignatureMove","ThirdEye"],"picked":"SKIP","floor":14}],"player_experience":423527,"relics_obtained":[{"floor":4,"key":"Eternal Feather"},{"floor":8,"key":"Oddly Smooth Stone"},{"floor":13,"key":"White Beast Statue"}],"event_choices":[{"damage_healed":0,"gold_gain":0,"player_choice":"Success","damage_taken":33,"relics_obtained":["Boot"],"max_hp_gain":0,"max_hp_loss":0,"event_name":"Scrap Ooze","floor":3,"gold_loss":0},{"damage_healed":0,"gold_gain":0,"player_choice":"Gave Potion","damage_taken":0,"relics_obtained":["Turnip"],"max_hp_gain":0,"max_hp_loss":0,"event_name":"WeMeetAgain","floor":7,"gold_loss":0}],"is_beta":false,"boss_relics":[],"items_purged_floors":[],"is_endless":false,"potions_floor_spawned":[1,11,13,14],"killed_by":"The Guardian","ascension_level":1}}