{"host":"kw4o7b3ro2ktmmbe","time":1611635608,"event":{"mods":["BaseMod","Evolution","Minty Spire (QoL Compilation)","StSLib","The Druid"],"gold_per_floor":[16,29,29,129,141,167,181,198,222,222,68,68,68,87,87,184,184,168,183,197,197,197,197,207,242,319,338,190,190,3,3,3,3,3],"floor_reached":33,"language":"ENG","playtime":2588,"items_purged":[],"score":370,"play_id":"ca31d704-ef74-4772-854a-4161bce156e3","local_time":"20210126173328","is_ascension_mode":true,"campfire_choices":[{"data":"theDruid:ApexPredator","floor":10.0,"key":"SMITH"},{"data":"theDruid:Recoil","floor":12.0,"key":"SMITH"},{"data":"theDruid:BriarArmor","floor":15.0,"key":"SMITH"},{"data":"theDruid:NaturalAgility","floor":23.0,"key":"SMITH"},{"data":"theDruid:Rabid","floor":29,"key":"SMITH"},{"floor":32,"key":"REST"}],"circlet_count":0,"master_deck":["theDruid:IronClaw","theDruid:IronClaw","theDruid:IronClaw","theDruid:IronClaw","theDruid:Defend_O","theDruid:Defend_O","theDruid:Defend_O","theDruid:BriarArmor+1","theDruid:WildSlash","theDruid:Forage","theDruid:WallofRoots","theDruid:Recoil+1","theDruid:ApexPredator+1","theDruid:ForestGuard","theDruid:Fortitude","theDruid:Rabid+1","theDruid:PrimalStrength","theDruid:NaturalAgility+1","theDruid:Recoil+1","theDruid:NaturalAgility","theDruid:ApexPredator","theDruid:NaturalAgility"],"relics":["theDruid:CrownOfTheWilds","EVO:Axolotl","Omamori","Tiny Chest","HandDrill","FaceOfCleric","Runic Dome","Bottled Lightning","Anchor","Meat on the Bone","Blood Vial","MealTicket","Lantern"],"acts_visited":["Exordium","TheCity"],"potions_floor_usage":[24,24,25,27],"damage_taken":[{"damage":0.0,"enemies":"Small Slimes","floor":1.0,"turns":3.0},{"damage":0.0,"enemies":"2 Louse","floor":2.0,"turns":2.0},{"damage":0.0,"enemies":"Cultist","floor":5.0,"turns":3.0},{"damage":40.0,"enemies":"Lagavulin","floor":6.0,"turns":8.0},{"damage":0.0,"enemies":"3 Louse","floor":7.0,"turns":3.0},{"damage":12.0,"enemies":"Lots of Slimes","floor":8.0,"turns":4.0},{"damage":11.0,"enemies":"Looter","floor":14.0,"turns":4.0},{"damage":4.0,"enemies":"The Guardian","floor":16.0,"turns":9.0},{"damage":5.0,"enemies":"2 Thieves","floor":18.0,"turns":4.0},{"damage":4.0,"enemies":"Chosen","floor":19.0,"turns":6.0},{"damage":18.0,"enemies":"Snake Plant","floor":20.0,"turns":7.0},{"damage":15,"enemies":"Snecko","floor":24,"turns":6},{"damage":46,"enemies":"Gremlin Leader","floor":25,"turns":6},{"damage":21,"enemies":"Centurion and Healer","floor":27,"turns":10},{"damage":48,"enemies":"Collector","floor":33,"turns":3}],"seed_played":"4685781267756034356","potions_obtained":[{"floor":1.0,"key":"GamblersBrew"},{"floor":6.0,"key":"Strength Potion"},{"floor":14.0,"key":"SpeedPotion"},{"floor":16.0,"key":"Fire Potion"},{"floor":20.0,"key":"Swift Potion"},{"floor":24,"key":"LiquidBronze"},{"floor":25,"key":"SkillPotion"}],"is_trial":false,"path_per_floor":["M","M","?","?","M","E","M","M","T","R","$","R","?","M","R","B",null,"M","M","M","?","T","R","M","E","T","M","$","R","$","T","R","B"],"character_chosen":"DRUID","items_purchased":["HandDrill","Blood Vial","MealTicket","theDruid:NaturalAgility"],"campfire_rested":1,"item_purchase_floors":[11,28,30,30],"current_hp_per_floor":[89,89,89,89,89,52,55,46,46,46,46,46,46,39,39,39,91,87,87,73,73,73,73,62,20,20,15,15,15,15,15,44,0,0],"gold":3,"neow_bonus":"TWENTY_PERCENT_HP_BONUS","is_daily":false,"chose_seed":false,"campfire_upgraded":5,"win_rate":0.0,"timestamp":1611635608,"path_taken":["M","M","?","?","M","E","?","M","T","R","$","R","?","M","R","BOSS","M","M","?","?","?","R","?","E","T","M","?","R","$","?","R","BOSS"],"items_purchased_type":["Relic","Relic","Relic","Card"],"build_version":"2020-12-22","purchased_purges":0,"victory":false,"max_hp_per_floor":[89,89,89,89,89,89,89,89,89,89,89,89,89,90,90,91,91,92,93,94,94,94,94,95,96,96,97,97,97,97,97,97,97,97],"card_choices":[{"not_picked":["theDruid:WildArmor","theDruid:BrambleLash"],"picked":"theDruid:Forage","floor":1.0},{"not_picked":["theDruid:BloodiedFur","theDruid:PlagueClaw"],"picked":"theDruid:WallofRoots","floor":2.0},{"not_picked":["theDruid:Untamed","theDruid:Swipe","theDruid:ThickHide"],"picked":"SKIP","floor":5.0},{"not_picked":["theDruid:Moonbeam","theDruid:FelineGrace","theDruid:IronClaw"],"picked":"SKIP","floor":6.0},{"not_picked":["theDruid:PlagueClaw","theDruid:BrambleLash"],"picked":"theDruid:ApexPredator","floor":7.0},{"not_picked":["theDruid:Scavenge","theDruid:Starfall"],"picked":"theDruid:ForestGuard","floor":8.0},{"not_picked":["theDruid:BlessedStrike","theDruid:WildArmor"],"picked":"theDruid:Fortitude","floor":14.0},{"not_picked":["theDruid:SurvivalCache","theDruid:TwinStars"],"picked":"theDruid:Rabid","floor":16.0},{"not_picked":["theDruid:PlagueClaw","theDruid:FuriousSlash","theDruid:WallofRoots"],"picked":"SKIP","floor":18.0},{"not_picked":["theDruid:AstralShield+1","theDruid:Thornburst"],"picked":"theDruid:PrimalStrength","floor":19.0},{"not_picked":["theDruid:FelineGrace","theDruid:FuriousSlash"],"picked":"theDruid:NaturalAgility","floor":20.0},{"not_picked":["theDruid:PlagueClaw","theDruid:ThornStrike"],"picked":"theDruid:Recoil+1","floor":24},{"not_picked":["theDruid:Pathfinder","theDruid:IronClaw+1"],"picked":"theDruid:NaturalAgility","floor":25},{"not_picked":["theDruid:Resupply+1","theDruid:BrambleLash"],"picked":"theDruid:ApexPredator","floor":27}],"player_experience":1881855,"relics_obtained":[{"floor":6.0,"key":"Omamori"},{"floor":9.0,"key":"Tiny Chest"},{"floor":22.0,"key":"Bottled Lightning"},{"floor":25,"key":"Anchor"},{"floor":26,"key":"Meat on the Bone"},{"floor":31,"key":"Lantern"}],"event_choices":[{"damage_healed":0.0,"max_hp_gain":0.0,"max_hp_loss":0.0,"gold_gain":0.0,"cards_transformed":["theDruid:Defend_O"],"event_name":"Living Wall","player_choice":"Change","floor":3.0,"gold_loss":0.0,"damage_taken":0.0,"cards_obtained":["theDruid:Recoil"]},{"damage_healed":0.0,"max_hp_gain":0.0,"max_hp_loss":0.0,"gold_gain":100.0,"event_name":"Golden Shrine","player_choice":"Pray","floor":4.0,"gold_loss":0.0,"damage_taken":0.0},{"damage_healed":0.0,"max_hp_gain":0.0,"max_hp_loss":0.0,"gold_gain":0.0,"event_name":"FaceTrader","player_choice":"Trade","floor":13.0,"gold_loss":0.0,"damage_taken":0.0,"relics_obtained":["FaceOfCleric"]},{"damage_healed":0.0,"max_hp_gain":0.0,"max_hp_loss":0.0,"gold_gain":0.0,"event_name":"The Woman in Blue","player_choice":"Bought 0 Potions","floor":21.0,"gold_loss":0.0,"damage_taken":0.0}],"is_beta":false,"boss_relics":[{"not_picked":["Tiny House","Pandora\u0027s Box"],"picked":"Runic Dome"}],"items_purged_floors":[],"is_endless":false,"potions_floor_spawned":[1,6,14,16,20,24,25],"killed_by":"Collector","ascension_level":4}}