{"host":"p7j7o00jacnw7qzt","time":1611636862,"event":{"mods":["BaseMod","Colored Map","Colored Powertips","DeckTracker","Highlight Path","Minty Spire (QoL Compilation)","Relic Stats"],"gold_per_floor":[112,262,77,77,97,130,130,130,130],"floor_reached":8,"language":"ZHS","playtime":359,"items_purged":["Doubt"],"score":108,"play_id":"24123251-dca4-4aa1-8915-2a42072c7013","local_time":"20210125235422","is_ascension_mode":true,"campfire_choices":[{"data":"Blade Dance","floor":7,"key":"SMITH"}],"circlet_count":0,"master_deck":["AscendersBane","Strike_G","Strike_G","Defend_G","Defend_G","Defend_G","Defend_G","Defend_G","Survivor","Neutralize","Deflect","Blade Dance+1","Leg Sweep"],"relics":["Ring of the Snake","Nunchaku"],"acts_visited":["Exordium"],"potions_floor_usage":[6,6,8],"damage_taken":[{"damage":0.0,"enemies":"Small Slimes","floor":1.0,"turns":3.0},{"damage":0.0,"enemies":"2 Louse","floor":5.0,"turns":3.0},{"damage":15,"enemies":"3 Sentries","floor":6,"turns":11},{"damage":47,"enemies":"Gremlin Nob","floor":8,"turns":5}],"seed_played":"-408862419701611207","potions_obtained":[{"floor":5.0,"key":"DistilledChaos"},{"floor":6,"key":"CunningPotion"}],"is_trial":false,"path_per_floor":["M","?","$","?","M","E","R","E"],"character_chosen":"THE_SILENT","items_purchased":["Blade Dance","Strength Potion"],"campfire_rested":0,"item_purchase_floors":[3,3],"current_hp_per_floor":[59,59,59,59,59,44,44,0,0],"gold":130,"neow_bonus":"REMOVE_TWO","is_daily":false,"chose_seed":false,"campfire_upgraded":1,"win_rate":0.0,"timestamp":1611636862,"path_taken":["M","?","$","?","?","E","R","E"],"items_purchased_type":["Card","Potion"],"build_version":"2020-12-22","purchased_purges":1,"victory":false,"max_hp_per_floor":[60,60,60,60,60,60,60,60,60],"relic_stats":{"Nunchaku":[1],"counters":[4,22],"obtain_stats":[{"Nunchaku":6,"Ring of the Snake":0},{"Nunchaku":3,"Ring of the Snake":0},{"Nunchaku":17,"Ring of the Snake":0}],"Ring of the Snake":[8]},"card_choices":[{"not_picked":["Cloak And Dagger","Expertise"],"picked":"Deflect","floor":1.0},{"not_picked":["Underhanded Strike","Slice"],"picked":"Leg Sweep","floor":5.0},{"not_picked":["Deflect","Underhanded Strike","Dodge and Roll"],"picked":"SKIP","floor":6}],"player_experience":1044806,"relics_obtained":[{"floor":6,"key":"Nunchaku"}],"event_choices":[{"damage_healed":0.0,"max_hp_gain":0.0,"max_hp_loss":0.0,"gold_gain":150.0,"event_name":"Liars Game","player_choice":"AGREE","floor":2.0,"gold_loss":0.0,"damage_taken":0.0,"cards_obtained":["Doubt"]},{"cards_removed":["Strike_G"],"damage_healed":0.0,"max_hp_gain":0.0,"max_hp_loss":0.0,"gold_gain":0.0,"event_name":"Bonfire Elementals","player_choice":"Offered Basic","floor":4.0,"gold_loss":0.0,"damage_taken":0.0}],"is_beta":false,"boss_relics":[],"items_purged_floors":[3],"is_endless":false,"potions_floor_spawned":[5,6],"killed_by":"Gremlin Nob","ascension_level":20}}