{"host":"xp5rvh2jwe2ejyfm","time":1611628873,"event":{"mods":["BaseMod","Downfall","Duelist Mod","GifTheSpireLib","Gremlin Mod","Hermit","Hubris","Minty Spire (QoL Compilation)","Robot Space Explorer","StSLib","The Blackbeard","The Clintock","The Construct","The Cursed","The Disciple","The Forsaken","The Hierophant","The Necromancer","The Runesmith","The Servant 0.9.4"],"gold_per_floor":[117,217,70,82,96,96,123,123,123,123,147,163,173,47,47,144,144,158,174,184,37,37,64,64,75,75,75,106,106,106,121,121,216,216,229,242,10,28,28,28],"floor_reached":39,"language":"ENG","playtime":1381,"items_purged":[],"score":446,"play_id":"fed0cdc5-a8f6-4e69-9cc5-c1a287e24fc3","local_time":"20210125214113","is_ascension_mode":false,"campfire_choices":[{"data":"TheCursedMod:CursedWand","floor":6,"key":"SMITH"},{"floor":10,"key":"REST"},{"floor":15,"key":"REST"},{"data":"TheCursedMod:CircleOfFlame","floor":24,"key":"SMITH"},{"floor":29,"key":"REST"},{"data":"TheCursedMod:EmpowerCircles","floor":32,"key":"SMITH"}],"circlet_count":0,"master_deck":["TheCursedMod:Strike_TheCursed","TheCursedMod:Strike_TheCursed","TheCursedMod:Strike_TheCursed","TheCursedMod:Strike_TheCursed","TheCursedMod:Defend_TheCursed","TheCursedMod:Defend_TheCursed","TheCursedMod:Defend_TheCursed","TheCursedMod:Defend_TheCursed","TheCursedMod:CursedWand+1","TheCursedMod:CleanUpWorkshop","TheCursedMod:Dregs","Trip","TheCursedMod:Wield","TheCursedMod:CircleOfCorruption","TheCursedMod:RavingStaff","TheCursedMod:CircleOfFlame+1","TheCursedMod:SpreadPlague","TheCursedMod:CursedStaff+1","TheCursedMod:TacticalStrike+1","TheCursedMod:ReleasedStrength","TheCursedMod:WearCloak","TheCursedMod:SoulReap+1","TheCursedMod:CircleOfAbyss","TheCursedMod:SpreadPlague+1","TheCursedMod:EmpowerCircles+1","TheCursedMod:HellfireBreathing+1","TheCursedMod:SmokeScreen","TheCursedMod:AbyssShockwave+1","TheCursedMod:CircleOfCorruption+1","TheCursedMod:SpitefulPlan","TheCursedMod:ShockAndAwe+1","TheCursedMod:Stigma+1","TheCursedMod:WearCloak+1","TheCursedMod:HellfireBreathing","TheCursedMod:VitalStrike+1"],"relics":["TheCursedMod:BlackMagic101","Molten Egg 2","hubris:Towel","TheCursedMod:DemonicMark","PreservedInsect","TheCursedMod:FourLeafCloverCharm","Toolbox","Bottled Tornado","Eternal Feather","Strawberry","Sundial","Cursed Key","TheCursedMod:PinkPellets"],"acts_visited":["Exordium","TheCity","TheBeyond"],"potions_floor_usage":[12,16,16,20,28,31],"damage_taken":[{"damage":4,"enemies":"Cultist","floor":1,"turns":4},{"damage":0,"enemies":"2 Louse","floor":4,"turns":2},{"damage":8,"enemies":"Jaw Worm","floor":5,"turns":3},{"damage":35,"enemies":"Gremlin Nob","floor":7,"turns":4},{"damage":7,"enemies":"2 Fungi Beasts","floor":12,"turns":3},{"damage":17,"enemies":"Gremlin Gang","floor":13,"turns":3},{"damage":30,"enemies":"Hexaghost","floor":16,"turns":8},{"damage":16,"enemies":"Shell Parasite","floor":18,"turns":4},{"damage":42,"enemies":"3 Byrds","floor":19,"turns":5},{"damage":30,"enemies":"Snake Plant","floor":20,"turns":5},{"damage":27,"enemies":"theDuelist:KaibaA2","floor":23,"turns":5},{"damage":42,"enemies":"Centurion and Healer","floor":25,"turns":5},{"damage":11,"enemies":"Slavers","floor":28,"turns":4},{"damage":35,"enemies":"3 Cultists","floor":31,"turns":5},{"damage":28,"enemies":"Automaton","floor":33,"turns":6},{"damage":0,"enemies":"3 Shapes","floor":35,"turns":3},{"damage":10,"enemies":"Orb Walker","floor":36,"turns":2},{"damage":44,"enemies":"Jaw Worm Horde","floor":38,"turns":4},{"damage":42,"enemies":"3 Darklings","floor":39,"turns":2}],"seed_played":"8289899394186499040","potions_obtained":[{"floor":5,"key":"Dexterity Potion"},{"floor":12,"key":"Fruit Juice"},{"floor":13,"key":"AttackPotion"},{"floor":19,"key":"Regen Potion"},{"floor":20,"key":"Energy Potion"},{"floor":25,"key":"SkillPotion"}],"is_trial":false,"path_per_floor":["M","?","$","M","M","R","E","?","T","R","T","M","M","$","R","B",null,"M","M","M","$","?","E","R","M","T","?","E","R","T","M","R","B",null,"M","M","$","M","M"],"character_chosen":"THE_CURSED","items_purchased":["TheCursedMod:LuckyCharm","TheCursedMod:CircleOfCorruption","TheCursedMod:RavingStaff","TheCursedMod:WearCloak","TheCursedMod:SoulReap+1","Toolbox","TheCursedMod:HellfireBreathing","TheCursedMod:PinkPellets"],"campfire_rested":3,"item_purchase_floors":[3,3,3,14,14,21,37,37],"current_hp_per_floor":[71,71,71,71,63,63,28,28,28,50,50,48,31,31,55,33,80,64,27,16,16,80,60,60,26,26,26,32,73,73,42,60,39,87,87,77,77,39,0,0],"gold":28,"neow_bonus":"RANDOM_COLORLESS","is_daily":false,"chose_seed":false,"campfire_upgraded":3,"win_rate":0.0,"timestamp":1611628873,"path_taken":["M","?","?","M","M","R","E","?","T","R","?","?","M","$","R","BOSS","M","M","M","$","?","E","R","?","T","?","E","R","?","M","R","BOSS","M","M","$","M","M"],"items_purchased_type":["Card","Card","Card","Card","Card","Relic","Card","Relic"],"build_version":"2020-12-22","purchased_purges":0,"victory":false,"max_hp_per_floor":[75,75,75,75,75,75,75,75,75,75,75,80,80,80,80,80,80,80,80,80,80,80,80,80,80,80,80,87,87,87,87,87,87,87,87,87,87,87,87,87],"card_choices":[{"not_picked":["Madness","Panacea"],"picked":"Trip","floor":0},{"not_picked":["TheCursedMod:BloodBarrier","TheCursedMod:CursedArmor"],"picked":"TheCursedMod:Wield","floor":1},{"not_picked":["TheCursedMod:Torture","TheCursedMod:CursedAmulet"],"picked":"TheCursedMod:CircleOfFlame","floor":4},{"not_picked":["TheCursedMod:AshesToAshes","TheCursedMod:RavingStaff"],"picked":"TheCursedMod:SpreadPlague","floor":5},{"not_picked":["TheCursedMod:SpitefulPlan","TheCursedMod:FleshFromBone"],"picked":"TheCursedMod:CursedStaff+1","floor":7},{"not_picked":["TheCursedMod:Stretching","TheCursedMod:CursedArmor"],"picked":"TheCursedMod:TacticalStrike+1","floor":12},{"not_picked":["TheCursedMod:SoulCrush+1","TheCursedMod:Wield+1"],"picked":"TheCursedMod:ReleasedStrength","floor":13},{"not_picked":["TheCursedMod:ParallelWorld","TheCursedMod:NeowsMight"],"picked":"TheCursedMod:CircleOfAbyss","floor":16},{"not_picked":["TheCursedMod:CircleOfBlood","TheCursedMod:CircleOfAmplification"],"picked":"TheCursedMod:SpreadPlague+1","floor":18},{"not_picked":["TheCursedMod:Wield+1","TheCursedMod:CursedShiv+1"],"picked":"TheCursedMod:EmpowerCircles","floor":19},{"not_picked":["TheCursedMod:RavingStaff+1","TheCursedMod:StingEye+1"],"picked":"TheCursedMod:HellfireBreathing+1","floor":20},{"not_picked":["TheCursedMod:VitalStrike+1","TheCursedMod:TacticalStrike+1"],"picked":"TheCursedMod:SmokeScreen","floor":23},{"not_picked":["TheCursedMod:Wield+1","TheCursedMod:FuryStrike+1"],"picked":"TheCursedMod:AbyssShockwave+1","floor":25},{"not_picked":["TheCursedMod:CursedArmor","TheCursedMod:SurpriseAttack+1"],"picked":"TheCursedMod:CircleOfCorruption+1","floor":28},{"not_picked":["TheCursedMod:CircleOfWindfury+1","TheCursedMod:FleshFromBone+1"],"picked":"TheCursedMod:SpitefulPlan","floor":31},{"not_picked":["TheCursedMod:DarkBarrier","TheCursedMod:Neurasthenia"],"picked":"TheCursedMod:ShockAndAwe+1","floor":33},{"not_picked":["TheCursedMod:LuckyCharm","TheCursedMod:RavingStaff+1"],"picked":"TheCursedMod:Stigma+1","floor":35},{"not_picked":["TheCursedMod:Obscuration+1","TheCursedMod:CircleOfAmplification"],"picked":"TheCursedMod:WearCloak+1","floor":36},{"not_picked":["TheCursedMod:RavingStaff+1","TheCursedMod:Stretching+1"],"picked":"TheCursedMod:VitalStrike+1","floor":38}],"player_experience":344706,"relics_obtained":[{"floor":7,"key":"Molten Egg 2"},{"floor":9,"key":"TheCursedMod:DemonicMark"},{"floor":11,"key":"PreservedInsect"},{"floor":23,"key":"Bottled Tornado"},{"floor":26,"key":"Eternal Feather"},{"floor":28,"key":"Strawberry"},{"floor":30,"key":"Sundial"}],"event_choices":[{"damage_healed":0,"gold_gain":100,"player_choice":"Pray","damage_taken":0,"max_hp_gain":0,"max_hp_loss":0,"event_name":"Golden Shrine","floor":2,"gold_loss":0},{"cards_removed":["TheCursedMod:LuckyCharm"],"damage_healed":64,"gold_gain":0,"player_choice":"Offered Uncommon","damage_taken":0,"max_hp_gain":0,"max_hp_loss":0,"event_name":"Bonfire Elementals","floor":22,"gold_loss":0}],"is_beta":false,"boss_relics":[{"not_picked":["hubris:CrackedHourglass","hubris:BlackHole"],"picked":"TheCursedMod:FourLeafCloverCharm"},{"not_picked":["Pandora\u0027s Box","hubris:Backtick"],"picked":"Cursed Key"}],"items_purged_floors":[],"is_endless":false,"potions_floor_spawned":[5,12,13,19,20,25],"killed_by":"3 Darklings","ascension_level":0}}