{"host":"7nm1ow5v9mg4ehcw","time":1611693301,"event":{"mods":["BaseMod","Minty Spire (QoL Compilation)","Relic Stats","StSLib"],"gold_per_floor":[111,61,61,23,23,23,51,62,143,172,189,204,204,223,223,319,319,329,345,380,479,479,479],"floor_reached":22,"language":"ENG","playtime":1335,"items_purged":[],"score":301,"play_id":"07b50214-899e-4ca6-9f19-6622bdbcdb12","local_time":"20210126213501","is_ascension_mode":true,"campfire_choices":[{"floor":6,"key":"REST"},{"data":"Crippling Poison","floor":13,"key":"SMITH"},{"floor":15,"key":"REST"}],"circlet_count":0,"master_deck":["AscendersBane","Strike_G","Strike_G","Strike_G+1","Strike_G","Defend_G","Defend_G","Defend_G","Defend_G","Defend_G+1","Survivor","Neutralize","Crippling Poison+1","Leg Sweep+1","Prepared+1","Acrobatics+1","Well Laid Plans","Leg Sweep+1","Tools of the Trade","CurseOfTheBell","Dodge and Roll+1","Flechettes+1"],"relics":["Velvet Choker","Toxic Egg 2","Pear","Mercury Hourglass","Vajra","Calling Bell","Ancient Tea Set","Matryoshka","WingedGreaves","Red Mask"],"acts_visited":["Exordium","TheCity"],"potions_floor_usage":[10,16],"damage_taken":[{"damage":0,"enemies":"2 Louse","floor":1,"turns":4},{"damage":24,"enemies":"3 Sentries","floor":7,"turns":17},{"damage":0,"enemies":"Jaw Worm","floor":8,"turns":7},{"damage":8,"enemies":"Lagavulin","floor":10,"turns":8},{"damage":3,"enemies":"Small Slimes","floor":11,"turns":2},{"damage":0,"enemies":"Looter","floor":12,"turns":3},{"damage":8,"enemies":"Gremlin Gang","floor":14,"turns":3},{"damage":18,"enemies":"The Guardian","floor":16,"turns":15},{"damage":3,"enemies":"Chosen","floor":18,"turns":7},{"damage":18,"enemies":"Spheric Guardian","floor":19,"turns":7},{"damage":31,"enemies":"Masked Bandits","floor":20,"turns":5},{"damage":17,"enemies":"Cultist and Chosen","floor":22,"turns":6}],"seed_played":"-3961374016079648479","potions_obtained":[{"floor":1,"key":"CunningPotion"},{"floor":10,"key":"Strength Potion"},{"floor":18,"key":"LiquidMemories"}],"is_trial":false,"path_per_floor":["M","?","?","$","?","R","E","M","T","E","M","M","R","M","R","B",null,"M","M","?","?","M"],"character_chosen":"THE_SILENT","items_purchased":["Crippling Poison"],"campfire_rested":2,"item_purchase_floors":[4],"current_hp_per_floor":[63,63,49,49,31,52,38,38,38,30,27,27,27,19,43,25,66,63,45,14,14,0,0],"gold":479,"neow_bonus":"BOSS_RELIC","is_daily":false,"chose_seed":false,"campfire_upgraded":1,"win_rate":0.0,"timestamp":1611693301,"path_taken":["M","?","?","$","?","R","E","M","T","E","M","?","R","M","R","BOSS","M","M","?","?","M"],"items_purchased_type":["Card"],"build_version":"2020-12-22","purchased_purges":0,"victory":false,"max_hp_per_floor":[70,70,70,70,70,70,80,80,80,80,80,80,80,80,80,80,80,80,80,80,80,80,80],"relic_stats":{"counters":[12,84],"obtain_stats":[{"Calling Bell":17,"Pear":7,"Matryoshka":17,"Velvet Choker":0,"Vajra":10,"WingedGreaves":17,"Red Mask":20,"Toxic Egg 2":5,"Ancient Tea Set":17,"Ring of the Snake":0,"Mercury Hourglass":9},{"Calling Bell":8,"Pear":2,"Matryoshka":8,"Velvet Choker":0,"Vajra":4,"WingedGreaves":8,"Red Mask":11,"Toxic Egg 2":1,"Ancient Tea Set":8,"Ring of the Snake":0,"Mercury Hourglass":3},{"Calling Bell":59,"Pear":21,"Matryoshka":59,"Velvet Choker":0,"Vajra":36,"WingedGreaves":59,"Red Mask":78,"Toxic Egg 2":4,"Ancient Tea Set":59,"Ring of the Snake":0,"Mercury Hourglass":28}],"Mercury Hourglass":[184]},"card_choices":[{"not_picked":["Finisher","Prepared","Masterful Stab"],"picked":"SKIP","floor":1},{"not_picked":["Deflect+1","Dagger Spray"],"picked":"Leg Sweep+1","floor":7},{"not_picked":["Underhanded Strike","Deflect+1"],"picked":"Prepared+1","floor":8},{"not_picked":["Blade Dance+1","Sucker Punch","Outmaneuver+1"],"picked":"SKIP","floor":10},{"not_picked":["Underhanded Strike","Bullet Time+1"],"picked":"Acrobatics+1","floor":11},{"not_picked":["Flying Knee","Sucker Punch"],"picked":"Well Laid Plans","floor":12},{"not_picked":["Sucker Punch","Setup+1"],"picked":"Leg Sweep+1","floor":14},{"not_picked":["Die Die Die","Adrenaline+1"],"picked":"Tools of the Trade","floor":16},{"not_picked":["Sucker Punch","PiercingWail+1"],"picked":"Dodge and Roll+1","floor":18},{"not_picked":["Backflip+1","Riddle With Holes"],"picked":"Flechettes+1","floor":19}],"player_experience":350961,"relics_obtained":[{"floor":7,"key":"Pear"},{"floor":9,"key":"Mercury Hourglass"},{"floor":10,"key":"Vajra"},{"floor":17,"key":"Ancient Tea Set"},{"floor":17,"key":"Matryoshka"},{"floor":17,"key":"WingedGreaves"},{"floor":20,"key":"Red Mask"}],"event_choices":[{"cards_removed":["Strike_G"],"damage_healed":0,"gold_gain":0,"player_choice":"Card Removal","damage_taken":0,"max_hp_gain":0,"max_hp_loss":0,"event_name":"The Cleric","floor":2,"gold_loss":50},{"damage_healed":0,"gold_gain":0,"player_choice":"Entered Light","damage_taken":14,"max_hp_gain":0,"max_hp_loss":0,"event_name":"Shining Light","floor":3,"gold_loss":0,"cards_upgraded":["Strike_G","Defend_G"]},{"damage_healed":0,"gold_gain":0,"player_choice":"Success","damage_taken":18,"relics_obtained":["Toxic Egg 2"],"max_hp_gain":0,"max_hp_loss":0,"event_name":"Scrap Ooze","floor":5,"gold_loss":0},{"damage_healed":0,"gold_gain":0,"player_choice":"Fought Bandits","damage_taken":0,"max_hp_gain":0,"max_hp_loss":0,"event_name":"Masked Bandits","floor":20,"gold_loss":0},{"damage_healed":0,"gold_gain":99,"player_choice":"Stole From Cult","damage_taken":0,"max_hp_gain":0,"max_hp_loss":0,"event_name":"Nest","floor":21,"gold_loss":0}],"is_beta":false,"boss_relics":[{"not_picked":["Busted Crown","SlaversCollar"],"picked":"Calling Bell"}],"items_purged_floors":[],"is_endless":false,"potions_floor_spawned":[1,10,18],"killed_by":"Cultist and Chosen","ascension_level":11}}