{"host":"oeotdbd679q6m6vu","time":1611629624,"event":{"mods":["Act Like it!","BaseMod","Colored Map","Decade(Õı–°√˜)","Downfall","Friendly Minions","Gensokyo","GifTheSpireLib","Highlight Path","HololiveMod","Lobotomy","Marisa£®ÏF”Í°°ƒß¿Ì…≥£©","Minty Spire (QoL Compilation)","Rare Cards Sparkle","Reimu£®≤©¿ˆ¡È√Œ£©","StSLib","The Alterego","The Animator","The Bug Knight","Youmu£®ªÍ∆«—˝√Œ£©"],"gold_per_floor":[99,110,124,124,138,170,250,283,183,194,94,94,79,98,117,216,216,216,232,332,11,27,56,56,91,51,67,78,110,110,110,128,226,226,226,236,254,266,3,31,31,56,67,145,164,196,96,112,123,123,123,152,4,4,4,4],"floor_reached":57,"language":"ZHS","playtime":4746,"items_purged":["hexamod:Defend"],"score":1469,"play_id":"bbc48044-dbd0-46c1-8d7f-3e8034e6117c","local_time":"20210125215344","is_ascension_mode":true,"campfire_choices":[{"data":"hexamod:Float","floor":1.0,"key":"SMITH"},{"floor":9.0,"key":"RECALL"},{"data":"hexamod:SwordOfDarkness","floor":11.0,"key":"SMITH"},{"data":"hexamod:FastForward","floor":18,"key":"SMITH"},{"data":"hexamod:UnlimitedPower","floor":30,"key":"SMITH"},{"data":"hexamod:NightmareGuise","floor":35,"key":"SMITH"},{"data":"hexamod:SpectralSpark","floor":47,"key":"SMITH"}],"circlet_count":0,"master_deck":["hexamod:Strike+1","hexamod:Strike+1","hexamod:Strike+1","hexamod:Strike+1","hexamod:Defend+1","hexamod:Defend+1","hexamod:Defend+1","hexamod:Sear+1","hexamod:Float+1","hexamod:SwordOfDarkness+1","hexamod:FastForward+1","hexamod:Float+1","hexamod:AdvancingGuard+1","hexamod:FlamesFromBeyond+1","hexamod:FourthSeal","hexamod:EtherealExpedition+1","hexamod:SpectersWail+1","hexamod:FirstSeal","hexamod:NecessarySacrifice+1","hexamod:SixthSeal","hexamod:Hexaguard+1","hexamod:Hexaguard+1","hexamod:TimeOfNeed+1","hexamod:Rewind+1","ZunPunch:ReiMu+1","hexamod:NightmareGuise+1","hexamod:UnlimitedPower+1","hexamod:ShieldOfDarkness+1","hexamod:GhostflameBarrier+1","hexamod:GhostOfSpirePresent+1","hexamod:ThirdSeal","hexamod:SpectralAdrenaline+1","hexamod:ChargedBarrage+1","hexamod:SpectralAdrenaline+1","hexamod:RainOfEmbers+1","hexamod:SpectralAdrenaline+1","expansioncontent:DashGenerateEvil+1","hexamod:TimeWarp+1","hexamod:NightmareStrike+1","hexamod:ExtraCrispy+1","hexamod:SpectralSpark+1","hexamod:SpectralAdrenaline+1","hexamod:FlamesFromBeyond+1","hexamod:HeatShield+1","hexamod:RainOfEmbers+1","hexamod:GiftsFromTheDead+1","hexamod:GhostOfSpirePast+1"],"relics":["hexamod:SpiritBrand","Orichalcum","Meat on the Bone","Bottled Flame","downfall:HeartBlessingGreen","downfall:HeartBlessingRed","Philosopher\u0027s Stone","PureWhite:ReiMu","Frozen Egg 2","TungstenRod","Calipers","Matryoshka","HollowMod:StagPassRelic","HollowMod:LifeEnderRelic","Coffee Dripper","Ancient Tea Set","HollowMod:PaleOreRelic","Bag of Preparation","Pear","Mastiff:ReiMu","Tea:ReiMu","downfall:HeartBlessingBlue","hexamod:InflammatoryLetter"],"acts_visited":["Exordium","TheCity","TheBeyond","TheEnding"],"potions_floor_usage":[19,21,23,28,29,29,33,39,42,43,50,50,56],"damage_taken":[{"damage":1.0,"enemies":"Jaw Worm","floor":2.0,"turns":3.0},{"damage":1.0,"enemies":"Cultist","floor":3.0,"turns":3.0},{"damage":0.0,"enemies":"Small Slimes","floor":5.0,"turns":2.0},{"damage":13.0,"enemies":"3 Sentries","floor":6.0,"turns":7.0},{"damage":13.0,"enemies":"Lagavulin","floor":8.0,"turns":6.0},{"damage":1.0,"enemies":"Red Slaver","floor":10.0,"turns":4.0},{"damage":0.0,"enemies":"downfall:FleeingMerchant","floor":13.0,"turns":4.0},{"damage":5.0,"enemies":"Gremlin Gang","floor":14.0,"turns":4.0},{"damage":0.0,"enemies":"Lots of Slimes","floor":15.0,"turns":3.0},{"damage":38.0,"enemies":"DF_ARCHETYPE_STREAMLINE","floor":16.0,"turns":9.0},{"damage":9,"enemies":"3 Byrds","floor":19,"turns":4},{"damage":29,"enemies":"WA_ARCHETYPE_RETAIN","floor":20,"turns":6},{"damage":1,"enemies":"downfall:FleeingMerchant","floor":21,"turns":4},{"damage":0,"enemies":"Shell Parasite","floor":22,"turns":3},{"damage":0,"enemies":"Gremlin Leader","floor":23,"turns":5},{"damage":32,"enemies":"Slavers","floor":25,"turns":4},{"damage":0,"enemies":"Cultist and Chosen","floor":27,"turns":4},{"damage":2,"enemies":"Centurion and Healer","floor":28,"turns":3},{"damage":30,"enemies":"Gremlin Leader","floor":29,"turns":4},{"damage":2,"enemies":"Chosen and Byrds","floor":32,"turns":3},{"damage":14,"enemies":"SI_MIRROR_ARCHETYPE","floor":33,"turns":7},{"damage":7,"enemies":"Orb Walker","floor":36,"turns":3},{"damage":24,"enemies":"3 Darklings","floor":37,"turns":3},{"damage":0,"enemies":"Jaw Worm Horde","floor":38,"turns":4},{"damage":3,"enemies":"downfall:FleeingMerchant","floor":39,"turns":4},{"damage":0,"enemies":"Giant Head","floor":40,"turns":4},{"damage":13,"enemies":"Reptomancer","floor":42,"turns":3},{"damage":4,"enemies":"4 Shapes","floor":43,"turns":4},{"damage":0,"enemies":"Sphere and 2 Shapes","floor":45,"turns":4},{"damage":25,"enemies":"Nemesis","floor":46,"turns":5},{"damage":0,"enemies":"Maw","floor":48,"turns":4},{"damage":0,"enemies":"Transient","floor":49,"turns":5},{"damage":33,"enemies":"IC_BLOCK_ARCHETYPE","floor":50,"turns":6},{"damage":35,"enemies":"downfall:CharBossMerchant","floor":52,"turns":6},{"damage":0,"enemies":"downfall:NeowBoss","floor":55,"turns":9},{"damage":24,"enemies":"downfall:NeowBossFinal","floor":56,"turns":8}],"seed_played":"-2682312901964179726","potions_obtained":[{"floor":3.0,"key":"Ancient Potion"},{"floor":8.0,"key":"champ:CounterPotion"},{"floor":10.0,"key":"Block Potion"},{"floor":13.0,"key":"Slimebound:ThreeZeroPotion"},{"floor":15.0,"key":"Fire Potion"},{"floor":16.0,"key":"FearPotion"},{"floor":16.0,"key":"SteroidPotion"},{"floor":20,"key":"hexamod:EctoCoolerPotion"},{"floor":20,"key":"Dexterity Potion"},{"floor":21,"key":"Swift Potion"},{"floor":22,"key":"Energy Potion"},{"floor":25,"key":"DuplicationPotion"},{"floor":27,"key":"DistilledChaos"},{"floor":28,"key":"BlessingOfTheForge"},{"floor":29,"key":"SmokeBomb"},{"floor":29,"key":"Regen Potion"},{"floor":33,"key":"Swift Potion"},{"floor":37,"key":"FairyPotion"},{"floor":38,"key":"CultistPotion"},{"floor":38,"key":"PowerPotion"},{"floor":39,"key":"GamblersBrew"},{"floor":40,"key":"DuplicationPotion"},{"floor":42,"key":"PowerPotion"},{"floor":45,"key":"Fire Potion"},{"floor":48,"key":"DistilledChaos"}],"is_trial":false,"path_per_floor":["R","M","M","?","M","E","T","E","R","M","R","?","$","M","M","B",null,"R","M","?","$","M","E","T","E","?","M","M","E","R","?","M","B",null,"R","M","M","M","$","E","T","E","M","T","M","E","R","M","M","B",null,"E","$","R","B","B",null],"character_chosen":"THE_SPIRIT","items_purchased":["TungstenRod","expansioncontent:DashGenerateEvil","FairyPotion","PowerPotion"],"campfire_rested":0,"item_purchase_floors":[21,39,53,53],"current_hp_per_floor":[77,76,75,75,75,62,62,49,49,48,48,53,53,48,55,36,82,82,80,58,57,64,71,71,58,58,65,70,59,59,59,64,72,82,82,82,58,65,62,69,69,63,59,69,76,51,61,68,75,61,102,74,74,102,102,78],"gold":4,"neow_bonus":"TEN_PERCENT_HP_BONUS","is_daily":false,"chose_seed":false,"campfire_upgraded":6,"win_rate":0.0,"timestamp":1611629624,"path_taken":["R","M","M","?","M","E","T","E","R","?","R","?","?","M","M","BOSS","R","M","?","$","M","E","T","E","?","M","M","E","R","?","M","BOSS","R","M","M","M","$","E","T","E","M","?","?","E","R","?","M","BOSS","E","$","R","BOSS","BOSS"],"items_purchased_type":["Relic","Card","Potion","Potion"],"build_version":"2020-12-22","purchased_purges":1,"victory":true,"max_hp_per_floor":[77,77,77,77,77,77,77,77,77,77,77,82,82,82,82,82,82,82,82,82,82,82,82,82,82,82,82,82,82,82,82,82,82,82,82,82,82,82,82,82,82,82,82,92,92,92,102,102,102,102,102,102,102,102,102,102],"card_choices":[{"not_picked":["hexamod:GhostShield","hexamod:NightmareStrike"],"picked":"hexamod:SwordOfDarkness","floor":2.0},{"not_picked":["hexamod:GhostOfSpireFuture","hexamod:SpectersWail"],"picked":"hexamod:FastForward","floor":3.0},{"not_picked":["hexamod:BurningTouch","hexamod:InspiringFlames"],"picked":"hexamod:AdvancingGuard","floor":5.0},{"not_picked":["hexamod:Hexaguard","hexamod:ThermalTransfer"],"picked":"hexamod:FlamesFromBeyond","floor":6.0},{"not_picked":["hexamod:SpectersWail","hexamod:PhantomCloak"],"picked":"hexamod:FourthSeal","floor":8.0},{"not_picked":["hexamod:RetreatToShadows","hexamod:SkipABeat"],"picked":"hexamod:EtherealExpedition","floor":10.0},{"not_picked":["hexamod:AdvancingGuard","hexamod:EtherealExpedition"],"picked":"hexamod:SpectersWail","floor":13.0},{"not_picked":["hexamod:FastForward","hexamod:GhostShield"],"picked":"hexamod:FirstSeal","floor":14.0},{"not_picked":["hexamod:NightmareStrike","hexamod:AdvancingGuard"],"picked":"hexamod:NecessarySacrifice","floor":15.0},{"not_picked":["hexamod:TurnItUp","hexamod:TimeOfNeed"],"picked":"hexamod:SixthSeal","floor":16.0},{"not_picked":["hexamod:HeatCrush","hexamod:GhostShield","hexamod:HauntingEcho+1"],"picked":"SKIP","floor":19},{"not_picked":["hexamod:Firestarter+1","hexamod:ThermalTransfer+1"],"picked":"hexamod:Hexaguard+1","floor":20},{"not_picked":["hexamod:ThermalTransfer+1","hexamod:BacktrackSmack"],"picked":"hexamod:Hexaguard","floor":21},{"not_picked":["hexamod:GhostShield","hexamod:NightmareStrike"],"picked":"hexamod:TimeOfNeed","floor":22},{"not_picked":["hexamod:AdvancingGuard","hexamod:BacktrackSmack"],"picked":"hexamod:Rewind+1","floor":23},{"not_picked":["hexamod:FastForward","hexamod:HeatCrush","hexamod:GhostShield"],"picked":"SKIP","floor":25},{"not_picked":["hexamod:HeatMetal","hexamod:ChargedBarrage"],"picked":"hexamod:NightmareGuise","floor":27},{"not_picked":["hexamod:ThermalTransfer","hexamod:FourthSeal"],"picked":"hexamod:UnlimitedPower","floor":28},{"not_picked":["hexamod:Again","hexamod:DynamicBlow"],"picked":"hexamod:ShieldOfDarkness+1","floor":29},{"not_picked":["hexamod:GhostLash","hexamod:RainOfEmbers"],"picked":"hexamod:GhostflameBarrier+1","floor":32},{"not_picked":["hexamod:FlameSwitch","hexamod:GhostflameInferno"],"picked":"hexamod:GhostOfSpirePresent+1","floor":33},{"not_picked":["hexamod:FastForward","hexamod:FourthSeal"],"picked":"hexamod:ThirdSeal","floor":36},{"not_picked":["hexamod:PowerFromBeyond+1","hexamod:ChargedBarrage"],"picked":"hexamod:SpectralAdrenaline+1","floor":37},{"not_picked":["hexamod:HeatCrush","hexamod:CatchUp"],"picked":"hexamod:ChargedBarrage+1","floor":37},{"not_picked":["hexamod:GhostflameBarrier","hexamod:ChargedBarrage+1"],"picked":"hexamod:SpectralAdrenaline+1","floor":38},{"not_picked":["hexamod:InspiringFlames","hexamod:PhantomFireball","hexamod:ChargedBarrage"],"picked":"SKIP","floor":38},{"not_picked":["hexamod:BurningTouch","hexamod:GhostShield+1"],"picked":"hexamod:RainOfEmbers+1","floor":39},{"not_picked":["hexamod:SpectralSpark","hexamod:HeatCrush+1"],"picked":"hexamod:SpectralAdrenaline+1","floor":39},{"not_picked":["hexamod:AdvancingGuard","hexamod:SwordOfDarkness+1"],"picked":"hexamod:TimeWarp","floor":40},{"not_picked":["hexamod:ThirdSeal","hexamod:HeatShield+1"],"picked":"hexamod:NightmareStrike+1","floor":40},{"not_picked":["hexamod:BacktrackSmack","hexamod:FirstSeal","hexamod:PhantomCloak+1"],"picked":"SKIP","floor":42},{"not_picked":["hexamod:PowerFromBeyond","hexamod:GhostLash"],"picked":"hexamod:ExtraCrispy+1","floor":43},{"not_picked":["hexamod:InspiringFlames","hexamod:GhostShield+1","hexamod:BacktrackSmack+1"],"picked":"SKIP","floor":43},{"not_picked":["hexamod:HeatCrush+1","hexamod:NightmareGuise"],"picked":"hexamod:SpectralSpark","floor":45},{"not_picked":["hexamod:ThermalTransfer+1","hexamod:HauntingEcho","hexamod:InspiringFlames"],"picked":"SKIP","floor":45},{"not_picked":["hexamod:InspiringFlames+1","hexamod:GhostShield"],"picked":"hexamod:SpectralAdrenaline+1","floor":46},{"not_picked":["hexamod:SecondSeal","hexamod:NecessarySacrifice+1"],"picked":"hexamod:FlamesFromBeyond+1","floor":46},{"not_picked":["hexamod:ThirdSeal","hexamod:FourthSeal"],"picked":"hexamod:HeatShield+1","floor":48},{"not_picked":["hexamod:EtherealExpedition","hexamod:SkipABeat+1","hexamod:SwordOfDarkness"],"picked":"SKIP","floor":48},{"not_picked":["hexamod:ShieldOfDarkness","hexamod:FourthSeal"],"picked":"hexamod:RainOfEmbers+1","floor":49},{"not_picked":["hexamod:NightmareStrike+1","hexamod:HauntingEcho"],"picked":"hexamod:GiftsFromTheDead+1","floor":49},{"not_picked":["hexamod:NightmareGuise","hexamod:HeatMetal"],"picked":"hexamod:GhostOfSpirePast+1","floor":52},{"not_picked":["hexamod:Haunt","hexamod:Again+1","hexamod:GhostLash"],"picked":"SKIP","floor":52}],"player_experience":401516,"relics_obtained":[{"floor":6.0,"key":"Orichalcum"},{"floor":7.0,"key":"Meat on the Bone"},{"floor":8.0,"key":"Bottled Flame"},{"floor":20,"key":"PureWhite:ReiMu"},{"floor":20,"key":"Frozen Egg 2"},{"floor":23,"key":"Calipers"},{"floor":24,"key":"Matryoshka"},{"floor":25,"key":"HollowMod:StagPassRelic"},{"floor":29,"key":"HollowMod:LifeEnderRelic"},{"floor":40,"key":"Ancient Tea Set"},{"floor":41,"key":"HollowMod:PaleOreRelic"},{"floor":42,"key":"Bag of Preparation"},{"floor":44,"key":"Pear"},{"floor":44,"key":"Mastiff:ReiMu"},{"floor":46,"key":"Tea:ReiMu"},{"floor":52,"key":"hexamod:InflammatoryLetter"}],"event_choices":[{"damage_healed":0.0,"max_hp_gain":5.0,"max_hp_loss":0.0,"gold_gain":0.0,"event_name":"Big Fish","player_choice":"Donut","floor":12.0,"gold_loss":0.0,"damage_taken":0.0},{"damage_healed":0,"gold_gain":0,"player_choice":"Ωª≥ˆ…Òæ∆","damage_taken":0,"max_hp_gain":0,"max_hp_loss":0,"event_name":"ZunEvent","floor":26,"relics_lost":["ZunR:ReiMu"],"gold_loss":0,"cards_obtained":["ZunPunch:ReiMu"]},{"damage_healed":0,"gold_gain":0,"player_choice":"Forge","damage_taken":0,"max_hp_gain":0,"max_hp_loss":0,"event_name":"Accursed Blacksmith","floor":31,"gold_loss":0,"cards_upgraded":["hexamod:TimeOfNeed"]}],"is_beta":false,"boss_relics":[{"not_picked":["Velvet Choker","Sozu"],"picked":"Philosopher\u0027s Stone"},{"not_picked":["bronze:MakeshiftBattery","Empty Cage"],"picked":"Coffee Dripper"}],"items_purged_floors":[39],"is_endless":false,"potions_floor_spawned":[3,8,16,20,22,25,27,29,33,36,37,38,40,48],"ascension_level":1}}