{"host":"p8f0otjoacyb9giz","time":1611663455,"event":{"mods":["AchievementEnabler","BaseMod","Downfall","Minty Spire (QoL Compilation)","StSLib"],"gold_per_floor":[99,112,129,143,161,179,179,179,179,198,217,217,7,20,30,134,134,134,151,168,180,195,195,195,195,195,195],"floor_reached":25,"language":"ENG","playtime":1178,"items_purged":[],"score":231,"play_id":"253b9923-05c2-4dc2-a622-d027b8649719","local_time":"20210126151735","is_ascension_mode":true,"campfire_choices":[{"data":"champ:Taunt","floor":1,"key":"SMITH"},{"data":"champ:Duel","floor":9,"key":"SMITH"},{"data":"champ:Execute","floor":12,"key":"SMITH"},{"data":"champ:UltimateStance","floor":18,"key":"SMITH"},{"data":"champ:GladiatorStyle","floor":23,"key":"SMITH"}],"circlet_count":0,"master_deck":["champ:Strike","champ:Strike","champ:Strike","champ:Strike","champ:Defend","champ:Defend","champ:Defend","champ:Defend","champ:Execute+1","champ:Taunt+1","champ:BerserkersShout","champ:SteelEdge","champ:EnGarde","champ:DefensiveStyle","champ:Duel+1","champ:AdrenalArmor","champ:Encircle","champ:BringItOn","champ:DeathBlow","champ:RisingSlash","champ:GutPunch","champ:UltimateStance+1","champ:GladiatorStyle+1","champ:RageSigil+1","champ:Haymaker","champ:RageSigil+1"],"relics":["Cursed Key"],"acts_visited":["Exordium","TheCity"],"potions_floor_usage":[25],"damage_taken":[{"damage":21,"enemies":"Cultist","floor":2,"turns":4},{"damage":31,"enemies":"2 Louse","floor":3,"turns":3},{"damage":19,"enemies":"Jaw Worm","floor":4,"turns":3},{"damage":42,"enemies":"Lots of Slimes","floor":5,"turns":7},{"damage":37,"enemies":"3 Louse","floor":6,"turns":4},{"damage":30,"enemies":"Exordium Thugs","floor":10,"turns":4},{"damage":20,"enemies":"Exordium Wildlife","floor":11,"turns":3},{"damage":35,"enemies":"downfall:FleeingMerchant","floor":13,"turns":4},{"damage":30,"enemies":"Large Slime","floor":14,"turns":2},{"damage":19,"enemies":"Red Slaver","floor":15,"turns":3},{"damage":78,"enemies":"WA_ARCHETYPE_RETAIN","floor":16,"turns":7},{"damage":38,"enemies":"Spheric Guardian","floor":19,"turns":4},{"damage":75,"enemies":"Shell Parasite","floor":20,"turns":6},{"damage":64,"enemies":"3 Cultists","floor":21,"turns":5},{"damage":62,"enemies":"Centurion and Healer","floor":22,"turns":7},{"damage":50,"enemies":"Gremlin Leader","floor":25,"turns":2}],"seed_played":"-7867016184546373952","potions_obtained":[{"floor":5,"key":"Dexterity Potion"},{"floor":10,"key":"Dexterity Potion"},{"floor":11,"key":"AttackPotion"}],"is_trial":false,"path_per_floor":["R","M","M","M","M","M","T","?","R","M","M","R","$","M","M","B",null,"R","M","M","M","M","R","T","E"],"character_chosen":"THE_CHAMP","items_purchased":["champ:Encircle","champ:BringItOn","champ:DeathBlow"],"campfire_rested":0,"item_purchase_floors":[13,13,13],"current_hp_per_floor":[90,89,88,79,72,55,55,55,55,55,50,50,50,50,46,28,90,90,87,57,44,42,42,42,0,0,0],"gold":195,"neow_bonus":"BOSS_RELIC","is_daily":false,"chose_seed":false,"campfire_upgraded":5,"win_rate":0.0,"timestamp":1611663455,"path_taken":["R","M","?","M","M","M","T","?","R","M","M","R","$","M","M","BOSS","R","M","M","M","M","R","T","E"],"items_purchased_type":["Card","Card","Card"],"build_version":"2020-12-22","purchased_purges":0,"victory":false,"max_hp_per_floor":[90,90,90,90,90,90,90,90,90,90,90,90,90,90,90,90,90,90,90,90,90,90,90,90,90,90,90],"card_choices":[{"not_picked":["champ:PreciseThrust","champ:BringItOn"],"picked":"champ:BerserkersShout","floor":2},{"not_picked":["champ:PerfectedStrike","champ:IronFortress"],"picked":"champ:SteelEdge","floor":3},{"not_picked":["champ:Circumvent","champ:ShieldSlam"],"picked":"champ:EnGarde","floor":4},{"not_picked":["champ:PreciseThrust","champ:BerserkersShout"],"picked":"champ:DefensiveStyle","floor":5},{"not_picked":["champ:SetATrap","champ:HeartStrike"],"picked":"champ:Duel","floor":6},{"not_picked":["champ:PreciseThrust","champ:CalledShot"],"picked":"champ:AdrenalArmor","floor":10},{"not_picked":["champ:EnGarde","champ:Backstep","champ:BringItOn"],"picked":"SKIP","floor":11},{"not_picked":["champ:ViciousMockery","champ:EnGarde","champ:SwordSigil"],"picked":"SKIP","floor":13},{"not_picked":["champ:AdrenalArmor","champ:BerserkersShout"],"picked":"champ:RisingSlash","floor":14},{"not_picked":["champ:ShieldSlam","champ:FlashCut"],"picked":"champ:GutPunch","floor":15},{"not_picked":["champ:EnchantShield","champ:IgnorePain"],"picked":"champ:UltimateStance","floor":16},{"not_picked":["champ:EnGarde","champ:BerserkerStyle+1"],"picked":"champ:GladiatorStyle","floor":19},{"not_picked":["champ:FanOfKnives","champ:Haymaker"],"picked":"champ:RageSigil+1","floor":20},{"not_picked":["champ:Circumvent+1","champ:Backstep"],"picked":"champ:Haymaker","floor":21},{"not_picked":["champ:GutPunch","champ:SwordSigil"],"picked":"champ:RageSigil+1","floor":22}],"player_experience":408677,"relics_obtained":[],"event_choices":[],"is_beta":false,"boss_relics":[{"not_picked":["champ:PowerArmor","Empty Cage","Snecko Eye"]}],"items_purged_floors":[],"is_endless":false,"potions_floor_spawned":[5,10,11,14,16,21],"killed_by":"Gremlin Leader","ascension_level":3}}