{"host":"uvmuduost5bzvojs","time":1611647719,"event":{"mods":["Aspiration","Bard","BaseMod","Better Match","Block Reminder","Conspire","Hermit","Highlight Path","Hubris","Infinite Spire","Jorbs\u0027s Wanderer Trilogy","Mad Scientist","Marisa????????","Mimic Mod","Minty Spire (QoL Compilation)","Potionbrewer","Replay The Spire","Robot Space Explorer","StSLib","The Blackbeard","The Construct","The Cursed","The Disciple","The Hayseed","The Hierophant","The Juggle","The Jungle","The Poker Player","The Runesmith","The Servant 0.9.4","The Spell Scribe","The Valiant","TheBandit"],"gold_per_floor":[113,13,13,13,81,146,228,228,228,228,295,333,348,390,390,536,536,598,673,699,699,699],"floor_reached":20,"language":"ENG","playtime":1320,"items_purged":[],"score":205,"play_id":"b4fc51b0-4601-4169-8fec-d452473b7c56","local_time":"20210126025519","is_ascension_mode":false,"campfire_choices":[{"data":"wariomod:DeepDig","floor":10,"key":"SMITH"},{"floor":15,"key":"REST"}],"circlet_count":0,"master_deck":["wariomod:Strike","wariomod:Strike","wariomod:Defend","wariomod:Defend","wariomod:Defend","wariomod:Step","wariomod:Leap","wariomod:TreasureDig+1","conspire:SpireCoStock+1","conspire:SpireCoStock+1","wariomod:DeepDig+1","wariomod:SmackSlam","wariomod:Hopshield","wariomod:ThatsNotAll","wariomod:Enshrine","wariomod:CursedSpaces+1","wariomod:Goblast+1","wariomod:HastyRush+1","wariomod:DonateDraw+1"],"relics":["wariomod:TheHat","NeowsBlessing","Replay:Bottled Eggs","Winged Necklace","hubris:TenFootPole","aspiration:FetidBarrel","infinitespire:BottledMercury","Astrolabe"],"acts_visited":["Exordium","TheCity"],"potions_floor_usage":[16,16],"damage_taken":[{"damage":0,"enemies":"2 Louse","floor":1,"turns":1},{"damage":0,"enemies":"Gremlin Nob","floor":6,"turns":2},{"damage":0,"enemies":"Lagavulin Event","floor":7,"turns":2},{"damage":36,"enemies":"3 Sentries","floor":11,"turns":6},{"damage":0,"enemies":"Small Slimes","floor":12,"turns":4},{"damage":6,"enemies":"Jaw Worm","floor":13,"turns":3},{"damage":13,"enemies":"3 Louse","floor":14,"turns":2},{"damage":40,"enemies":"Hexaghost","floor":16,"turns":13},{"damage":7,"enemies":"conspire:FuzzyDice","floor":18,"turns":6},{"damage":46,"enemies":"Shell Parasite","floor":20,"turns":7}],"seed_played":"-1018595560229286484","potions_obtained":[{"floor":11,"key":"SpeedPotion"},{"floor":13,"key":"EssenceOfSteel"},{"floor":16,"key":"Elixir"},{"floor":18,"key":"potionbrewer:EndurancePotion"}],"is_trial":false,"path_per_floor":["M","?","?","$","?","E","?","?","T","R","E","M","M","M","R","B",null,"M","?","M"],"character_chosen":"THE_BANDIT","items_purchased":[],"campfire_rested":1,"item_purchase_floors":[],"current_hp_per_floor":[80,80,80,80,80,80,80,80,80,80,44,44,38,25,49,9,80,73,69,0,0,0],"gold":699,"neow_bonus":"THREE_ENEMY_KILL","is_daily":false,"chose_seed":false,"campfire_upgraded":1,"win_rate":0.0,"timestamp":1611647719,"path_taken":["M","?","?","$","?","E","?","?","T","R","E","M","M","M","R","BOSS","M","?","?"],"items_purchased_type":[],"build_version":"2020-12-22","purchased_purges":0,"victory":false,"max_hp_per_floor":[80,80,80,80,80,80,80,80,80,80,80,80,80,80,80,80,80,80,80,80,80,80],"card_choices":[{"not_picked":["wariomod:HappyHit","wariomod:ThatsNotAll"],"picked":"wariomod:TreasureDig","floor":1},{"not_picked":["wariomod:BigUpgrade","wariomod:BoomForm"],"picked":"wariomod:DeepDig","floor":6},{"not_picked":["wariomod:BumRush","wariomod:Smackflip"],"picked":"wariomod:SmackSlam","floor":7},{"not_picked":["wariomod:BlastDash","wariomod:BodyBlock"],"picked":"wariomod:Hopshield","floor":11},{"not_picked":["wariomod:HappyHop","wariomod:f","wariomod:SpikeSlash"],"picked":"SKIP","floor":12},{"not_picked":["wariomod:SpikeSlash","wariomod:GreaterGuard"],"picked":"wariomod:ThatsNotAll","floor":13},{"not_picked":["wariomod:SpikeSlash","wariomod:Smackflip","wariomod:SpaceSwap"],"picked":"SKIP","floor":14},{"not_picked":["wariomod:VeryLongJump","wariomod:EnergizedBombs"],"picked":"wariomod:Enshrine","floor":16},{"not_picked":["wariomod:ChargeForth","wariomod:ThatsNotAll"],"picked":"wariomod:DonateDraw+1","floor":18}],"player_experience":1817954,"relics_obtained":[{"floor":3,"key":"Replay:Bottled Eggs"},{"floor":6,"key":"Winged Necklace"},{"floor":9,"key":"aspiration:FetidBarrel"},{"floor":11,"key":"infinitespire:BottledMercury"}],"event_choices":[{"damage_healed":0,"gold_gain":0,"player_choice":"Invest 2","damage_taken":0,"max_hp_gain":0,"max_hp_loss":0,"event_name":"conspire:Investor","floor":2,"gold_loss":0},{"damage_healed":0,"gold_gain":68,"player_choice":"Gained Gold","damage_taken":0,"max_hp_gain":0,"max_hp_loss":0,"event_name":"Golden Wing","floor":5,"gold_loss":0},{"damage_healed":0,"gold_gain":0,"player_choice":"Searched \u00272\u0027 times","damage_taken":0,"relics_obtained":["hubris:TenFootPole"],"max_hp_gain":0,"max_hp_loss":0,"event_name":"Dead Adventurer","floor":7,"gold_loss":0},{"damage_healed":0,"gold_gain":75,"player_choice":"Touch","damage_taken":8,"max_hp_gain":0,"max_hp_loss":0,"event_name":"FaceTrader","floor":19,"gold_loss":0}],"is_beta":false,"boss_relics":[{"not_picked":["Velvet Choker","aspiration:FutureDiary"],"picked":"Astrolabe"}],"items_purged_floors":[],"is_endless":false,"potions_floor_spawned":[11,13,16,18],"killed_by":"Shell Parasite","ascension_level":0}}