{"host":"mnpd8gh7cwxsn5kh","time":1611692875,"event":{"mods":["BaseMod","Block Reminder","Colored Map","Colored Powertips","Highlight Path","Minty Spire (QoL Compilation)","Relic Sorter","Relic Stats"],"gold_per_floor":[111,122,122,122,134,162,178,198,198,198,198,158,187,206,206,302,302,317,114,133,145,145,145,158,158,181,181,212,226,22,22,22],"floor_reached":31,"language":"ENG","playtime":3373,"items_purged":[],"score":358,"play_id":"58f6a038-1793-4e0a-bd06-2c8a54edff15","local_time":"20210126212755","is_ascension_mode":true,"campfire_choices":[{"data":"Evaluate","floor":10,"key":"SMITH"},{"data":"Eruption","floor":15,"key":"SMITH"},{"data":"Establishment","floor":23,"key":"SMITH"}],"circlet_count":0,"master_deck":["Defend_P","Defend_P","Eruption+1","Vigilance","Evaluate+1","Consecrate","Protect","FlyingSleeves","Ragnarok","SashWhip","Meditate","EmptyFist","Prostrate","Establishment+1","LikeWater","ClearTheMind","EmptyFist","Vengeance","Vengeance+1","Bite","Bite","Bite","Bite","Bite","SandsOfTime","FollowUp+1","Pray+1","BattleHymn","Evaluate"],"relics":["Empty Cage","Darkstone Periapt","White Beast Statue","Damaru","Sozu","Toolbox","Bronze Scales","Potion Belt","Membership Card"],"acts_visited":["Exordium","TheCity"],"potions_floor_usage":[16,21,21,28],"damage_taken":[{"damage":0,"enemies":"Small Slimes","floor":1,"turns":2},{"damage":1,"enemies":"Jaw Worm","floor":2,"turns":4},{"damage":0,"enemies":"Cultist","floor":5,"turns":4},{"damage":25,"enemies":"3 Sentries","floor":6,"turns":11},{"damage":1,"enemies":"2 Fungi Beasts","floor":7,"turns":3},{"damage":0,"enemies":"Red Slaver","floor":8,"turns":4},{"damage":9,"enemies":"Lagavulin","floor":13,"turns":5},{"damage":5,"enemies":"Lots of Slimes","floor":14,"turns":2},{"damage":0,"enemies":"Slime Boss","floor":16,"turns":4},{"damage":16,"enemies":"2 Thieves","floor":18,"turns":4},{"damage":5,"enemies":"Shell Parasite","floor":20,"turns":5},{"damage":12,"enemies":"Cultist and Chosen","floor":21,"turns":7},{"damage":0,"enemies":"Snake Plant","floor":24,"turns":3},{"damage":28,"enemies":"Slavers","floor":28,"turns":4},{"damage":8,"enemies":"Centurion and Healer","floor":29,"turns":4},{"damage":29,"enemies":"Gremlin Leader","floor":31,"turns":3}],"seed_played":"5343090661540186437","potions_obtained":[{"floor":2,"key":"Explosive Potion"},{"floor":7,"key":"Energy Potion"},{"floor":8,"key":"PowerPotion"},{"floor":13,"key":"Regen Potion"},{"floor":14,"key":"SteroidPotion"},{"floor":16,"key":"FearPotion"}],"is_trial":false,"path_per_floor":["M","M","?","?","M","E","M","M","T","R","?","$","E","M","R","B",null,"M","$","M","M","?","R","M","?","T","?","E","M","$","E"],"character_chosen":"WATCHER","items_purchased":["Meditate","ClearTheMind","Toolbox","Membership Card","BattleHymn","Evaluate"],"campfire_rested":0,"item_purchase_floors":[12,19,19,30,30,30],"current_hp_per_floor":[72,71,71,71,71,46,45,45,45,45,45,45,36,31,31,31,72,56,56,51,39,39,39,39,39,39,39,21,23,23,0,0],"gold":22,"neow_bonus":"BOSS_RELIC","is_daily":false,"chose_seed":false,"campfire_upgraded":3,"win_rate":0.0,"timestamp":1611692875,"path_taken":["M","M","?","?","?","E","M","M","T","R","?","$","E","M","R","BOSS","M","?","?","M","?","R","?","?","T","?","E","M","?","E"],"items_purchased_type":["Card","Card","Relic","Relic","Card","Card"],"build_version":"2020-12-22","purchased_purges":0,"victory":false,"max_hp_per_floor":[72,72,72,72,72,72,72,72,72,72,72,72,72,72,72,72,72,72,72,72,72,72,72,72,50,50,50,50,50,50,50,50],"relic_stats":{"Darkstone Periapt":0,"Sozu":6,"counters":[16,69],"Bronze Scales":[42],"obtain_stats":[{"Darkstone Periapt":4,"Sozu":17,"Potion Belt":28,"Bronze Scales":26,"Damaru":13,"Toolbox":19,"Membership Card":30,"PureWater":0,"Empty Cage":0,"White Beast Statue":6},{"Darkstone Periapt":2,"Sozu":9,"Potion Belt":14,"Bronze Scales":13,"Damaru":7,"Toolbox":10,"Membership Card":15,"PureWater":0,"Empty Cage":0,"White Beast Statue":4},{"Darkstone Periapt":6,"Sozu":39,"Potion Belt":62,"Bronze Scales":58,"Damaru":33,"Toolbox":43,"Membership Card":66,"PureWater":0,"Empty Cage":0,"White Beast Statue":21}]},"card_choices":[{"not_picked":["SashWhip","Prostrate"],"picked":"Evaluate","floor":1},{"not_picked":["ClearTheMind","WaveOfTheHand"],"picked":"Consecrate","floor":2},{"not_picked":["PathToVictory","Crescendo"],"picked":"Protect","floor":5},{"not_picked":["Adaptation","Nirvana"],"picked":"FlyingSleeves","floor":6},{"not_picked":["BowlingBash","Crescendo"],"picked":"Ragnarok","floor":7},{"not_picked":["CrushJoints","Adaptation"],"picked":"SashWhip","floor":8},{"not_picked":["MasterReality","Consecrate"],"picked":"EmptyFist","floor":13},{"not_picked":["EmptyFist","SashWhip"],"picked":"Prostrate","floor":14},{"not_picked":["Brilliance","Ragnarok"],"picked":"Establishment","floor":16},{"not_picked":["Indignation","PathToVictory"],"picked":"LikeWater","floor":18},{"not_picked":["Halt","BowlingBash"],"picked":"EmptyFist","floor":20},{"not_picked":["EmptyBody","ClearTheMind"],"picked":"Vengeance","floor":21},{"not_picked":["Nirvana","Consecrate"],"picked":"Vengeance+1","floor":24},{"not_picked":["WaveOfTheHand","Omniscience"],"picked":"FollowUp+1","floor":28},{"not_picked":["ThirdEye","WaveOfTheHand+1"],"picked":"Pray+1","floor":29}],"player_experience":101171,"relics_obtained":[{"floor":6,"key":"White Beast Statue"},{"floor":13,"key":"Damaru"},{"floor":26,"key":"Bronze Scales"},{"floor":28,"key":"Potion Belt"}],"event_choices":[{"damage_healed":0,"gold_gain":0,"player_choice":"Leave","damage_taken":0,"max_hp_gain":0,"max_hp_loss":0,"event_name":"The Cleric","floor":3,"gold_loss":0},{"damage_healed":0,"gold_gain":0,"player_choice":"Gave Potion","damage_taken":0,"relics_obtained":["Darkstone Periapt"],"max_hp_gain":0,"max_hp_loss":0,"event_name":"WeMeetAgain","floor":4,"gold_loss":0},{"damage_healed":0,"gold_gain":0,"player_choice":"Bought 0 Potions","damage_taken":0,"max_hp_gain":0,"max_hp_loss":0,"event_name":"The Woman in Blue","floor":11,"gold_loss":0},{"cards_removed":["Defend_P"],"damage_healed":0,"gold_gain":0,"player_choice":"Purged","damage_taken":0,"max_hp_gain":0,"max_hp_loss":0,"event_name":"Purifier","floor":22,"gold_loss":0},{"damage_healed":0,"gold_gain":0,"player_choice":"Became a vampire","damage_taken":0,"max_hp_gain":0,"max_hp_loss":22,"event_name":"Vampires","floor":25,"gold_loss":0,"cards_obtained":["Bite","Bite","Bite","Bite","Bite"]},{"damage_healed":0,"gold_gain":0,"player_choice":"Read","damage_taken":0,"max_hp_gain":0,"max_hp_loss":0,"event_name":"The Library","floor":27,"gold_loss":0,"cards_obtained":["SandsOfTime"]}],"is_beta":false,"boss_relics":[{"not_picked":["Runic Pyramid","Tiny House"],"picked":"Sozu"}],"items_purged_floors":[],"is_endless":false,"potions_floor_spawned":[2,7,8,13,14,16,18,20,21,24,28,29],"killed_by":"Gremlin Leader","ascension_level":1}}