{"host":"y2kfqdipa4rrljwb","time":1611627557,"event":{"mods":["ATMod(°¢èªMod)","AchievementEnabler","Act Like it!","Aspiration","BaseMod","Friendly Minions","Infinite Spire","Minty Spire (QoL Compilation)","Random Character Button","Random Character Mod","Relic Stats","Replay The Spire","RumiaBox-Â¶Ã×æ«µÄÉñÃØºÐ×Ó","StSLib","TestMod","¡¾¹¦ÄÜMod¡¿»ìãçÖ®»·ÐÞ¸´²¹¶¡","¡¾ÒÅÎï¿¨ÅÆ¡¿REMEMod"],"gold_per_floor":[110,285,302,320,245,245,245],"floor_reached":6,"language":"ZHS","playtime":457,"items_purged":["Strike_P"],"score":41,"play_id":"d55171af-9d5a-459f-ade3-4b0b3888521a","local_time":"20210126101917","is_ascension_mode":true,"campfire_choices":[],"circlet_count":0,"master_deck":["Strike_P","Strike_P","Strike_P","Defend_P","Defend_P","Defend_P","Defend_P","Eruption","Vigilance","PathToVictory","Doubt","Evaluate","Replay:ManipulateFuture"],"relics":["PureWater","REME_ComplimentaryCards","AT_ATBox","testmod-TestBox"],"acts_visited":["Exordium"],"potions_floor_usage":[],"damage_taken":[{"damage":0.0,"enemies":"2 Louse","floor":1.0,"turns":3.0},{"damage":15.0,"enemies":"Jaw Worm","floor":3.0,"turns":4.0},{"damage":10.0,"enemies":"infinitespire:Voidling","floor":4.0,"turns":4.0},{"damage":0,"enemies":"3 Sentries","floor":6,"turns":1}],"seed_played":"3244540814479018051","potions_obtained":[],"is_trial":false,"path_per_floor":["M","?","M","M","$","E"],"character_chosen":"WATCHER","items_purchased":[],"campfire_rested":0,"item_purchase_floors":[],"current_hp_per_floor":[79,79,64,54,54,54,54],"gold":245,"neow_bonus":"TEN_PERCENT_HP_BONUS","is_daily":false,"chose_seed":false,"campfire_upgraded":0,"win_rate":0.0,"timestamp":1611627557,"path_taken":["M","?","M","M","$","E"],"items_purchased_type":[],"build_version":"2020-12-22","purchased_purges":1,"victory":false,"max_hp_per_floor":[79,79,79,79,79,79,79],"relic_stats":{"counters":[4,12],"obtain_stats":[{"AT_ATBox":0,"testmod-TestBox":0,"PureWater":0,"REME_ComplimentaryCards":0},{"AT_ATBox":0,"testmod-TestBox":0,"PureWater":0,"REME_ComplimentaryCards":0},{"AT_ATBox":0,"testmod-TestBox":0,"PureWater":0,"REME_ComplimentaryCards":0}]},"card_choices":[{"not_picked":["WreathOfFlame","Protect"],"picked":"PathToVictory","floor":1.0},{"not_picked":["ClearTheMind","CrushJoints"],"picked":"Evaluate","floor":3.0},{"not_picked":["Weave","Consecrate"],"picked":"Replay:ManipulateFuture","floor":4.0}],"player_experience":175917,"relics_obtained":[],"event_choices":[{"damage_healed":0.0,"max_hp_gain":0.0,"max_hp_loss":0.0,"gold_gain":175.0,"event_name":"Liars Game","player_choice":"AGREE","floor":2.0,"gold_loss":0.0,"damage_taken":0.0,"cards_obtained":["Doubt"]}],"is_beta":false,"boss_relics":[],"items_purged_floors":[5],"is_endless":false,"potions_floor_spawned":[],"killed_by":"3 Sentries","ascension_level":3}}