{"host":"l5zfpd2l2htson6l","time":1611683597,"event":{"mods":["AchievementEnabler","BaseMod","Colored Map","Colored Powertips","Minty Spire (QoL Compilation)","Permanent Neow","Quick Restart","Rare Cards Sparkle","Relic Stats","SuperFastMode"],"gold_per_floor":[110,130,205,216,46,73,73,108,145,168,180,192,229,256,268,384,396,422,232,307,324,95,95,95],"floor_reached":23,"language":"ENG","playtime":2390,"items_purged":["Strike_R","Strike_R"],"score":251,"play_id":"533355d7-c687-442a-bf3d-3a8839e7b568","local_time":"20210126095317","is_ascension_mode":true,"campfire_choices":[{"data":"Bash","floor":7.0,"key":"SMITH"},{"floor":11.0,"key":"REST"},{"floor":15.0,"key":"REST"}],"circlet_count":0,"master_deck":["Strike_R","Strike_R","Strike_R","Defend_R","Defend_R","Defend_R","Defend_R","Bash+1","Clothesline","Metallicize","Iron Wave","Havoc","Rampage","Infernal Blade","Uppercut","Armaments","Clash","Feed","Shrug It Off"],"relics":["Burning Blood","Frozen Eye","Smiling Mask","MawBank","Blood Vial","Dream Catcher","Runic Pyramid","Bag of Preparation","Omamori"],"acts_visited":["Exordium","TheCity"],"potions_floor_usage":[23,23],"damage_taken":[{"damage":13.0,"enemies":"Jaw Worm","floor":1.0,"turns":5.0},{"damage":3.0,"enemies":"2 Louse","floor":2.0,"turns":4.0},{"damage":2.0,"enemies":"Cultist","floor":4.0,"turns":5.0},{"damage":30.0,"enemies":"Lagavulin","floor":6.0,"turns":6.0},{"damage":25.0,"enemies":"Gremlin Nob","floor":8.0,"turns":4.0},{"damage":9.0,"enemies":"Exordium Wildlife","floor":10.0,"turns":4.0},{"damage":32.0,"enemies":"Lagavulin","floor":13.0,"turns":6.0},{"damage":5.0,"enemies":"Red Slaver","floor":14.0,"turns":3.0},{"damage":46.0,"enemies":"The Guardian","floor":16.0,"turns":12.0},{"damage":13.0,"enemies":"Shell Parasite","floor":18.0,"turns":6.0},{"damage":12.0,"enemies":"3 Byrds","floor":21.0,"turns":2.0},{"damage":76,"enemies":"Gremlin Leader","floor":23,"turns":7}],"seed_played":"2954821563494758244","potions_obtained":[{"floor":0.0,"key":"ElixirPotion"},{"floor":0.0,"key":"LiquidBronze"},{"floor":0.0,"key":"ElixirPotion"},{"floor":2.0,"key":"FearPotion"},{"floor":4.0,"key":"SteroidPotion"},{"floor":6.0,"key":"GamblersBrew"},{"floor":8.0,"key":"SkillPotion"},{"floor":21.0,"key":"SkillPotion"}],"is_trial":false,"path_per_floor":["M","M","?","M","$","E","R","E","T","M","R","?","E","M","R","B",null,"M","$","?","M","$","E"],"character_chosen":"IRONCLAD","items_purchased":["Frozen Eye","Havoc","Bag of Preparation","Shrug It Off","Omamori"],"campfire_rested":2,"item_purchase_floors":[5,5,19,22,22],"current_hp_per_floor":[73,76,65,69,69,45,45,26,26,25,49,49,25,28,52,14,80,76,76,68,67,67,0,0],"gold":95,"neow_bonus":"THREE_SMALL_POTIONS","is_daily":false,"chose_seed":false,"campfire_upgraded":1,"win_rate":0.0,"timestamp":1611683597,"path_taken":["M","M","?","M","$","E","R","E","T","M","R","?","E","M","R","BOSS","M","$","?","M","$","E"],"items_purchased_type":["Relic","Card","Relic","Card","Relic"],"build_version":"2020-12-22","purchased_purges":2,"victory":false,"max_hp_per_floor":[80,80,80,80,80,80,80,80,80,80,80,80,80,80,80,80,80,83,83,83,86,86,86,86],"relic_stats":{"Blood Vial":12,"Dream Catcher":1,"counters":[12,64],"Bag of Preparation":[4],"Smiling Mask":75,"MawBank":132,"obtain_stats":[{"Blood Vial":9,"Frozen Eye":5,"Dream Catcher":13,"Bag of Preparation":19,"Omamori":22,"Smiling Mask":6,"MawBank":8,"Burning Blood":0,"Runic Pyramid":17},{"Blood Vial":5,"Frozen Eye":3,"Dream Catcher":7,"Bag of Preparation":10,"Omamori":11,"Smiling Mask":4,"MawBank":5,"Burning Blood":0,"Runic Pyramid":9},{"Blood Vial":24,"Frozen Eye":14,"Dream Catcher":34,"Bag of Preparation":55,"Omamori":57,"Smiling Mask":20,"MawBank":24,"Burning Blood":0,"Runic Pyramid":49}],"Burning Blood":66},"card_choices":[{"not_picked":["Cleave","Thunderclap"],"picked":"Clothesline","floor":1.0},{"not_picked":["Cleave","Wild Strike"],"picked":"Metallicize","floor":2.0},{"not_picked":["Armaments","Anger"],"picked":"Iron Wave","floor":4.0},{"not_picked":["Headbutt","Fire Breathing"],"picked":"Rampage","floor":6.0},{"not_picked":["Limit Break","Wild Strike"],"picked":"Infernal Blade","floor":8.0},{"not_picked":["Sword Boomerang","Heavy Blade"],"picked":"Uppercut","floor":10.0},{"not_picked":["Wild Strike","Carnage"],"picked":"Armaments","floor":13.0},{"not_picked":["Rampage","Searing Blow","Pummel"],"picked":"SKIP","floor":14.0},{"not_picked":["Sword Boomerang","Cleave"],"picked":"Clash","floor":15.0},{"not_picked":["Double Tap","Impervious"],"picked":"Feed","floor":16.0},{"not_picked":["Wild Strike+1","Armaments","Sword Boomerang"],"picked":"SKIP","floor":18.0},{"not_picked":["Havoc+1","Wild Strike","Thunderclap"],"picked":"SKIP","floor":21.0}],"player_experience":692839,"relics_obtained":[{"floor":6.0,"key":"Smiling Mask"},{"floor":8.0,"key":"MawBank"},{"floor":9.0,"key":"Blood Vial"},{"floor":13.0,"key":"Dream Catcher"}],"event_choices":[{"damage_healed":0.0,"max_hp_gain":0.0,"max_hp_loss":0.0,"gold_gain":75.0,"event_name":"World of Goop","player_choice":"Gather Gold","floor":3.0,"gold_loss":0.0,"damage_taken":11.0},{"damage_healed":0.0,"max_hp_gain":0.0,"max_hp_loss":0.0,"gold_gain":0.0,"event_name":"Liars Game","player_choice":"Ignored","floor":12.0,"gold_loss":0.0,"damage_taken":0.0},{"damage_healed":0.0,"max_hp_gain":0.0,"max_hp_loss":0.0,"gold_gain":75.0,"event_name":"FaceTrader","player_choice":"Touch","floor":20.0,"gold_loss":0.0,"damage_taken":8.0}],"is_beta":false,"boss_relics":[{"not_picked":["Snecko Eye","Runic Cube"],"picked":"Runic Pyramid"}],"items_purged_floors":[19,22],"is_endless":false,"potions_floor_spawned":[2,4,6,8,10,21],"killed_by":"Gremlin Leader","ascension_level":4}}