{"host":"56d873i5r3uhle0q","time":1611644919,"event":{"mods":["100% Spire Juice","Act Like it!","Aspiration","BaseMod","Block Reminder","Conspire","Dota2Spire","Downfall","Gensokyo","Hermit","Hubris","Infinite Spire","Jedi Mod","Lobotomy","LobotomyExtend","Marisa????????","Marked Mod","Minty Spire (QoL Compilation)","Reliquary","Replay The Spire","StSLib","The Animator","The Bug Knight","The Cursed","The Marked","The Servant 0.9.4","everything is the same but u backflip on backflip","??????REMEMod"],"gold_per_floor":[113,130,55,55,73,92,92,103,103,203,203,30,62,62,62,62,62],"floor_reached":16,"language":"ENG","playtime":831,"items_purged":["WallGazer"],"score":100,"play_id":"1260584b-a836-47e8-baf4-2ec6366a18fd","local_time":"20210126000839","is_ascension_mode":false,"campfire_choices":[{"data":"Dagger Throw","floor":7,"key":"SMITH"},{"data":"Setup","floor":11,"key":"SMITH"},{"floor":15,"key":"REST"}],"circlet_count":0,"master_deck":["Strike_G","Strike_G","Strike_G","Strike_G","Strike_G","Defend_G","Defend_G","Defend_G","Defend_G","Defend_G","Survivor","Neutralize","Bloodbath","SnowQueen","Setup+1","Strike_G","Porccubus","Dagger Throw+1","PunishingBird","REME_FirmDetermination","Footwork","FairyFestival","Prepared"],"relics":["Ring of the Snake","REME_ComplimentaryCards","CogitoBucket","LetterFromLob","Letter Opener","aspiration:HiddenCompartment","ReplayTheSpireMod:Ninjato"],"acts_visited":["Gensokyo:Gensokyo"],"potions_floor_usage":[16],"damage_taken":[{"damage":3,"enemies":"Gensokyo:2_Kodama","floor":1,"turns":4},{"damage":8,"enemies":"Gensokyo:Python","floor":2,"turns":4},{"damage":2,"enemies":"Gensokyo:Gryphon","floor":5,"turns":5},{"damage":11,"enemies":"Gensokyo:Kitsune","floor":6,"turns":5},{"damage":1,"enemies":"Gensokyo:3_Kodama","floor":8,"turns":4},{"damage":64,"enemies":"Gensokyo:Aya","floor":13,"turns":10},{"damage":55,"enemies":"Gensokyo:Yukari","floor":16,"turns":6}],"seed_played":"-2183596260485382226","potions_obtained":[{"floor":2,"key":"sneckomod:MuddlingPotion"},{"floor":6,"key":"PowerPotion"},{"floor":13,"key":"Elixir"}],"is_trial":false,"path_per_floor":["M","M","$","?","M","M","R","M","T","?","R","$","E","T","R","B"],"character_chosen":"THE_SILENT","items_purchased":["REME_FirmDetermination","Footwork"],"campfire_rested":1,"item_purchase_floors":[12,12],"current_hp_per_floor":[67,59,59,66,66,57,57,58,58,58,58,58,8,8,31,0,0],"gold":62,"neow_bonus":"","is_daily":false,"chose_seed":false,"campfire_upgraded":2,"win_rate":0.0,"timestamp":1611644919,"path_taken":["M","M","$","?","M","M","R","M","T","?","R","$","E","?","R","BOSS"],"items_purchased_type":["Card","Card"],"build_version":"2020-12-22","purchased_purges":1,"victory":false,"max_hp_per_floor":[70,70,70,77,77,77,77,77,77,77,77,77,77,77,77,77,77],"card_choices":[{"not_picked":["CrumblingArmor","CherryBlossoms"],"picked":"WallGazer","floor":1},{"not_picked":["hubris:SlightOfHand","Sucker Punch","Outmaneuver"],"picked":"SKIP","floor":1},{"not_picked":["hubris:SlightOfHand","Sucker Punch","Outmaneuver"],"picked":"SKIP","floor":1},{"not_picked":["GalaxyChild","Rudolta"],"picked":"Bloodbath","floor":2},{"not_picked":["Dagger Throw","Underhanded Strike","Finisher"],"picked":"SKIP","floor":2},{"not_picked":["WallGazer","FairyFestival"],"picked":"SnowQueen","floor":5},{"not_picked":["Dagger Throw","Hidden Blade"],"picked":"Setup","floor":5},{"not_picked":["BeautyBeast","Murderer","CherryBlossoms"],"picked":"Singing Bowl","floor":6},{"not_picked":["CherryBlossoms","ShyLook"],"picked":"Porccubus","floor":6},{"not_picked":["Blade Dance","Dagger Throw","Outmaneuver"],"picked":"SKIP","floor":6},{"not_picked":["Blade Dance","Outmaneuver"],"picked":"Dagger Throw","floor":6},{"not_picked":["Variant","ShyLook"],"picked":"PunishingBird","floor":8},{"not_picked":["Draining Mist","Expertise","Hidden Blade"],"picked":"SKIP","floor":8},{"not_picked":["Draining Mist","Expertise","Hidden Blade"],"picked":"SKIP","floor":8},{"not_picked":["SpiderBud","VoidDream"],"picked":"FairyFestival","floor":13},{"not_picked":["Cloak And Dagger","Skewer"],"picked":"Prepared","floor":13}],"player_experience":646790,"relics_obtained":[{"floor":2,"key":"LetterFromLob"},{"floor":9,"key":"Letter Opener"},{"floor":13,"key":"aspiration:HiddenCompartment"},{"floor":14,"key":"ReplayTheSpireMod:Ninjato"}],"event_choices":[],"is_beta":false,"boss_relics":[],"items_purged_floors":[3],"is_endless":false,"potions_floor_spawned":[2,6,13],"killed_by":"Gensokyo:Yukari","ascension_level":0}}