{"host":"9bcwdp8h7kwcxx90","time":1611621776,"event":{"mods":["2.2 Compatiblity","BaseMod","Colored Map","Colored Powertips","Downfall","Infinite Spire","Minty Spire (QoL Compilation)","Permanent Neow","Quick Restart","Random Character Button","Relic Sorter","Relic Stats","Robot Space Explorer","Shop Mod","StSLib","The Marked","Unknown Chances"],"gold_per_floor":[99,112,123,123,31,46,46,46,46,71,86,86,112,125,144,247,247,247,263,281,291,291,291,291,320,330,230,262,262,262,262],"floor_reached":29,"language":"ENG","playtime":2413,"items_purged":["bronze:Backtrace"],"score":341,"play_id":"029bd49b-3d2f-4a30-a24a-9a269d78a927","local_time":"20210125184256","is_ascension_mode":true,"campfire_choices":[{"data":"bronze:Terminator","floor":1.0,"key":"SMITH"},{"data":"bronze:Iterate","floor":8.0,"key":"SMITH"},{"data":"bronze:Iterate","floor":12.0,"key":"SMITH"},{"data":"bronze:Verify","floor":18.0,"key":"SMITH"},{"data":"bronze:Philosophize","floor":23.0,"key":"SMITH"},{"floor":27.0,"key":"RECALL"}],"circlet_count":0,"master_deck":["bronze:Replicate","bronze:Goto","bronze:Terminator+1","bronze:Iterate+1","bronze:BronzeArmor","bronze:Flail","bronze:Iterate","bronze:Iterate+1","bronze:DelayedSlice","bronze:FollowUp","bronze:ForLoop","bronze:Verify+1","bronze:RecursiveStrike","bronze:CutThrough","bronze:DarkDash","bronze:BronzeArmor","bronze:Overheat","bronze:Return","bronze:Philosophize+1","bronze:Turbo+1","bronze:Constructor","bronze:FineTuning"],"relics":["bronze:BronzeCore","infinitespire:BottledMercury","MealTicket","bronze:CableSpool","Pandora\u0027s Box","Coffee Dripper","PreservedInsect","infinitespire:EmpoweringShard","Lantern","downfall:HeartBlessingGreen","infinitespire:WardingShard"],"acts_visited":["Exordium","TheCity"],"potions_floor_usage":[],"damage_taken":[{"damage":1.0,"enemies":"Jaw Worm","floor":2.0,"turns":3.0},{"damage":1.0,"enemies":"Cultist","floor":3.0,"turns":3.0},{"damage":10.0,"enemies":"downfall:FleeingMerchant","floor":5.0,"turns":4.0},{"damage":7.0,"enemies":"2 Louse","floor":6.0,"turns":2.0},{"damage":8.0,"enemies":"3 Sentries","floor":10.0,"turns":6.0},{"damage":1.0,"enemies":"Exordium Wildlife","floor":11.0,"turns":2.0},{"damage":0.0,"enemies":"Gremlin Nob","floor":13.0,"turns":2.0},{"damage":0.0,"enemies":"3 Louse","floor":14.0,"turns":2.0},{"damage":0.0,"enemies":"Lots of Slimes","floor":15.0,"turns":1.0},{"damage":22.0,"enemies":"IC_STATUS_ARCHETYPE","floor":16.0,"turns":8.0},{"damage":0.0,"enemies":"3 Byrds","floor":19.0,"turns":2.0},{"damage":10.0,"enemies":"Chosen","floor":20.0,"turns":3.0},{"damage":28.0,"enemies":"Shelled Parasite and Fungi","floor":21.0,"turns":4.0},{"damage":20.0,"enemies":"Book of Stabbing","floor":25.0,"turns":2.0},{"damage":0.0,"enemies":"Snake Plant","floor":26.0,"turns":2.0},{"damage":0,"enemies":"Slavers","floor":28,"turns":1},{"damage":0,"enemies":"Cultist and Chosen","floor":29,"turns":1}],"seed_played":"-7171986078248025837","potions_obtained":[{"floor":3.0,"key":"Guardian:BlockOnCardUsePotion"},{"floor":10.0,"key":"Slimebound:ThreeZeroPotion"},{"floor":13.0,"key":"Block Potion"},{"floor":14.0,"key":"SkillPotion"},{"floor":20.0,"key":"bronze:FreeFunctionsPotion"},{"floor":25.0,"key":"Weak Potion"},{"floor":26.0,"key":"SpeedPotion"}],"is_trial":false,"path_per_floor":["R","M","M","?","$","M","T","R","?","E","M","R","E","M","M","B",null,"R","M","M","M","AVR","R","T","E","M","R","E","M"],"character_chosen":"THE_AUTOMATON","items_purchased":["bronze:Flail"],"campfire_rested":0,"item_purchase_floors":[5],"current_hp_per_floor":[70,69,68,68,58,51,51,51,51,43,42,42,42,42,42,20,70,70,70,60,32,32,32,32,12,12,12,12,12,12,12],"gold":262,"neow_bonus":"TRANSFORM_CARD","is_daily":false,"chose_seed":false,"campfire_upgraded":5,"win_rate":0.0,"timestamp":1611621776,"path_taken":["R","M","M","?","$","M","T","R","?","E","M","R","E","M","M","BOSS","R","M","M","M","AVR","R","T","E","M","R","E","M"],"items_purchased_type":["Card"],"build_version":"2020-12-22","purchased_purges":1,"victory":false,"max_hp_per_floor":[70,70,70,70,70,70,70,70,70,70,70,70,70,70,70,70,70,70,70,70,70,70,70,70,70,70,70,70,70,70,70],"relic_stats":{"counters":[17,48],"MealTicket":0,"Pandora\u0027s Box":["bronze:RecursiveStrike","bronze:CutThrough","bronze:DarkDash","bronze:BronzeArmor","bronze:Overheat"],"PreservedInsect":80,"obtain_stats":[{"infinitespire:BottledMercury":7,"Lantern":25,"bronze:BronzeCore":0,"infinitespire:WardingShard":28,"MealTicket":10,"Pandora\u0027s Box":17,"downfall:HeartBlessingGreen":27,"PreservedInsect":22,"Coffee Dripper":22,"infinitespire:EmpoweringShard":24,"bronze:CableSpool":13},{"infinitespire:BottledMercury":4,"Lantern":14,"bronze:BronzeCore":0,"infinitespire:WardingShard":16,"MealTicket":5,"Pandora\u0027s Box":10,"downfall:HeartBlessingGreen":15,"PreservedInsect":13,"Coffee Dripper":13,"infinitespire:EmpoweringShard":13,"bronze:CableSpool":7},{"infinitespire:BottledMercury":12,"Lantern":44,"bronze:BronzeCore":0,"infinitespire:WardingShard":47,"MealTicket":18,"Pandora\u0027s Box":33,"downfall:HeartBlessingGreen":46,"PreservedInsect":42,"Coffee Dripper":42,"infinitespire:EmpoweringShard":42,"bronze:CableSpool":22}]},"card_choices":[{"not_picked":["bronze:FollowUp","bronze:Turbo"],"picked":"bronze:Iterate","floor":2.0},{"not_picked":["bronze:Separator","bronze:Repair"],"picked":"bronze:BronzeArmor","floor":3.0},{"not_picked":["bronze:Deprecate","bronze:Branch","bronze:Repair"],"picked":"SKIP","floor":5.0},{"not_picked":["bronze:HyperBeam","bronze:Flail"],"picked":"bronze:Iterate","floor":6.0},{"not_picked":["bronze:BurnOut","bronze:Deprecate"],"picked":"bronze:Iterate","floor":10.0},{"not_picked":["bronze:Turbo","bronze:BitShift","bronze:WhirlingStrike"],"picked":"SKIP","floor":11.0},{"not_picked":["bronze:BugBarrage","bronze:Repulsor"],"picked":"bronze:DelayedSlice","floor":13.0},{"not_picked":["bronze:CloningBeam","bronze:Deprecate"],"picked":"bronze:FollowUp","floor":14.0},{"not_picked":["bronze:Separator","bronze:BugBarrage"],"picked":"bronze:ForLoop","floor":15.0},{"not_picked":["bronze:RecursiveStrike","bronze:Assembly"],"picked":"bronze:Verify","floor":16.0},{"not_picked":["bronze:BronzeArmor","bronze:DigitalCarnage"],"picked":"bronze:Return","floor":19.0},{"not_picked":["bronze:DelayedGuard","bronze:Turbo"],"picked":"bronze:Philosophize","floor":20.0},{"not_picked":["bronze:Optimize","bronze:DelayedGuard+1"],"picked":"bronze:Turbo+1","floor":21.0},{"not_picked":["bronze:ForLoop","bronze:WildBeam","bronze:HyperBeam"],"picked":"SKIP","floor":25.0},{"not_picked":["bronze:CutThrough+1","bronze:BitShift+1"],"picked":"bronze:Constructor","floor":26.0},{"not_picked":["bronze:Verify","bronze:Overload+1"],"picked":"bronze:FineTuning","floor":28}],"player_experience":279006,"relics_obtained":[{"floor":7.0,"key":"infinitespire:BottledMercury"},{"floor":10.0,"key":"MealTicket"},{"floor":13.0,"key":"bronze:CableSpool"},{"floor":24.0,"key":"infinitespire:EmpoweringShard"},{"floor":25.0,"key":"Lantern"},{"floor":28,"key":"infinitespire:WardingShard"}],"event_choices":[],"is_beta":false,"boss_relics":[{"not_picked":["Runic Pyramid","SacredBark"],"picked":"Pandora\u0027s Box"}],"items_purged_floors":[22],"is_endless":false,"potions_floor_spawned":[3,10,13,14,20,25,26],"killed_by":"Cultist and Chosen","ascension_level":1}}