{"host":"l84l8xigz5v5foa2","time":1611670299,"event":{"mods":["2.2 Compatiblity","AchievementEnabler","BaseMod","Better Note","Better Vampires","Card Filter","Colored Map","DeckTracker","Downfall","Gremlin Skip","Highlight Path","Keyboard Shortcuts","Minty Spire (QoL Compilation)","Permanent Neow","Quick Restart","Relic Filter","Relic Stats","StSLib","SuperFastMode","Transform Curses","Unknown Chances"],"gold_per_floor":[361,373,392,50,66,66,97,108,134,134,154,189,209,209,209,286,286,296,321,321,321,336,336,336,365,365,412,62,78,78,89,89,160,160,170,170,170,2,16,16,16,16,16],"floor_reached":41,"language":"ENG","playtime":1653,"items_purged":["hexamod:Strike","hexamod:Defend"],"score":892,"play_id":"79edcd4f-084b-4b52-a863-bbdfda832305","local_time":"20210126231139","is_ascension_mode":true,"campfire_choices":[{"data":"hexamod:Float","floor":6.0,"key":"SMITH"},{"data":"hexamod:FastForward","floor":10.0,"key":"SMITH"},{"data":"hexamod:RainOfEmbers","floor":15.0,"key":"SMITH"},{"data":"hexamod:GhostOfSpirePast","floor":23.0,"key":"SMITH"},{"data":"hexamod:Incineration","floor":30.0,"key":"SMITH"},{"data":"hexamod:ForkedFlame","floor":32.0,"key":"SMITH"},{"data":"hexamod:Rewind","floor":40.0,"key":"SMITH"}],"circlet_count":0,"master_deck":["AscendersBane","hexamod:Defend","hexamod:Defend+1","hexamod:Defend+1","hexamod:Sear","hexamod:Float+1","hexamod:FastForward+1","hexamod:RainOfEmbers+1","hexamod:HauntingEcho","hexamod:AdvancingGuard","hexamod:RetreatToShadows+1","hexamod:ThirdSeal","hexamod:ShieldOfDarkness","hexamod:GhostOfSpirePast+1","hexamod:ForkedFlame+1","hexamod:TimeWarp+1","hexamod:ShieldOfDarkness+1","hexamod:HeatMetal","hexamod:Incineration+1","RitualDagger","hexamod:InspiringFlames+1","hexamod:ExtraCrispy","hexamod:ApocalypseNow","hexamod:StepThrough","hexamod:RadiantFlame+1","hexamod:SixthSeal","hexamod:SixthSeal","hexamod:SearingWound","hexamod:Rewind","hexamod:Rewind+1"],"relics":["hexamod:SpiritBrand","Meat on the Bone","Pear","Juzu Bracelet","hexamod:InflammatoryLetter","hexamod:IceCube","Tiny Chest","hexamod:MatchstickCase","Pantograph","Chemical X","SlaversCollar","Membership Card"],"acts_visited":["Exordium","TheCity","TheBeyond"],"potions_floor_usage":[41,41],"damage_taken":[{"damage":0.0,"enemies":"Small Slimes","floor":1.0,"turns":3.0},{"damage":0.0,"enemies":"Cultist","floor":2.0,"turns":4.0},{"damage":3.0,"enemies":"2 Louse","floor":3.0,"turns":3.0},{"damage":5.0,"enemies":"Gremlin Gang","floor":5.0,"turns":4.0},{"damage":7.0,"enemies":"Lagavulin","floor":7.0,"turns":6.0},{"damage":3.0,"enemies":"Looter","floor":8.0,"turns":3.0},{"damage":12.0,"enemies":"2 Fungi Beasts","floor":11.0,"turns":4.0},{"damage":4.0,"enemies":"Gremlin Nob","floor":12.0,"turns":3.0},{"damage":12.0,"enemies":"Lots of Slimes","floor":13.0,"turns":6.0},{"damage":72.0,"enemies":"Slime Boss","floor":16.0,"turns":13.0},{"damage":0.0,"enemies":"Chosen","floor":18.0,"turns":4.0},{"damage":2.0,"enemies":"Spheric Guardian","floor":22.0,"turns":5.0},{"damage":25.0,"enemies":"Book of Stabbing","floor":25.0,"turns":5.0},{"damage":0.0,"enemies":"Chosen and Byrds","floor":29.0,"turns":5.0},{"damage":9.0,"enemies":"Snake Plant","floor":31.0,"turns":2.0},{"damage":65.0,"enemies":"Automaton","floor":33.0,"turns":8.0},{"damage":37.0,"enemies":"3 Darklings","floor":35.0,"turns":9.0},{"damage":12.0,"enemies":"3 Shapes","floor":39.0,"turns":6.0},{"damage":46,"enemies":"Nemesis","floor":41,"turns":6}],"seed_played":"-2496280385331754655","potions_obtained":[{"floor":2.0,"key":"ColorlessPotion"},{"floor":3.0,"key":"AttackPotion"},{"floor":11.0,"key":"SpeedPotion"},{"floor":16.0,"key":"GamblersBrew"},{"floor":31.0,"key":"FearPotion"},{"floor":35.0,"key":"GamblersBrew"},{"floor":39.0,"key":"GamblersBrew"}],"is_trial":false,"path_per_floor":["M","M","M","$","M","R","E","M","T","R","M","E","M","?","R","B",null,"M","T","?","?","M","R","?","E","T","T","$","M","R","M","R","B",null,"M","$","?","$","M","R","E"],"character_chosen":"THE_SPIRIT","items_purchased":["Meat on the Bone","hexamod:StepThrough","Chemical X","Membership Card"],"campfire_rested":0,"item_purchase_floors":[4,28,28,38],"current_hp_per_floor":[42,42,39,39,34,34,49,46,46,46,46,42,42,83,83,23,68,68,68,68,62,60,60,60,47,47,47,47,47,47,50,50,22,68,43,43,43,43,43,43,0,0,0],"gold":16,"neow_bonus":"TWO_FIFTY_GOLD","is_daily":false,"chose_seed":false,"campfire_upgraded":7,"win_rate":0.0,"timestamp":1611670299,"path_taken":["M","M","M","$","M","R","E","M","T","R","M","E","M","?","R","BOSS","M","?","?","?","M","R","?","E","T","?","$","M","R","M","R","BOSS","M","?","?","$","M","R","E"],"items_purchased_type":["Relic","Card","Relic","Relic"],"build_version":"2020-12-22","purchased_purges":2,"victory":false,"max_hp_per_floor":[63,63,63,63,63,63,73,73,73,73,73,73,73,83,83,83,83,83,83,83,83,83,83,83,83,83,83,83,83,83,83,83,83,83,83,83,83,83,83,83,83,83,83],"relic_stats":{"counters":[19,99],"Pantograph":25,"Tiny Chest":1,"Juzu Bracelet":1,"Chemical X":[7],"obtain_stats":[{"SlaversCollar":34,"Pear":7,"Pantograph":26,"Tiny Chest":19,"hexamod:InflammatoryLetter":12,"Juzu Bracelet":9,"Chemical X":28,"Membership Card":38,"hexamod:SpiritBrand":0,"hexamod:IceCube":17,"Meat on the Bone":4,"hexamod:MatchstickCase":25},{"SlaversCollar":16,"Pear":5,"Pantograph":13,"Tiny Chest":11,"hexamod:InflammatoryLetter":8,"Juzu Bracelet":6,"Chemical X":13,"Membership Card":17,"hexamod:SpiritBrand":0,"hexamod:IceCube":10,"Meat on the Bone":3,"hexamod:MatchstickCase":13},{"SlaversCollar":78,"Pear":20,"Pantograph":63,"Tiny Chest":53,"hexamod:InflammatoryLetter":30,"Juzu Bracelet":23,"Chemical X":63,"Membership Card":87,"hexamod:SpiritBrand":0,"hexamod:IceCube":49,"Meat on the Bone":10,"hexamod:MatchstickCase":63}],"Meat on the Bone":108},"card_choices":[{"not_picked":["hexamod:FlamesFromBeyond","hexamod:Haunt"],"picked":"hexamod:FastForward","floor":1.0},{"not_picked":["hexamod:ShieldOfDarkness","hexamod:HauntingEcho"],"picked":"hexamod:RainOfEmbers","floor":2.0},{"not_picked":["hexamod:BacktrackSmack","hexamod:InspiringFlames"],"picked":"hexamod:HauntingEcho","floor":3.0},{"not_picked":["hexamod:HauntingEcho","hexamod:BacktrackSmack"],"picked":"hexamod:AdvancingGuard","floor":5.0},{"not_picked":["hexamod:SuperheatedStrike","hexamod:ShieldOfDarkness"],"picked":"hexamod:FifthSeal","floor":7.0},{"not_picked":["hexamod:SecondSeal","hexamod:HauntingEcho"],"picked":"hexamod:RetreatToShadows","floor":8.0},{"not_picked":["hexamod:FourthSeal","hexamod:SixthSeal"],"picked":"hexamod:ThirdSeal","floor":11.0},{"not_picked":["hexamod:BurningTouch","hexamod:InspiringFlames"],"picked":"hexamod:ShieldOfDarkness","floor":11.0},{"not_picked":["hexamod:HeatMetal","hexamod:AdvancingGuard"],"picked":"hexamod:GhostOfSpirePast","floor":12.0},{"not_picked":["hexamod:SuperheatedStrike","hexamod:GhostflameBarrier","hexamod:GhostLash"],"picked":"SKIP","floor":12.0},{"not_picked":["hexamod:GhostShield","hexamod:HauntingEcho","hexamod:HeatMetal"],"picked":"SKIP","floor":13.0},{"not_picked":["hexamod:NightmareStrike","hexamod:ChargedBarrage","hexamod:ThermalTransfer"],"picked":"SKIP","floor":13.0},{"not_picked":["hexamod:WildfireWeapon","hexamod:ApocalypseNow"],"picked":"hexamod:ForkedFlame","floor":16.0},{"not_picked":["hexamod:GhostflameInferno","hexamod:SearingWound"],"picked":"hexamod:TimeWarp","floor":16.0},{"not_picked":["hexamod:SpectersWail","hexamod:EmpoweredFlame"],"picked":"hexamod:ShieldOfDarkness+1","floor":18.0},{"not_picked":["hexamod:BurningTouch","hexamod:SecondSeal"],"picked":"hexamod:HeatMetal","floor":18.0},{"not_picked":["hexamod:AdvancingGuard","hexamod:ThermalTransfer"],"picked":"hexamod:InspiringFlames","floor":22.0},{"not_picked":["hexamod:ShieldOfDarkness","hexamod:SuperheatedStrike","hexamod:GhostShield"],"picked":"SKIP","floor":22.0},{"not_picked":["hexamod:SpectersWail","hexamod:Again","hexamod:RetreatToShadows"],"picked":"SKIP","floor":25.0},{"not_picked":["hexamod:BacktrackSmack","hexamod:InspiringFlames","hexamod:RecurringNightmare"],"picked":"SKIP","floor":25.0},{"not_picked":["hexamod:Again","hexamod:AdvancingGuard+1"],"picked":"hexamod:RadiantFlame+1","floor":29.0},{"not_picked":["hexamod:NightmareStrike+1","hexamod:SuperheatedStrike","hexamod:ShieldOfDarkness"],"picked":"SKIP","floor":29.0},{"not_picked":["hexamod:Again","hexamod:StepThrough"],"picked":"hexamod:SixthSeal","floor":31.0},{"not_picked":["hexamod:UnleashSpirits","hexamod:GhostflameInferno"],"picked":"hexamod:SixthSeal","floor":33.0},{"not_picked":["hexamod:ParanormalForm","hexamod:TimeWarp"],"picked":"hexamod:SearingWound","floor":33.0},{"not_picked":["hexamod:RainOfEmbers","hexamod:InspiringFlames"],"picked":"hexamod:Rewind","floor":35.0},{"not_picked":["hexamod:SuperheatedStrike","hexamod:InspiringFlames","hexamod:ShieldOfDarkness+1"],"picked":"SKIP","floor":35.0},{"not_picked":["hexamod:GhostLash","hexamod:SpectralSpark"],"picked":"hexamod:Rewind","floor":39.0},{"not_picked":["hexamod:SpectralSpark","hexamod:BurningTouch","hexamod:BacktrackSmack"],"picked":"SKIP","floor":39.0}],"player_experience":3431810,"relics_obtained":[{"floor":7.0,"key":"Pear"},{"floor":9.0,"key":"Juzu Bracelet"},{"floor":12.0,"key":"hexamod:InflammatoryLetter"},{"floor":19.0,"key":"Tiny Chest"},{"floor":25.0,"key":"hexamod:MatchstickCase"},{"floor":26.0,"key":"Pantograph"}],"event_choices":[{"cards_removed":["hexamod:FifthSeal"],"damage_healed":31.0,"max_hp_gain":10.0,"max_hp_loss":0.0,"gold_gain":0.0,"event_name":"Bonfire Elementals","player_choice":"Offered Rare","floor":14.0,"gold_loss":0.0,"damage_taken":0.0},{"damage_healed":0.0,"max_hp_gain":0.0,"max_hp_loss":0.0,"gold_gain":0.0,"cards_transformed":["hexamod:Strike"],"event_name":"Transmorgrifier","player_choice":"Transformed","floor":20.0,"gold_loss":0.0,"damage_taken":0.0,"cards_obtained":["hexamod:Incineration"]},{"damage_healed":0.0,"max_hp_gain":0.0,"max_hp_loss":0.0,"gold_gain":0.0,"event_name":"Nest","player_choice":"Joined the Cult","floor":21.0,"gold_loss":0.0,"damage_taken":6.0,"cards_obtained":["RitualDagger"]},{"damage_healed":0.0,"max_hp_gain":0.0,"max_hp_loss":0.0,"gold_gain":0.0,"cards_transformed":["hexamod:Strike","hexamod:Strike"],"event_name":"Drug Dealer","player_choice":"Became Test Subject","floor":24.0,"gold_loss":0.0,"damage_taken":0.0,"cards_obtained":["hexamod:ExtraCrispy","hexamod:ApocalypseNow"]},{"damage_healed":0.0,"max_hp_gain":0.0,"max_hp_loss":0.0,"gold_gain":0.0,"event_name":"Tomb of Lord Red Mask","player_choice":"Ignored","floor":37.0,"gold_loss":0.0,"damage_taken":0.0}],"is_beta":false,"boss_relics":[{"not_picked":["Fusion Hammer","SacredBark"],"picked":"hexamod:IceCube"},{"not_picked":["Sozu","Cursed Key"],"picked":"SlaversCollar"}],"items_purged_floors":[4,28],"is_endless":false,"potions_floor_spawned":[2,3,11,16,18,31,35,39],"killed_by":"Nemesis","ascension_level":20}}