{"host":"yx6un74hqn8d53n4","time":1611653265,"event":{"mods":["ATMod(°¢èªMod)","Act Like it!","Aspiration","BaseMod","CapriCore","GifTheSpireLib","Minty Spire (QoL Compilation)","Quick Restart","Rare Cards Sparkle","Replay The Spire","RumiaBox-Â¶Ã×æ«µÄÉñÃØºÐ×Ó","Shop Mod","StSLib","[IsaacMod]ÒÔÈö¼âËþ","¡¾ÒÅÎï¿¨ÅÆ¡¿REMEMod"],"gold_per_floor":[19,194,194,206,52,62,62,93,120,132,144,174,198,222,234,344,356,383,407,419,431,443,455,480,492,557,173,57,57,74,92,92,187,187,187,187],"floor_reached":35,"language":"ZHS","playtime":1174,"items_purged":["Overencumbered","Shame"],"score":457,"play_id":"c1827f97-a1b7-4925-bb89-2c450b1c0a60","local_time":"20210126172745","is_ascension_mode":false,"campfire_choices":[{"data":"AT_ThreeBodyProblem","floor":7,"key":"SMITH"},{"data":"Defragment","floor":11,"key":"SMITH"},{"data":"Zap","floor":15,"key":"SMITH"},{"data":"Capacitor","floor":23,"key":"SMITH"},{"floor":25,"key":"REST"},{"data":"REME_Whirling","floor":29,"key":"SMITH"},{"floor":32,"key":"REST"}],"circlet_count":0,"master_deck":["Strike_B","Strike_B","Strike_B","Defend_B","Defend_B","Defend_B","Zap+1","Dualcast","AT_ThreeBodyProblem+1","Violence","Doubt","Capacitor+1","Defragment+1","Self Repair","REME_Whirling+1","ReplayTheSpireMod:Calculation Training","Electrodynamics","Cold Snap","Cold Snap","REME_MagicPocketWatch","Reboot"],"relics":["Cracked Core","HushsDoor","AT_ATBox","REME_ComplimentaryCards","SatanicBible","ReplayTheSpireMod:CursedCoin","AT_BladeRuinedKing","AT_ChloranthyRing","Nuclear Battery","Replay:Bottled Flurry","TheBible","AT_BellDemon","Habit","MerchantsRug","Bag of Marbles","Shuriken","Runic Dome"],"acts_visited":["Exordium","TheCity","TheBeyond"],"potions_floor_usage":[13,16,16,31,31],"damage_taken":[{"damage":10,"enemies":"Small Slimes","floor":1,"turns":4},{"damage":7,"enemies":"2 Louse","floor":4,"turns":4},{"damage":10,"enemies":"Cultist","floor":6,"turns":4},{"damage":0,"enemies":"3 Sentries","floor":8,"turns":1},{"damage":1,"enemies":"Exordium Wildlife","floor":12,"turns":3},{"damage":6,"enemies":"Red Slaver","floor":13,"turns":3},{"damage":9,"enemies":"2 Fungi Beasts","floor":14,"turns":4},{"damage":47,"enemies":"Hexaghost","floor":16,"turns":9},{"damage":17,"enemies":"Shell Parasite","floor":18,"turns":4},{"damage":15,"enemies":"Chosen","floor":19,"turns":4},{"damage":18,"enemies":"Snecko","floor":24,"turns":4},{"damage":14,"enemies":"Cultist and Chosen","floor":30,"turns":6},{"damage":51,"enemies":"Shelled Parasite and Fungi","floor":31,"turns":4},{"damage":0,"enemies":"Collector","floor":33,"turns":8},{"damage":88,"enemies":"3 Darklings","floor":35,"turns":2}],"seed_played":"8310798723473998601","potions_obtained":[{"floor":8,"key":"Weak Potion"},{"floor":12,"key":"Reflective Coating"},{"floor":13,"key":"LiquidMemories"},{"floor":18,"key":"DuplicationPotion"},{"floor":24,"key":"Fire Potion"},{"floor":33,"key":"Death Potion"}],"is_trial":false,"path_per_floor":["M","?","?","M","$","M","R","E","T","$","R","M","M","M","R","B",null,"M","M","?","?","?","R","M","R","T","$","$","R","M","M","R","B",null,"M"],"character_chosen":"DEFECT","items_purchased":["ReplayTheSpireMod:CursedCoin","AT_BladeRuinedKing","Defragment","Cold Snap","REME_MagicPocketWatch","Habit","MerchantsRug"],"campfire_rested":2,"item_purchase_floors":[5,5,5,27,27,27,28],"current_hp_per_floor":[65,65,65,58,58,48,48,48,48,48,48,54,55,53,53,13,75,65,57,57,57,57,57,46,68,68,68,68,68,61,17,39,46,75,0,0],"gold":187,"neow_bonus":"REMOVE_TWO","is_daily":false,"chose_seed":false,"campfire_upgraded":5,"win_rate":0.0,"timestamp":1611653265,"path_taken":["M","?","?","M","$","M","R","E","T","?","R","M","?","M","R","BOSS","M","M","?","?","?","R","M","R","T","?","$","R","M","?","R","BOSS","M"],"items_purchased_type":["Relic","Relic","Card","Card","Card","Relic","Relic"],"build_version":"2020-12-22","purchased_purges":2,"victory":false,"max_hp_per_floor":[75,75,75,75,75,75,75,75,75,75,75,75,75,75,75,75,75,75,75,75,75,75,75,75,75,75,75,75,75,75,75,75,75,75,75,75],"card_choices":[{"not_picked":["BasicCrystalCard","Go for the Eyes","Fission"],"picked":"SKIP","floor":1},{"not_picked":["Barrage","Redo"],"picked":"Capacitor","floor":4},{"not_picked":["ReplaySolidLightProjector","Go for the Eyes"],"picked":"Self Repair","floor":6},{"not_picked":["ReplayTheSpireMod:Repulse","Go for the Eyes","Panic Button"],"picked":"SKIP","floor":8},{"not_picked":["AT_HeatAcrobatics","Hologram","Lockon"],"picked":"SKIP","floor":12},{"not_picked":["Melter","Static Discharge"],"picked":"REME_Whirling","floor":13},{"not_picked":["Leap","AT_StudyProgram"],"picked":"ReplayTheSpireMod:Calculation Training","floor":14},{"not_picked":["Thunder Strike","Creative AI"],"picked":"Electrodynamics","floor":16},{"not_picked":["Panic Button","Beam Cell","Hologram"],"picked":"SKIP","floor":18},{"not_picked":["Panic Button+1","Heatsinks+1","Loop"],"picked":"SKIP","floor":19},{"not_picked":["Sweeping Beam","ReplayTheSpireMod:Repulse"],"picked":"Cold Snap","floor":24},{"not_picked":["Go for the Eyes","Sweeping Beam","Compile Driver+1"],"picked":"SKIP","floor":30},{"not_picked":["REME_DataAnalysis","Beam Cell","Leap+1"],"picked":"SKIP","floor":31},{"not_picked":["ReplayRNGCard","All For One"],"picked":"Reboot","floor":33}],"player_experience":2038,"relics_obtained":[{"floor":8,"key":"AT_ChloranthyRing"},{"floor":9,"key":"MawBank"},{"floor":26,"key":"AT_BellDemon"},{"floor":31,"key":"Bag of Marbles"},{"floor":33,"key":"Shuriken"}],"event_choices":[{"damage_healed":0,"gold_gain":175,"player_choice":"AGREE","damage_taken":0,"max_hp_gain":0,"max_hp_loss":0,"event_name":"Liars Game","floor":2,"gold_loss":0,"cards_obtained":["Doubt"]},{"damage_healed":0,"gold_gain":0,"player_choice":"Stole Relic","damage_taken":0,"relics_obtained":["Replay:Bottled Flurry"],"max_hp_gain":0,"max_hp_loss":0,"event_name":"Addict","floor":21,"gold_loss":0,"cards_obtained":["Shame"]},{"damage_healed":0,"gold_gain":0,"player_choice":"Opened","damage_taken":0,"relics_obtained":["TheBible"],"max_hp_gain":0,"max_hp_loss":0,"event_name":"The Mausoleum","floor":22,"gold_loss":0}],"is_beta":false,"boss_relics":[{"not_picked":["Replay:Grab Bag","ChewingGum"],"picked":"Nuclear Battery"},{"not_picked":[]},{"not_picked":["aspiration:WatcherSkillbook","aspiration:RitualDagger"],"picked":"Runic Dome"},{"not_picked":[]}],"items_purged_floors":[5,27],"is_endless":false,"potions_floor_spawned":[8,12,13,18,24,33],"killed_by":"3 Darklings","ascension_level":0}}