{"host":"6xsbn6ynqlzwllfm","time":1611701442,"event":{"mods":["2.2 Compatiblity","BaseMod","Bestiary","Colored Map","Colored Powertips","Curses Come First","Highlight Path","Keyboard Shortcuts","Minty Spire (QoL Compilation)","Relic Stats","Slay the Relics Exporter","StSLib","SuperFastMode"],"gold_per_floor":[119,137,137,137,147,178,178,208,208,208,225,253,263,299,299,382,382,401,401,451,451,498,534,534,300,300,334,334,374,416,3,3,83,392,420,25,36,83,99,99,108,145,154,180,216,216,245,245,245,245,245,245],"floor_reached":51,"language":"ENG","playtime":2268,"items_purged":["Strike_R"],"score":1714,"play_id":"f10c7231-1ac0-4c51-bcea-2998a2630fdd","local_time":"20210126175042","is_ascension_mode":true,"campfire_choices":[{"floor":7.0,"key":"REST"},{"floor":10.0,"key":"REST"},{"floor":15.0,"key":"REST"},{"floor":24.0,"key":"REST"},{"floor":32.0,"key":"REST"},{"floor":40.0,"key":"REST"},{"floor":46.0,"key":"REST"},{"floor":49.0,"key":"RECALL"}],"circlet_count":0,"master_deck":["AscendersBane","Strike_R","Strike_R","Defend_R","Defend_R","Defend_R","Defend_R","Bash","Pommel Strike","Second Wind","Flame Barrier","Twin Strike+1","Iron Wave+1","Wild Strike+1","Iron Wave+1","Dark Embrace","Shrug It Off","Offering","Fiend Fire+1","True Grit+1","Barricade","Body Slam+1","Wild Strike+1","Inflame","Shrug It Off","Impervious","Apotheosis","Offering","CurseOfTheBell","Disarm+1","Feel No Pain","Doubt","Spot Weakness+1","Injury","Evolve","Demon Form","Reckless Charge+1"],"relics":["Fusion Hammer","Molten Egg 2","WingedGreaves","Omamori","Champion Belt","Tiny Chest","CeramicFish","Cursed Key","Bottled Lightning","Bag of Preparation","Letter Opener","Membership Card","Anchor","Paper Frog","Pear","Medical Kit","Bronze Scales","Mercury Hourglass","Calling Bell","Toxic Egg 2","Old Coin","Smiling Mask","Bottled Tornado","OrangePellets","Torii","Calipers","Darkstone Periapt","Sundial","PreservedInsect"],"acts_visited":["Exordium","TheCity","TheBeyond"],"potions_floor_usage":[50,51],"damage_taken":[{"damage":6.0,"enemies":"2 Louse","floor":1.0,"turns":3.0},{"damage":5.0,"enemies":"Small Slimes","floor":2.0,"turns":3.0},{"damage":1.0,"enemies":"Cultist","floor":5.0,"turns":4.0},{"damage":8.0,"enemies":"3 Sentries","floor":6.0,"turns":7.0},{"damage":28.0,"enemies":"Gremlin Nob","floor":8.0,"turns":4.0},{"damage":2.0,"enemies":"3 Louse","floor":11.0,"turns":3.0},{"damage":16.0,"enemies":"Lagavulin","floor":12.0,"turns":5.0},{"damage":0.0,"enemies":"2 Fungi Beasts","floor":13.0,"turns":3.0},{"damage":19.0,"enemies":"Gremlin Nob","floor":14.0,"turns":4.0},{"damage":9.0,"enemies":"Hexaghost","floor":16.0,"turns":9.0},{"damage":6.0,"enemies":"3 Byrds","floor":18.0,"turns":4.0},{"damage":16.0,"enemies":"Gremlin Leader","floor":23.0,"turns":5.0},{"damage":19.0,"enemies":"Slavers","floor":27.0,"turns":4.0},{"damage":17.0,"enemies":"Gremlin Leader","floor":29.0,"turns":6.0},{"damage":18.0,"enemies":"Book of Stabbing","floor":30.0,"turns":4.0},{"damage":15.0,"enemies":"Automaton","floor":33.0,"turns":8.0},{"damage":6.0,"enemies":"Orb Walker","floor":35.0,"turns":2.0},{"damage":12.0,"enemies":"3 Shapes","floor":37.0,"turns":4.0},{"damage":12.0,"enemies":"2 Orb Walkers","floor":38.0,"turns":4.0},{"damage":12.0,"enemies":"Transient","floor":39.0,"turns":6.0},{"damage":12.0,"enemies":"Giant Head","floor":42.0,"turns":5.0},{"damage":12.0,"enemies":"Maw","floor":44.0,"turns":5.0},{"damage":26.0,"enemies":"Nemesis","floor":45.0,"turns":7.0},{"damage":1.0,"enemies":"3 Darklings","floor":47.0,"turns":6.0},{"damage":19,"enemies":"Donu and Deca","floor":50,"turns":7},{"damage":17,"enemies":"Time Eater","floor":51,"turns":3}],"seed_played":"-940415514847408411","potions_obtained":[{"floor":2.0,"key":"CultistPotion"},{"floor":8.0,"key":"FearPotion"},{"floor":14.0,"key":"Strength Potion"},{"floor":16.0,"key":"Ancient Potion"},{"floor":30.0,"key":"SmokeBomb"},{"floor":38.0,"key":"DuplicationPotion"},{"floor":45.0,"key":"ElixirPotion"}],"is_trial":false,"path_per_floor":["M","M","?","?","M","E","R","E","T","R","M","E","M","E","R","B",null,"M","?","?","T","T","E","R","$","T","E","T","E","E","$","R","B",null,"M","$","M","?","M","R","T","E","T","M","E","R","M","?","R","B","B"],"character_chosen":"IRONCLAD","items_purchased":["Membership Card","Body Slam+1","Wild Strike+1","Apotheosis","Medical Kit","Bronze Scales","Mercury Hourglass","Block Potion","Bottled Tornado","OrangePellets","Feel No Pain","Torii"],"campfire_rested":7,"item_purchase_floors":[25,25,25,31,31,31,31,31,36,36,36,36],"current_hp_per_floor":[62,57,39,39,38,30,52,24,24,46,44,28,28,9,31,22,62,56,56,56,56,56,40,62,62,62,43,43,26,18,18,43,28,71,65,65,53,41,29,54,54,42,48,36,10,37,36,36,36,17,0,0],"gold":245,"neow_bonus":"BOSS_RELIC","is_daily":false,"chose_seed":false,"campfire_upgraded":0,"win_rate":0.0,"timestamp":1611701442,"path_taken":["M","M","?","?","M","E","R","E","T","R","?","E","M","E","R","BOSS","M","?","?","?","?","E","R","?","T","E","?","E","E","$","R","BOSS","M","$","M","?","M","R","?","E","T","M","E","R","M","?","R","BOSS","BOSS"],"items_purchased_type":["Relic","Card","Card","Card","Relic","Relic","Relic","Potion","Relic","Relic","Card","Relic"],"build_version":"2020-12-22","purchased_purges":1,"victory":false,"max_hp_per_floor":[75,75,75,75,75,75,75,75,75,75,75,75,75,75,75,75,75,75,75,75,75,75,75,75,75,75,75,75,75,85,85,85,85,85,85,85,85,85,85,85,85,85,91,91,91,91,91,91,91,91,91,91],"relic_stats":{"Darkstone Periapt":6,"Torii":3,"counters":[26,125],"CeramicFish":180,"PreservedInsect":0,"Bag of Preparation":[30],"Letter Opener":[206],"Cursed Key":4,"Medical Kit":[30],"Smiling Mask":0,"Mercury Hourglass":[199],"OrangePellets":[2],"Sundial":[8],"Bronze Scales":[155],"Tiny Chest":2,"Champion Belt":[18],"obtain_stats":[{"Darkstone Periapt":41,"Calipers":38,"Torii":36,"CeramicFish":14,"Bag of Preparation":22,"Bottled Tornado":36,"Cursed Key":17,"Smiling Mask":34,"Burning Blood":0,"Old Coin":34,"Sundial":42,"Tiny Chest":12,"Fusion Hammer":0,"WingedGreaves":6,"Toxic Egg 2":34,"Paper Frog":29,"Pear":30,"PreservedInsect":45,"Omamori":8,"Letter Opener":23,"Medical Kit":31,"Mercury Hourglass":31,"Calling Bell":34,"OrangePellets":36,"Anchor":27,"Bronze Scales":31,"Molten Egg 2":3,"Champion Belt":9,"Bottled Lightning":21,"Membership Card":25},{"Darkstone Periapt":20,"Calipers":19,"Torii":17,"CeramicFish":9,"Bag of Preparation":11,"Bottled Tornado":17,"Cursed Key":10,"Smiling Mask":16,"Burning Blood":0,"Old Coin":16,"Sundial":21,"Tiny Chest":7,"Fusion Hammer":0,"WingedGreaves":4,"Toxic Egg 2":16,"Paper Frog":14,"Pear":15,"PreservedInsect":23,"Omamori":5,"Letter Opener":12,"Medical Kit":15,"Mercury Hourglass":15,"Calling Bell":16,"OrangePellets":17,"Anchor":13,"Bronze Scales":15,"Molten Egg 2":2,"Champion Belt":5,"Bottled Lightning":11,"Membership Card":12},{"Darkstone Periapt":92,"Calipers":86,"Torii":78,"CeramicFish":36,"Bag of Preparation":49,"Bottled Tornado":78,"Cursed Key":45,"Smiling Mask":76,"Burning Blood":0,"Old Coin":76,"Sundial":97,"Tiny Chest":29,"Fusion Hammer":0,"WingedGreaves":17,"Toxic Egg 2":76,"Paper Frog":64,"Pear":68,"PreservedInsect":109,"Omamori":21,"Letter Opener":54,"Medical Kit":68,"Mercury Hourglass":68,"Calling Bell":76,"OrangePellets":78,"Anchor":58,"Bronze Scales":68,"Molten Egg 2":6,"Champion Belt":21,"Bottled Lightning":49,"Membership Card":54}]},"card_choices":[{"not_picked":["Havoc","True Grit"],"picked":"Pommel Strike","floor":1.0},{"not_picked":["Headbutt","Perfected Strike"],"picked":"Second Wind","floor":2.0},{"not_picked":["Infernal Blade","Heavy Blade+1"],"picked":"Twin Strike+1","floor":5.0},{"not_picked":["Perfected Strike+1","Armaments"],"picked":"Iron Wave+1","floor":6.0},{"not_picked":["Clothesline+1","Thunderclap+1"],"picked":"Wild Strike+1","floor":8.0},{"not_picked":["Warcry","Cleave+1"],"picked":"Iron Wave+1","floor":11.0},{"not_picked":["Metallicize","Seeing Red"],"picked":"Dark Embrace","floor":12.0},{"not_picked":["Clash+1","Headbutt+1"],"picked":"Shrug It Off","floor":13.0},{"not_picked":["Sever Soul+1","Dark Embrace"],"picked":"Offering","floor":14.0},{"not_picked":["Berserk","Bludgeon+1"],"picked":"Fiend Fire+1","floor":16.0},{"not_picked":["Sword Boomerang+1","Infernal Blade"],"picked":"True Grit+1","floor":18.0},{"not_picked":["Havoc","Spot Weakness"],"picked":"Barricade","floor":23.0},{"not_picked":["Heavy Blade+1","True Grit"],"picked":"Inflame","floor":27.0},{"not_picked":["Twin Strike+1","Armaments"],"picked":"Shrug It Off","floor":29.0},{"not_picked":["Twin Strike+1","Shockwave"],"picked":"Impervious","floor":30.0},{"not_picked":["Double Tap","Exhume"],"picked":"Offering","floor":33.0},{"not_picked":["Sword Boomerang+1","Headbutt+1"],"picked":"Disarm+1","floor":35.0},{"not_picked":["Sword Boomerang+1","Shrug It Off+1","Double Tap+1"],"picked":"SKIP","floor":39.0},{"not_picked":["Clothesline+1","Shrug It Off+1"],"picked":"Spot Weakness+1","floor":42.0},{"not_picked":["True Grit+1","Cleave+1"],"picked":"Evolve","floor":44.0},{"not_picked":["Warcry+1","Intimidate+1"],"picked":"Demon Form","floor":45.0},{"not_picked":["Headbutt+1","Sword Boomerang+1"],"picked":"Reckless Charge+1","floor":47.0}],"player_experience":1145840,"relics_obtained":[{"floor":6.0,"key":"WingedGreaves"},{"floor":8.0,"key":"Omamori"},{"floor":9.0,"key":"Champion Belt"},{"floor":12.0,"key":"Tiny Chest"},{"floor":14.0,"key":"CeramicFish"},{"floor":21.0,"key":"Bottled Lightning"},{"floor":22.0,"key":"Bag of Preparation"},{"floor":23.0,"key":"Letter Opener"},{"floor":27.0,"key":"Anchor"},{"floor":29.0,"key":"Paper Frog"},{"floor":30.0,"key":"Pear"},{"floor":34.0,"key":"Toxic Egg 2"},{"floor":34.0,"key":"Old Coin"},{"floor":34.0,"key":"Smiling Mask"},{"floor":38.0,"key":"Calipers"},{"floor":41.0,"key":"Darkstone Periapt"},{"floor":42.0,"key":"Sundial"},{"floor":45.0,"key":"PreservedInsect"}],"event_choices":[{"damage_healed":0.0,"max_hp_gain":0.0,"max_hp_loss":0.0,"gold_gain":0.0,"event_name":"Scrap Ooze","player_choice":"Success","floor":3.0,"gold_loss":0.0,"damage_taken":18.0,"relics_obtained":["Molten Egg 2"]},{"damage_healed":0.0,"max_hp_gain":0.0,"max_hp_loss":0.0,"gold_gain":0.0,"cards_transformed":["Strike_R"],"event_name":"Transmorgrifier","player_choice":"Transformed","floor":4.0,"gold_loss":0.0,"damage_taken":0.0,"cards_obtained":["Flame Barrier"]},{"damage_healed":0.0,"max_hp_gain":0.0,"max_hp_loss":0.0,"gold_gain":0.0,"event_name":"Ghosts","player_choice":"Ignored","floor":19.0,"gold_loss":0.0,"damage_taken":0.0},{"damage_healed":0.0,"max_hp_gain":0.0,"max_hp_loss":0.0,"gold_gain":50.0,"event_name":"Nest","player_choice":"Stole From Cult","floor":20.0,"gold_loss":0.0,"damage_taken":0.0},{"damage_healed":0.0,"max_hp_gain":0.0,"max_hp_loss":0.0,"gold_gain":0.0,"event_name":"Mysterious Sphere","player_choice":"Fight","floor":38.0,"gold_loss":0.0,"damage_taken":0.0},{"cards_removed":["Strike_R"],"damage_healed":0.0,"max_hp_gain":0.0,"max_hp_loss":0.0,"gold_gain":0.0,"event_name":"Falling","player_choice":"Removed Attack","floor":48.0,"gold_loss":0.0,"damage_taken":0.0}],"is_beta":false,"boss_relics":[{"not_picked":["Empty Cage","Sozu"],"picked":"Cursed Key"},{"not_picked":["SlaversCollar","Runic Cube"],"picked":"Calling Bell"}],"items_purged_floors":[25],"is_endless":false,"potions_floor_spawned":[2,8,14,16,30,38,42,45],"killed_by":"Time Eater","ascension_level":20}}