{"host":"Bilverbakes","time":1611629547,"event":{"mods":["2.2 Compatiblity","AchievementEnabler","BaseMod","Bestiary","Colored Map","Minty Spire (QoL Compilation)","Relic Stats","StSLib","ojb\u0027s Info Mod"],"gold_per_floor":[116,135,145,145,4,4,36,36,36,52,52,67,67,92,92,169,169,187,187,197,225,275,306,93,112,112,130,47,72,84,99,99,99,99],"floor_reached":33,"language":"ENG","playtime":1621,"items_purged":[],"score":594,"play_id":"9e686a24-e85d-4ff8-8a9a-fd53f5e309b8","local_time":"20210125205227","is_ascension_mode":true,"campfire_choices":[{"data":"Perfected Strike","floor":6,"key":"SMITH"},{"data":"Armaments","floor":11,"key":"SMITH"},{"data":"Battle Trance","floor":13,"key":"SMITH"},{"data":"Evolve","floor":15,"key":"SMITH"},{"floor":32,"key":"REST"}],"circlet_count":0,"master_deck":["AscendersBane","Strike_R+1","Strike_R+1","Strike_R+1","Strike_R+1","Strike_R+1","Defend_R+1","Defend_R+1","Defend_R+1","Defend_R+1","Bash","Perfected Strike+1","Battle Trance+1","Evolve+1","Ghostly Armor","Pummel+1","Parasite","Armaments+1","Power Through","Headbutt","Bludgeon","Flame Barrier","Shrug It Off","Thunderclap","Bludgeon","Disarm+1","Doubt","Pommel Strike","Spot Weakness","Battle Trance"],"relics":["Cursed Key","Bottled Lightning","White Beast Statue","Whetstone","Fusion Hammer","Red Mask","PreservedInsect","Toolbox","Eternal Feather","Tiny Chest"],"acts_visited":["Exordium","TheCity"],"potions_floor_usage":[7,10,13,14,16,20,21,23,23,24,27,28,30,33,33,33,33],"damage_taken":[{"damage":0,"enemies":"Cultist","floor":1,"turns":2},{"damage":7,"enemies":"Jaw Worm","floor":2,"turns":3},{"damage":0,"enemies":"2 Louse","floor":3,"turns":2},{"damage":32,"enemies":"Gremlin Nob","floor":7,"turns":4},{"damage":4,"enemies":"Large Slime","floor":10,"turns":6},{"damage":0,"enemies":"3 Louse","floor":12,"turns":3},{"damage":15,"enemies":"Lagavulin","floor":14,"turns":6},{"damage":20,"enemies":"Hexaghost","floor":16,"turns":9},{"damage":11,"enemies":"Spheric Guardian","floor":18,"turns":3},{"damage":8,"enemies":"Shell Parasite","floor":20,"turns":4},{"damage":9,"enemies":"Masked Bandits","floor":21,"turns":4},{"damage":26,"enemies":"Gremlin Leader","floor":23,"turns":5},{"damage":0,"enemies":"Centurion and Healer","floor":25,"turns":3},{"damage":0,"enemies":"Cultist and Chosen","floor":27,"turns":4},{"damage":6,"enemies":"Slavers","floor":29,"turns":5},{"damage":0,"enemies":"Snake Plant","floor":30,"turns":2},{"damage":0,"enemies":"Centurion and Healer","floor":31,"turns":4},{"damage":69,"enemies":"Collector","floor":33,"turns":8}],"seed_played":"-1332494361038637999","potions_obtained":[{"floor":2,"key":"GamblersBrew"},{"floor":7,"key":"Ancient Potion"},{"floor":10,"key":"Block Potion"},{"floor":12,"key":"BloodPotion"},{"floor":14,"key":"Swift Potion"},{"floor":16,"key":"SteroidPotion"},{"floor":18,"key":"LiquidBronze"},{"floor":20,"key":"ColorlessPotion"},{"floor":21,"key":"PowerPotion"},{"floor":23,"key":"Dexterity Potion"},{"floor":25,"key":"Explosive Potion"},{"floor":27,"key":"BloodPotion"},{"floor":29,"key":"Explosive Potion"},{"floor":30,"key":"EntropicBrew"}],"is_trial":false,"path_per_floor":["M","M","M","?","$","R","E","T","T","M","R","M","R","E","R","B",null,"M","?","M","?","?","E","$","M","T","M","$","E","M","M","R","B"],"character_chosen":"IRONCLAD","items_purchased":["Ghostly Armor","Weak Potion","Toolbox","BloodPotion","Spot Weakness"],"campfire_rested":1,"item_purchase_floors":[5,5,24,24,28],"current_hp_per_floor":[68,61,61,61,61,61,29,29,29,25,25,25,40,25,25,5,58,47,47,39,30,30,4,19,19,19,19,34,28,28,28,68,0,0],"gold":99,"neow_bonus":"BOSS_RELIC","is_daily":false,"chose_seed":false,"campfire_upgraded":4,"win_rate":0.0,"timestamp":1611629547,"path_taken":["M","M","M","?","$","R","E","?","T","M","R","M","R","E","R","BOSS","M","?","M","?","?","E","?","M","T","?","$","E","M","M","R","BOSS"],"items_purchased_type":["Card","Potion","Relic","Potion","Card"],"build_version":"2020-12-18","purchased_purges":0,"victory":false,"max_hp_per_floor":[75,75,75,75,75,75,75,75,75,75,75,75,75,75,75,75,75,75,75,75,75,75,75,75,75,75,75,75,75,75,75,75,75,75],"relic_stats":{"counters":[18,77],"Eternal Feather":18,"Tiny Chest":0,"PreservedInsect":41,"Whetstone":["Strike_R","Pummel"],"Cursed Key":2,"obtain_stats":[{"Toolbox":24,"Eternal Feather":26,"Tiny Chest":29,"Fusion Hammer":17,"PreservedInsect":23,"Red Mask":21,"Bottled Lightning":7,"Whetstone":14,"Cursed Key":0,"Burning Blood":0,"White Beast Statue":8},{"Toolbox":12,"Eternal Feather":13,"Tiny Chest":15,"Fusion Hammer":8,"PreservedInsect":12,"Red Mask":11,"Bottled Lightning":4,"Whetstone":7,"Cursed Key":0,"Burning Blood":0,"White Beast Statue":4},{"Toolbox":51,"Eternal Feather":54,"Tiny Chest":63,"Fusion Hammer":35,"PreservedInsect":51,"Red Mask":46,"Bottled Lightning":11,"Whetstone":26,"Cursed Key":0,"Burning Blood":0,"White Beast Statue":11}]},"card_choices":[{"not_picked":["Body Slam","Iron Wave"],"picked":"Perfected Strike","floor":1},{"not_picked":["Flex","Warcry"],"picked":"Battle Trance","floor":2},{"not_picked":["Havoc","Sentinel"],"picked":"Evolve","floor":3},{"not_picked":["Havoc","Thunderclap"],"picked":"Pummel","floor":7},{"not_picked":["Sentinel","Body Slam"],"picked":"Armaments","floor":10},{"not_picked":["Anger","Ghostly Armor"],"picked":"Power Through","floor":12},{"not_picked":["Rupture","Seeing Red"],"picked":"Headbutt","floor":14},{"not_picked":["Double Tap","Fiend Fire"],"picked":"Bludgeon","floor":16},{"not_picked":["Rampage+1","Battle Trance"],"picked":"Flame Barrier","floor":18},{"not_picked":["Warcry","Sword Boomerang"],"picked":"Shrug It Off","floor":20},{"not_picked":["Perfected Strike","Cleave"],"picked":"Thunderclap","floor":21},{"not_picked":["Perfected Strike","Feel No Pain+1"],"picked":"Bludgeon","floor":23},{"not_picked":["Dual Wield","Feel No Pain"],"picked":"Disarm+1","floor":25},{"not_picked":["Perfected Strike","Iron Wave"],"picked":"Pommel Strike","floor":27},{"not_picked":["Intimidate","Inflame"],"picked":"Battle Trance","floor":29},{"not_picked":["Sword Boomerang","Heavy Blade","Iron Wave"],"picked":"SKIP","floor":30},{"not_picked":["Carnage","Anger","Thunderclap"],"picked":"SKIP","floor":31}],"player_experience":817434,"relics_obtained":[{"floor":7,"key":"Bottled Lightning"},{"floor":8,"key":"White Beast Statue"},{"floor":14,"key":"Whetstone"},{"floor":21,"key":"Red Mask"},{"floor":23,"key":"PreservedInsect"},{"floor":26,"key":"Eternal Feather"},{"floor":29,"key":"Tiny Chest"}],"event_choices":[{"damage_healed":0,"gold_gain":0,"player_choice":"Fled","damage_taken":0,"max_hp_gain":0,"max_hp_loss":0,"event_name":"Scrap Ooze","floor":4,"gold_loss":0},{"damage_healed":0,"gold_gain":0,"player_choice":"Simplicity","damage_taken":0,"max_hp_gain":0,"max_hp_loss":0,"event_name":"Back to Basics","floor":19,"gold_loss":0,"cards_upgraded":["Strike_R","Strike_R","Strike_R","Strike_R","Defend_R","Defend_R","Defend_R","Defend_R"]},{"damage_healed":0,"gold_gain":0,"player_choice":"Fought Bandits","damage_taken":0,"max_hp_gain":0,"max_hp_loss":0,"event_name":"Masked Bandits","floor":21,"gold_loss":0},{"damage_healed":0,"gold_gain":50,"player_choice":"Stole From Cult","damage_taken":0,"max_hp_gain":0,"max_hp_loss":0,"event_name":"Nest","floor":22,"gold_loss":0}],"is_beta":true,"boss_relics":[{"not_picked":["Runic Cube","Philosopher\u0027s Stone"],"picked":"Fusion Hammer"}],"items_purged_floors":[],"is_endless":false,"potions_floor_spawned":[2,7,10,12,14,16,18,20,21,23,25,27,29,30,31],"killed_by":"Collector","ascension_level":20}}