{"host":"yq2wmfr0u0wuvxc0","time":1611628984,"event":{"mods":["Act Like it!","Aspiration","BaseMod","Curses Come First","Downfall","Friendly Minions","Gensokyo","Hero for Fun","Hubris","Infinite Spire","Marisa????????","Minty Spire (QoL Compilation)","Pale of the Ancients","Remilia??????","Shop Mod","StSLib","The Servant 0.9.4","Wide Potions"],"gold_per_floor":[99,114,114,264,174,189,260,260,273,292,292,319,339,350,369,473,473,473,485,499,584,584,594,594,621,621,647,647,674,674,688,708,810,810,710,720,720,732,744,744,797,813,518,533,553,899,699,539,559,559,559,579,579,56,56,75,75,129,129,129,129,129],"floor_reached":60,"language":"ZHS","playtime":4114,"items_purged":["champ:Defend","champ:Strike","champ:Strike","downfall:Icky","champ:Defend","champ:Defend","champ:Defend"],"score":904,"play_id":"9f3e614b-ef88-4d83-9e75-823468361b7e","local_time":"20210125184304","is_ascension_mode":false,"campfire_choices":[{"data":"champ:Taunt","floor":1,"key":"SMITH"},{"data":"champ:PerfectedStrike","floor":11,"key":"SMITH"},{"data":"champ:EndlessRage","floor":18,"key":"SMITH"},{"data":"champ:TripleStrike","floor":26,"key":"SMITH"},{"data":"champ:AdrenalArmor","floor":35,"key":"SMITH"},{"floor":40,"key":"RECALL"},{"data":"champ:HoldFirm","floor":47,"key":"SMITH"},{"data":"champ:UltimateStance","floor":55,"key":"SMITH"},{"data":"champ:FanOfKnives","floor":57,"key":"SMITH"}],"circlet_count":0,"master_deck":["champ:Strike","champ:Strike","champ:Execute","champ:Taunt+1","champ:PerfectedStrike+1","champ:BringItOn","champ:TripleStrike+1","champ:AdrenalArmor+1","champ:HoldFirm+1","champ:EndlessRage+1","champ:StanceDance","champ:FanOfKnives","champ:LastStand","champ:RisingSlash+1","champ:LastStand+1","champ:Taunt+1","expansioncontent:StudyTheSpire+1","champ:Encircle+1","champ:FanOfKnives+1","champ:UltimateStance+1"],"relics":["champ:ChampionCrown","aspiration:Nostalgia","Ring of the Snake","Orrery","hubris:PeanutButter","Pantograph","Pen Nib","Busted Crown","Frozen Egg 2","Vajra","MealTicket","downfall:RedIOU","aspiration:HatOfInfinitePower","hubris:Icosahedron","hubris:Backtick","Shuriken","downfall:HeartBlessingGreen","Old Coin","downfall:HeartBlessingBlue","downfall:HeartBlessingRed","Bag of Preparation","HandDrill","paleoftheancients:Timepiece","paleoftheancients:KeyRelic","Oddly Smooth Stone","Gremlin Horn","paleoftheancients:SoulOfTheCollector","Lizard Tail","aspiration:ChemicalBlood"],"acts_visited":["Exordium","TheCity","TheBeyond","paleoftheancients:PaleOfTheAncients"],"potions_floor_usage":[16,16,29,33,38,46,49,50,51,56,60,60,60,60,60],"damage_taken":[{"damage":12,"enemies":"Cultist","floor":2,"turns":4},{"damage":42,"enemies":"downfall:FleeingMerchant","floor":5,"turns":4},{"damage":8,"enemies":"Jaw Worm","floor":6,"turns":3},{"damage":12,"enemies":"Small Slimes","floor":9,"turns":3},{"damage":5,"enemies":"Exordium Thugs","floor":10,"turns":6},{"damage":18,"enemies":"Exordium Wildlife","floor":13,"turns":2},{"damage":38,"enemies":"Large Slime","floor":14,"turns":4},{"damage":0,"enemies":"3 Louse","floor":15,"turns":3},{"damage":49,"enemies":"WA_ARCHETYPE_RETAIN","floor":16,"turns":7},{"damage":27,"enemies":"3 Byrds","floor":19,"turns":5},{"damage":27,"enemies":"Snake Plant","floor":20,"turns":4},{"damage":33,"enemies":"3 Cultists","floor":23,"turns":5},{"damage":69,"enemies":"Gremlin Leader","floor":27,"turns":7},{"damage":74,"enemies":"Nightmare","floor":29,"turns":6},{"damage":27,"enemies":"Centurion and Healer","floor":31,"turns":3},{"damage":17,"enemies":"Snake Plant","floor":32,"turns":2},{"damage":85,"enemies":"SI_MIRROR_ARCHETYPE","floor":33,"turns":8},{"damage":32,"enemies":"Orb Walker","floor":36,"turns":2},{"damage":0,"enemies":"3 Shapes","floor":38,"turns":1},{"damage":72,"enemies":"Transient","floor":39,"turns":5},{"damage":42,"enemies":"Spire Growth","floor":42,"turns":2},{"damage":51,"enemies":"downfall:FleeingMerchant","floor":43,"turns":4},{"damage":18,"enemies":"4 Shapes","floor":44,"turns":5},{"damage":36,"enemies":"3 Darklings","floor":45,"turns":4},{"damage":46,"enemies":"2 Orb Walkers","floor":46,"turns":4},{"damage":37,"enemies":"downfall:FleeingMerchant","floor":48,"turns":3},{"damage":33,"enemies":"Writhing Mass","floor":49,"turns":4},{"damage":107,"enemies":"DF_ARCHETYPE_ORBS","floor":50,"turns":5},{"damage":161,"enemies":"DF_ARCHETYPE_ORBS","floor":51,"turns":6},{"damage":111,"enemies":"DF_ARCHETYPE_ORBS","floor":52,"turns":6},{"damage":205,"enemies":"DF_ARCHETYPE_ORBS","floor":56,"turns":8},{"damage":162,"enemies":"paleoftheancients:N","floor":60,"turns":9}],"seed_played":"5467069217016435874","potions_obtained":[{"floor":6,"key":"Fire Potion"},{"floor":13,"key":"Explosive Potion"},{"floor":15,"key":"Dexterity Potion"},{"floor":22,"key":"CultistPotion"},{"floor":23,"key":"BlessingOfTheForge"},{"floor":29,"key":"SmokeBomb"},{"floor":32,"key":"Dexterity Potion"},{"floor":33,"key":"Weak Potion"},{"floor":42,"key":"champ:CounterPotion"},{"floor":49,"key":"Fire Potion"},{"floor":52,"key":"BlessingOfTheForge"}],"is_trial":false,"path_per_floor":["R","M","$","?","$","M","T","?","M","M","R","T","M","M","M","B",null,"R","M","M","?","?","M","T","T","R","E","?","NM","?","M","M","B",null,"R","M","?","M","M","R","T","M","$","M","M","?","R","$","M","B","M","M","?","$","R","M","R","T","?","B"],"character_chosen":"THE_CHAMP","items_purchased":["aspiration:Nostalgia","Orrery","hubris:PeanutButter","expansioncontent:StudyTheSpire","Bag of Preparation","HandDrill","DistilledChaos","champ:UltimateStance","Lizard Tail"],"campfire_rested":0,"item_purchase_floors":[3,3,3,43,48,48,48,54,54],"current_hp_per_floor":[90,88,31,31,39,41,41,41,34,29,29,29,36,33,33,54,90,90,90,90,72,72,69,69,69,69,55,55,31,31,39,47,57,90,90,90,90,90,85,85,85,90,86,89,88,62,72,95,77,100,100,91,91,100,100,100,100,100,100,0,0,0],"gold":129,"neow_bonus":"RANDOM_COMMON_RELIC","is_daily":false,"chose_seed":false,"campfire_upgraded":8,"win_rate":0.0,"timestamp":1611628984,"path_taken":["R","M","?","?","$","M","T","?","M","M","R","?","?","M","M","BOSS","R","M","M","?","?","M","T","?","R","E","?","NM","?","?","M","BOSS","R","M","?","M","M","R","T","M","$","?","M","?","R","$","M","BOSS","M","M","?","$","R","M","R","T","?","BOSS"],"items_purchased_type":["Relic","Relic","Relic","Card","Relic","Relic","Potion","Card","Relic"],"build_version":"2020-12-22","purchased_purges":7,"victory":false,"max_hp_per_floor":[90,90,90,90,90,90,90,90,90,90,90,90,90,90,90,90,90,90,90,90,90,90,90,90,90,90,90,90,90,90,90,90,90,90,90,90,90,90,90,90,90,90,90,90,90,90,100,100,100,100,100,100,100,100,100,100,100,100,100,100,100,100],"card_choices":[{"not_picked":["champ:TornadoPunch","champ:CrownThrow"],"picked":"champ:PerfectedStrike","floor":2},{"not_picked":["champ:StrikeOfGenius","champ:Duel"],"picked":"champ:BringItOn","floor":3},{"not_picked":["champ:Shatter","champ:StanceDance"],"picked":"champ:TripleStrike","floor":3},{"not_picked":["champ:FancyFootwork","champ:ShieldSlam"],"picked":"champ:AdrenalArmor","floor":3},{"not_picked":["champ:FlashCut","champ:Backstep"],"picked":"champ:HoldFirm","floor":3},{"not_picked":["champ:StanceDance","champ:FanOfKnives"],"picked":"champ:EndlessRage","floor":5},{"not_picked":["champ:AdrenalArmor","champ:Haymaker","champ:FalseCounter"],"picked":"SKIP","floor":6},{"not_picked":["champ:ShieldSlam","champ:BerserkersShout"],"picked":"champ:StanceDance","floor":9},{"not_picked":["champ:CheapShot","champ:CrookedStrike","champ:RecklessLeap"],"picked":"SKIP","floor":10},{"not_picked":["champ:PreemptiveStrike","champ:GladiatorStyle"],"picked":"champ:FanOfKnives","floor":13},{"not_picked":["champ:PreciseThrust","champ:TornadoPunch","champ:FocusedDefense"],"picked":"SKIP","floor":14},{"not_picked":["champ:StanceDance","champ:FlashCut","champ:FancyFootwork"],"picked":"SKIP","floor":15},{"not_picked":["champ:Devastate","champ:HoldFirm"],"picked":"champ:LastStand","floor":16},{"not_picked":["champ:Shatter"],"picked":"SKIP","floor":19},{"not_picked":["champ:FalseCounter"],"picked":"SKIP","floor":20},{"not_picked":["champ:DefensiveShout+1"],"picked":"SKIP","floor":23},{"not_picked":["champ:Shatter"],"picked":"SKIP","floor":27},{"not_picked":["champ:Shatter"],"picked":"SKIP","floor":29},{"not_picked":["champ:Haymaker+1"],"picked":"SKIP","floor":31},{"not_picked":[],"picked":"champ:RisingSlash+1","floor":32},{"not_picked":[],"picked":"champ:LastStand+1","floor":33},{"not_picked":["champ:CrookedStrike+1"],"picked":"SKIP","floor":36},{"not_picked":["champ:FancyFootwork"],"picked":"SKIP","floor":38},{"not_picked":["champ:Circumvent+1"],"picked":"SKIP","floor":39},{"not_picked":["champ:Encircle"],"picked":"SKIP","floor":42},{"not_picked":["champ:FlashCut+1"],"picked":"SKIP","floor":43},{"not_picked":["champ:Circumvent+1"],"picked":"SKIP","floor":44},{"not_picked":["champ:BringItOn"],"picked":"SKIP","floor":45},{"not_picked":["champ:GutPunch"],"picked":"SKIP","floor":48},{"not_picked":[],"picked":"champ:Encircle+1","floor":49},{"not_picked":["champ:FocusedDefense"],"picked":"SKIP","floor":52},{"not_picked":["champ:Shatter"],"picked":"SKIP","floor":56}],"player_experience":255227,"relics_obtained":[{"floor":7,"key":"Pantograph"},{"floor":12,"key":"Pen Nib"},{"floor":24,"key":"Frozen Egg 2"},{"floor":25,"key":"Vajra"},{"floor":27,"key":"MealTicket"},{"floor":29,"key":"aspiration:HatOfInfinitePower"},{"floor":46,"key":"Old Coin"},{"floor":52,"key":"paleoftheancients:SoulOfTheCollector"},{"floor":56,"key":"paleoftheancients:SoulOfTheShrineMaiden"},{"floor":58,"key":"aspiration:ChemicalBlood"}],"event_choices":[{"damage_healed":0,"gold_gain":0,"player_choice":"Fight","damage_taken":0,"max_hp_gain":0,"max_hp_loss":0,"event_name":"Mysterious Sphere","floor":46,"gold_loss":0}],"is_beta":false,"boss_relics":[{"not_picked":["hubris:HollowSoul","bronze:MakeshiftBattery"],"picked":"Busted Crown"},{"not_picked":["Snecko Eye","Runic Dome"],"picked":"hubris:Backtick"}],"items_purged_floors":[3,3,3,5,43,48,54],"is_endless":false,"potions_floor_spawned":[6,13,15,23,29,32,33,42,45,49,51,52],"killed_by":"paleoftheancients:N","ascension_level":0}}