{"host":"pi8b3ffzwvxqztac","time":1611681148,"event":{"mods":["BaseMod","Colored Map","Custom Start","Downfall","Minty Spire (QoL Compilation)","StSLib"],"gold_per_floor":[116,116,126,138,151,151,168,200,249,249,274,274,294,313,313,411,411,427,445,445,455,473,501,501,535,559,559,5,5,15,115,115,210,210,228,238,257,257,286,326,190,190,262,113,133,133,167,182,182,182],"floor_reached":51,"language":"ENG","playtime":857,"items_purged":[],"score":1214,"play_id":"fc502503-3185-4865-b65c-22d92818e401","local_time":"20210127061228","daily_mods":["Uncertain Future"],"is_ascension_mode":true,"campfire_choices":[{"data":"Flex","floor":10,"key":"SMITH"},{"data":"Flex","floor":12,"key":"SMITH"},{"data":"Flex","floor":15,"key":"SMITH"},{"floor":24,"key":"REST"},{"data":"Limit Break","floor":27,"key":"SMITH"},{"floor":32,"key":"REST"},{"data":"Finesse","floor":46,"key":"SMITH"},{"data":"Finesse","floor":49,"key":"SMITH"}],"circlet_count":0,"master_deck":["Flex+1","Flex+1","Flex+1","Flex+1","Whirlwind+1","Whirlwind+1","Limit Break+1","Finesse+1","Finesse+1","Inflame"],"relics":["Burning Blood","MealTicket","Pen Nib","bronze:DecasWashers","Philosopher\u0027s Stone","War Paint","Red Skull","Orichalcum","ClockworkSouvenir","Mercury Hourglass","Boot","Du-Vu Doll","Slimebound:PreparedRelic","Runic Cube","MawBank","Dream Catcher","Anchor","Question Card","DollysMirror","Toy Ornithopter"],"acts_visited":["Exordium","TheCity","TheBeyond"],"potions_floor_usage":[16,16,25,40],"damage_taken":[{"damage":0,"enemies":"Small Slimes","floor":1,"turns":1},{"damage":0,"enemies":"Cultist","floor":3,"turns":2},{"damage":0,"enemies":"2 Louse","floor":4,"turns":1},{"damage":11,"enemies":"Exordium Thugs","floor":5,"turns":2},{"damage":0,"enemies":"Large Slime","floor":7,"turns":2},{"damage":0,"enemies":"Gremlin Nob","floor":8,"turns":2},{"damage":20,"enemies":"Lagavulin","floor":11,"turns":3},{"damage":0,"enemies":"Looter","floor":13,"turns":1},{"damage":0,"enemies":"Exordium Thugs","floor":14,"turns":1},{"damage":48,"enemies":"Hexaghost","floor":16,"turns":4},{"damage":0,"enemies":"Spheric Guardian","floor":18,"turns":1},{"damage":0,"enemies":"2 Thieves","floor":19,"turns":1},{"damage":0,"enemies":"Centurion and Healer","floor":21,"turns":1},{"damage":0,"enemies":"Shelled Parasite and Fungi","floor":22,"turns":1},{"damage":0,"enemies":"Slavers","floor":23,"turns":1},{"damage":40,"enemies":"Book of Stabbing","floor":25,"turns":3},{"damage":0,"enemies":"Snake Plant","floor":30,"turns":1},{"damage":0,"enemies":"Colosseum Slavers","floor":31,"turns":1},{"damage":0,"enemies":"Colosseum Nobs","floor":31,"turns":1},{"damage":0,"enemies":"Collector","floor":33,"turns":2},{"damage":0,"enemies":"Orb Walker","floor":35,"turns":1},{"damage":8,"enemies":"3 Shapes","floor":36,"turns":1},{"damage":13,"enemies":"Spire Growth","floor":37,"turns":3},{"damage":0,"enemies":"Jaw Worm Horde","floor":39,"turns":1},{"damage":0,"enemies":"Reptomancer","floor":40,"turns":2},{"damage":0,"enemies":"Sphere and 2 Shapes","floor":45,"turns":1},{"damage":24,"enemies":"Nemesis","floor":47,"turns":3},{"damage":0,"enemies":"Writhing Mass","floor":48,"turns":1},{"damage":0,"enemies":"Donu and Deca","floor":50,"turns":2}],"seed_played":"-1328351109842541630","potions_obtained":[{"floor":1,"key":"Swift Potion"},{"floor":4,"key":"PowerPotion"},{"floor":8,"key":"ColorlessPotion"},{"floor":14,"key":"FairyPotion"},{"floor":16,"key":"EntropicBrew"},{"floor":19,"key":"SpeedPotion"},{"floor":21,"key":"AttackPotion"},{"floor":30,"key":"ElixirPotion"},{"floor":39,"key":"Dexterity Potion"},{"floor":47,"key":"LiquidMemories"},{"floor":48,"key":"Fire Potion"}],"is_trial":true,"path_per_floor":["M","$","M","M","M","?","M","E","T","R","E","R","M","M","R","B",null,"M","M","?","M","M","E","R","E","T","R","$","$","M","?","R","B",null,"M","M","M","?","M","E","$","?","T","$","M","R","E","M","R","B",null],"character_chosen":"IRONCLAD","items_purchased":["ClockworkSouvenir","Mercury Hourglass","Boot","Anchor","DollysMirror"],"campfire_rested":2,"item_purchase_floors":[28,28,28,41,44],"current_hp_per_floor":[80,80,80,80,75,75,80,80,80,80,66,66,72,78,78,36,69,75,80,80,80,80,80,80,46,46,46,61,76,80,80,80,80,80,80,78,71,71,77,80,80,80,80,80,80,80,62,68,68,74],"gold":182,"neow_bonus":"","is_daily":false,"chose_seed":false,"campfire_upgraded":6,"win_rate":0.0,"timestamp":1611681148,"path_taken":["M","$","M","M","M","?","?","E","T","R","E","R","?","M","R","BOSS","M","M","?","M","M","E","R","E","T","R","?","$","M","?","R","BOSS","M","M","M","?","M","E","?","?","T","$","M","R","E","M","R","BOSS"],"items_purchased_type":["Relic","Relic","Relic","Relic","Relic"],"build_version":"2020-12-22","purchased_purges":0,"victory":true,"max_hp_per_floor":[80,80,80,80,80,80,80,80,80,80,80,80,80,80,80,80,80,80,80,80,80,80,80,80,80,80,80,80,80,80,80,80,80,80,80,80,80,80,80,80,80,80,80,80,80,80,80,80,80,80],"card_choices":[{"not_picked":["Dual Wield","Rupture","Clothesline"],"picked":"SKIP","floor":1},{"not_picked":["Rage","Thunderclap","Shrug It Off"],"picked":"SKIP","floor":3},{"not_picked":["Intimidate","Thunderclap","Disarm"],"picked":"SKIP","floor":4},{"not_picked":["Inflame","Flex","True Grit"],"picked":"SKIP","floor":5},{"not_picked":["Shockwave","Shrug It Off","Spot Weakness"],"picked":"SKIP","floor":7},{"not_picked":["Dark Embrace","Rage","Thunderclap"],"picked":"SKIP","floor":8},{"not_picked":["Iron Wave","Double Tap","Body Slam"],"picked":"SKIP","floor":11},{"not_picked":["Armaments","Dropkick","Bloodletting"],"picked":"SKIP","floor":13},{"not_picked":["Pommel Strike","Twin Strike","Clothesline"],"picked":"SKIP","floor":14},{"not_picked":["Thunderclap","Evolve+1","Perfected Strike+1"],"picked":"SKIP","floor":18},{"not_picked":["Armaments+1","Warcry","Heavy Blade+1"],"picked":"SKIP","floor":19},{"not_picked":["Battle Trance","Thunderclap","Body Slam+1"],"picked":"SKIP","floor":21},{"not_picked":["Perfected Strike","Cleave+1","Anger"],"picked":"SKIP","floor":22},{"not_picked":["True Grit","Feel No Pain","Iron Wave+1"],"picked":"SKIP","floor":23},{"not_picked":["Clash","Body Slam"],"picked":"Limit Break","floor":25},{"not_picked":["Second Wind","Perfected Strike","Pummel+1"],"picked":"SKIP","floor":30},{"not_picked":["Cleave","Dual Wield","Shockwave+1"],"picked":"SKIP","floor":35},{"not_picked":["Perfected Strike","Spot Weakness+1","Rage+1"],"picked":"SKIP","floor":36},{"not_picked":["Warcry","Heavy Blade+1","Thunderclap+1"],"picked":"SKIP","floor":37},{"not_picked":["Sword Boomerang","Wild Strike+1","Clothesline"],"picked":"SKIP","floor":39},{"not_picked":["Anger","Pummel","Burning Pact+1"],"picked":"SKIP","floor":40},{"not_picked":["Mind Blast","Violence"],"picked":"Finesse","floor":42},{"not_picked":["Dropkick+1","Pommel Strike+1","Iron Wave+1","Havoc+1"],"picked":"SKIP","floor":45},{"not_picked":["Battle Trance","Disarm+1","Dual Wield","Warcry+1"],"picked":"SKIP","floor":47},{"not_picked":["True Grit","Body Slam+1","Iron Wave"],"picked":"Inflame","floor":48}],"player_experience":629407,"relics_obtained":[{"floor":8,"key":"MealTicket"},{"floor":9,"key":"Pen Nib"},{"floor":11,"key":"bronze:DecasWashers"},{"floor":23,"key":"War Paint"},{"floor":25,"key":"Red Skull"},{"floor":26,"key":"Orichalcum"},{"floor":31,"key":"Du-Vu Doll"},{"floor":31,"key":"Slimebound:PreparedRelic"},{"floor":40,"key":"Dream Catcher"},{"floor":43,"key":"Question Card"},{"floor":47,"key":"Toy Ornithopter"}],"event_choices":[{"damage_healed":0,"gold_gain":0,"player_choice":"Upgraded","damage_taken":0,"max_hp_gain":0,"max_hp_loss":0,"event_name":"Upgrade Shrine","floor":6,"gold_loss":0,"cards_upgraded":["Whirlwind"]},{"damage_healed":0,"gold_gain":0,"player_choice":"Copied","damage_taken":0,"max_hp_gain":0,"max_hp_loss":0,"event_name":"Duplicator","floor":20,"gold_loss":0,"cards_obtained":["Whirlwind"]},{"damage_healed":0,"gold_gain":0,"player_choice":"Fight","damage_taken":0,"max_hp_gain":0,"max_hp_loss":0,"event_name":"Colosseum","floor":31,"gold_loss":0},{"damage_healed":0,"gold_gain":0,"player_choice":"Fought Nobs","damage_taken":0,"max_hp_gain":0,"max_hp_loss":0,"event_name":"Colosseum","floor":31,"gold_loss":0},{"damage_healed":0,"gold_gain":0,"player_choice":"Gave Potion","damage_taken":0,"relics_obtained":["MawBank"],"max_hp_gain":0,"max_hp_loss":0,"event_name":"WeMeetAgain","floor":38,"gold_loss":0},{"damage_healed":0,"gold_gain":0,"player_choice":"Memory 1","damage_taken":0,"max_hp_gain":0,"max_hp_loss":0,"event_name":"SensoryStone","floor":42,"gold_loss":0}],"is_beta":false,"boss_relics":[{"not_picked":["Busted Crown","Cursed Key"],"picked":"Philosopher\u0027s Stone"},{"not_picked":["SlaversCollar","Astrolabe"],"picked":"Runic Cube"}],"items_purged_floors":[],"is_endless":false,"potions_floor_spawned":[1,4,8,11,14,16,19,21,30,31,33,37,39,47,48],"ascension_level":5}}