{"host":"2eswhqk6sgfpt1j1","time":1611654883,"event":{"mods":["Act Like it!","BaseMod","Colored Powertips","Downfall","Duelist Mod","Hallownest","Hunter ¡‘»À","Minty Spire (QoL Compilation)","Replay The Spire","StSLib","The Bug Knight","The Cursed","The Servant 0.9.4"],"gold_per_floor":[113,113,125,51,71,1,0,13,313,330,330,346,370,385,385,385,385],"floor_reached":16,"language":"ZHS","playtime":660,"items_purged":[],"score":94,"play_id":"a06e38ab-7b37-4d41-942e-482bda74ea57","local_time":"20210126175443","is_ascension_mode":false,"campfire_choices":[{"floor":11,"key":"REST"},{"floor":15,"key":"REST"}],"circlet_count":0,"master_deck":["HollowMod:NailStrikeStart","HollowMod:NailStrikeStart","HollowMod:NailStrikeStart","HollowMod:NailStrikeStart+1","HollowMod:QuickDashStart","HollowMod:QuickDashStart","HollowMod:QuickDashStart","HollowMod:QuickDashStart","HollowMod:FocusHealStart","HollowMod:PogoStrike","HollowMod:CycloneSlash","HollowMod:PureVessel","HollowMod:SoulVessel","HollowMod:SoulStrike","HollowMod:Grubsong+1"],"relics":["HollowMod:VesselMask","Hallownest:DreamNailRelic","Hallownest:StagBellRelic1","HollowMod:PaleOreRelic","Old Coin","Gremlin Food"],"acts_visited":["Hallownest:Greenpath"],"potions_floor_usage":[5,12,16],"damage_taken":[{"damage":0,"enemies":"Hallownest:monsterHuskWarrior","floor":1,"turns":4},{"damage":0,"enemies":"Hallownest:2_Tiktiks_and_1_Crawlid","floor":3,"turns":2},{"damage":2,"enemies":"Hallownest:monsterHuskGuard","floor":5,"turns":5},{"damage":20,"enemies":"Hallownest:Guard_and_Warrior","floor":8,"turns":5},{"damage":31,"enemies":"Hallownest:1_Ooma_and_2_Uuma","floor":10,"turns":4},{"damage":23,"enemies":"Hallownest:2_Tiktiks_1_Baldur_1_Crawlid","floor":12,"turns":4},{"damage":4,"enemies":"Hallownest:monsterMossCharger","floor":14,"turns":5},{"damage":82,"enemies":"Hallownest:BossHornet","floor":16,"turns":7}],"seed_played":"-8722702403948406605","potions_obtained":[{"floor":1,"key":"DistilledChaos"},{"floor":10,"key":"Adrenaline Potion"},{"floor":14,"key":"Block Potion"}],"is_trial":false,"path_per_floor":["M","?","M","$","M","?","?","M","T","M","R","M","T","M","R","B"],"character_chosen":"THE_BUGKNIGHT","items_purchased":["HollowMod:SoulVessel"],"campfire_rested":2,"item_purchase_floors":[4],"current_hp_per_floor":[75,75,75,75,73,73,73,53,53,22,44,21,21,17,39,0,0],"gold":385,"neow_bonus":"UPGRADE_CARD","is_daily":false,"chose_seed":false,"campfire_upgraded":0,"win_rate":0.0,"timestamp":1611654883,"path_taken":["M","?","?","$","M","?","?","M","T","M","R","M","?","M","R","BOSS"],"items_purchased_type":["Card"],"build_version":"2020-12-22","purchased_purges":0,"victory":false,"max_hp_per_floor":[75,75,75,75,75,75,75,75,75,75,75,75,75,75,75,75,75],"card_choices":[{"not_picked":["HollowMod:HeavyBlow","HollowMod:AbyssShriek"],"picked":"HollowMod:CycloneSlash","floor":1},{"not_picked":["HollowMod:CloakDash","HollowMod:InfectionAssault"],"picked":"HollowMod:PureVessel","floor":3},{"not_picked":["HollowMod:CrystalDash","HollowMod:InfectedAttack","HollowMod:InfectedCysts"],"picked":"SKIP","floor":5},{"not_picked":["HollowMod:HeavyBlow","HollowMod:WraithStrike"],"picked":"HollowMod:SoulStrike","floor":8},{"not_picked":["HollowMod:CloakDash","HollowMod:VengefulVoid","HollowMod:LifebloodCore"],"picked":"SKIP","floor":10},{"not_picked":["HollowMod:NewJinnsSoul","HollowMod:BlackTendrils"],"picked":"HollowMod:Grubsong","floor":12},{"not_picked":["HollowMod:InfectedAttack","HollowMod:HeavyBlow","HollowMod:CloakDash"],"picked":"SKIP","floor":14}],"player_experience":444736,"relics_obtained":[{"floor":9,"key":"Old Coin"},{"floor":13,"key":"Gremlin Food"}],"event_choices":[],"is_beta":false,"boss_relics":[],"items_purged_floors":[],"is_endless":false,"potions_floor_spawned":[1,10,14],"killed_by":"Hallownest:BossHornet","ascension_level":0}}