{"host":"2c1pg2m9wpz3w4c0","time":1611627051,"event":{"mods":["AchievementEnabler","Act Like it!","Aspiration","BaseMod","Better Note","BetterRewards","Curses Come First","Disable Question Mark Monsters","Halation","Hubris","Infinite Spire","Lotus Mark","Marisa????????","Minty Spire (QoL Compilation)","Replay The Spire","StSLib","SuperFastMode","The Clintock","The Jungle","The Marked","The Runesmith","Transform Curses"],"gold_per_floor":[117,133,308,308,1,1,1,1,1,1,1,1,11,35,35,50,50,155,155,168,168,25,42,57,57,57,57,57,57,67,67,67],"floor_reached":31,"language":"ENG","playtime":748,"items_purged":[],"score":296,"play_id":"8ec4366a-d2ae-407f-ad69-9fff265533ea","local_time":"20210125191051","is_ascension_mode":false,"campfire_choices":[{"data":"Runesmith:Reinforce","floor":6,"key":"SMITH"},{"data":"Runesmith:Fortify","floor":9,"key":"SMITH"},{"data":"Runesmith:PoweredAnvil","floor":12,"key":"SMITH"},{"data":"Runesmith:CraftObretio","floor":17,"key":"SMITH"},{"floor":26,"key":"REST"}],"circlet_count":0,"master_deck":["Runesmith:Strike_RS","Runesmith:Strike_RS","Runesmith:Strike_RS","Runesmith:Strike_RS","Runesmith:Defend_RS","Runesmith:Defend_RS","Runesmith:Defend_RS","Runesmith:Defend_RS","Runesmith:CraftFirestone","Runesmith:Fortify+1","Runesmith:PoweredAnvil+1","Runesmith:RuneHurl","Runesmith:RuneHurl","Trip","Runesmith:StaticCage","Runesmith:ChiselStab","Runesmith:ChiselStab","Doubt","Runesmith:Refine","Runesmith:Reinforce+1","Runesmith:PoweredAnvil","Runesmith:HeatedChisel","Runesmith:CraftObretio+1","Parasite","Runesmith:EarthShield","Runesmith:CraftPrismatica","Runesmith:HammerThrow+1","Runesmith:Fortify+1","Runesmith:MetallurgicalResearch","Runesmith:EnergizedChisel+1","Runesmith:StaticCage","Runesmith:CraftIndustria","Runesmith:Grindstone","Runesmith:CraftSpiculum","Runesmith:EnergizedChisel"],"relics":["Runesmith:BrokenRuby","MealTicket","Turnip","Runesmith:MiniCore","halation:PromiseList","aspiration:Lifesprig","Letter Opener","Bag of Marbles","hubris:MedicalManual"],"acts_visited":["Exordium","theJungle:Jungle"],"potions_floor_usage":[18,30],"damage_taken":[{"damage":0,"enemies":"Small Slimes","floor":1,"turns":4},{"damage":0,"enemies":"2 Louse","floor":2,"turns":4},{"damage":0,"enemies":"Cultist","floor":13,"turns":3},{"damage":0,"enemies":"Exordium Wildlife","floor":16,"turns":2},{"damage":24,"enemies":"Fading Forest","floor":18,"turns":11},{"damage":10,"enemies":"theJungle:Flameango_and_Byrd","floor":20,"turns":6},{"damage":20,"enemies":"theJungle:GiantWrat","floor":23,"turns":6},{"damage":32,"enemies":"theJungle:Snecko_Cultist_And_Trap","floor":24,"turns":8},{"damage":34,"enemies":"theJungle:2_Snecko_Cultists","floor":30,"turns":4},{"damage":37,"enemies":"theJungle:2_Flameangoes","floor":31,"turns":4}],"seed_played":"-7262360824943876964","potions_obtained":[{"floor":2,"key":"DuplicationPotion"},{"floor":16,"key":"Death Potion"},{"floor":24,"key":"Death Potion"}],"is_trial":false,"path_per_floor":["M","M","?","?","$","R","PTL","PTL","R","?","T","R","M","T","?","M","R","B",null,"M","?","$","M","M","?","R","$","T","$","M","M"],"character_chosen":"RUNESMITH_CLASS","items_purchased":["MealTicket","Runesmith:MiniCore","Runesmith:PoweredAnvil","Runesmith:RuneHurl","Trip","Runesmith:StaticCage","Runesmith:Reinforce","halation:PromiseList","Runesmith:PoweredAnvil","Runesmith:HeatedChisel","Runesmith:MetallurgicalResearch"],"campfire_rested":1,"item_purchase_floors":[0,0,0,0,0,0,5,5,5,5,22],"current_hp_per_floor":[38,38,38,38,53,53,53,53,53,53,53,53,53,53,70,70,70,52,70,60,60,70,50,18,18,39,54,54,69,35,0,0],"gold":67,"neow_bonus":"","is_daily":false,"chose_seed":false,"campfire_upgraded":4,"win_rate":0.0,"timestamp":1611627051,"path_taken":["M","M","?","?","$","R","PTL","PTL","R","?","T","R","?","?","?","M","R","BOSS","M","?","?","M","?","?","R","$","T","?","M","M"],"items_purchased_type":["Relic","Relic","Card","Card","Card","Card","Card","Relic","Card","Card","Card"],"build_version":"2020-12-22","purchased_purges":0,"victory":false,"max_hp_per_floor":[70,70,70,70,70,70,70,70,70,70,70,70,70,70,70,70,70,70,70,70,70,70,70,70,70,70,70,70,70,70,70,70],"card_choices":[{"not_picked":["Runesmith:UnstableHammer","Runesmith:StaticCage"],"picked":"Runesmith:ChiselStab","floor":1},{"not_picked":["Runesmith:Grindstone","Runesmith:HammerTime"],"picked":"Runesmith:ChiselStab","floor":2},{"not_picked":["Runesmith:Overpower","Runesmith:BackupBattery"],"picked":"Runesmith:CraftObretio","floor":13},{"not_picked":["Runesmith:BackupBattery","Runesmith:CraftVitae"],"picked":"Runesmith:EarthShield","floor":16},{"not_picked":["Runesmith:CraftMedicinae","Runesmith:ArcReactor"],"picked":"Runesmith:CraftPrismatica","floor":18},{"not_picked":["Runesmith:EnergizedChisel","Runesmith:MakeshiftArmor"],"picked":"Runesmith:HammerThrow+1","floor":20},{"not_picked":["Runesmith:OneForEveryone","Runesmith:Discharge+1"],"picked":"Runesmith:EnergizedChisel+1","floor":23},{"not_picked":["Runesmith:ChiselStab","Runesmith:HeatedChisel"],"picked":"Runesmith:StaticCage","floor":24},{"not_picked":["Runesmith:ElementalConversion","Runesmith:RuneHurl+1"],"picked":"Runesmith:EnergizedChisel","floor":30}],"player_experience":1204252,"relics_obtained":[{"floor":11,"key":"Letter Opener"},{"floor":14,"key":"Bag of Marbles"},{"floor":28,"key":"hubris:MedicalManual"}],"event_choices":[{"damage_healed":0,"gold_gain":175,"player_choice":"AGREE","damage_taken":0,"max_hp_gain":0,"max_hp_loss":0,"event_name":"Liars Game","floor":3,"gold_loss":0,"cards_obtained":["Doubt"]},{"damage_healed":0,"gold_gain":0,"player_choice":"Gave Potion","damage_taken":0,"relics_obtained":["aspiration:Lifesprig"],"max_hp_gain":0,"max_hp_loss":0,"event_name":"WeMeetAgain","floor":10,"gold_loss":0},{"damage_healed":17,"gold_gain":0,"player_choice":"Healed and dodged fight","damage_taken":0,"max_hp_gain":0,"max_hp_loss":0,"event_name":"Mushrooms","floor":15,"gold_loss":0,"cards_obtained":["Parasite"]},{"cards_removed":["Runesmith:Reinforce"],"damage_healed":0,"gold_gain":0,"player_choice":"Take \u0026 Give","damage_taken":0,"max_hp_gain":0,"max_hp_loss":0,"event_name":"betterNote:BetterNote","floor":21,"gold_loss":0,"cards_obtained":["Runesmith:Fortify"]},{"damage_healed":0,"gold_gain":0,"player_choice":"3 cards matched","damage_taken":0,"max_hp_gain":0,"max_hp_loss":0,"event_name":"Match and Keep!","floor":25,"gold_loss":0,"cards_obtained":["Runesmith:CraftIndustria","Runesmith:Grindstone","Runesmith:CraftSpiculum"]}],"is_beta":false,"boss_relics":[{"not_picked":["Snecko Eye","Honey Jar","infinitespire:Cupcake"]}],"items_purged_floors":[],"is_endless":false,"potions_floor_spawned":[2,16,24],"killed_by":"theJungle:2_Flameangoes","ascension_level":0}}