{"host":"8d5lz1qub9wfpdii","time":1611629802,"event":{"mods":["2.2 Compatiblity","AchievementEnabler","Act Like it!","Arknights The Spire","Aspiration","BaseMod","Beaked The Cultist","Bestiary","Better Altar","Better Match","Better Note","Better Skull","Better Third Choice","BetterRewards","Colored Powertips","Conspire","Downfall","Friendly Minions","GifTheSpireLib","Hallownest","Hermit","Hubris","Infinite Spire","Jorbs\u0027s Wanderer Trilogy","Minty Spire (QoL Compilation)","RNG Fix","Relic Stats","Replay The Spire","Shade Mod","Shop Mod","Spicy Shops","Spire Arcade","StSLib","Stuff the Spire","The Animator","The Blackbeard","The Bug Knight","The Clintock","The Forsaken","The Hayseed","The Hierophant","The Necromancer","The Runesmith","The Servant 0.9.4","Uncapped","Wandering Minibosses"],"gold_per_floor":[115,190,190,210,2,29,29,29,55,81,100,100,1,14,14,113,113,126,66,66],"floor_reached":19,"language":"ENG","playtime":947,"items_purged":[],"score":200,"play_id":"f74147d7-8ab4-45c9-a82f-0379ddc1c18b","local_time":"20210126132642","is_ascension_mode":false,"campfire_choices":[{"data":"beaked:Ceremony","floor":12,"key":"SMITH"}],"circlet_count":0,"master_deck":["beaked:Strike_Y","beaked:Strike_Y","beaked:Strike_Y","beaked:Strike_Y","beaked:Strike_Y","beaked:Strike_Y","beaked:Defend_Y","beaked:Defend_Y","beaked:Defend_Y","beaked:Defend_Y","beaked:Ceremony","beaked:Ceremony+1","beaked:Ceremony+1","beaked:TuckingFeathers+1","beaked:BloodForTheGods","beaked:Insight","beaked:Daydream","theForsaken:PlagueCurse","beaked:BloodRitual","beaked:DesperateSwing","beaked:LiftOff","beaked:DigDeep"],"relics":["beaked:MendingPlumage","NeowsBlessing","MerchantsRug","Blue Doll","theForsaken:PlagueMask","infinitespire:Lucky Rock","Happy Flower"],"acts_visited":["Exordium","TheCity"],"potions_floor_usage":[],"damage_taken":[{"damage":0,"enemies":"2 Louse","floor":1,"turns":1},{"damage":0,"enemies":"Small Slimes","floor":4,"turns":1},{"damage":0,"enemies":"Lagavulin","floor":6,"turns":1},{"damage":61,"enemies":"HollowMod:MossKnight","floor":10,"turns":10},{"damage":57,"enemies":"Jaw Worm","floor":11,"turns":7},{"damage":33,"enemies":"Blue Slaver","floor":14,"turns":6},{"damage":95,"enemies":"Fading Forest","floor":16,"turns":11},{"damage":85,"enemies":"conspire:FuzzyDice","floor":18,"turns":10},{"damage":35,"enemies":"2 Thieves","floor":19,"turns":2}],"seed_played":"-1814719934675976380","potions_obtained":[{"floor":4,"key":"Explosive Potion"},{"floor":6,"key":"PowerPotion"}],"is_trial":false,"path_per_floor":["M","?","?","M","$","E","?","?","T","E","M","R","$","M","R","B",null,"M","M"],"character_chosen":"BEAKED_THE_CULTIST","items_purchased":["beaked:Insight","MerchantsRug","Happy Flower"],"campfire_rested":0,"item_purchase_floors":[5,5,13],"current_hp_per_floor":[50,39,39,41,41,43,43,43,43,47,37,37,37,39,50,28,50,26,0,0],"gold":66,"neow_bonus":"THREE_ENEMY_KILL","is_daily":false,"chose_seed":false,"campfire_upgraded":1,"win_rate":0.0,"timestamp":1611629802,"path_taken":["M","?","?","?","$","E","?","?","T","E","M","R","?","M","R","BOSS","M","M"],"items_purchased_type":["Card","Relic","Relic"],"build_version":"2020-12-22","purchased_purges":0,"victory":false,"max_hp_per_floor":[50,50,50,50,50,50,50,50,50,50,50,50,50,50,50,50,50,50,50,50],"relic_stats":{"Happy Flower":[9],"counters":[9,49],"obtain_stats":[{"MerchantsRug":5,"NeowsBlessing":0,"Happy Flower":13,"Blue Doll":6,"infinitespire:Lucky Rock":9,"beaked:MendingPlumage":0,"theForsaken:PlagueMask":7,"Replay:Winged Headress":10},{"MerchantsRug":2,"NeowsBlessing":0,"Happy Flower":5,"Blue Doll":3,"infinitespire:Lucky Rock":3,"beaked:MendingPlumage":0,"theForsaken:PlagueMask":3,"Replay:Winged Headress":4},{"MerchantsRug":2,"NeowsBlessing":0,"Happy Flower":20,"Blue Doll":3,"infinitespire:Lucky Rock":3,"beaked:MendingPlumage":0,"theForsaken:PlagueMask":3,"Replay:Winged Headress":13}]},"card_choices":[{"not_picked":["beaked:Brace","beaked:Evade"],"picked":"beaked:TuckingFeathers","floor":1},{"not_picked":["beaked:Windmill","beaked:Tradeoff"],"picked":"beaked:BloodForTheGods","floor":4},{"not_picked":["beaked:DarkPact","beaked:DesperateSwing"],"picked":"beaked:Daydream","floor":6},{"not_picked":["beaked:Struggle","beaked:MaddeningMurmurs"],"picked":"beaked:BloodRitual","floor":10},{"not_picked":["ReplayTheSpireMod:RavenHex","beaked:Struggle","beaked:Cower"],"picked":"SKIP","floor":11},{"not_picked":["beaked:Flinch","beaked:CursingBlood"],"picked":"beaked:DesperateSwing","floor":14},{"not_picked":["beaked:ShadowFade","beaked:FullHouse"],"picked":"beaked:LiftOff","floor":16},{"not_picked":["beaked:VigorBurst","beaked:StickSmack+1"],"picked":"beaked:DigDeep","floor":18}],"player_experience":88648,"relics_obtained":[{"floor":6,"key":"Blue Doll"},{"floor":9,"key":"infinitespire:Lucky Rock"},{"floor":10,"key":"Replay:Winged Headress"}],"event_choices":[{"damage_healed":0,"gold_gain":75,"player_choice":"Gold","damage_taken":11,"max_hp_gain":0,"max_hp_loss":0,"event_name":"betterThird:BetterGoop","floor":2,"gold_loss":0},{"damage_healed":0,"gold_gain":0,"player_choice":"Forge","damage_taken":0,"max_hp_gain":0,"max_hp_loss":0,"event_name":"Accursed Blacksmith","floor":3,"gold_loss":0,"cards_upgraded":["beaked:Ceremony"]},{"damage_healed":0,"gold_gain":0,"player_choice":"Obtain Plague Curse","damage_taken":0,"max_hp_gain":0,"max_hp_loss":0,"event_name":"Plague Doctor","floor":7,"gold_loss":0,"cards_obtained":["theForsaken:PlagueCurse"]},{"damage_healed":0,"gold_gain":0,"player_choice":"Leave","damage_taken":0,"max_hp_gain":0,"max_hp_loss":0,"event_name":"conspire:Investor","floor":8,"gold_loss":0}],"is_beta":false,"boss_relics":[{"not_picked":["Abe\u0027s Treasure","infinitespire:Cupcake","conspire:RunicOctahedron"]}],"items_purged_floors":[],"is_endless":false,"potions_floor_spawned":[4,6],"killed_by":"2 Thieves","ascension_level":0}}