{"host":"1mv6gj0zv8k9e9tz","time":1611660747,"event":{"mods":["AchievementEnabler","BaseMod","Better Third Choice","Colored Map","KOR Keyword Fix","Minty Spire (QoL Compilation)","Permanent Neow","Rare Cards Sparkle","StSLib"],"gold_per_floor":[118,26,43,43,43,43,43,56,56,71,87,106,121,141,141,141,141],"floor_reached":16,"language":"KOR","playtime":580,"items_purged":[],"score":192,"play_id":"9c3f5c53-3768-457c-9964-cf2af5a3dfbb","local_time":"20210126203227","is_ascension_mode":true,"campfire_choices":[{"data":"Neutralize","floor":6.0,"key":"SMITH"},{"data":"Malaise","floor":15,"key":"SMITH"}],"circlet_count":0,"master_deck":["AscendersBane","Strike_G","Strike_G","Strike_G","Strike_G","Strike_G","Defend_G","Defend_G","Defend_G","Defend_G+1","Survivor+1","Neutralize+1","Dagger Spray","Backflip","Infinite Blades","Malaise+1"],"relics":["WristBlade","War Paint","Anchor"],"acts_visited":["Exordium"],"potions_floor_usage":[12,13,16],"damage_taken":[{"damage":0.0,"enemies":"2 Louse","floor":1.0,"turns":3.0},{"damage":0.0,"enemies":"Cultist","floor":3.0,"turns":5.0},{"damage":2.0,"enemies":"Small Slimes","floor":8.0,"turns":4.0},{"damage":0.0,"enemies":"Gremlin Gang","floor":10.0,"turns":5.0},{"damage":11.0,"enemies":"3 Louse","floor":11.0,"turns":3.0},{"damage":0,"enemies":"Large Slime","floor":12,"turns":4},{"damage":0,"enemies":"Gremlin Gang","floor":13,"turns":3},{"damage":1,"enemies":"Looter","floor":14,"turns":3},{"damage":46,"enemies":"Hexaghost","floor":16,"turns":16}],"seed_played":"566652578881850614","potions_obtained":[{"floor":3.0,"key":"ColorlessPotion"},{"floor":11.0,"key":"Strength Potion"},{"floor":12,"key":"CunningPotion"},{"floor":13,"key":"Energy Potion"}],"is_trial":false,"path_per_floor":["M","?","M","T","?","R","$","M","T","M","M","M","M","M","R","B"],"character_chosen":"THE_SILENT","items_purchased":[],"campfire_rested":0,"item_purchase_floors":[],"current_hp_per_floor":[59,59,59,59,59,59,59,57,57,57,46,46,46,45,45,0,0],"gold":141,"neow_bonus":"BOSS_RELIC","is_daily":false,"chose_seed":false,"campfire_upgraded":2,"win_rate":0.0,"timestamp":1611660747,"path_taken":["M","?","?","?","?","R","$","?","T","M","M","M","M","M","R","BOSS"],"items_purchased_type":[],"build_version":"2020-12-22","purchased_purges":0,"victory":false,"max_hp_per_floor":[66,66,66,66,66,66,66,66,66,66,66,66,66,66,66,66,66],"card_choices":[{"not_picked":["Quick Slash","Poisoned Stab","Outmaneuver"],"picked":"SKIP","floor":1.0},{"not_picked":["Choke","Crippling Poison","Outmaneuver"],"picked":"SKIP","floor":3.0},{"not_picked":["Deflect","Slice","Flying Knee"],"picked":"SKIP","floor":8.0},{"not_picked":["Well Laid Plans","Catalyst"],"picked":"Dagger Spray","floor":10.0},{"not_picked":["Deadly Poison","Dash","Slice"],"picked":"SKIP","floor":11.0},{"not_picked":["Dodge and Roll","Choke"],"picked":"Backflip","floor":12},{"not_picked":["Sucker Punch","Outmaneuver"],"picked":"Infinite Blades","floor":13},{"not_picked":["Dagger Spray","Prepared"],"picked":"Malaise","floor":14}],"player_experience":572758,"relics_obtained":[{"floor":4.0,"key":"Anchor"}],"event_choices":[{"damage_healed":0.0,"max_hp_gain":0.0,"max_hp_loss":0.0,"gold_gain":0.0,"event_name":"WeMeetAgain","player_choice":"Paid Gold","floor":2.0,"gold_loss":92.0,"damage_taken":0.0,"relics_obtained":["War Paint"]},{"cards_removed":["Defend_G"],"damage_healed":0.0,"max_hp_gain":0.0,"max_hp_loss":0.0,"gold_gain":0.0,"event_name":"Bonfire Elementals","player_choice":"Offered Basic","floor":5.0,"gold_loss":0.0,"damage_taken":0.0}],"is_beta":false,"boss_relics":[],"items_purged_floors":[],"is_endless":false,"potions_floor_spawned":[3,11,12,13],"killed_by":"Hexaghost","ascension_level":20}}