{"host":"a5lz0e76zb3fcwkm","time":1611633051,"event":{"mods":["AchievementEnabler","BaseMod","Colored Map","Colored Powertips","Minty Spire (QoL Compilation)","StSLib","SuperFastMode"],"gold_per_floor":[116,132,132,132,151,151,151],"floor_reached":6,"language":"KOR","playtime":158,"items_purged":[],"score":72,"play_id":"451af9ec-d6ab-4b29-9a0a-995fad90d8be","local_time":"20210126125051","is_ascension_mode":true,"campfire_choices":[],"circlet_count":0,"master_deck":["AscendersBane","Strike_G","Strike_G","Strike_G","Strike_G","Defend_G","Defend_G","Defend_G","Defend_G","Defend_G","Survivor","Neutralize","Acrobatics","Blade Dance","Doppelganger"],"relics":["Philosopher\u0027s Stone","Golden Idol"],"acts_visited":["Exordium"],"potions_floor_usage":[6,6],"damage_taken":[{"damage":5,"enemies":"2 Louse","floor":1,"turns":5},{"damage":6,"enemies":"Small Slimes","floor":2,"turns":5},{"damage":2,"enemies":"Cultist","floor":5,"turns":4},{"damage":71,"enemies":"Gremlin Nob","floor":6,"turns":4}],"seed_played":"-6947356585518849296","potions_obtained":[{"floor":2,"key":"EssenceOfSteel"},{"floor":5,"key":"Block Potion"}],"is_trial":false,"path_per_floor":["M","M","?","?","M","E"],"character_chosen":"THE_SILENT","items_purchased":[],"campfire_rested":0,"item_purchase_floors":[],"current_hp_per_floor":[54,48,48,48,46,0,0],"gold":151,"neow_bonus":"BOSS_RELIC","is_daily":false,"chose_seed":false,"campfire_upgraded":0,"win_rate":0.0,"timestamp":1611633051,"path_taken":["M","M","?","?","M","E"],"items_purchased_type":[],"build_version":"2020-12-22","purchased_purges":0,"victory":false,"max_hp_per_floor":[66,66,60,60,60,60,60],"card_choices":[{"not_picked":["Flying Knee","Dagger Throw"],"picked":"Acrobatics","floor":1},{"not_picked":["Underhanded Strike","Deflect"],"picked":"Blade Dance","floor":2},{"not_picked":["Catalyst","Prepared","Dodge and Roll"],"picked":"SKIP","floor":5}],"player_experience":1806272,"relics_obtained":[],"event_choices":[{"damage_healed":0,"gold_gain":0,"player_choice":"Lose Max HP","damage_taken":0,"relics_obtained":["Golden Idol"],"max_hp_gain":0,"max_hp_loss":6,"event_name":"Golden Idol","floor":3,"gold_loss":0},{"damage_healed":0,"gold_gain":0,"cards_transformed":["Strike_G"],"player_choice":"Transformed","damage_taken":0,"max_hp_gain":0,"max_hp_loss":0,"event_name":"Transmorgrifier","floor":4,"gold_loss":0,"cards_obtained":["Doppelganger"]}],"is_beta":false,"boss_relics":[],"items_purged_floors":[],"is_endless":false,"potions_floor_spawned":[2,5],"killed_by":"Gremlin Nob","ascension_level":20}}