{"host":"by9nexv7bw8pfn7u","time":1611660901,"event":{"mods":["BaseMod","Colored Powertips","Downfall","GifTheSpireLib","Minty Spire (QoL Compilation)","Random Character Button","StSLib","Unceasing Turn Reminder"],"gold_per_floor":[349,360,68,81,101,93,141,182,182,82,95,125,25,45,65,167,167,167,167,187,206,223,247,325,225,251,251,251,251,251,251,276,276,276,276],"floor_reached":33,"language":"ENG","playtime":1782,"items_purged":["Normality"],"score":291,"play_id":"0080081e-b8f2-47bf-84e0-c295fb35549c","local_time":"20210126123501","is_ascension_mode":true,"campfire_choices":[{"floor":1,"key":"RECALL"},{"data":"hexamod:Float","floor":10,"key":"SMITH"},{"floor":13,"key":"DIG"},{"floor":18,"key":"DIG"},{"floor":25,"key":"DIG"},{"floor":27,"key":"DIG"},{"floor":30,"key":"REST"}],"circlet_count":0,"master_deck":["hexamod:Strike","hexamod:Strike","hexamod:Strike","hexamod:Strike","hexamod:Defend","hexamod:Defend","hexamod:Defend","hexamod:Defend","hexamod:Sear","hexamod:Float+1","hexamod:ThermalTransfer","hexamod:SuperheatedStrike","hexamod:Hexaguard","hexamod:ThirdSeal","hexamod:SecondSeal","hexamod:FirstSeal","hexamod:FourthSeal","hexamod:SpectersWail+1","hexamod:TimeWarp+1","hexamod:GhostOfSpirePresent","hexamod:EmpoweredFlame","hexamod:StepThrough+1","hexamod:SuperheatedStrike+1","hexamod:FastForward+1"],"relics":["hexamod:SpiritBrand","PreservedInsect","hexamod:MatchstickCase","Molten Egg 2","downfall:HeartBlessingRed","Shovel","downfall:HeartBlessingGreen","Black Star","Incense Burner","downfall:HeartBlessingBlue","Anchor","Ancient Tea Set","hexamod:InflammatoryLetter","Eternal Feather"],"acts_visited":["Exordium","TheCity"],"potions_floor_usage":[8,16,21,22,23,23,26,28,33],"damage_taken":[{"damage":0,"enemies":"Small Slimes","floor":2,"turns":4},{"damage":0,"enemies":"downfall:FleeingMerchant","floor":3,"turns":4},{"damage":0,"enemies":"Cultist","floor":4,"turns":3},{"damage":0,"enemies":"2 Louse","floor":5,"turns":3},{"damage":8,"enemies":"3 Sentries","floor":8,"turns":5},{"damage":8,"enemies":"Gremlin Gang","floor":11,"turns":5},{"damage":6,"enemies":"Lagavulin","floor":12,"turns":5},{"damage":0,"enemies":"Exordium Wildlife","floor":14,"turns":2},{"damage":3,"enemies":"Large Slime","floor":15,"turns":4},{"damage":35,"enemies":"SI_SHIV_ARCHETYPE","floor":16,"turns":11},{"damage":15,"enemies":"Chosen","floor":20,"turns":5},{"damage":7,"enemies":"Shell Parasite","floor":21,"turns":7},{"damage":12,"enemies":"Centurion and Healer","floor":22,"turns":6},{"damage":14,"enemies":"Shelled Parasite and Fungi","floor":23,"turns":5},{"damage":8,"enemies":"Gremlin Leader","floor":26,"turns":6},{"damage":0,"enemies":"Masked Bandits","floor":28,"turns":1},{"damage":0,"enemies":"Snake Plant","floor":32,"turns":3},{"damage":87,"enemies":"DF_ARCHETYPE_CLAW","floor":33,"turns":7}],"seed_played":"-2401692801247445466","potions_obtained":[{"floor":2,"key":"SkillPotion"},{"floor":4,"key":"FearPotion"},{"floor":8,"key":"SteroidPotion"},{"floor":11,"key":"DuplicationPotion"},{"floor":14,"key":"Strength Potion"},{"floor":15,"key":"Strength Potion"},{"floor":16,"key":"hexamod:InfernoChargePotion"},{"floor":20,"key":"Guardian:BlockOnCardUsePotion"},{"floor":21,"key":"EntropicBrew"},{"floor":22,"key":"SmokeBomb"},{"floor":23,"key":"DistilledChaos"}],"is_trial":false,"path_per_floor":["R","M","$","M","M","?","T","E","?","R","M","E","R","M","M","B",null,"R","?","M","M","M","M","T","R","E","R","?","?","R","?","M","B"],"character_chosen":"THE_SPIRIT","items_purchased":["PreservedInsect","hexamod:SuperheatedStrike"],"campfire_rested":1,"item_purchase_floors":[3,3],"current_hp_per_floor":[70,70,70,70,70,63,63,62,62,62,61,55,55,62,59,31,70,70,70,55,55,50,36,36,46,45,45,45,45,80,80,80,0,0,0],"gold":276,"neow_bonus":"TWO_FIFTY_GOLD","is_daily":false,"chose_seed":false,"campfire_upgraded":1,"win_rate":0.0,"timestamp":1611660901,"path_taken":["R","M","$","M","M","?","T","E","?","R","M","E","R","?","M","BOSS","R","?","?","M","M","M","T","R","E","R","?","?","R","?","M","BOSS"],"items_purchased_type":["Relic","Card"],"build_version":"2020-12-22","purchased_purges":1,"victory":false,"max_hp_per_floor":[70,70,70,70,70,70,70,70,70,70,70,70,70,70,70,70,70,70,70,70,70,70,70,70,80,80,80,80,80,80,80,80,80,80,80],"card_choices":[{"not_picked":["hexamod:HauntingEcho","hexamod:AdvancingGuard"],"picked":"hexamod:SwordOfDarkness","floor":2},{"not_picked":["hexamod:RainOfEmbers","hexamod:GhostShield"],"picked":"hexamod:ThermalTransfer","floor":3},{"not_picked":["hexamod:AdvancingGuard","hexamod:Rewind","hexamod:FlamesFromBeyond"],"picked":"SKIP","floor":4},{"not_picked":["hexamod:GhostLash","hexamod:HeatMetal"],"picked":"hexamod:Hexaguard","floor":5},{"not_picked":["hexamod:CatchUp","hexamod:FourthSeal","hexamod:BurningTouch"],"picked":"SKIP","floor":8},{"not_picked":["hexamod:BacktrackSmack+1","hexamod:NightmareGuise","hexamod:HeatCrush+1"],"picked":"SKIP","floor":11},{"not_picked":["hexamod:HauntingEcho+1","hexamod:PhantomFireball+1"],"picked":"hexamod:SpectersWail+1","floor":12},{"not_picked":["hexamod:Firestarter+1","hexamod:GhostflameBarrier","hexamod:PowerFromBeyond"],"picked":"SKIP","floor":12},{"not_picked":["hexamod:AdvancingGuard","hexamod:GhostOfSpireFuture","hexamod:HauntingEcho+1"],"picked":"SKIP","floor":14},{"not_picked":["hexamod:SearingWound","hexamod:Rewind","hexamod:PhantomCloak"],"picked":"SKIP","floor":15},{"not_picked":["hexamod:RadiantFlame","hexamod:PhantomCloak","hexamod:Firestarter+1"],"picked":"SKIP","floor":15},{"not_picked":["hexamod:ApocalypticArmor","hexamod:TurnItUp"],"picked":"hexamod:TimeWarp+1","floor":16},{"not_picked":["hexamod:RadiantFlame","hexamod:HeatMetal+1"],"picked":"hexamod:EmpoweredFlame","floor":20},{"not_picked":["hexamod:ChargedBarrage+1","hexamod:SuperheatedStrike+1","hexamod:Firestarter+1"],"picked":"SKIP","floor":20},{"not_picked":["hexamod:SpectersWail+1","hexamod:SkipABeat"],"picked":"hexamod:StepThrough+1","floor":21},{"not_picked":["hexamod:HauntingEcho+1","hexamod:RainOfEmbers+1","hexamod:GhostShield+1"],"picked":"SKIP","floor":21},{"not_picked":["hexamod:SpectralAdrenaline","hexamod:GhostLash+1"],"picked":"hexamod:SuperheatedStrike+1","floor":22},{"not_picked":["hexamod:BacktrackSmack+1","hexamod:NightmareStrike+1","hexamod:GhostShield"],"picked":"SKIP","floor":22},{"not_picked":["hexamod:ThirdSeal","hexamod:SuperheatedStrike+1"],"picked":"hexamod:FastForward+1","floor":23},{"not_picked":["hexamod:Again","hexamod:PhantomFireball+1","hexamod:InspiringFlames"],"picked":"SKIP","floor":23},{"not_picked":["hexamod:GhostLash+1","hexamod:UnleashSpirits+1","hexamod:GhostOfSpireFuture"],"picked":"SKIP","floor":26},{"not_picked":["hexamod:SkipABeat","hexamod:SecondSeal","hexamod:Rewind"],"picked":"SKIP","floor":26},{"not_picked":["hexamod:Haunt+1","hexamod:CatchUp+1","hexamod:RetreatToShadows+1"],"picked":"SKIP","floor":32},{"not_picked":["hexamod:SwordOfDarkness+1","hexamod:AdvancingGuard+1","hexamod:PhantomFireball+1"],"picked":"SKIP","floor":32}],"player_experience":1061904,"relics_obtained":[{"floor":7,"key":"hexamod:MatchstickCase"},{"floor":8,"key":"Molten Egg 2"},{"floor":12,"key":"Shovel"},{"floor":13,"key":"Darkstone Periapt"},{"floor":18,"key":"Incense Burner"},{"floor":25,"key":"Anchor"},{"floor":26,"key":"Ancient Tea Set"},{"floor":26,"key":"hexamod:InflammatoryLetter"},{"floor":27,"key":"Eternal Feather"}],"event_choices":[{"damage_healed":0,"gold_gain":0,"player_choice":"Ignored","damage_taken":0,"max_hp_gain":0,"max_hp_loss":0,"event_name":"NoteForYourself","floor":9,"gold_loss":0},{"damage_healed":0,"gold_gain":0,"player_choice":"Fought Bandits","damage_taken":0,"max_hp_gain":0,"max_hp_loss":0,"event_name":"Masked Bandits","floor":28,"gold_loss":0}],"is_beta":false,"boss_relics":[{"not_picked":["Runic Dome","hexamod:UnbrokenSoul"],"picked":"Black Star"}],"items_purged_floors":[3],"is_endless":false,"potions_floor_spawned":[2,4,11,14,15,21,23],"killed_by":"DF_ARCHETYPE_CLAW","ascension_level":1}}