{"host":"0iuhrgzkozzv273x","time":1611630481,"event":{"mods":["2.2 Compatiblity","BaseMod","Colored Map","Curses Come First","Downfall","Minty Spire (QoL Compilation)","Spire Arcade","StSLib","The Construct","Unceasing Turn Reminder"],"gold_per_floor":[0,17,36,48,63,63,63,74,117,126,170,170,186,43,63,177,177,77,99,112,121,581,481,481,492,532,561,561,585,39,80,103,215,215,215,244,266,288,312,347,347,366,410,437,437,468,368,361,373,373,373,411,67,67,67,67],"floor_reached":57,"language":"ENG","playtime":8115,"items_purged":["downfall:Malfunctioning","Guardian:Strike_Guardian","Guardian:Strike_Guardian","Guardian:Defend_Guardian"],"score":1595,"play_id":"f8b46505-5682-4a11-8e9b-1c8d2c9cbdec","local_time":"20210125220801","is_ascension_mode":true,"campfire_choices":[{"floor":1.0,"key":"RECALL"},{"data":"Apotheosis","floor":12.0,"key":"SMITH"},{"data":"Guardian:StasisEngine","floor":18,"key":"SMITH"},{"data":"Guardian:DonusPower","floor":23,"key":"SMITH"},{"floor":28,"key":"REST"},{"floor":35,"key":"DIG"},{"floor":47,"key":"REST"},{"floor":54,"key":"DIG"}],"circlet_count":0,"master_deck":["Guardian:Strike_Guardian+1","Guardian:Defend_Guardian","Guardian:Defend_Guardian+1","Guardian:Defend_Guardian+1","Guardian:CurlUp+1","Guardian:TwinSlam+1","Apotheosis+1","Guardian:BodySlam","Guardian:ChargeCore","Guardian:StasisField","Guardian:PrismaticBarrier","Guardian:DonusPower+1","Guardian:Suspension","Guardian:StasisEngine+1","Guardian:ChargeUp","Guardian:TimeCapacitor","Guardian:Clone+1","Guardian:CompilePackage","Guardian:PrismaticBarrier","Guardian:SentryBeam","Guardian:TemporalStrike","Guardian:ShieldCharger","Guardian:Planning","Guardian:PiercingHide","Guardian:PrismaticBeam+1","Guardian:TimeSifter"],"relics":["Guardian:ModeShifter","Incense Burner","WingedGreaves","CeramicFish","Blue Candle","SlaversCollar","downfall:HeartBlessingRed","Old Coin","downfall:HeartBlessingGreen","Guardian:StasisCodex","Gremlin Horn","Shovel","DollysMirror","Smiling Mask","Fusion Hammer","War Paint","Unceasing Top","Boot","Torii","downfall:HeartBlessingBlue","Pantograph","Bag of Marbles","Nunchaku","Ornamental Fan"],"acts_visited":["Exordium","TheCity","TheBeyond","TheEnding"],"potions_floor_usage":[25,26,31,38,42,44,44,56,56],"damage_taken":[{"damage":4.0,"enemies":"Cultist","floor":2.0,"turns":6.0},{"damage":4.0,"enemies":"Jaw Worm","floor":3.0,"turns":3.0},{"damage":0.0,"enemies":"Small Slimes","floor":4.0,"turns":3.0},{"damage":0.0,"enemies":"2 Fungi Beasts","floor":5.0,"turns":3.0},{"damage":2.0,"enemies":"Exordium Wildlife","floor":8.0,"turns":5.0},{"damage":11.0,"enemies":"3 Sentries","floor":9.0,"turns":9.0},{"damage":12.0,"enemies":"Gremlin Nob","floor":11.0,"turns":6.0},{"damage":10.0,"enemies":"Red Slaver","floor":13.0,"turns":5.0},{"damage":2.0,"enemies":"downfall:FleeingMerchant","floor":14.0,"turns":4.0},{"damage":2.0,"enemies":"Large Slime","floor":15.0,"turns":4.0},{"damage":11.0,"enemies":"DF_ARCHETYPE_STREAMLINE","floor":16.0,"turns":14.0},{"damage":2,"enemies":"Shell Parasite","floor":19,"turns":6},{"damage":0,"enemies":"Chosen","floor":20,"turns":6},{"damage":4,"enemies":"Sentry and Sphere","floor":25,"turns":5},{"damage":0,"enemies":"Book of Stabbing","floor":26,"turns":4},{"damage":18,"enemies":"Shelled Parasite and Fungi","floor":27,"turns":5},{"damage":18,"enemies":"Snake Plant","floor":29,"turns":5},{"damage":0,"enemies":"downfall:FleeingMerchant","floor":30,"turns":4},{"damage":24,"enemies":"Slavers","floor":31,"turns":6},{"damage":0,"enemies":"Centurion and Healer","floor":32,"turns":6},{"damage":3,"enemies":"SI_MIRROR_ARCHETYPE","floor":33,"turns":7},{"damage":0,"enemies":"Orb Walker","floor":36,"turns":3},{"damage":19,"enemies":"3 Darklings","floor":37,"turns":4},{"damage":9,"enemies":"Spire Growth","floor":38,"turns":5},{"damage":0,"enemies":"Writhing Mass","floor":39,"turns":4},{"damage":0,"enemies":"Reptomancer","floor":40,"turns":4},{"damage":22,"enemies":"3 Darklings","floor":42,"turns":4},{"damage":0,"enemies":"Giant Head","floor":43,"turns":4},{"damage":0,"enemies":"4 Shapes","floor":44,"turns":5},{"damage":21,"enemies":"Nemesis","floor":46,"turns":4},{"damage":0,"enemies":"downfall:FleeingMerchant","floor":48,"turns":4},{"damage":0,"enemies":"Sphere and 2 Shapes","floor":49,"turns":4},{"damage":16,"enemies":"IC_BLOCK_ARCHETYPE","floor":50,"turns":5},{"damage":1,"enemies":"downfall:CharBossMerchant","floor":52,"turns":6},{"damage":4,"enemies":"downfall:NeowBoss","floor":55,"turns":10},{"damage":23,"enemies":"downfall:NeowBossFinal","floor":56,"turns":9}],"seed_played":"-2339906526614497783","potions_obtained":[{"floor":2.0,"key":"Explosive Potion"},{"floor":3.0,"key":"Guardian:DefensiveModePotion"},{"floor":9.0,"key":"LiquidBronze"},{"floor":13.0,"key":"LiquidMemories"},{"floor":15.0,"key":"ColorlessPotion"},{"floor":16.0,"key":"Strength Potion"},{"floor":20,"key":"LiquidBronze"},{"floor":26,"key":"hexamod:SoulburnPotion"},{"floor":29,"key":"Guardian:StasisDiscoveryPotion"},{"floor":31,"key":"Fire Potion"},{"floor":37,"key":"Guardian:DefensiveModePotion"},{"floor":38,"key":"Explosive Potion"},{"floor":42,"key":"Block Potion"},{"floor":49,"key":"bronze:BurnAndBuffPotion"}],"is_trial":false,"path_per_floor":["R","M","M","M","M","?","T","M","E","?","E","R","M","$","M","B",null,"R","M","M","?","?","R","T","M","E","M","R","M","$","E","M","B",null,"R","M","M","M","M","E","T","M","E","M","?","E","R","$","M","B",null,"E","$","R","B","B",null],"character_chosen":"GUARDIAN","items_purchased":["Guardian:Gem_Blue","Shovel","DollysMirror","Pantograph","AttackPotion","Nunchaku","Guardian:TimeSifter"],"campfire_rested":2,"item_purchase_floors":[14,30,30,48,48,53,53],"current_hp_per_floor":[80,76,72,72,72,54,54,52,41,41,29,29,19,17,15,4,80,80,78,78,78,78,78,78,74,74,56,80,62,62,38,38,35,80,80,80,61,52,52,52,52,30,30,30,30,9,46,46,46,55,90,89,89,89,86,67],"gold":67,"neow_bonus":"RANDOM_COLORLESS_2","is_daily":false,"chose_seed":false,"campfire_upgraded":3,"win_rate":0.0,"timestamp":1611630481,"path_taken":["R","M","M","M","?","?","T","M","E","?","E","R","M","$","M","BOSS","R","M","M","?","?","R","T","M","E","M","R","M","$","E","M","BOSS","R","M","M","M","M","E","T","M","E","M","?","E","R","$","M","BOSS","E","$","R","BOSS","BOSS"],"items_purchased_type":["Card","Relic","Relic","Relic","Potion","Relic","Card"],"build_version":"2020-12-22","purchased_purges":4,"victory":true,"max_hp_per_floor":[80,80,80,80,80,80,80,80,80,80,80,80,80,80,80,80,80,80,80,80,80,80,80,80,80,80,80,80,80,80,80,80,80,80,80,80,80,80,80,80,80,80,80,80,80,80,90,90,90,90,90,90,90,90,90,90],"card_choices":[{"not_picked":["Sadistic Nature","Magnetism"],"picked":"Apotheosis","floor":0.0},{"not_picked":["Guardian:Gem_Red","Guardian:RollAttack"],"picked":"Guardian:BodySlam","floor":2.0},{"not_picked":["Guardian:VentSteam","Guardian:PrimingBeam","Guardian:TemporalStrike"],"picked":"SKIP","floor":3.0},{"not_picked":["Guardian:PiercingHide","Guardian:Gem_Green"],"picked":"Guardian:ChargeCore","floor":4.0},{"not_picked":["Guardian:PrimingBeam","Guardian:Clone"],"picked":"Guardian:StasisField","floor":5.0},{"not_picked":["Guardian:Incinerate","Guardian:TemporalShield","Guardian:ChargeCore"],"picked":"SKIP","floor":8.0},{"not_picked":["Guardian:Incinerate","Guardian:PiercingHide"],"picked":"Guardian:PrismaticBarrier","floor":9.0},{"not_picked":["Guardian:Incinerate","Guardian:VentSteam"],"picked":"Guardian:DonusPower","floor":11.0},{"not_picked":["Guardian:Gem_Red","Guardian:Suspension","Guardian:PiercingHide"],"picked":"SKIP","floor":13.0},{"not_picked":["Guardian:PrimingBeam","Guardian:RollAttack"],"picked":"Guardian:Suspension","floor":14.0},{"not_picked":["Guardian:Gem_Red","Guardian:FloatingOrbs"],"picked":"Guardian:Gem_Cyan","floor":15.0},{"not_picked":["Guardian:SphericShield","Guardian:StasisStrike"],"picked":"Guardian:StasisEngine","floor":16.0},{"not_picked":["Guardian:Reroute","Guardian:DecasProtection"],"picked":"Guardian:ChargeUp","floor":19},{"not_picked":["Guardian:TemporalStrike","Guardian:Emergency+1","Guardian:ArmoredProtocol"],"picked":"SKIP","floor":20},{"not_picked":["Guardian:Incinerate","Guardian:Reroute","Guardian:Suspension+1"],"picked":"SKIP","floor":25},{"not_picked":["Guardian:ChargeCore","Guardian:Suspension"],"picked":"Guardian:TimeCapacitor","floor":26},{"not_picked":["Guardian:DecasProtection+1","Guardian:CrystalBeam"],"picked":"Guardian:Gem_Red","floor":27},{"not_picked":["Guardian:VentSteam","Guardian:Preprogram+1"],"picked":"Guardian:Clone+1","floor":29},{"not_picked":["Guardian:Suspension","Guardian:GatlingBeam"],"picked":"Guardian:CompilePackage","floor":30},{"not_picked":["Guardian:DonusPower","Guardian:Incinerate"],"picked":"Guardian:Gem_Red","floor":31},{"not_picked":["Guardian:PiercingHide","Guardian:Gem_Green"],"picked":"Guardian:SentryBeam","floor":32},{"not_picked":["Guardian:RevengeProtocol","Guardian:GemFire"],"picked":"Guardian:Gem_Synthetic","floor":33},{"not_picked":["Guardian:GuardianWhirl","Guardian:Orbwalk+1"],"picked":"Guardian:TemporalStrike","floor":36},{"not_picked":["Guardian:ShieldCharger","Guardian:Recover"],"picked":"Guardian:Gem_White","floor":37},{"not_picked":["Guardian:Gem_Cyan","Guardian:WalkerClaw+1"],"picked":"Guardian:ShieldCharger","floor":38},{"not_picked":["Guardian:Suspension","Guardian:GemFinder"],"picked":"Guardian:Gem_Fragmented","floor":39},{"not_picked":["Guardian:ShieldSpikes","Guardian:TemporalShield+1"],"picked":"Guardian:Planning","floor":40},{"not_picked":["Guardian:DecasProtection+1","Guardian:PolyBeam+1"],"picked":"Guardian:Gem_Purple","floor":42},{"not_picked":["Guardian:ShieldCharger+1","Guardian:Orbwalk"],"picked":"Guardian:PiercingHide","floor":43},{"not_picked":["Guardian:Recover","Guardian:CrystalBeam"],"picked":"Guardian:PrismaticBeam+1","floor":44},{"not_picked":["Guardian:ShieldCharger+1","Guardian:RollAttack+1","Guardian:TemporalStrike+1"],"picked":"SKIP","floor":46},{"not_picked":["Guardian:PrimingBeam","Guardian:Suspension"],"picked":"Guardian:Gem_Green","floor":48},{"not_picked":["Guardian:RevengeProtocol","Guardian:GuardianWhirl","Guardian:VentSteam"],"picked":"SKIP","floor":49},{"not_picked":["Guardian:SentryBeam+1","Guardian:Gem_Red"],"picked":"Guardian:Gem_Fragmented","floor":52}],"player_experience":785816,"relics_obtained":[{"floor":7.0,"key":"WingedGreaves"},{"floor":9.0,"key":"CeramicFish"},{"floor":11.0,"key":"Blue Candle"},{"floor":22,"key":"Old Coin"},{"floor":24,"key":"Guardian:StasisCodex"},{"floor":26,"key":"Gremlin Horn"},{"floor":31,"key":"Smiling Mask"},{"floor":35,"key":"War Paint"},{"floor":40,"key":"Unceasing Top"},{"floor":43,"key":"Boot"},{"floor":46,"key":"Torii"},{"floor":52,"key":"Bag of Marbles"},{"floor":54,"key":"Ornamental Fan"}],"event_choices":[{"damage_healed":0.0,"max_hp_gain":0.0,"max_hp_loss":0.0,"gold_gain":0.0,"event_name":"Scrap Ooze","player_choice":"Success","floor":6.0,"gold_loss":0.0,"damage_taken":18.0,"relics_obtained":["Incense Burner"]}],"is_beta":false,"boss_relics":[{"not_picked":["Tiny House","SacredBark"],"picked":"SlaversCollar"},{"not_picked":["Black Star","sneckomod:SneckoTalon"],"picked":"Fusion Hammer"}],"items_purged_floors":[14,30,48,53],"is_endless":false,"potions_floor_spawned":[2,3,9,13,15,16,20,26,29,31,37,38,42,49],"ascension_level":4}}