{"host":"oz0i1fpezyhy8r2h","time":1611667877,"event":{"mods":["ATMod(°¢èªMod)","Act Like it!","Arknights The Spire","BaseMod","KinomotoSakuraMod(Ä¾Ö®±¾Ó£)","Minty Spire (QoL Compilation)","StSLib","The Bug Knight","¡¾ÒÅÎï¿¨ÅÆ¡¿REMEMod"],"gold_per_floor":[118,134,144,156,81,116,116,133,133,133,146,174,232,265,265,367,367,384,384,400,300,312,312,312,312],"floor_reached":24,"language":"ZHS","playtime":2025,"items_purged":["ClowCardTheSword","ClowCardTheSword"],"score":334,"play_id":"55bb9688-8cbf-440d-830d-6e705c115a07","local_time":"20210126213117","is_ascension_mode":true,"campfire_choices":[{"data":"SpellCardSeal","floor":7.0,"key":"SMITH"},{"data":"ClowCardTheArrow","floor":15.0,"key":"SMITH"},{"data":"ClowCardTheFly","floor":23,"key":"SMITH"}],"circlet_count":0,"master_deck":["SakuraCardTheSword+","SakuraCardTheLoop+","ClowCardTheSword","ClowCardTheShield","ClowCardTheShield","ClowCardTheShield","SpellCardSeal+1","SpellCardRelease","ClowCardTheDark","ClowCardTheFly+1","ClowCardTheArrow+1","ClowCardTheLight","ClowCardTheTime","ClowCardTheWindy","ClowCardTheLittle"],"relics":["KSMOD_SealedBook","KSMOD_StarWand","AT_ATBox","REME_ComplimentaryCards","AT_ImmortalShieldbow","Kunai","Pantograph","Matryoshka","REME_LimitBreaker"],"acts_visited":["Exordium","TheCity"],"potions_floor_usage":[22],"damage_taken":[{"damage":6.0,"enemies":"Jaw Worm","floor":1.0,"turns":3.0},{"damage":7.0,"enemies":"Small Slimes","floor":2.0,"turns":5.0},{"damage":1.0,"enemies":"Cultist","floor":3.0,"turns":4.0},{"damage":5.0,"enemies":"Exordium Wildlife","floor":4.0,"turns":4.0},{"damage":27.0,"enemies":"3 Sentries","floor":6.0,"turns":11.0},{"damage":5.0,"enemies":"Looter","floor":8.0,"turns":2.0},{"damage":0.0,"enemies":"Large Slime","floor":11.0,"turns":5.0},{"damage":12.0,"enemies":"Gremlin Nob","floor":12.0,"turns":3.0},{"damage":25.0,"enemies":"Lagavulin Event","floor":13.0,"turns":4.0},{"damage":18.0,"enemies":"Lagavulin","floor":14.0,"turns":5.0},{"damage":42.0,"enemies":"The Guardian","floor":16.0,"turns":8.0},{"damage":13.0,"enemies":"Chosen","floor":18.0,"turns":5.0},{"damage":30.0,"enemies":"Spheric Guardian","floor":20.0,"turns":5.0},{"damage":34,"enemies":"Cultist and Chosen","floor":22,"turns":7},{"damage":40,"enemies":"Shelled Parasite and Fungi","floor":24,"turns":5}],"seed_played":"-2959589715136928683","potions_obtained":[{"floor":3.0,"key":"PowerPotion"},{"floor":4.0,"key":"REME_GoldPotion"},{"floor":6.0,"key":"Ancient Potion"},{"floor":11.0,"key":"LiquidMemories"},{"floor":12.0,"key":"SteroidPotion"},{"floor":16.0,"key":"Energy Potion"}],"is_trial":false,"path_per_floor":["M","M","M","M","$","E","R","M","T","?","M","E","?","E","R","B",null,"M","?","M","$","M","R","M"],"character_chosen":"KINOMOTOSAKURA","items_purchased":[],"campfire_rested":0,"item_purchase_floors":[],"current_hp_per_floor":[64,57,56,51,51,24,24,28,28,33,33,33,20,12,12,11,75,62,62,32,32,26,26,0,0],"gold":312,"neow_bonus":"ONE_RANDOM_RARE_CARD","is_daily":false,"chose_seed":false,"campfire_upgraded":3,"win_rate":0.0,"timestamp":1611667877,"path_taken":["M","M","M","M","$","E","R","M","T","?","M","E","?","E","R","BOSS","M","?","M","$","?","R","M"],"items_purchased_type":[],"build_version":"2020-12-22","purchased_purges":2,"victory":false,"max_hp_per_floor":[70,70,70,70,70,70,70,70,70,75,75,75,75,75,75,75,75,75,75,75,75,75,75,75,75],"card_choices":[{"not_picked":["ClowCardTheArrow","ClowCardTheLittle"],"picked":"ClowCardTheLoop","floor":1.0},{"not_picked":["ClowCardTheSnow","ClowCardTheLock","ClowCardTheMaze"],"picked":"SKIP","floor":2.0},{"not_picked":["ClowCardTheSand","ClowCardTheSilent","ClowCardTheMaze"],"picked":"SKIP","floor":3.0},{"not_picked":["ClowCardTheStorm","ClowCardTheBig","ClowCardTheLibra"],"picked":"SKIP","floor":4.0},{"not_picked":["ClowCardTheSong","ClowCardTheGlow","ClowCardTheMaze"],"picked":"SKIP","floor":6.0},{"not_picked":["ClowCardTheLibra","ClowCardTheJump"],"picked":"ClowCardTheFly","floor":8.0},{"not_picked":["ClowCardTheCloud","ClowCardTheWatery"],"picked":"ClowCardTheArrow","floor":11.0},{"not_picked":["ClowCardTheLibra","ClowCardTheLittle"],"picked":"ClowCardTheLight","floor":12.0},{"not_picked":["ClowCardThePower","ClowCardTheCloud","ClowCardTheGlow"],"picked":"SKIP","floor":14.0},{"not_picked":["ClowCardTheTwin","ClowCardTheThrough"],"picked":"ClowCardTheTime","floor":16.0},{"not_picked":["ClowCardTheMaze","ClowCardTheShot"],"picked":"ClowCardTheWindy","floor":18.0},{"not_picked":["ClowCardTheSand","ClowCardTheFreeze+1","ClowCardTheWave"],"picked":"SKIP","floor":20.0},{"not_picked":["ClowCardTheBubbles","ClowCardTheIllusion","ClowCardTheShot"],"picked":"SKIP","floor":22}],"player_experience":88828,"relics_obtained":[{"floor":6.0,"key":"AT_ImmortalShieldbow"},{"floor":9.0,"key":"Kunai"},{"floor":12.0,"key":"Pantograph"},{"floor":14.0,"key":"REME_LimitBreaker"}],"event_choices":[{"damage_healed":0.0,"max_hp_gain":5.0,"max_hp_loss":0.0,"gold_gain":0.0,"event_name":"Big Fish","player_choice":"Donut","floor":10.0,"gold_loss":0.0,"damage_taken":0.0},{"damage_healed":0.0,"max_hp_gain":0.0,"max_hp_loss":0.0,"gold_gain":30.0,"event_name":"Dead Adventurer","player_choice":"Searched \u00273\u0027 times","floor":13.0,"gold_loss":0.0,"damage_taken":0.0,"relics_obtained":["Matryoshka"]},{"damage_healed":0.0,"max_hp_gain":0.0,"max_hp_loss":0.0,"gold_gain":0.0,"cards_transformed":["ClowCardTheShield"],"event_name":"Transmorgrifier","player_choice":"Transformed","floor":19.0,"gold_loss":0.0,"damage_taken":0.0,"cards_obtained":["ClowCardTheLittle"]}],"is_beta":false,"boss_relics":[{"not_picked":["SacredBark","AT_MortalBlade"],"picked":"KSMOD_StarWand"}],"items_purged_floors":[5,21],"is_endless":false,"potions_floor_spawned":[3,4,6,11,12,16],"killed_by":"Shelled Parasite and Fungi","ascension_level":1}}