{"host":"v79nb9qnzs8cga96","time":1611620100,"event":{"mods":["Aspiration","BaseMod","Better Note","Block Reminder","GifTheSpireLib","Minty Spire (QoL Compilation)","Quarter Circle Forward PUNCH!","SacredBarkPlus","Small Relic Pack","StSLib","Stuff the Spire","The Necromancer","The Poker Player","The Spell Scribe"],"gold_per_floor":[111,130,130,144,156,188,188,214,262,262,279,279,289,319,319,422,422,433,532,543,543,191,220,236,270,270,285,285,304,156,187,187,292,292,308,229,243,137,157,186,186,215,242,252,282,292,292,321,321,321,321,321,103,136,136,136,136],"floor_reached":55,"language":"ENG","playtime":3338,"items_purged":[],"score":987,"play_id":"12c23758-7cf0-4cb1-bafc-c6688f03c97f","local_time":"20210126021500","is_ascension_mode":true,"metric_token":914,"campfire_choices":[{"data":"PokerPlayerMod:Heart3","floor":7.0,"key":"SMITH"},{"data":"PokerPlayerMod:Sharpen","floor":10.0,"key":"SMITH"},{"data":"PokerPlayerMod:ClubDance","floor":15.0,"key":"SMITH"},{"data":"PokerPlayerMod:Diamond3","floor":32,"key":"SMITH"},{"floor":49,"key":"RECALL"},{"data":"PokerPlayerMod:ClubShade","floor":52,"key":"SMITH"}],"circlet_count":0,"master_deck":["PokerPlayerMod:Diamond1","PokerPlayerMod:Diamond2","PokerPlayerMod:Diamond4","PokerPlayerMod:Diamond4","PokerPlayerMod:Diamond5","PokerPlayerMod:Spade1","PokerPlayerMod:Spade2","PokerPlayerMod:Spade3","PokerPlayerMod:Spade4","PokerPlayerMod:Club1","PokerPlayerMod:Club2","PokerPlayerMod:Heart4","PokerPlayerMod:TrumpStrike","PokerPlayerMod:BadJoker","PokerPlayerMod:Mulligan","PokerPlayerMod:Spade9","PokerPlayerMod:Heart4","PokerPlayerMod:SecondChance","PokerPlayerMod:Fold","PokerPlayerMod:VarietyAttack","PokerPlayerMod:Sharpen+1","PokerPlayerMod:Raise","PokerPlayerMod:ClubDance+1","PokerPlayerMod:SecondChance+1","PokerPlayerMod:Diamond9","PokerPlayerMod:Spade2","PokerPlayerMod:Club2","PokerPlayerMod:Club4","PokerPlayerMod:Club4","PokerPlayerMod:Raise+1","PokerPlayerMod:Diamond4","PokerPlayerMod:Club2","PokerPlayerMod:VarietyAttack+1","PokerPlayerMod:Club4","PokerPlayerMod:ClubShade+1","PokerPlayerMod:Diamond4","PokerPlayerMod:Diamond2","PokerPlayerMod:Spade4","PokerPlayerMod:Diamond4","Writhe","PokerPlayerMod:Sharpen","PokerPlayerMod:Diamond4"],"relics":["PokerPlayerMod:DeckCase","Pantograph","Eternal Feather","Molten Egg 2","Sozu","ClockworkSouvenir","Bronze Scales","TungstenRod","qcfpunch:Red_Headband","relicPack:DarknessArmor","PreservedInsect","StuffTheSpire:Barrel","Coffee Dripper","Incense Burner","Bottled Flame","Blue Candle","qcfpunch:Black_Training_Shirt","StuffTheSpire:Gunfinga","qcfpunch:White_Boots","Lee\u0027s Waffle","StuffTheSpire:OldFever"],"acts_visited":["Exordium","TheCity","TheBeyond","TheEnding"],"potions_floor_usage":[55],"damage_taken":[{"damage":8.0,"enemies":"Small Slimes","floor":1.0,"turns":3.0},{"damage":0.0,"enemies":"Cultist","floor":2.0,"turns":3.0},{"damage":0.0,"enemies":"2 Louse","floor":4.0,"turns":2.0},{"damage":8.0,"enemies":"Red Slaver","floor":5.0,"turns":2.0},{"damage":0.0,"enemies":"Gremlin Nob","floor":6.0,"turns":5.0},{"damage":3.0,"enemies":"3 Sentries","floor":8.0,"turns":4.0},{"damage":0.0,"enemies":"3 Louse","floor":11.0,"turns":1.0},{"damage":0.0,"enemies":"Exordium Wildlife","floor":13.0,"turns":2.0},{"damage":22.0,"enemies":"Gremlin Nob","floor":14.0,"turns":4.0},{"damage":39.0,"enemies":"The Guardian","floor":16.0,"turns":8.0},{"damage":3.0,"enemies":"Chosen","floor":18.0,"turns":4.0},{"damage":0.0,"enemies":"3 Byrds","floor":20.0,"turns":1.0},{"damage":0,"enemies":"Gremlin Leader","floor":23,"turns":3},{"damage":0,"enemies":"Snecko","floor":24,"turns":3},{"damage":20,"enemies":"Slavers","floor":25,"turns":4},{"damage":7,"enemies":"Snake Plant","floor":27,"turns":3},{"damage":0,"enemies":"Cultist and Chosen","floor":29,"turns":3},{"damage":5,"enemies":"Book of Stabbing","floor":31,"turns":3},{"damage":11,"enemies":"Collector","floor":33,"turns":6},{"damage":0,"enemies":"3 Darklings","floor":35,"turns":2},{"damage":0,"enemies":"3 Shapes","floor":37,"turns":1},{"damage":11,"enemies":"3 Darklings","floor":39,"turns":3},{"damage":15,"enemies":"Reptomancer","floor":40,"turns":4},{"damage":28,"enemies":"Nemesis","floor":42,"turns":7},{"damage":1,"enemies":"Maw","floor":44,"turns":5},{"damage":7,"enemies":"Giant Head","floor":45,"turns":5},{"damage":5,"enemies":"Spire Growth","floor":46,"turns":2},{"damage":0,"enemies":"Reptomancer","floor":48,"turns":2},{"damage":68,"enemies":"Time Eater","floor":50,"turns":10},{"damage":48,"enemies":"Shield and Spear","floor":54,"turns":4},{"damage":70,"enemies":"The Heart","floor":55,"turns":5}],"seed_played":"-3783573010433862580","potions_obtained":[{"floor":5.0,"key":"Energy Potion"},{"floor":6.0,"key":"Dexterity Potion"},{"floor":11.0,"key":"SteroidPotion"},{"floor":16.0,"key":"DuplicationPotion"}],"is_trial":false,"path_per_floor":["M","M","?","M","M","E","R","E","T","R","M","?","M","E","R","B",null,"M","?","M","?","$","E","M","E","T","M","?","M","$","E","R","B",null,"M","$","M","?","M","E","?","E","T","M","E","M","?","E","R","B",null,"R","$","E","B"],"character_chosen":"THE_POKER_PLAYER","items_purchased":["ClockworkSouvenir","Bronze Scales","PokerPlayerMod:Club4","PreservedInsect","PokerPlayerMod:ClubShade","PokerPlayerMod:Sharpen","Lee\u0027s Waffle"],"campfire_rested":0,"item_purchase_floors":[22,22,22,30,36,53,53],"current_hp_per_floor":[50,52,52,52,44,52,52,52,52,52,52,52,52,35,47,25,52,52,52,52,52,52,52,52,37,37,35,35,51,51,46,52,41,52,52,52,52,52,41,42,42,38,38,47,45,40,52,52,52,8,52,52,59,19,0,0,0],"gold":136,"neow_bonus":"UPGRADE_CARD","is_daily":false,"chose_seed":false,"campfire_upgraded":5,"win_rate":0.0,"timestamp":1611620100,"path_taken":["M","M","?","M","M","E","R","E","T","R","?","?","?","E","R","BOSS","M","?","M","?","$","E","?","E","T","M","?","M","?","E","R","BOSS","M","$","M","?","?","E","?","E","T","M","E","M","?","E","R","BOSS","R","$","E","BOSS"],"items_purchased_type":["Relic","Relic","Card","Relic","Card","Card","Relic"],"build_version":"2020-12-22","purchased_purges":0,"victory":false,"max_hp_per_floor":[52,52,52,52,52,52,52,52,52,52,52,52,52,52,52,52,52,52,52,52,52,52,52,52,52,52,52,52,52,52,52,52,52,52,52,52,52,52,52,52,52,52,52,52,52,52,52,52,52,52,52,52,59,59,59,59,59],"card_choices":[{"not_picked":["PokerPlayerMod:Fold","PokerPlayerMod:Diamond5"],"picked":"PokerPlayerMod:Spade9","floor":1.0},{"not_picked":["PokerPlayerMod:HiddenCard","PokerPlayerMod:Heart2"],"picked":"PokerPlayerMod:Heart4","floor":2.0},{"not_picked":["PokerPlayerMod:Spade5","PokerPlayerMod:Promotion"],"picked":"PokerPlayerMod:SecondChance","floor":4.0},{"not_picked":["PokerPlayerMod:Club3","PokerPlayerMod:Diamond2"],"picked":"PokerPlayerMod:Fold","floor":5.0},{"not_picked":["PokerPlayerMod:Spade2","PokerPlayerMod:CloakAndDiamond"],"picked":"PokerPlayerMod:VarietyAttack","floor":6.0},{"not_picked":["PokerPlayerMod:DiamondStrike","PokerPlayerMod:Diamond5"],"picked":"PokerPlayerMod:Sharpen","floor":8.0},{"not_picked":["PokerPlayerMod:FlyingCard","PokerPlayerMod:HotShotCut"],"picked":"PokerPlayerMod:Raise","floor":11.0},{"not_picked":["PokerPlayerMod:Configure","PokerPlayerMod:SpadeStrike"],"picked":"PokerPlayerMod:ClubDance","floor":13.0},{"not_picked":["PokerPlayerMod:Diamond2","PokerPlayerMod:ClubDance"],"picked":"PokerPlayerMod:SecondChance+1","floor":14.0},{"not_picked":["PokerPlayerMod:Club7","PokerPlayerMod:ChangeRules+1"],"picked":"PokerPlayerMod:Diamond9","floor":16.0},{"not_picked":["PokerPlayerMod:Heart1","PokerPlayerMod:Spade1"],"picked":"PokerPlayerMod:Spade2","floor":18.0},{"not_picked":["PokerPlayerMod:DiamondStrike+1","PokerPlayerMod:Diamond2"],"picked":"PokerPlayerMod:Club2","floor":20.0},{"not_picked":["PokerPlayerMod:HeartStrike+1","PokerPlayerMod:Extraction"],"picked":"PokerPlayerMod:Club4","floor":23},{"not_picked":["PokerPlayerMod:SecondChance+1","PokerPlayerMod:CloakAndDiamond","PokerPlayerMod:DiamondStrike+1"],"picked":"SKIP","floor":24},{"not_picked":["PokerPlayerMod:SpadeStrike+1","PokerPlayerMod:Fold+1"],"picked":"PokerPlayerMod:Raise+1","floor":25},{"not_picked":["PokerPlayerMod:CloakAndDiamond","PokerPlayerMod:Diamond2"],"picked":"PokerPlayerMod:Diamond4","floor":27},{"not_picked":["PokerPlayerMod:Diamond2","PokerPlayerMod:Diamond3"],"picked":"PokerPlayerMod:Club2","floor":29},{"not_picked":["PokerPlayerMod:Club2","PokerPlayerMod:Overdeal+1"],"picked":"PokerPlayerMod:VarietyAttack+1","floor":31},{"not_picked":["PokerPlayerMod:SpadeStrike+1","PokerPlayerMod:CardBurn"],"picked":"PokerPlayerMod:Club4","floor":35},{"not_picked":["PokerPlayerMod:Heart3","PokerPlayerMod:Raise"],"picked":"PokerPlayerMod:Diamond4","floor":37},{"not_picked":["PokerPlayerMod:Club1","PokerPlayerMod:CardBurn+1"],"picked":"PokerPlayerMod:Diamond2","floor":39},{"not_picked":["PokerPlayerMod:Diamond3","PokerPlayerMod:DiamondStrike+1"],"picked":"PokerPlayerMod:Spade4","floor":40},{"not_picked":["PokerPlayerMod:Heart7","PokerPlayerMod:HeartStrike+1","PokerPlayerMod:Heart5"],"picked":"SKIP","floor":42},{"not_picked":["PokerPlayerMod:Diamond3","PokerPlayerMod:Heart1"],"picked":"PokerPlayerMod:Diamond4","floor":44},{"not_picked":["PokerPlayerMod:DartThrow+1","PokerPlayerMod:Diamond6","PokerPlayerMod:Trickery+1"],"picked":"SKIP","floor":45},{"not_picked":["PokerPlayerMod:Diamond1","PokerPlayerMod:ClubsClub+1","PokerPlayerMod:Spade3"],"picked":"SKIP","floor":46},{"not_picked":["PokerPlayerMod:Heart6","PokerPlayerMod:Diamond8","PokerPlayerMod:CardBurn+1"],"picked":"SKIP","floor":48},{"not_picked":["PokerPlayerMod:Diamond8","PokerPlayerMod:CardPrinter+1"],"picked":"PokerPlayerMod:Diamond4","floor":54}],"player_experience":373253,"relics_obtained":[{"floor":6.0,"key":"Pantograph"},{"floor":8.0,"key":"Eternal Feather"},{"floor":14.0,"key":"Molten Egg 2"},{"floor":23,"key":"TungstenRod"},{"floor":25,"key":"qcfpunch:Red_Headband"},{"floor":26,"key":"relicPack:DarknessArmor"},{"floor":31,"key":"StuffTheSpire:Barrel"},{"floor":40,"key":"Bottled Flame"},{"floor":42,"key":"Blue Candle"},{"floor":43,"key":"qcfpunch:Black_Training_Shirt"},{"floor":45,"key":"StuffTheSpire:Gunfinga"},{"floor":48,"key":"qcfpunch:White_Boots"},{"floor":54,"key":"StuffTheSpire:OldFever"}],"event_choices":[{"damage_healed":0.0,"max_hp_gain":0.0,"max_hp_loss":0.0,"gold_gain":0.0,"event_name":"Transmorgrifier","player_choice":"Ignored","floor":3.0,"gold_loss":0.0,"damage_taken":0.0},{"damage_healed":0.0,"max_hp_gain":0.0,"max_hp_loss":0.0,"gold_gain":0.0,"event_name":"Purifier","player_choice":"Ignored","floor":12.0,"gold_loss":0.0,"damage_taken":0.0},{"damage_healed":0.0,"max_hp_gain":0.0,"max_hp_loss":0.0,"gold_gain":99.0,"event_name":"Nest","player_choice":"Stole From Cult","floor":19.0,"gold_loss":0.0,"damage_taken":0.0},{"damage_healed":0,"gold_gain":0,"player_choice":"Ignored","damage_taken":0,"max_hp_gain":0,"max_hp_loss":0,"event_name":"Cursed Tome","floor":21,"gold_loss":0},{"damage_healed":0,"gold_gain":0,"player_choice":"Paid Gold","damage_taken":0,"relics_obtained":["Incense Burner"],"max_hp_gain":0,"max_hp_loss":0,"event_name":"WeMeetAgain","floor":38,"gold_loss":106},{"damage_healed":13,"gold_gain":0,"player_choice":"Writhe","damage_taken":0,"max_hp_gain":0,"max_hp_loss":0,"event_name":"Winding Halls","floor":47,"gold_loss":0,"cards_obtained":["Writhe"]}],"is_beta":false,"boss_relics":[{"not_picked":["Ectoplasm","Empty Cage"],"picked":"Sozu"},{"not_picked":["aspiration:PoetsPen_weak","Calling Bell"],"picked":"Coffee Dripper"}],"items_purged_floors":[],"is_endless":false,"potions_floor_spawned":[5,6,11,14,16,23,24,25,29,31,37,39,42,46,54],"killed_by":"The Heart","ascension_level":1}}