{"host":"thn8o1tmql8xszd5","time":1611623252,"event":{"mods":["2.2 Compatiblity","BaseMod","Colored Map","Highlight Path","Minty Spire (QoL Compilation)","StSLib","Together in Spire"],"gold_per_floor":[111,111,56,106,119,147,147,22,22,72,106,121,189,66,66,166,166,167,316,335,385,385,385],"floor_reached":22,"language":"ENG","playtime":878,"items_purged":["Strike_G","Strike_G"],"score":328,"play_id":"30f0cf0a-28aa-450e-bf2f-f26250e1fc9d","local_time":"20210125200732","is_ascension_mode":true,"campfire_choices":[{"data":"Poisoned Stab","floor":7,"key":"SMITH"},{"floor":15,"key":"REST"}],"circlet_count":0,"master_deck":["Survivor","Neutralize","Poisoned Stab+1","Deadly Poison","Footwork","Blur","Blur","Poisoned Stab","Leg Sweep+1","Noxious Fumes+1","Bouncing Flask+1","PiercingWail+1","Wraith Form v2+1","Backstab","Calculated Gamble+1","After Image+1","Caltrops+1","Dodge and Roll+1","Distraction+1","Bullet Time+1","Burst+1","Flying Knee+1"],"relics":["Ring of the Snake","SsserpentHead","Mango","Paper Crane","Centennial Puzzle","Toxic Egg 2","Frozen Egg 2","Pandora\u0027s Box"],"acts_visited":["Exordium","TheCity"],"potions_floor_usage":[11],"damage_taken":[{"damage":4,"enemies":"2 Louse","floor":1,"turns":2},{"damage":0,"enemies":"Cultist","floor":5,"turns":2},{"damage":9,"enemies":"Lagavulin","floor":6,"turns":4},{"damage":6,"enemies":"3 Sentries","floor":11,"turns":3},{"damage":0,"enemies":"Jaw Worm","floor":12,"turns":2},{"damage":13,"enemies":"Blue Slaver","floor":13,"turns":2},{"damage":0,"enemies":"Slime Boss","floor":16,"turns":3},{"damage":2,"enemies":"2 Thieves","floor":18,"turns":2},{"damage":0,"enemies":"Shell Parasite","floor":20,"turns":2},{"damage":0,"enemies":"3 Cultists","floor":22,"turns":1}],"seed_played":"3348162221085945336","potions_obtained":[{"floor":1,"key":"DistilledChaos"},{"floor":11,"key":"SpeedPotion"},{"floor":16,"key":"SteroidPotion"},{"floor":18,"key":"Block Potion"}],"is_trial":false,"path_per_floor":["M","?","$","?","M","E","R","$","T","T","E","M","M","$","R","B",null,"M","?","M","?","M"],"character_chosen":"THE_SILENT","items_purchased":["Footwork","Blur","Block Potion","PiercingWail+1"],"campfire_rested":1,"item_purchase_floors":[3,3,8,14],"current_hp_per_floor":[66,66,66,68,68,59,59,59,59,59,53,53,40,40,65,65,79,77,77,77,61,61,61],"gold":385,"neow_bonus":"THREE_CARDS","is_daily":false,"chose_seed":false,"campfire_upgraded":1,"win_rate":0.0,"timestamp":1611623252,"path_taken":["M","?","?","?","M","E","R","$","T","?","E","M","?","$","R","BOSS","M","?","M","?","M"],"items_purchased_type":["Card","Card","Potion","Card"],"build_version":"2020-12-22","purchased_purges":2,"victory":false,"max_hp_per_floor":[70,70,70,84,84,84,84,84,84,84,84,84,84,84,84,84,84,84,84,84,89,89,89],"card_choices":[{"not_picked":["Dagger Throw","All Out Attack"],"picked":"Poisoned Stab","floor":0},{"not_picked":["Finisher","Terror"],"picked":"Deadly Poison","floor":1},{"not_picked":["Reflex","Dagger Spray"],"picked":"Blur","floor":5},{"not_picked":["Acrobatics","Unload"],"picked":"Poisoned Stab","floor":6},{"not_picked":["Malaise+1","Eviscerate"],"picked":"Leg Sweep+1","floor":11},{"not_picked":["Tactician+1","Cloak And Dagger+1"],"picked":"Noxious Fumes+1","floor":12},{"not_picked":["Dodge and Roll+1","Deflect+1"],"picked":"Bouncing Flask+1","floor":13},{"not_picked":["Grand Finale","A Thousand Cuts+1"],"picked":"Wraith Form v2+1","floor":16},{"not_picked":["Skewer+1","Infinite Blades+1","Prepared+1"],"picked":"SKIP","floor":18},{"not_picked":["Leg Sweep+1","Endless Agony"],"picked":"Flying Knee+1","floor":20}],"player_experience":440178,"relics_obtained":[{"floor":6,"key":"Paper Crane"},{"floor":9,"key":"Centennial Puzzle"},{"floor":10,"key":"Toxic Egg 2"},{"floor":11,"key":"Frozen Egg 2"}],"event_choices":[{"damage_healed":0,"gold_gain":0,"player_choice":"Trade","damage_taken":0,"relics_obtained":["SsserpentHead"],"max_hp_gain":0,"max_hp_loss":0,"event_name":"FaceTrader","floor":2,"gold_loss":0},{"damage_healed":0,"gold_gain":0,"player_choice":"Success","damage_taken":12,"relics_obtained":["Mango"],"max_hp_gain":0,"max_hp_loss":0,"event_name":"Scrap Ooze","floor":4,"gold_loss":0},{"damage_healed":0,"gold_gain":99,"player_choice":"Stole From Cult","damage_taken":0,"max_hp_gain":0,"max_hp_loss":0,"event_name":"Nest","floor":19,"gold_loss":0},{"damage_healed":0,"gold_gain":0,"player_choice":"Shed Blood","damage_taken":21,"max_hp_gain":5,"max_hp_loss":0,"event_name":"Forgotten Altar","floor":21,"gold_loss":0}],"is_beta":false,"boss_relics":[{"not_picked":["Fusion Hammer","Tiny House"],"picked":"Pandora\u0027s Box"}],"items_purged_floors":[8,14],"is_endless":false,"potions_floor_spawned":[1,11,16,18],"killed_by":"3 Cultists","ascension_level":5}}