{"host":"jumrmhf584hajrnz","time":1611671957,"event":{"mods":["BaseMod","Duelist Mod","GifTheSpireLib","Minty Spire (QoL Compilation)","Quick Restart","Replay The Spire","StSLib"],"gold_per_floor":[137,137,157,94,174,55,82,82,82,82,114,124,136,153,153,230,230,246,246,265,277,330,330,330,330],"floor_reached":24,"language":"ENG","playtime":1278,"items_purged":["Delirium"],"score":462,"play_id":"d847b093-5093-4174-ac5d-e95b426ce6c3","local_time":"20210126153917","is_ascension_mode":true,"campfire_choices":[{"floor":10,"key":"RECALL"},{"data":"theDuelist:GateGuardian","floor":15,"key":"SMITH"},{"floor":23,"key":"REST"}],"circlet_count":0,"master_deck":["AscendersBane","theDuelist:CastleWalls","theDuelist:CastleWalls","theDuelist:DarkMagician","theDuelist:MysticalElf","theDuelist:MysticalElf+1","theDuelist:NeoMagic","theDuelist:NeoMagic","theDuelist:Sparks","theDuelist:Sparks","theDuelist:Sparks","Panacea","theDuelist:GateGuardian+1","theDuelist:GiantSoldier","theDuelist:TimeWizard","theDuelist:MythicalBeast+1","theDuelist:GeminiElf+1","theDuelist:ContractExodia+1","theDuelist:MoonOrbCard","theDuelist:SpiritHarp+1","theDuelist:Illusionist+1","theDuelist:OneForOne+1","theDuelist:QueenDragunDjinn+1","theDuelist:SpellShatteringArrow","theDuelist:GateGuardian+1","theDuelist:FrontierWiseman+1","theDuelist:Illusionist+1"],"relics":["theDuelist:MillenniumPuzzle","theDuelist:CardPoolRelic","theDuelist:CardPoolBasicRelic","theDuelist:BoosterPackPoolRelic","theDuelist:CardPoolAddRelic","theDuelist:CardPoolMinusRelic","theDuelist:CardPoolSaveRelic","theDuelist:CardPoolOptionsRelic","NeowsBlessing","Toxic Egg 2","Paper Frog","Toy Ornithopter","Mark of Pain","Gremlin Food"],"acts_visited":["Exordium","TheCity"],"potions_floor_usage":[16,16],"damage_taken":[{"damage":0,"enemies":"2 Louse","floor":1,"turns":1},{"damage":0,"enemies":"Cultist","floor":3,"turns":1},{"damage":0,"enemies":"3 Sentries","floor":7,"turns":1},{"damage":4,"enemies":"Gremlin Nob","floor":11,"turns":3},{"damage":7,"enemies":"Jaw Worm","floor":12,"turns":3},{"damage":9,"enemies":"Blue Slaver","floor":13,"turns":3},{"damage":0,"enemies":"Red Slaver","floor":14,"turns":4},{"damage":33,"enemies":"Fading Forest","floor":16,"turns":13},{"damage":11,"enemies":"2 Thieves","floor":18,"turns":4},{"damage":31,"enemies":"3 Byrds","floor":20,"turns":6},{"damage":8,"enemies":"Cultist and Chosen","floor":21,"turns":6},{"damage":11,"enemies":"Slavers","floor":24,"turns":1}],"seed_played":"-7183193705197206722","potions_obtained":[{"floor":7,"key":"theDuelist:FusionPotion"},{"floor":11,"key":"Fire Potion"}],"is_trial":false,"path_per_floor":["M","?","M","$","?","$","E","T","T","R","E","M","M","M","R","B",null,"M","?","M","M","T","R","E"],"character_chosen":"THE_DUELIST","items_purchased":["theDuelist:MythicalBeast+1","theDuelist:GeminiElf+1"],"campfire_rested":1,"item_purchase_floors":[4,6],"current_hp_per_floor":[63,63,63,63,63,63,63,63,63,63,59,52,43,43,43,28,60,49,49,18,10,10,31,20,20],"gold":330,"neow_bonus":"THREE_ENEMY_KILL","is_daily":false,"chose_seed":false,"campfire_upgraded":1,"win_rate":0.0,"timestamp":1611671957,"path_taken":["M","?","?","?","?","$","E","?","T","R","E","M","M","?","R","BOSS","M","?","?","M","?","R","E"],"items_purchased_type":["Card","Card"],"build_version":"2020-12-22","purchased_purges":1,"victory":false,"max_hp_per_floor":[70,70,70,70,70,70,70,70,70,70,70,70,70,70,70,70,70,70,70,70,70,70,70,70,70],"card_choices":[{"not_picked":["Dark Shackles","Discovery","Secret Weapon"],"picked":"Panacea","floor":1},{"not_picked":["theDuelist:MagiciansRobe","theDuelist:StatueAnguishPattern","theDuelist:BadReaction"],"picked":"theDuelist:TimeWizard","floor":3},{"not_picked":["theDuelist:LegendaryExodia","theDuelist:ExodiaRL+1","theDuelist:ExodiaLL+1","theDuelist:ExodiaLA"],"picked":"theDuelist:ContractExodia+1","floor":7},{"not_picked":["theDuelist:BlackOrbCard","theDuelist:MonsterOrbCard","theDuelist:AlienOrbCard","theDuelist:HellfireOrbCard"],"picked":"theDuelist:MoonOrbCard","floor":11},{"not_picked":["theDuelist:NeoMagic","theDuelist:CallAtlanteans+1","theDuelist:AltarTribute+1","theDuelist:DarkHorizon+1"],"picked":"theDuelist:SpiritHarp+1","floor":12},{"not_picked":["theDuelist:DarkMagician","theDuelist:WhiteMagicalHat+1","theDuelist:NeoMagic","theDuelist:ExodiaRA"],"picked":"theDuelist:Illusionist+1","floor":13},{"not_picked":["theDuelist:WormWarlord","theDuelist:DarkCreator+1","theDuelist:WormApocalypse+1","theDuelist:FluteKuriboh+1"],"picked":"theDuelist:OneForOne+1","floor":14},{"not_picked":["theDuelist:ExodiaHead+1","theDuelist:Wildfire","theDuelist:VoidVanishment","theDuelist:SwordsBurning"],"picked":"theDuelist:QueenDragunDjinn+1","floor":16},{"not_picked":["theDuelist:MagicalBlast","theDuelist:CircleFireKings+1","theDuelist:CallAtlanteans+1","theDuelist:MagiciansRobe"],"picked":"theDuelist:SpellShatteringArrow","floor":18},{"not_picked":["theDuelist:BattleOx","theDuelist:BlackPendant+1","theDuelist:PotDichotomy+1","theDuelist:GilfordLegend"],"picked":"theDuelist:FrontierWiseman+1","floor":20},{"not_picked":["theDuelist:SangaThunder","theDuelist:ThousandEyesIdol+1","theDuelist:BlueDragonSummoner+1","theDuelist:SilentDoom+1"],"picked":"theDuelist:Illusionist+1","floor":21}],"player_experience":1540443,"relics_obtained":[{"floor":7,"key":"Toxic Egg 2"},{"floor":9,"key":"Paper Frog"},{"floor":11,"key":"Toy Ornithopter"},{"floor":22,"key":"Gremlin Food"}],"event_choices":[{"damage_healed":0,"gold_gain":0,"player_choice":"2 cards matched","damage_taken":0,"max_hp_gain":0,"max_hp_loss":0,"event_name":"Match and Keep!","floor":2,"gold_loss":0,"cards_obtained":["theDuelist:GateGuardian","theDuelist:GiantSoldier"]},{"damage_healed":0,"gold_gain":0,"player_choice":"Copied","damage_taken":0,"max_hp_gain":0,"max_hp_loss":0,"event_name":"Duplicator","floor":19,"gold_loss":0,"cards_obtained":["theDuelist:GateGuardian"]}],"is_beta":false,"boss_relics":[{"not_picked":["Abe\u0027s Treasure","Pandora\u0027s Box"],"picked":"Mark of Pain"}],"items_purged_floors":[6],"is_endless":false,"potions_floor_spawned":[7,11,12,13],"killed_by":"Slavers","ascension_level":20}}