{"host":"uv5ws9rdk87e8i5k","time":1611686110,"event":{"mods":["AchievementEnabler","BaseMod","Colored Map","Minty Spire (QoL Compilation)","Permanent Neow","Quick Restart","StSLib","SuperFastMode","The Animator","The Cursed","The Hierophant","The Necromancer"],"gold_per_floor":[17,17,34,48,61,61,94,94,94,128,146,158,172,204,204,302,302,316,333,349,360,59,69,88,120,120,130,160,187,199,231,243,354,366,395,407,430,453,475,519,531,573,608,620,632,644,672,172,172,172],"floor_reached":51,"language":"ENG","playtime":1552,"items_purged":["Strike_W","Strike_W"],"score":1241,"play_id":"7e3df31a-66c2-4bcf-9099-823787b47014","local_time":"20210126123510","is_ascension_mode":true,"campfire_choices":[{"data":"Summon_Death_Knight","floor":6.0,"key":"SMITH"},{"data":"Summon_Undead","floor":8.0,"key":"SMITH"},{"data":"1","floor":15.0,"key":"LIFT"},{"data":"Requiem","floor":30.0,"key":"SMITH"},{"data":"2","floor":32.0,"key":"LIFT"},{"data":"Spectral_Walk","floor":41.0,"key":"SMITH"},{"data":"Summon_Lich","floor":45.0,"key":"SMITH"},{"data":"Summon_Undead_Army","floor":49.0,"key":"SMITH"}],"circlet_count":0,"master_deck":["AscendersBane","Strike_W+1","Strike_W+1","Defend_W","Defend_W","Defend_W","Defend_W","Negative_Energy_Arrows","Bone_Wall","Summon_Death_Knight+1","Summon_Undead+1","Spectral_Armor","Necrotic_Claws","Requiem+1","Spectral_Armor","Grasp_Heart","Summon_Lich+1","Summon_Death_Knight+1","Uncharnel","Bone_Shift+1","Spectral_Walk+1","Life_Drain+1","Uncharnel","Grasp_Heart","CurseOfTheBell","Bone_Prison","Madness","Shade_Step","Parasite","Summon_Undead_Army+1","Shade_Step","Spectral_Armor","Life_Drain"],"relics":["Vampire_Amulet","Nunchaku","White Beast Statue","Girya","Bottled Lightning","Coffee Dripper","DollysMirror","Whetstone","Ornamental Fan","MawBank","Calling Bell","Potion Belt","HornCleat","Lizard Tail","InkBottle","Pen Nib","Bag of Marbles","Membership Card","Orichalcum"],"acts_visited":["Exordium","TheCity","TheBeyond"],"potions_floor_usage":[50,50,50,50],"damage_taken":[{"damage":2.0,"enemies":"Jaw Worm","floor":1.0,"turns":4.0},{"damage":7.0,"enemies":"Small Slimes","floor":3.0,"turns":3.0},{"damage":10.0,"enemies":"2 Louse","floor":4.0,"turns":3.0},{"damage":5.0,"enemies":"Blue Slaver","floor":5.0,"turns":4.0},{"damage":7.0,"enemies":"3 Sentries","floor":7.0,"turns":7.0},{"damage":21.0,"enemies":"Gremlin Nob","floor":10.0,"turns":5.0},{"damage":0.0,"enemies":"2 Fungi Beasts","floor":11.0,"turns":3.0},{"damage":1.0,"enemies":"Looter","floor":12.0,"turns":4.0},{"damage":15.0,"enemies":"Gremlin Gang","floor":13.0,"turns":3.0},{"damage":0.0,"enemies":"Lagavulin","floor":14.0,"turns":5.0},{"damage":6.0,"enemies":"The Guardian","floor":16.0,"turns":9.0},{"damage":14.0,"enemies":"2 Thieves","floor":18.0,"turns":4.0},{"damage":7.0,"enemies":"Chosen","floor":19.0,"turns":4.0},{"damage":0.0,"enemies":"Snecko","floor":20.0,"turns":4.0},{"damage":13.0,"enemies":"Snake Plant","floor":21.0,"turns":3.0},{"damage":0.0,"enemies":"3 Cultists","floor":23.0,"turns":4.0},{"damage":12.0,"enemies":"Cultist and Chosen","floor":24.0,"turns":5.0},{"damage":1.0,"enemies":"Gremlin Leader","floor":25.0,"turns":5.0},{"damage":13.0,"enemies":"Centurion and Healer","floor":27.0,"turns":5.0},{"damage":21.0,"enemies":"Book of Stabbing","floor":28.0,"turns":5.0},{"damage":5.0,"enemies":"3 Cultists","floor":29.0,"turns":4.0},{"damage":4.0,"enemies":"Chosen and Byrds","floor":31.0,"turns":6.0},{"damage":16.0,"enemies":"Collector","floor":33.0,"turns":6.0},{"damage":13.0,"enemies":"3 Darklings","floor":35.0,"turns":5.0},{"damage":1.0,"enemies":"Orb Walker","floor":37.0,"turns":3.0},{"damage":16.0,"enemies":"Jaw Worm Horde","floor":38.0,"turns":4.0},{"damage":22.0,"enemies":"Writhing Mass","floor":39.0,"turns":5.0},{"damage":20.0,"enemies":"Giant Head","floor":40.0,"turns":9.0},{"damage":11.0,"enemies":"Reptomancer","floor":42.0,"turns":6.0},{"damage":13.0,"enemies":"Spire Growth","floor":47.0,"turns":5.0},{"damage":26,"enemies":"Time Eater","floor":50,"turns":6}],"seed_played":"5124510944842280418","potions_obtained":[{"floor":1.0,"key":"Strength Potion"},{"floor":7.0,"key":"DistilledChaos"},{"floor":10.0,"key":"BlessingOfTheForge"},{"floor":11.0,"key":"Weak Potion"},{"floor":12.0,"key":"Explosive Potion"},{"floor":13.0,"key":"Explosive Potion"},{"floor":14.0,"key":"BlessingOfTheForge"},{"floor":16.0,"key":"SneckoOil"},{"floor":18.0,"key":"Weak Potion"},{"floor":19.0,"key":"LiquidBronze"},{"floor":20.0,"key":"Energy Potion"},{"floor":21.0,"key":"Explosive Potion"},{"floor":23.0,"key":"DistilledChaos"},{"floor":25.0,"key":"PowerPotion"},{"floor":27.0,"key":"FearPotion"},{"floor":28.0,"key":"Swift Potion"},{"floor":29.0,"key":"CultistPotion"},{"floor":31.0,"key":"DuplicationPotion"},{"floor":33.0,"key":"SkillPotion"},{"floor":35.0,"key":"Block Potion"},{"floor":37.0,"key":"LiquidMemories"},{"floor":38.0,"key":"PowerPotion"},{"floor":39.0,"key":"DuplicationPotion"},{"floor":40.0,"key":"PowerPotion"},{"floor":42.0,"key":"ColorlessPotion"},{"floor":47.0,"key":"GamblersBrew"}],"is_trial":false,"path_per_floor":["M","$","M","M","M","R","E","R","T","E","M","M","M","E","R","B",null,"M","M","M","M","$","M","M","E","T","M","E","M","R","M","R","B",null,"M","?","M","M","M","E","R","E","T","?","R","?","M","$","R","B",null],"character_chosen":"NECROMANCER","items_purchased":["Summon_Lich","DollysMirror","Membership Card","Summon_Undead_Army","Shade_Step","Spectral_Armor","Life_Drain","Orichalcum","LiquidMemories","PowerPotion","DistilledChaos"],"campfire_rested":0,"item_purchase_floors":[22,22,48,48,48,48,48,48,48,48,48],"current_hp_per_floor":[68,68,65,59,56,56,55,55,55,42,46,53,46,48,48,44,67,69,64,66,61,61,67,74,75,75,66,47,48,48,54,54,50,69,64,55,56,46,32,44,44,60,60,60,60,60,61,61,61,37],"gold":172,"neow_bonus":"THREE_RARE_CARDS","is_daily":false,"chose_seed":false,"campfire_upgraded":6,"win_rate":0.0,"timestamp":1611686110,"path_taken":["M","$","M","M","M","R","E","R","T","E","M","M","M","E","R","BOSS","M","M","M","M","$","M","M","E","T","M","E","M","R","M","R","BOSS","M","?","M","M","M","E","R","E","T","?","R","?","M","$","R","BOSS"],"items_purchased_type":["Card","Relic","Relic","Card","Card","Card","Card","Relic","Potion","Potion","Potion"],"build_version":"2020-12-22","purchased_purges":2,"victory":true,"max_hp_per_floor":[75,75,75,75,75,75,75,75,75,75,75,75,75,75,75,75,75,75,75,75,75,75,75,75,75,75,75,75,75,75,75,75,75,75,75,75,75,75,75,75,75,75,75,75,75,75,75,75,75,75],"card_choices":[{"not_picked":["Skeleton_Dragon","Blood_Wake"],"picked":"Summon_Death_Knight","floor":0.0},{"not_picked":["Flesh_Made_Foul","Shackles_Of_Pain","Negative_Energy_Javelin"],"picked":"SKIP","floor":1.0},{"not_picked":["Finger_Of_Death","Negative_Energy_Javelin","Blood_Whip"],"picked":"SKIP","floor":3.0},{"not_picked":["Flesh_Made_Foul","Violent_Necrosis","Toxic_Smoke_Screen"],"picked":"SKIP","floor":4.0},{"not_picked":["Siphon_Strength","Spectral_Armor"],"picked":"Summon_Undead","floor":5.0},{"not_picked":["Pandemic","Death_March_Dance","Blood_Whip"],"picked":"SKIP","floor":7.0},{"not_picked":["Consume_Illness","Blood_Curse"],"picked":"Spectral_Armor","floor":10.0},{"not_picked":["Thousand_Bone_Knives","Negative_Energy_Bomb"],"picked":"Necrotic_Claws","floor":11.0},{"not_picked":["Chill_Blood","Death_March_Dance","Death_Coil"],"picked":"SKIP","floor":12.0},{"not_picked":["Chill_Blood","Vampiric_Strike","Thousand_Bone_Knives"],"picked":"SKIP","floor":13.0},{"not_picked":["Bone_Spikes","Blood_Whip","Life_Tap"],"picked":"SKIP","floor":14.0},{"not_picked":["Negative_Energy_Bomb","Reap_The_Weak"],"picked":"Requiem","floor":16.0},{"not_picked":["Consume_Illness+1","Death_March_Dance","Bone_Bullets"],"picked":"SKIP","floor":18.0},{"not_picked":["Shackles_Of_Pain","Death_Knell+1"],"picked":"Spectral_Armor","floor":19.0},{"not_picked":["Stop_Heart","Summon_Lich"],"picked":"Grasp_Heart","floor":20.0},{"not_picked":["Shackles_Of_Pain+1","Thousand_Bone_Knives","Negative_Energy_Sphere"],"picked":"SKIP","floor":21.0},{"not_picked":["Negative_Energy_Mist+1","Death_March_Dance","Blood_Whip"],"picked":"SKIP","floor":23.0},{"not_picked":["Life_Tap","Negative_Energy_Javelin"],"picked":"Uncharnel","floor":24.0},{"not_picked":["Chill_Blood","Necromantic_Selection","Blood_Shield"],"picked":"SKIP","floor":25.0},{"not_picked":["Negative_Energy_Sphere+1","Bone_Spikes"],"picked":"Bone_Shift+1","floor":27.0},{"not_picked":["Blood_Whip","Thousand_Bone_Knives"],"picked":"Spectral_Walk","floor":28.0},{"not_picked":["Corrupt","Whirlwind_of_Bones+1"],"picked":"Life_Drain+1","floor":29.0},{"not_picked":["Death_Coil+1","Life_Tap+1"],"picked":"Uncharnel","floor":31.0},{"not_picked":["Skeleton_Dragon","Blood_Magic"],"picked":"Grasp_Heart","floor":33.0},{"not_picked":["Blood_Whip+1","Chill_Blood+1"],"picked":"Bone_Prison","floor":35.0},{"not_picked":["Exploit+1","Bones_to_Steel"],"picked":"Shade_Step","floor":37.0},{"not_picked":["Acid_Javelin","Death_Coil","Bone_Bullets+1"],"picked":"SKIP","floor":38.0},{"not_picked":["Bone_Armor+1","Death_Knell","Bone_Armory+1"],"picked":"SKIP","floor":39.0},{"not_picked":["Consume_Illness","Bones_to_Steel+1","Epidemic+1"],"picked":"SKIP","floor":40.0},{"not_picked":["Cloudkill","Bone_Armor+1","Necrotic_Claws+1"],"picked":"SKIP","floor":42.0},{"not_picked":["Strike_from_Beyond","Stop_Heart+1","Negative_Energy_Shield"],"picked":"SKIP","floor":47.0}],"player_experience":292064,"relics_obtained":[{"floor":7.0,"key":"Nunchaku"},{"floor":9.0,"key":"White Beast Statue"},{"floor":10.0,"key":"Girya"},{"floor":14.0,"key":"Bottled Lightning"},{"floor":25.0,"key":"Whetstone"},{"floor":26.0,"key":"Ornamental Fan"},{"floor":28.0,"key":"MawBank"},{"floor":34.0,"key":"Potion Belt"},{"floor":34.0,"key":"HornCleat"},{"floor":34.0,"key":"Lizard Tail"},{"floor":40.0,"key":"InkBottle"},{"floor":42.0,"key":"Pen Nib"},{"floor":43.0,"key":"Bag of Marbles"}],"event_choices":[{"damage_healed":0.0,"max_hp_gain":0.0,"max_hp_loss":0.0,"gold_gain":0.0,"event_name":"Winding Halls","player_choice":"Embrace Madness","floor":36.0,"gold_loss":0.0,"damage_taken":9.0,"cards_obtained":["Madness","Madness"]},{"damage_healed":0.0,"max_hp_gain":0.0,"max_hp_loss":0.0,"gold_gain":0.0,"event_name":"Tomb of Lord Red Mask","player_choice":"Ignored","floor":44.0,"gold_loss":0.0,"damage_taken":0.0},{"cards_removed":["Madness"],"damage_healed":0.0,"max_hp_gain":0.0,"max_hp_loss":0.0,"gold_gain":0.0,"event_name":"Falling","player_choice":"Removed Skill","floor":46.0,"gold_loss":0.0,"damage_taken":0.0}],"is_beta":false,"boss_relics":[{"not_picked":["Tiny House","Ectoplasm"],"picked":"Coffee Dripper"},{"not_picked":["Sozu","SlaversCollar"],"picked":"Calling Bell"}],"items_purged_floors":[22,48],"is_endless":false,"potions_floor_spawned":[1,7,10,11,12,13,14,16,18,19,20,21,23,24,25,27,28,29,31,33,35,37,38,39,40,42,47],"ascension_level":10}}