{"host":"4rvakrj1idbgia3f","time":1611642155,"event":{"mods":["BaseMod","Colored Map","Colored Powertips","DeckTracker","Highlight Path","Minty Spire (QoL Compilation)","Random Character Button","StSLib"],"gold_per_floor":[114,114,1,1,14,46,61,61,61,96,116,145,163,173,173,248,248,264,264,264,114,132,132],"floor_reached":22,"language":"JPN","playtime":731,"items_purged":["Decay"],"score":462,"play_id":"340323f1-2275-4cc5-b30c-212e1c775ecb","local_time":"20210126152235","is_ascension_mode":true,"campfire_choices":[{"data":"Blade Dance","floor":8,"key":"SMITH"},{"data":"Masterful Stab","floor":15,"key":"SMITH"}],"circlet_count":0,"master_deck":["AscendersBane","Survivor","Neutralize","Masterful Stab+1","Blade Dance+1","Masterful Stab+1","Quick Slash","Dagger Spray+1","Grand Finale","Leg Sweep","Acrobatics","Escape Plan","After Image","Noxious Fumes","Flying Knee","Bouncing Flask","Blur","Finisher","Eviscerate","Concentrate","Accuracy","Underhanded Strike","Tactician","Deadly Poison+1","Necronomicurse","Well Laid Plans"],"relics":["Black Star","Mercury Hourglass","StoneCalendar","Whetstone","Lantern","Boot","Orichalcum","Gremlin Horn","Pandora\u0027s Box","Necronomicon"],"acts_visited":["Exordium","TheCity"],"potions_floor_usage":[6,7,12,12],"damage_taken":[{"damage":19,"enemies":"Jaw Worm","floor":1,"turns":8},{"damage":0,"enemies":"2 Louse","floor":5,"turns":2},{"damage":30,"enemies":"Lagavulin","floor":6,"turns":6},{"damage":1,"enemies":"Cultist","floor":7,"turns":3},{"damage":2,"enemies":"3 Sentries","floor":10,"turns":4},{"damage":0,"enemies":"2 Fungi Beasts","floor":11,"turns":2},{"damage":0,"enemies":"Gremlin Nob","floor":12,"turns":3},{"damage":0,"enemies":"Exordium Wildlife","floor":13,"turns":1},{"damage":0,"enemies":"Gremlin Gang","floor":14,"turns":2},{"damage":7,"enemies":"Slime Boss","floor":16,"turns":7},{"damage":23,"enemies":"3 Byrds","floor":18,"turns":4},{"damage":18,"enemies":"2 Thieves","floor":22,"turns":4}],"seed_played":"-6756890457669355828","potions_obtained":[{"floor":6,"key":"LiquidMemories"},{"floor":7,"key":"Fruit Juice"},{"floor":11,"key":"Strength Potion"},{"floor":16,"key":"Dexterity Potion"},{"floor":20,"key":"FairyPotion"}],"is_trial":false,"path_per_floor":["M","?","$","?","M","E","M","R","T","E","M","E","M","M","R","B",null,"M","?","?","$","M"],"character_chosen":"THE_SILENT","items_purchased":["Strength Potion","Blade Dance","Well Laid Plans"],"campfire_rested":0,"item_purchase_floors":[3,3,21],"current_hp_per_floor":[40,45,45,45,45,15,19,19,19,17,17,17,17,17,17,10,60,37,16,16,16,22,22],"gold":132,"neow_bonus":"BOSS_RELIC","is_daily":false,"chose_seed":false,"campfire_upgraded":2,"win_rate":0.0,"timestamp":1611642155,"path_taken":["M","?","$","?","M","E","M","R","T","E","M","E","?","M","R","BOSS","M","?","?","$","?"],"items_purchased_type":["Potion","Card","Card"],"build_version":"2020-12-22","purchased_purges":1,"victory":false,"max_hp_per_floor":[66,71,71,71,71,71,76,76,76,76,76,76,76,76,76,76,76,76,76,76,76,76,76],"card_choices":[{"not_picked":["PiercingWail","Underhanded Strike"],"picked":"Masterful Stab","floor":1},{"not_picked":["Setup","Sucker Punch"],"picked":"Masterful Stab","floor":5},{"not_picked":["Deadly Poison","Outmaneuver"],"picked":"Quick Slash","floor":6},{"not_picked":["Blade Dance","Dash"],"picked":"Dagger Spray","floor":7},{"not_picked":["Quick Slash","Distraction"],"picked":"Grand Finale","floor":10},{"not_picked":["Masterful Stab","Setup"],"picked":"Leg Sweep","floor":11},{"not_picked":["Infinite Blades","Underhanded Strike"],"picked":"Acrobatics","floor":12},{"not_picked":["Cloak And Dagger","Poisoned Stab"],"picked":"Escape Plan","floor":13},{"not_picked":["Bouncing Flask","Deflect","Outmaneuver"],"picked":"SKIP","floor":14},{"not_picked":["Burst","Venomology"],"picked":"After Image","floor":16},{"not_picked":["All Out Attack","Prepared"],"picked":"Deadly Poison+1","floor":18}],"player_experience":2118992,"relics_obtained":[{"floor":6,"key":"Mercury Hourglass"},{"floor":6,"key":"StoneCalendar"},{"floor":9,"key":"Whetstone"},{"floor":10,"key":"Lantern"},{"floor":10,"key":"Boot"},{"floor":12,"key":"Orichalcum"},{"floor":12,"key":"Gremlin Horn"},{"floor":19,"key":"Necronomicon"}],"event_choices":[{"damage_healed":0,"gold_gain":0,"player_choice":"Donut","damage_taken":0,"max_hp_gain":5,"max_hp_loss":0,"event_name":"Big Fish","floor":2,"gold_loss":0},{"damage_healed":0,"gold_gain":0,"player_choice":"Cursed","damage_taken":0,"max_hp_gain":0,"max_hp_loss":0,"event_name":"Wheel of Change","floor":4,"gold_loss":0,"cards_obtained":["Decay"]},{"damage_healed":0,"gold_gain":0,"player_choice":"Obtained Book","damage_taken":21,"max_hp_gain":0,"max_hp_loss":0,"event_name":"Cursed Tome","floor":19,"gold_loss":0},{"damage_healed":0,"gold_gain":0,"player_choice":"Got Potions","damage_taken":0,"max_hp_gain":0,"max_hp_loss":0,"event_name":"Lab","floor":20,"gold_loss":0}],"is_beta":false,"boss_relics":[{"not_picked":["Philosopher\u0027s Stone","Snecko Eye"],"picked":"Pandora\u0027s Box"}],"items_purged_floors":[21],"is_endless":false,"potions_floor_spawned":[6,7,11,16],"killed_by":"2 Thieves","ascension_level":20}}