{"host":"7iv10lxbxedtd0qh","time":1611688735,"event":{"mods":["BaseMod","Colored Map","Colored Powertips","Downfall","Minty Spire (QoL Compilation)","StSLib"],"gold_per_floor":[99,112,112,130,130,130,130,150,176,196,196,213,244,263,273,273,273,273],"floor_reached":16,"language":"ENG","playtime":881,"items_purged":[],"score":145,"play_id":"55f26585-6d0e-421f-b435-a5ae3f05d157","local_time":"20210126201855","is_ascension_mode":true,"campfire_choices":[{"data":"hexamod:Sear","floor":1,"key":"SMITH"},{"data":"hexamod:HeatMetal","floor":6,"key":"SMITH"},{"data":"hexamod:SoulSteal","floor":11,"key":"SMITH"}],"circlet_count":0,"master_deck":["hexamod:Strike","hexamod:Strike+1","hexamod:Strike","hexamod:Strike","hexamod:Defend","hexamod:Defend","hexamod:Defend+1","hexamod:Defend","hexamod:Sear+1","hexamod:Float","hexamod:HeatMetal+1","hexamod:ExtraCrispy+1","hexamod:FlamesFromBeyond","hexamod:SoulSteal+1","hexamod:FifthSeal","hexamod:SixthSeal","hexamod:ThirdSeal","hexamod:FirstSeal","hexamod:Hexaguard"],"relics":["hexamod:SpiritBrand","Mango","Strawberry","Turnip"],"acts_visited":[],"potions_floor_usage":[9,12,15,15,15,16,16],"damage_taken":[{"damage":0,"enemies":"Small Slimes","floor":2,"turns":3},{"damage":1,"enemies":"Jaw Worm","floor":4,"turns":4},{"damage":1,"enemies":"Cultist","floor":8,"turns":4},{"damage":11,"enemies":"Lagavulin","floor":9,"turns":5},{"damage":1,"enemies":"Exordium Wildlife","floor":10,"turns":3},{"damage":7,"enemies":"Lots of Slimes","floor":12,"turns":4},{"damage":11,"enemies":"3 Sentries","floor":13,"turns":4},{"damage":21,"enemies":"3 Louse","floor":14,"turns":4},{"damage":24,"enemies":"Exordium Thugs","floor":15,"turns":3},{"damage":19,"enemies":"WA_ARCHETYPE_RETAIN","floor":16,"turns":8}],"seed_played":"-1194042881759540739","potions_obtained":[{"floor":2,"key":"BlessingOfTheForge"},{"floor":8,"key":"Swift Potion"},{"floor":10,"key":"ColorlessPotion"},{"floor":14,"key":"EntropicBrew"},{"floor":15,"key":"DuplicationPotion"}],"is_trial":false,"path_per_floor":["R","M","?","M","?","R","T","M","E","M","R","M","E","M","M","B"],"character_chosen":"THE_SPIRIT","items_purchased":[],"campfire_rested":0,"item_purchase_floors":[],"current_hp_per_floor":[77,77,77,76,76,76,90,89,85,84,84,77,66,45,28,9,9,9],"gold":273,"neow_bonus":"TEN_PERCENT_HP_BONUS","is_daily":false,"chose_seed":false,"campfire_upgraded":3,"win_rate":0.0,"timestamp":1611688735,"path_taken":["R","M","?","M","?","R","T","M","E","M","R","M","E","?","M","BOSS"],"items_purchased_type":[],"build_version":"2020-12-22","purchased_purges":0,"victory":false,"max_hp_per_floor":[77,77,77,77,77,77,91,91,98,98,98,98,98,98,98,98,98,98],"card_choices":[{"not_picked":["hexamod:Firestarter","hexamod:GhostOfSpirePast"],"picked":"hexamod:HeatMetal","floor":2},{"not_picked":["hexamod:Again","hexamod:HeatMetal"],"picked":"hexamod:ExtraCrispy","floor":4},{"not_picked":["hexamod:BacktrackSmack","hexamod:NightmareStrike"],"picked":"hexamod:FlamesFromBeyond","floor":8},{"not_picked":["hexamod:HauntingEcho","hexamod:Firestarter"],"picked":"hexamod:SoulSteal","floor":9},{"not_picked":["hexamod:NightmareGuise","hexamod:FlamesFromBeyond"],"picked":"hexamod:FifthSeal","floor":10},{"not_picked":["hexamod:FourthSeal","hexamod:ThirdSeal"],"picked":"hexamod:SixthSeal","floor":12},{"not_picked":["hexamod:InspiringFlames","hexamod:SpectralAdrenaline","hexamod:HexaLevel"],"picked":"SKIP","floor":12},{"not_picked":["hexamod:SpectersWail","hexamod:StepThrough","hexamod:HauntingEcho"],"picked":"SKIP","floor":13},{"not_picked":["hexamod:SixthSeal","hexamod:SecondSeal"],"picked":"hexamod:ThirdSeal","floor":14},{"not_picked":["hexamod:AdvancingGuard","hexamod:DynamicBlow"],"picked":"hexamod:FirstSeal","floor":14},{"not_picked":["hexamod:HauntingEcho","hexamod:SpectersWail"],"picked":"hexamod:Hexaguard","floor":15},{"not_picked":["hexamod:TimeWarp","hexamod:FastForward","hexamod:SwordOfDarkness"],"picked":"SKIP","floor":15}],"player_experience":711375,"relics_obtained":[{"floor":7,"key":"Mango"},{"floor":9,"key":"Strawberry"},{"floor":13,"key":"Turnip"}],"event_choices":[],"is_beta":false,"boss_relics":[],"items_purged_floors":[],"is_endless":false,"potions_floor_spawned":[2,8,10,14,15],"killed_by":"WA_ARCHETYPE_RETAIN","ascension_level":1}}