{"host":"15ff3ltgpietarej","time":1611646293,"event":{"mods":["BaseMod","Bestiary","Downfall","Highlight Path","Minty Spire (QoL Compilation)","Relic Stats","StSLib"],"gold_per_floor":[99,114,124,124,140,140,140,156,171,171,2,152,152,183,203,303,303,203,216,216,233,73,73,73,83,83,113,113,133,133,147,167,268,268,268,284,284,300,475,489,514,527,542,306,324,124,124,141,151,151,151,151],"floor_reached":50,"language":"ENG","playtime":2789,"items_purged":[],"score":571,"play_id":"5f2a38e5-ca1c-4ee8-83ee-9b5f098b422a","local_time":"20210126083133","is_ascension_mode":true,"campfire_choices":[{"data":"The Bomb","floor":1.0,"key":"SMITH"},{"floor":10.0,"key":"REST"},{"data":"bronze:ShipIt","floor":18.0,"key":"SMITH"},{"data":"bronze:MaxOutput","floor":23.0,"key":"SMITH"},{"data":"bronze:ShipIt","floor":26.0,"key":"SMITH"},{"floor":30.0,"key":"REST"},{"floor":35.0,"key":"RECALL"},{"floor":46.0,"key":"REST"}],"circlet_count":0,"master_deck":["bronze:Strike","bronze:Strike","bronze:Strike","bronze:Strike","bronze:Defend","bronze:Defend","bronze:Defend","bronze:Defend","bronze:Replicate","bronze:Goto","bronze:WildBeam","bronze:BugBarrage","bronze:Shield","bronze:MaxOutput+1","bronze:WildBeam","bronze:ShipIt+1","bronze:Optimize","bronze:InfiniteLoop","bronze:Branch+1","bronze:FineTuning","bronze:ShipIt+1","Writhe","bronze:OilSpill+1","bronze:FineTuning","bronze:Iterate+1","bronze:OilSpill+1","bronze:Iterate+1","Decay","Apotheosis","bronze:Backtrace+1","bronze:Shield"],"relics":["bronze:BronzeCore","Vajra","Incense Burner","Omamori","bronze:BottledCode","Du-Vu Doll","Cursed Key","downfall:HeartBlessingGreen","sneckomod:BabySnecko","Bag of Marbles","Molten Egg 2","TungstenRod","SacredBark","Blue Candle","bronze:SilverBullet","downfall:HeartBlessingRed","downfall:HeartBlessingBlue"],"acts_visited":["Exordium","TheCity","TheBeyond"],"potions_floor_usage":[50,50],"damage_taken":[{"damage":2.0,"enemies":"Jaw Worm","floor":2.0,"turns":7.0},{"damage":1.0,"enemies":"Cultist","floor":3.0,"turns":4.0},{"damage":0.0,"enemies":"Small Slimes","floor":5.0,"turns":4.0},{"damage":3.0,"enemies":"Blue Slaver","floor":8.0,"turns":3.0},{"damage":16.0,"enemies":"3 Louse","floor":9.0,"turns":4.0},{"damage":0.0,"enemies":"downfall:FleeingMerchant","floor":11.0,"turns":4.0},{"damage":8.0,"enemies":"Gremlin Nob","floor":14.0,"turns":3.0},{"damage":11.0,"enemies":"Exordium Wildlife","floor":15.0,"turns":3.0},{"damage":13.0,"enemies":"IC_STATUS_ARCHETYPE","floor":16.0,"turns":6.0},{"damage":4.0,"enemies":"Shell Parasite","floor":19.0,"turns":3.0},{"damage":0.0,"enemies":"Spheric Guardian","floor":21.0,"turns":3.0},{"damage":3.0,"enemies":"downfall:FleeingMerchant","floor":22.0,"turns":4.0},{"damage":9.0,"enemies":"Snecko","floor":25.0,"turns":4.0},{"damage":13.0,"enemies":"Book of Stabbing","floor":27.0,"turns":4.0},{"damage":3.0,"enemies":"Centurion and Healer","floor":29.0,"turns":4.0},{"damage":18.0,"enemies":"Shelled Parasite and Fungi","floor":31.0,"turns":4.0},{"damage":3.0,"enemies":"Chosen and Byrds","floor":32.0,"turns":3.0},{"damage":0.0,"enemies":"WA_ARCHETYPE_CALM","floor":33.0,"turns":4.0},{"damage":16.0,"enemies":"3 Shapes","floor":36.0,"turns":5.0},{"damage":10.0,"enemies":"3 Darklings","floor":38.0,"turns":3.0},{"damage":0.0,"enemies":"downfall:FleeingMerchant","floor":39.0,"turns":3.0},{"damage":25.0,"enemies":"Transient","floor":40.0,"turns":5.0},{"damage":0.0,"enemies":"Maw","floor":42.0,"turns":4.0},{"damage":3.0,"enemies":"Jaw Worm Horde","floor":43.0,"turns":2.0},{"damage":0.0,"enemies":"Transient","floor":45.0,"turns":5.0},{"damage":10.0,"enemies":"Maw","floor":48.0,"turns":5.0},{"damage":0.0,"enemies":"Jaw Worm Horde","floor":49.0,"turns":2.0},{"damage":26,"enemies":"DF_ARCHETYPE_ORBS","floor":50,"turns":3}],"seed_played":"-5558415299016383084","potions_obtained":[{"floor":3.0,"key":"Explosive Potion"},{"floor":5.0,"key":"FearPotion"},{"floor":6.0,"key":"Slimebound:ThreeZeroPotion"},{"floor":6.0,"key":"Slimebound:ThreeZeroPotion"},{"floor":6.0,"key":"Dexterity Potion"},{"floor":15.0,"key":"Explosive Potion"},{"floor":25.0,"key":"SkillPotion"},{"floor":27.0,"key":"bronze:CleanCodePotion"},{"floor":33.0,"key":"DuplicationPotion"},{"floor":36.0,"key":"Weak Potion"},{"floor":38.0,"key":"DuplicationPotion"},{"floor":45.0,"key":"Dexterity Potion"}],"is_trial":false,"path_per_floor":["R","M","M","?","M","?","T","M","M","R","$","?","?","E","M","B",null,"R","M","?","M","$","R","T","M","R","E","?","M","R","M","M","B",null,"R","M","?","M","$","M","T","M","M","$","M","R","?","M","M","B"],"character_chosen":"THE_AUTOMATON","items_purchased":["Omamori","Bag of Marbles","bronze:SilverBullet","Apotheosis","bronze:Backtrace+1"],"campfire_rested":3,"item_purchase_floors":[11,22,39,44,44],"current_hp_per_floor":[49,47,46,43,43,43,43,40,24,45,45,45,45,37,26,13,60,60,56,56,56,53,53,53,44,44,31,31,28,46,28,25,25,60,60,44,40,30,30,5,5,5,2,2,2,33,33,23,23,0,0,0],"gold":151,"neow_bonus":"RANDOM_COLORLESS_2","is_daily":false,"chose_seed":false,"campfire_upgraded":4,"win_rate":0.0,"timestamp":1611646293,"path_taken":["R","M","M","?","M","?","T","?","M","R","$","?","?","E","M","BOSS","R","M","?","M","$","R","T","M","R","E","?","M","R","M","M","BOSS","R","M","?","M","$","M","T","M","M","$","M","R","?","?","M","BOSS"],"items_purchased_type":["Relic","Relic","Relic","Card","Card"],"build_version":"2020-12-22","purchased_purges":0,"victory":false,"max_hp_per_floor":[70,70,70,70,70,70,70,70,70,70,70,70,60,60,60,60,60,60,60,60,60,60,60,60,60,60,60,60,60,60,60,60,60,60,60,60,60,60,60,60,60,60,60,60,60,70,70,70,70,70,70,70],"relic_stats":{"counters":[28,108],"Blue Candle":[7],"Cursed Key":2,"obtain_stats":[{"bronze:BronzeCore":0,"downfall:HeartBlessingRed":46,"SacredBark":34,"Blue Candle":37,"Vajra":4,"downfall:HeartBlessingGreen":18,"Incense Burner":7,"Omamori":11,"Cursed Key":17,"bronze:BottledCode":13,"Du-Vu Doll":14,"sneckomod:BabySnecko":20,"downfall:HeartBlessingBlue":46,"Molten Egg 2":24,"Bag of Marbles":22,"bronze:SilverBullet":39,"TungstenRod":27},{"bronze:BronzeCore":0,"downfall:HeartBlessingRed":25,"SacredBark":18,"Blue Candle":19,"Vajra":2,"downfall:HeartBlessingGreen":9,"Incense Burner":3,"Omamori":6,"Cursed Key":9,"bronze:BottledCode":6,"Du-Vu Doll":7,"sneckomod:BabySnecko":10,"downfall:HeartBlessingBlue":25,"Molten Egg 2":12,"Bag of Marbles":12,"bronze:SilverBullet":21,"TungstenRod":14},{"bronze:BronzeCore":0,"downfall:HeartBlessingRed":98,"SacredBark":71,"Blue Candle":76,"Vajra":11,"downfall:HeartBlessingGreen":38,"Incense Burner":15,"Omamori":26,"Cursed Key":38,"bronze:BottledCode":26,"Du-Vu Doll":29,"sneckomod:BabySnecko":41,"downfall:HeartBlessingBlue":98,"Molten Egg 2":48,"Bag of Marbles":48,"bronze:SilverBullet":82,"TungstenRod":56}],"TungstenRod":31},"card_choices":[{"not_picked":["Magnetism","Chrysalis"],"picked":"The Bomb","floor":0.0},{"not_picked":["bronze:Deprecate","bronze:Branch"],"picked":"bronze:WildBeam","floor":2.0},{"not_picked":["bronze:Branch","bronze:Repair"],"picked":"bronze:BugBarrage","floor":3.0},{"not_picked":["bronze:ChildClass","bronze:BugBarrage"],"picked":"bronze:Shield","floor":5.0},{"not_picked":["bronze:CutThrough","bronze:BuggyMess"],"picked":"bronze:MaxOutput","floor":8.0},{"not_picked":["bronze:Flail","bronze:CutThrough"],"picked":"bronze:WildBeam","floor":9.0},{"not_picked":["bronze:Terminator","bronze:WhirlingStrike"],"picked":"bronze:ShipIt","floor":11.0},{"not_picked":["bronze:OilSpill","bronze:Constructor"],"picked":"bronze:Optimize","floor":14.0},{"not_picked":["bronze:ClassDefault","bronze:Deprecate","bronze:Turbo"],"picked":"SKIP","floor":15.0},{"not_picked":["bronze:Hardcode","bronze:Verify"],"picked":"bronze:InfiniteLoop","floor":16.0},{"not_picked":["bronze:Turbo","bronze:DelayedGuard"],"picked":"bronze:Branch+1","floor":19.0},{"not_picked":["bronze:DigitalCarnage+1","bronze:Optimize+1"],"picked":"bronze:FineTuning","floor":21.0},{"not_picked":["bronze:Format","bronze:WildBeam"],"picked":"bronze:ShipIt","floor":22.0},{"not_picked":["bronze:Shell","bronze:NullPointer+1","bronze:GetLatest"],"picked":"SKIP","floor":25.0},{"not_picked":["bronze:ForceShield","bronze:Overload","bronze:Shield"],"picked":"SKIP","floor":27.0},{"not_picked":["bronze:WildBeam+1","bronze:Branch+1"],"picked":"bronze:OilSpill+1","floor":29.0},{"not_picked":["bronze:BuggyMess+1","bronze:WhirlingStrike+1"],"picked":"bronze:FineTuning","floor":31.0},{"not_picked":["bronze:WhirlingStrike+1","bronze:Branch+1"],"picked":"bronze:Iterate+1","floor":32.0},{"not_picked":["bronze:Deprecate","bronze:NullPointer+1"],"picked":"bronze:OilSpill+1","floor":36.0},{"not_picked":["bronze:FineTuning+1","bronze:Overheat+1","bronze:Invalidate+1"],"picked":"SKIP","floor":38.0},{"not_picked":["bronze:Refactor+1","bronze:Optimize"],"picked":"bronze:Iterate+1","floor":39.0},{"not_picked":["bronze:ForLoop","bronze:Invalidate","bronze:Constructor+1"],"picked":"SKIP","floor":40.0},{"not_picked":["bronze:BitShift+1","bronze:WildBeam+1","bronze:DelayedGuard"],"picked":"SKIP","floor":42.0},{"not_picked":["bronze:DigitalCarnage+1","bronze:InfiniteBeams+1","bronze:Overheat+1"],"picked":"SKIP","floor":43.0},{"not_picked":["bronze:Turbo+1","bronze:Hardcode","bronze:BronzeOrb+1"],"picked":"SKIP","floor":45.0},{"not_picked":["bronze:Repulsor","bronze:FollowUp+1"],"picked":"bronze:Shield","floor":48.0},{"not_picked":["bronze:BugBarrage+1","bronze:BitShift","bronze:ChildClass+1"],"picked":"SKIP","floor":49.0}],"player_experience":440747,"relics_obtained":[{"floor":7.0,"key":"Incense Burner"},{"floor":14.0,"key":"Du-Vu Doll"},{"floor":24.0,"key":"Molten Egg 2"},{"floor":27.0,"key":"TungstenRod"}],"event_choices":[{"damage_healed":0.0,"max_hp_gain":0.0,"max_hp_loss":0.0,"gold_gain":0.0,"event_name":"Scrap Ooze","player_choice":"Success","floor":4.0,"gold_loss":0.0,"damage_taken":3.0,"relics_obtained":["Vajra"]},{"damage_healed":0.0,"max_hp_gain":0.0,"max_hp_loss":0.0,"gold_gain":0.0,"event_name":"Lab","player_choice":"Got Potions","floor":6.0,"gold_loss":0.0,"damage_taken":0.0},{"cards_removed":["The Bomb"],"damage_healed":0.0,"max_hp_gain":0.0,"max_hp_loss":0.0,"gold_gain":0.0,"event_name":"Falling","player_choice":"Removed Skill","floor":47.0,"gold_loss":0.0,"damage_taken":0.0}],"is_beta":false,"boss_relics":[{"not_picked":["Fusion Hammer","Busted Crown"],"picked":"Cursed Key"},{"not_picked":["Astrolabe","Snecko Eye"],"picked":"SacredBark"}],"items_purged_floors":[],"is_endless":false,"potions_floor_spawned":[3,5,15,25,27,33,36,38,40,45,49],"killed_by":"DF_ARCHETYPE_ORBS","ascension_level":1}}