{"host":"i9wanet4r0ff4t9y","time":1611673978,"event":{"mods":["2.2 Compatiblity","Act Like it!","BaseMod","Bestiary","Better Altar","Better Match","Better Note","Better Sensory Stone","Better Skull","Better Third Choice","Better Vampires","BetterRewards","CapriCore","Curses Come First","Downfall","Minty Spire (QoL Compilation)","Quick Restart","READ ME - Guardian Mod","READ ME - Snecko Mod","Relic Stats","Say the Spire","Spicy Shops","StSLib","The Disciple","The Poker Player","Waifu the Spire"],"gold_per_floor":[111,286,297,297,312,344,344,364,364,364,381,381,398,398,410,520,532,562,591,563,575,93,125,125,141,193,12,12,43,43,77,77,181,181,199,250,300,347,361,361,361,6,6,23,49,131,145,0,0,0,0,0],"floor_reached":50,"language":"POL","playtime":4229,"items_purged":["Regret"],"score":801,"play_id":"4859cbcc-c81d-436c-a984-48aa2f6d9eab","local_time":"20210126161258","is_ascension_mode":false,"metric_token":1696,"campfire_choices":[{"floor":7.0,"key":"REST"},{"floor":10.0,"key":"REST"},{"data":"PokerPlayerMod:Club2","floor":15.0,"key":"SMITH"},{"data":"PokerPlayerMod:ChangeRules","floor":28.0,"key":"SMITH"},{"data":"PokerPlayerMod:ItsShowtime","floor":32.0,"key":"SMITH"},{"data":"PokerPlayerMod:Mulligan","floor":40.0,"key":"SMITH"},{"data":"PokerPlayerMod:CloakAndDiamond","floor":49,"key":"SMITH"}],"circlet_count":0,"master_deck":["PokerPlayerMod:Diamond1","PokerPlayerMod:Diamond2","PokerPlayerMod:Diamond4","PokerPlayerMod:Diamond5","PokerPlayerMod:Diamond5","PokerPlayerMod:Spade1","PokerPlayerMod:Spade2","PokerPlayerMod:Spade3","PokerPlayerMod:Spade5","PokerPlayerMod:Club1","PokerPlayerMod:Club3","PokerPlayerMod:Heart2","PokerPlayerMod:TrumpStrike","PokerPlayerMod:BadJoker","PokerPlayerMod:Mulligan+1","PokerPlayerMod:DartThrow","PokerPlayerMod:Sharpen","PokerPlayerMod:Diamond4","PokerPlayerMod:ItsShowtime+1","PokerPlayerMod:SpadeStrike","PokerPlayerMod:SpadeStrike","PokerPlayerMod:Diamond5","PokerPlayerMod:ChangeRules+1","PokerPlayerMod:CloakAndDiamond+1","PokerPlayerMod:Spade4","PokerPlayerMod:Spade5","PokerPlayerMod:Diamond3","PokerPlayerMod:SecondChance","PokerPlayerMod:Diamond6","Dramatic Entrance","Trip","PokerPlayerMod:Spade6","PokerPlayerMod:Club7","PokerPlayerMod:Fold","PokerPlayerMod:Diamond9","PokerPlayerMod:Diamond10+","PokerPlayerMod:DartThrow","PokerPlayerMod:DiamondStrike","PokerPlayerMod:Diamond9","PokerPlayerMod:HeartStrike+1","Writhe","PokerPlayerMod:Sharpen+1","PokerPlayerMod:Club3","PokerPlayerMod:DamnStraight+1","PokerPlayerMod:Club5","PokerPlayerMod:SpadeStrike"],"relics":["PokerPlayerMod:DeckCase","Membership Card","PreservedInsect","Strange Spoon","Turnip","Akabeko","Sundial","Darkstone Periapt","Meat on the Bone","MawBank","Coffee Dripper","Kunai","StoneCalendar","Juzu Bracelet","Tiny Chest","Regal Pillow","Lizard Tail","Bottled Flame","Girya","PokerPlayerMod:AceCard","Happy Flower","Incense Burner","Thread and Needle","PokerPlayerMod:ClubPass","Ginger","ClockworkSouvenir","Pantograph","Bag of Marbles","Mummified Hand","PokerPlayerMod:PendantOfEscape"],"acts_visited":["Exordium","TheCity","TheBeyond"],"potions_floor_usage":[45],"damage_taken":[{"damage":0.0,"enemies":"2 Louse","floor":1.0,"turns":1.0},{"damage":11.0,"enemies":"Jaw Worm","floor":3.0,"turns":4.0},{"damage":0.0,"enemies":"Cultist","floor":5.0,"turns":2.0},{"damage":16.0,"enemies":"Lagavulin","floor":6.0,"turns":3.0},{"damage":7.0,"enemies":"Large Slime","floor":8.0,"turns":3.0},{"damage":10.0,"enemies":"Blue Slaver","floor":11.0,"turns":2.0},{"damage":0.0,"enemies":"3 Louse","floor":13.0,"turns":3.0},{"damage":17.0,"enemies":"Slime Boss","floor":16.0,"turns":6.0},{"damage":15.0,"enemies":"Spheric Guardian","floor":18.0,"turns":4.0},{"damage":4.0,"enemies":"3 Byrds","floor":19.0,"turns":4.0},{"damage":4.0,"enemies":"Slavers","floor":23.0,"turns":4.0},{"damage":16.0,"enemies":"Shelled Parasite and Fungi","floor":25.0,"turns":4.0},{"damage":12.0,"enemies":"Book of Stabbing","floor":29.0,"turns":4.0},{"damage":1.0,"enemies":"Gremlin Leader","floor":31.0,"turns":3.0},{"damage":78.0,"enemies":"Automaton","floor":33.0,"turns":9.0},{"damage":6.0,"enemies":"3 Darklings","floor":35.0,"turns":3.0},{"damage":28.0,"enemies":"Mind Bloom Boss Battle","floor":37.0,"turns":7.0},{"damage":24.0,"enemies":"2 Orb Walkers","floor":38.0,"turns":3.0},{"damage":0.0,"enemies":"Orb Walker","floor":39.0,"turns":1.0},{"damage":9.0,"enemies":"Spire Growth","floor":44.0,"turns":4.0},{"damage":36,"enemies":"Giant Head","floor":45,"turns":7},{"damage":0,"enemies":"Writhing Mass","floor":47,"turns":4},{"damage":78,"enemies":"Awakened One","floor":50,"turns":9}],"seed_played":"2810435075894894100","potions_obtained":[{"floor":8.0,"key":"SmokeBomb"},{"floor":13.0,"key":"PowerPotion"},{"floor":23.0,"key":"Block Potion"},{"floor":25.0,"key":"Strength Potion"},{"floor":31.0,"key":"PowerPotion"},{"floor":35.0,"key":"champ:CounterPotion"},{"floor":44.0,"key":"ColorlessPotion"},{"floor":45,"key":"Ancient Potion"}],"is_trial":false,"path_per_floor":["M","?","M","?","M","E","R","M","T","R","M","?","M","?","R","B",null,"M","M","?","?","$","E","?","M","T","$","R","E","?","E","R","B",null,"M","T","?","?","M","R","?","$","T","M","E","T","M","$","R","B"],"character_chosen":"THE_POKER_PLAYER","items_purchased":["Membership Card","PreservedInsect","Strange Spoon","Turnip","Akabeko","Sundial","Kunai","StoneCalendar","Juzu Bracelet","PokerPlayerMod:Spade5","PokerPlayerMod:Diamond3","PokerPlayerMod:SecondChance","Lizard Tail","PokerPlayerMod:Club7","PokerPlayerMod:ClubPass","Ginger","ClockworkSouvenir","PokerPlayerMod:PendantOfEscape","PokerPlayerMod:Club5","PokerPlayerMod:SpadeStrike"],"campfire_rested":2,"item_purchase_floors":[0,0,0,0,0,0,22,22,22,22,22,22,27,27,42,42,42,48,48,48],"current_hp_per_floor":[39,39,32,22,25,9,24,19,19,34,36,36,39,45,45,32,58,45,43,43,43,43,43,43,41,41,41,41,31,31,32,32,19,58,52,52,38,26,38,38,59,59,59,55,39,39,43,43,43,0,0,0],"gold":0,"neow_bonus":"","is_daily":false,"chose_seed":false,"campfire_upgraded":5,"win_rate":0.0,"timestamp":1611673978,"path_taken":["M","?","M","?","M","E","R","M","T","R","M","?","?","?","R","BOSS","M","M","?","?","$","E","?","M","T","?","R","E","?","E","R","BOSS","M","?","?","?","M","R","?","$","T","M","E","?","M","?","R","BOSS"],"items_purchased_type":["Relic","Relic","Relic","Relic","Relic","Relic","Relic","Relic","Relic","Card","Card","Card","Relic","Card","Relic","Relic","Relic","Relic","Card","Card"],"build_version":"2020-12-22","purchased_purges":1,"victory":false,"max_hp_per_floor":[52,52,52,52,52,52,52,52,52,52,52,52,52,58,58,58,58,58,58,58,58,58,58,58,58,58,58,58,58,58,58,58,58,58,58,58,58,58,58,58,64,64,64,64,64,64,64,64,64,64,64,64],"relic_stats":{"Darkstone Periapt":12,"Regal Pillow":0,"Happy Flower":[11],"counters":[586,2639],"StoneCalendar":[104],"PreservedInsect":281,"Juzu Bracelet":1,"Ginger":[5],"MawBank":96,"Strange Spoon":[6],"Lizard Tail":29,"Sundial":[4],"Mummified Hand":[3],"Pantograph":21,"Tiny Chest":2,"Turnip":[7],"Kunai":[14],"obtain_stats":[{"Replay:Accelerometer":0,"Spirit Poop":4,"Sling":47,"Ring of Searing":15,"Blood Vial":22,"Replay:Bottled Flurry":49,"HandDrill":31,"Replay:Bottled Steam":23,"Blue Candle":7,"Eternal Feather":17,"Pen Nib":0,"Akabeko":31,"Bird Faced Urn":9,"ReplayTheSpireMod:Ring of Collecting":5,"StrikeDummy":0,"Unceasing Top":0,"Regal Pillow":24,"Torii":47,"Singing Bowl":0,"King of Hearts":47,"Smiling Mask":27,"Burning Blood":0,"Pet Ghost":44,"Toolbox":0,"Chemical X":21,"Replay:Bottled Eggs":0,"InkBottle":34,"Potion Belt":36,"Lee\u0027s Waffle":44,"Golden Idol":3,"PreservedInsect":22,"Ring of Greed":10,"Replay:Arrowhead":48,"Ornamental Fan":37,"Ring of Misfortune":36,"betterThird:SlimedRelic":3,"Ectoplasm":17,"Art of War":40,"Garlic":12,"Durian":0,"hexamod:BolsterEngine":11,"Ice Cream":6,"Divine Protection":0,"Calipers":6,"Tiny House":36,"Gremlin Horn":10,"Nilry\u0027s Codex":22,"Sozu":34,"Centennial Puzzle":2,"Honey Jar":17,"Prayer Wheel":40,"Philosopher\u0027s Stone":17,"Iron Hammer":9,"Girya":23,"ReplayTheSpireMod:CursedCoin":19,"Replay:Grab Bag":34,"Charon\u0027s Ashes":0,"WarpedTongs":29,"Du-Vu Doll":0,"ReplayTheSpireMod:Spearhead":31,"Onion Ring":54,"Mirror":45,"Pocketwatch":10,"Black Blood":34,"Juzu Bracelet":19,"Replay:Mystery Machine":26,"Empty Cage":34,"Nunchaku":45,"Dream Catcher":9,"PokerPlayerMod:DeckCase":0,"Chameleon Ring":49,"TheAbacus":0,"Red Mask":41,"Replay:Bottled Snecko":0,"Runic Pyramid":34,"Guide Book":38,"Replay:WaspNest":3,"Odd Mushroom":12,"Mercury Hourglass":43,"Calling Bell":17,"Strange Spoon":44,"Pondfish Scales":0,"PokerPlayerMod:EnergeticBat":0,"Bag of Marbles":0,"Membership Card":24,"FossilizedHelix":12,"ReplayTheSpireMod:ShopPack":20,"Golden Egg":34,"Ginger":17,"Whetstone":27,"Bottled Tornado":10,"Old Coin":24,"Replay:Ringing Soul":47,"Sundial":17,"MealTicket":26,"Kunai":10,"Replay:Wax Seal":0,"Electric Blood":17,"Pear":0,"betterAltar:BloodRelic":27,"ReplayTheSpireMod:Ring of Addiction":36,"Replay:Ancient Bell":34,"SlaversCollar":17,"Ooze Armor":34,"Pandora\u0027s Box":34,"Mark of Pain":17,"Lantern":34,"Magic Flower":0,"StoneCalendar":0,"Blue Doll":43,"Replay:Multitool":25,"Bag of Preparation":54,"Cursed Key":34,"Replay:Rubber Ducky":34,"Shovel":34,"Ring of Peace":5,"WingedGreaves":37,"Paper Frog":23,"Self Forming Clay":6,"Thread and Needle":20,"The Courier":9,"betterThird:NestCultRelic":22,"Omamori":42,"Frozen Egg 2":0,"MawBank":27,"sneckomod:BabySnecko":20,"Busted Crown":17,"Bloody Idol":22,"Orrery":36,"Turnip":23,"Champion Belt":20,"ReplayTheSpireMod:Lightbulb":27,"Toy Ornithopter":28,"CeramicFish":24,"Vajra":8,"Lizard Tail":42,"HornCleat":52,"downfall:GremlinWheel":0,"FaceOfCleric":13,"DollysMirror":44,"Strawberry":10,"Toxic Egg 2":36,"PokerPlayerMod:PendantOfEscape":48,"Happy Flower":14,"Ring of Hypnosis":27,"Dead Branch":17,"Oddly Smooth Stone":41,"Letter Opener":9,"Replay:Kaleidoscope":37,"War Paint":6,"Question Card":19,"Bottled Flame":26,"Replay:Baseball":38,"ReplayTheSpireMod:Shallot":27,"Shuriken":34,"Bronze Scales":45,"Molten Egg 2":43,"Simple Rune":27,"ReplayTheSpireMod:TigerMarble":23,"Nloth\u0027s Gift":0,"Black Star":17,"Grinning Jar":6,"Meat on the Bone":45,"ReplayFunnel":14,"Darkstone Periapt":0,"ReplayTheSpireMod:Ring of Exchange":26,"Replay:PocketPolymizer":34,"Mango":40,"Incense Burner":0,"ClockworkSouvenir":44,"Frozen Eye":0,"SsserpentHead":20,"Replay:Bandana":20,"Mummified Hand":9,"Pantograph":0,"Tiny Chest":12,"Red Skull":17,"Gremlin Food":37,"BargainBundle":19,"hexamod:CandleOfCauterizing":46,"ReplayTheSpireMod:Ninjato":48,"Replay:Towering Pillar of Hats":50,"Quantum Egg":42,"PokerPlayerMod:AceCard":34,"Orichalcum":43,"White Beast Statue":36,"Peace Pipe":0,"CaptainsWheel":0,"Anchor":38,"ChewingGum":17,"Another Sword":47,"Snack Pack":28,"Coffee Dripper":0,"PokerPlayerMod:ClubPass":22,"TungstenRod":7},{"Replay:Accelerometer":210,"Spirit Poop":432,"Sling":102,"Ring of Searing":340,"Blood Vial":39,"Replay:Bottled Flurry":153,"HandDrill":200,"Replay:Bottled Steam":399,"Blue Candle":234,"Eternal Feather":480,"Pen Nib":387,"Akabeko":94,"Bird Faced Urn":7,"ReplayTheSpireMod:Ring of Collecting":186,"StrikeDummy":404,"Unceasing Top":429,"Regal Pillow":14,"Torii":77,"Singing Bowl":104,"King of Hearts":102,"Smiling Mask":281,"Burning Blood":0,"Pet Ghost":75,"Toolbox":28,"Chemical X":13,"Replay:Bottled Eggs":321,"InkBottle":122,"Potion Belt":47,"Lee\u0027s Waffle":75,"Golden Idol":186,"PreservedInsect":140,"Ring of Greed":134,"Replay:Arrowhead":183,"Ornamental Fan":177,"Ring of Misfortune":47,"betterThird:SlimedRelic":105,"Ectoplasm":526,"Art of War":49,"Garlic":136,"Durian":156,"hexamod:BolsterEngine":366,"Ice Cream":83,"Divine Protection":243,"Calipers":32,"Tiny House":350,"Gremlin Horn":250,"Nilry\u0027s Codex":13,"Sozu":511,"Centennial Puzzle":105,"Honey Jar":276,"Prayer Wheel":23,"Philosopher\u0027s Stone":253,"Iron Hammer":33,"Girya":115,"ReplayTheSpireMod:CursedCoin":113,"Replay:Grab Bag":261,"Charon\u0027s Ashes":184,"WarpedTongs":67,"Du-Vu Doll":519,"ReplayTheSpireMod:Spearhead":200,"Onion Ring":55,"Mirror":265,"Pocketwatch":217,"Black Blood":261,"Juzu Bracelet":113,"Replay:Mystery Machine":66,"Empty Cage":201,"Nunchaku":51,"Dream Catcher":249,"PokerPlayerMod:DeckCase":0,"Chameleon Ring":53,"TheAbacus":321,"Red Mask":23,"Replay:Bottled Snecko":293,"Runic Pyramid":261,"Guide Book":379,"Replay:WaspNest":29,"Odd Mushroom":9,"Mercury Hourglass":75,"Calling Bell":11,"Strange Spoon":151,"Pondfish Scales":130,"PokerPlayerMod:EnergeticBat":543,"Bag of Marbles":104,"Membership Card":66,"FossilizedHelix":34,"ReplayTheSpireMod:ShopPack":194,"Golden Egg":146,"Ginger":226,"Whetstone":417,"Bottled Tornado":235,"Old Coin":92,"Replay:Ringing Soul":102,"Sundial":11,"MealTicket":14,"Kunai":33,"Replay:Wax Seal":28,"Electric Blood":62,"Pear":519,"betterAltar:BloodRelic":171,"ReplayTheSpireMod:Ring of Addiction":47,"Replay:Ancient Bell":46,"SlaversCollar":369,"Ooze Armor":175,"Pandora\u0027s Box":420,"Mark of Pain":37,"Lantern":46,"Magic Flower":28,"StoneCalendar":55,"Blue Doll":180,"Replay:Multitool":117,"Bag of Preparation":155,"Cursed Key":19,"Replay:Rubber Ducky":122,"Shovel":46,"Ring of Peace":186,"WingedGreaves":287,"Paper Frog":40,"Self Forming Clay":272,"Thread and Needle":167,"The Courier":324,"betterThird:NestCultRelic":329,"Omamori":100,"Frozen Egg 2":156,"MawBank":92,"sneckomod:BabySnecko":481,"Busted Crown":112,"Bloody Idol":39,"Orrery":421,"Turnip":141,"Champion Belt":456,"ReplayTheSpireMod:Lightbulb":92,"Toy Ornithopter":92,"CeramicFish":66,"Vajra":7,"Lizard Tail":24,"HornCleat":54,"downfall:GremlinWheel":387,"FaceOfCleric":9,"DollysMirror":151,"Strawberry":85,"Toxic Egg 2":20,"PokerPlayerMod:PendantOfEscape":585,"Happy Flower":36,"Ring of Hypnosis":375,"Dead Branch":11,"Oddly Smooth Stone":75,"Letter Opener":60,"Replay:Kaleidoscope":73,"War Paint":160,"Question Card":396,"Bottled Flame":41,"Replay:Baseball":97,"ReplayTheSpireMod:Shallot":67,"Shuriken":46,"Bronze Scales":127,"Molten Egg 2":24,"Simple Rune":118,"ReplayTheSpireMod:TigerMarble":66,"Nloth\u0027s Gift":387,"Black Star":439,"Grinning Jar":106,"Meat on the Bone":290,"ReplayFunnel":137,"Darkstone Periapt":293,"ReplayTheSpireMod:Ring of Exchange":197,"Replay:PocketPolymizer":122,"Mango":99,"Incense Burner":156,"ClockworkSouvenir":75,"Frozen Eye":184,"SsserpentHead":441,"Replay:Bandana":254,"Mummified Hand":216,"Pantograph":55,"Tiny Chest":410,"Red Skull":11,"Gremlin Food":47,"BargainBundle":89,"hexamod:CandleOfCauterizing":469,"ReplayTheSpireMod:Ninjato":129,"Replay:Towering Pillar of Hats":358,"Quantum Egg":50,"PokerPlayerMod:AceCard":558,"Orichalcum":100,"White Beast Statue":47,"Peace Pipe":156,"CaptainsWheel":0,"Anchor":123,"ChewingGum":138,"Another Sword":102,"Snack Pack":92,"Coffee Dripper":130,"PokerPlayerMod:ClubPass":552,"TungstenRod":59},{"Replay:Accelerometer":982,"Spirit Poop":2006,"Sling":464,"Ring of Searing":1582,"Blood Vial":183,"Replay:Bottled Flurry":727,"HandDrill":928,"Replay:Bottled Steam":1866,"Blue Candle":1086,"Eternal Feather":2208,"Pen Nib":1804,"Akabeko":436,"Bird Faced Urn":28,"ReplayTheSpireMod:Ring of Collecting":865,"StrikeDummy":1896,"Unceasing Top":1996,"Regal Pillow":52,"Torii":381,"Singing Bowl":473,"King of Hearts":464,"Smiling Mask":1297,"Burning Blood":0,"Pet Ghost":375,"Toolbox":125,"Chemical X":46,"Replay:Bottled Eggs":1495,"InkBottle":565,"Potion Belt":228,"Lee\u0027s Waffle":375,"Golden Idol":865,"PreservedInsect":668,"Ring of Greed":637,"Replay:Arrowhead":853,"Ornamental Fan":833,"Ring of Misfortune":228,"betterThird:SlimedRelic":475,"Ectoplasm":2380,"Art of War":239,"Garlic":644,"Durian":749,"hexamod:BolsterEngine":1700,"Ice Cream":404,"Divine Protection":1125,"Calipers":142,"Tiny House":1630,"Gremlin Horn":1157,"Nilry\u0027s Codex":46,"Sozu":2321,"Centennial Puzzle":475,"Honey Jar":1274,"Prayer Wheel":101,"Philosopher\u0027s Stone":1174,"Iron Hammer":146,"Girya":519,"ReplayTheSpireMod:CursedCoin":506,"Replay:Grab Bag":1209,"Charon\u0027s Ashes":860,"WarpedTongs":338,"Du-Vu Doll":2358,"ReplayTheSpireMod:Spearhead":928,"Onion Ring":286,"Mirror":1228,"Pocketwatch":1017,"Black Blood":1209,"Juzu Bracelet":506,"Replay:Mystery Machine":335,"Empty Cage":935,"Nunchaku":256,"Dream Catcher":1150,"PokerPlayerMod:DeckCase":0,"Chameleon Ring":267,"TheAbacus":1495,"Red Mask":101,"Replay:Bottled Snecko":1364,"Runic Pyramid":1209,"Guide Book":1761,"Replay:WaspNest":129,"Odd Mushroom":32,"Mercury Hourglass":375,"Calling Bell":38,"Strange Spoon":718,"Pondfish Scales":625,"PokerPlayerMod:EnergeticBat":2457,"Bag of Marbles":473,"Membership Card":335,"FossilizedHelix":150,"ReplayTheSpireMod:ShopPack":898,"Golden Egg":696,"Ginger":1054,"Whetstone":1947,"Bottled Tornado":1090,"Old Coin":431,"Replay:Ringing Soul":464,"Sundial":38,"MealTicket":52,"Kunai":146,"Replay:Wax Seal":125,"Electric Blood":319,"Pear":2358,"betterAltar:BloodRelic":802,"ReplayTheSpireMod:Ring of Addiction":228,"Replay:Ancient Bell":224,"SlaversCollar":1719,"Ooze Armor":825,"Pandora\u0027s Box":1961,"Mark of Pain":174,"Lantern":224,"Magic Flower":125,"StoneCalendar":286,"Blue Doll":845,"Replay:Multitool":528,"Bag of Preparation":741,"Cursed Key":81,"Replay:Rubber Ducky":565,"Shovel":224,"Ring of Peace":865,"WingedGreaves":1330,"Paper Frog":188,"Self Forming Clay":1254,"Thread and Needle":782,"The Courier":1501,"betterThird:NestCultRelic":1532,"Omamori":460,"Frozen Egg 2":749,"MawBank":431,"sneckomod:BabySnecko":2211,"Busted Crown":501,"Bloody Idol":183,"Orrery":1965,"Turnip":671,"Champion Belt":2117,"ReplayTheSpireMod:Lightbulb":431,"Toy Ornithopter":431,"CeramicFish":335,"Vajra":28,"Lizard Tail":102,"HornCleat":280,"downfall:GremlinWheel":1804,"FaceOfCleric":32,"DollysMirror":718,"Strawberry":409,"Toxic Egg 2":85,"PokerPlayerMod:PendantOfEscape":2630,"Happy Flower":161,"Ring of Hypnosis":1743,"Dead Branch":38,"Oddly Smooth Stone":375,"Letter Opener":306,"Replay:Kaleidoscope":363,"War Paint":759,"Question Card":1848,"Bottled Flame":193,"Replay:Baseball":448,"ReplayTheSpireMod:Shallot":338,"Shuriken":224,"Bronze Scales":593,"Molten Egg 2":102,"Simple Rune":534,"ReplayTheSpireMod:TigerMarble":335,"Nloth\u0027s Gift":1804,"Black Star":2041,"Grinning Jar":479,"Meat on the Bone":1347,"ReplayFunnel":648,"Darkstone Periapt":1364,"ReplayTheSpireMod:Ring of Exchange":916,"Replay:PocketPolymizer":565,"Mango":458,"Incense Burner":749,"ClockworkSouvenir":375,"Frozen Eye":860,"SsserpentHead":2050,"Replay:Bandana":1178,"Mummified Hand":1010,"Pantograph":286,"Tiny Chest":1920,"Red Skull":38,"Gremlin Food":228,"BargainBundle":422,"hexamod:CandleOfCauterizing":2176,"ReplayTheSpireMod:Ninjato":608,"Replay:Towering Pillar of Hats":1662,"Quantum Egg":245,"PokerPlayerMod:AceCard":2520,"Orichalcum":460,"White Beast Statue":228,"Peace Pipe":749,"CaptainsWheel":0,"Anchor":570,"ChewingGum":659,"Another Sword":464,"Snack Pack":431,"Coffee Dripper":625,"PokerPlayerMod:ClubPass":2492,"TungstenRod":303}],"Meat on the Bone":84},"card_choices":[{"not_picked":["PokerPlayerMod:PoorCopy","PokerPlayerMod:Fold"],"picked":"PokerPlayerMod:DartThrow","floor":1.0},{"not_picked":["PokerPlayerMod:Heart2","PokerPlayerMod:Configure"],"picked":"PokerPlayerMod:Sharpen","floor":3.0},{"not_picked":["PokerPlayerMod:MagicTrick","PokerPlayerMod:Raise"],"picked":"PokerPlayerMod:Diamond4","floor":5.0},{"not_picked":["PokerPlayerMod:DiamondStrike","PokerPlayerMod:Fold"],"picked":"PokerPlayerMod:ItsShowtime","floor":6.0},{"not_picked":["PokerPlayerMod:Spade2","PokerPlayerMod:Club6"],"picked":"PokerPlayerMod:SpadeStrike","floor":8.0},{"not_picked":["PokerPlayerMod:Manipulation","PokerPlayerMod:FlyingCard"],"picked":"PokerPlayerMod:SpadeStrike","floor":11.0},{"not_picked":["PokerPlayerMod:Raise","PokerPlayerMod:CardBurn"],"picked":"PokerPlayerMod:Diamond4","floor":13.0},{"not_picked":["PokerPlayerMod:Diamond10+","PokerPlayerMod:GamblerForm"],"picked":"PokerPlayerMod:ChangeRules","floor":16.0},{"not_picked":["PokerPlayerMod:Configure+1","PokerPlayerMod:Diamond2"],"picked":"PokerPlayerMod:CloakAndDiamond","floor":18.0},{"not_picked":["PokerPlayerMod:Configure","PokerPlayerMod:Spade2"],"picked":"PokerPlayerMod:Spade4","floor":19.0},{"not_picked":["PokerPlayerMod:Spade6","PokerPlayerMod:ClubDance+1"],"picked":"PokerPlayerMod:Diamond6","floor":23.0},{"not_picked":["Blind","Transmutation"],"picked":"Dramatic Entrance","floor":24.0},{"not_picked":["Blind","Thinking Ahead"],"picked":"Trip","floor":24.0},{"not_picked":["PokerPlayerMod:Overdeal","PokerPlayerMod:DamnStraight"],"picked":"PokerPlayerMod:Spade6","floor":25.0},{"not_picked":["PokerPlayerMod:Trickery","PokerPlayerMod:Configure"],"picked":"PokerPlayerMod:Fold","floor":29.0},{"not_picked":["PokerPlayerMod:Club4","PokerPlayerMod:Manipulation"],"picked":"PokerPlayerMod:Diamond9","floor":31.0},{"not_picked":["PokerPlayerMod:Spade9","PokerPlayerMod:Diamond7"],"picked":"PokerPlayerMod:Diamond10+","floor":33.0},{"not_picked":["PokerPlayerMod:Club4","PokerPlayerMod:Spade4"],"picked":"PokerPlayerMod:DartThrow","floor":35.0},{"not_picked":["PokerPlayerMod:Trickery","PokerPlayerMod:Configure"],"picked":"PokerPlayerMod:DiamondStrike","floor":37.0},{"not_picked":["PokerPlayerMod:Spade6","PokerPlayerMod:ClubShade"],"picked":"PokerPlayerMod:Diamond9","floor":38.0},{"not_picked":["PokerPlayerMod:ClubsClub+1","PokerPlayerMod:Spade1"],"picked":"PokerPlayerMod:HeartStrike+1","floor":39.0},{"not_picked":["PokerPlayerMod:Diamond2","PokerPlayerMod:Spade9"],"picked":"PokerPlayerMod:Sharpen+1","floor":44.0},{"not_picked":["PokerPlayerMod:Diamond5","PokerPlayerMod:Heart5"],"picked":"PokerPlayerMod:Club3","floor":45},{"not_picked":["PokerPlayerMod:Spade4","PokerPlayerMod:ClubsClub+1"],"picked":"PokerPlayerMod:DamnStraight+1","floor":47}],"player_experience":432774,"relics_obtained":[{"floor":6.0,"key":"Darkstone Periapt"},{"floor":9.0,"key":"Meat on the Bone"},{"floor":23.0,"key":"Tiny Chest"},{"floor":26.0,"key":"Regal Pillow"},{"floor":29.0,"key":"Bottled Flame"},{"floor":31.0,"key":"Girya"},{"floor":36.0,"key":"Happy Flower"},{"floor":37.0,"key":"Incense Burner"},{"floor":38.0,"key":"Thread and Needle"},{"floor":43.0,"key":"Pantograph"},{"floor":45,"key":"Bag of Marbles"},{"floor":46,"key":"Mummified Hand"}],"event_choices":[{"damage_healed":0.0,"max_hp_gain":0.0,"max_hp_loss":0.0,"gold_gain":175.0,"event_name":"betterThird:BetterSerpent","player_choice":"AGREE","floor":2.0,"gold_loss":0.0,"damage_taken":111.0},{"damage_healed":32.0,"max_hp_gain":0.0,"max_hp_loss":52.0,"gold_gain":0.0,"event_name":"betterThird:BetterShining","player_choice":"Upgrade","floor":4.0,"gold_loss":0.0,"damage_taken":10.0,"cards_upgraded":["PokerPlayerMod:Diamond5","PokerPlayerMod:Spade5"]},{"cards_removed":["Doubt"],"damage_healed":0.0,"max_hp_gain":0.0,"max_hp_loss":0.0,"gold_gain":0.0,"event_name":"Fountain of Cleansing","player_choice":"Removed Curses","floor":12.0,"gold_loss":0.0,"damage_taken":0.0},{"damage_healed":0.0,"max_hp_gain":0.0,"max_hp_loss":0.0,"gold_gain":0.0,"event_name":"Big Fish","player_choice":"Box","floor":14.0,"gold_loss":0.0,"damage_taken":0.0,"relics_obtained":["MawBank"],"cards_obtained":["Regret"]},{"damage_healed":0.0,"max_hp_gain":0.0,"max_hp_loss":0.0,"gold_gain":0.0,"event_name":"Designer","player_choice":"Upgraded Two","floor":20.0,"gold_loss":40.0,"damage_taken":0.0,"cards_upgraded":["PokerPlayerMod:Diamond3","PokerPlayerMod:Diamond4"]},{"damage_healed":0.0,"max_hp_gain":0.0,"max_hp_loss":0.0,"gold_gain":0.0,"event_name":"betterNote:BetterNote","player_choice":"Ignored","floor":21.0,"gold_loss":0.0,"damage_taken":0.0,"cards_obtained":["Limit Break"]},{"damage_healed":0.0,"max_hp_gain":0.0,"max_hp_loss":0.0,"gold_gain":2.0,"event_name":"betterStone:BetterStone","player_choice":"1","floor":24.0,"gold_loss":0.0,"damage_taken":0.0},{"damage_healed":0.0,"max_hp_gain":0.0,"max_hp_loss":0.0,"gold_gain":0.0,"event_name":"MindBloom","player_choice":"Fight","floor":37.0,"gold_loss":0.0,"damage_taken":0.0},{"damage_healed":0.0,"max_hp_gain":0.0,"max_hp_loss":0.0,"gold_gain":0.0,"event_name":"Mysterious Sphere","player_choice":"Fight","floor":38.0,"gold_loss":0.0,"damage_taken":0.0},{"damage_healed":15.0,"max_hp_gain":0.0,"max_hp_loss":0.0,"gold_gain":0.0,"event_name":"Winding Halls","player_choice":"Writhe","floor":41.0,"gold_loss":0.0,"damage_taken":0.0,"cards_obtained":["Writhe"]}],"is_beta":false,"boss_relics":[{"not_picked":["Ectoplasm","Cursed Key"],"picked":"Coffee Dripper"},{"not_picked":["Black Star","SacredBark"],"picked":"PokerPlayerMod:AceCard"}],"items_purged_floors":[22],"is_endless":false,"potions_floor_spawned":[8,13,23,25,31,35,44,45],"killed_by":"Awakened One","ascension_level":0}}