{"host":"ddnlm33rmqyizb8g","time":1611702623,"event":{"mods":["BaseMod","Colored Map","Colored Powertips","Minty Spire (QoL Compilation)"],"gold_per_floor":[112,129,145,36,36,64,76,76,76,76,76,117,131,54,54,54,54],"floor_reached":16,"language":"ENG","playtime":637,"items_purged":["Strike_R"],"score":110,"play_id":"8dc51913-d746-4b01-8c40-b03992c8dcbf","local_time":"20210126181023","is_ascension_mode":false,"campfire_choices":[{"floor":15,"key":"REST"}],"circlet_count":0,"master_deck":["Strike_R","Strike_R","Strike_R","Strike_R","Defend_R","Defend_R","Defend_R","Defend_R","Bash","Inflame","Cleave","Evolve","Sword Boomerang","Armaments","Warcry","Dark Embrace"],"relics":["Burning Blood","NeowsBlessing","Juzu Bracelet","Golden Idol","SsserpentHead","Shuriken"],"acts_visited":["Exordium"],"potions_floor_usage":[16,16,16],"damage_taken":[{"damage":0,"enemies":"Cultist","floor":1,"turns":1},{"damage":0,"enemies":"2 Louse","floor":2,"turns":1},{"damage":0,"enemies":"Small Slimes","floor":3,"turns":2},{"damage":51,"enemies":"3 Sentries","floor":6,"turns":9},{"damage":20,"enemies":"Exordium Thugs","floor":7,"turns":4},{"damage":26,"enemies":"Lagavulin","floor":12,"turns":5},{"damage":24,"enemies":"Lots of Slimes","floor":13,"turns":4},{"damage":33,"enemies":"Slime Boss","floor":16,"turns":7}],"seed_played":"-360478940131663108","potions_obtained":[{"floor":1,"key":"SpeedPotion"},{"floor":3,"key":"Weak Potion"},{"floor":7,"key":"AttackPotion"}],"is_trial":false,"path_per_floor":["M","M","M","$","$","E","M","?","T","?","?","E","M","$","R","B"],"character_chosen":"IRONCLAD","items_purchased":["Evolve","Dark Embrace"],"campfire_rested":1,"item_purchase_floors":[4,14],"current_hp_per_floor":[80,80,80,80,80,35,21,21,21,45,45,25,7,7,29,0,0],"gold":54,"neow_bonus":"THREE_ENEMY_KILL","is_daily":false,"chose_seed":false,"campfire_upgraded":0,"win_rate":0.0,"timestamp":1611702623,"path_taken":["M","M","M","?","$","E","M","?","T","?","?","E","M","$","R","BOSS"],"items_purchased_type":["Card","Card"],"build_version":"2020-12-22","purchased_purges":1,"victory":false,"max_hp_per_floor":[80,80,80,80,80,80,80,74,74,74,74,74,74,74,74,74,74],"card_choices":[{"not_picked":["Ghostly Armor","Entrench"],"picked":"Inflame","floor":1},{"not_picked":["Iron Wave","Clothesline"],"picked":"Cleave","floor":2},{"not_picked":["Clash","Iron Wave","Wild Strike"],"picked":"SKIP","floor":3},{"not_picked":["Clash","Immolate"],"picked":"Sword Boomerang","floor":6},{"not_picked":["Iron Wave","Second Wind","Twin Strike"],"picked":"SKIP","floor":7},{"not_picked":["Juggernaut","Entrench"],"picked":"Armaments","floor":12},{"not_picked":["Clothesline","Sword Boomerang"],"picked":"Warcry","floor":13}],"player_experience":137378,"relics_obtained":[{"floor":6,"key":"Juzu Bracelet"},{"floor":12,"key":"Shuriken"}],"event_choices":[{"damage_healed":0,"gold_gain":0,"player_choice":"Lose Max HP","damage_taken":0,"relics_obtained":["Golden Idol"],"max_hp_gain":0,"max_hp_loss":6,"event_name":"Golden Idol","floor":8,"gold_loss":0},{"damage_healed":24,"gold_gain":0,"player_choice":"Banana","damage_taken":0,"max_hp_gain":0,"max_hp_loss":0,"event_name":"Big Fish","floor":10,"gold_loss":0},{"damage_healed":0,"gold_gain":0,"player_choice":"Trade","damage_taken":0,"relics_obtained":["SsserpentHead"],"max_hp_gain":0,"max_hp_loss":0,"event_name":"FaceTrader","floor":11,"gold_loss":0}],"is_beta":false,"boss_relics":[],"items_purged_floors":[4],"is_endless":false,"potions_floor_spawned":[1,3,7],"killed_by":"Slime Boss","ascension_level":0}}