{"host":"jmumkimrafwvkspb","time":1611675099,"event":{"mods":["AchievementEnabler","BaseMod","Colored Map","Minty Spire (QoL Compilation)","Replay The Spire","StSLib"],"gold_per_floor":[112,130,54,69,84,118,129,129,129,129,139,165,165,181,181,181,181],"floor_reached":16,"language":"ENG","playtime":775,"items_purged":[],"score":228,"play_id":"8047a341-ffc8-4174-bd21-8e007baf9a23","local_time":"20210126163139","is_ascension_mode":true,"campfire_choices":[{"data":"Draining Mist","floor":8,"key":"SMITH"},{"data":"Sneak Up","floor":10,"key":"SMITH"},{"data":"Dagger Spray","floor":13,"key":"SMITH"},{"data":"Neutralize","floor":15,"key":"SMITH"}],"circlet_count":0,"master_deck":["AscendersBane","Strike_G","Strike_G","Strike_G","Strike_G","Strike_G","Defend_G","Defend_G","Defend_G","Defend_G","Defend_G","Survivor","Neutralize+1","Dagger Throw","Toxin Wave","Well Laid Plans","Draining Mist+1","Dagger Spray+1","Sneak Up+1","Blur","PiercingWail","Poisoned Stab"],"relics":["Ring of the Snake","Art of War","Eternal Feather","Replay:Wax Seal"],"acts_visited":["Exordium"],"potions_floor_usage":[6,16,16],"damage_taken":[{"damage":3,"enemies":"Cultist","floor":1,"turns":5},{"damage":0,"enemies":"2 Louse","floor":2,"turns":3},{"damage":1,"enemies":"Small Slimes","floor":4,"turns":3},{"damage":2,"enemies":"Looter","floor":5,"turns":5},{"damage":34,"enemies":"Lagavulin","floor":6,"turns":8},{"damage":7,"enemies":"Lots of Slimes","floor":7,"turns":3},{"damage":2,"enemies":"Exordium Thugs","floor":11,"turns":5},{"damage":16,"enemies":"3 Sentries","floor":12,"turns":9},{"damage":1,"enemies":"Red Slaver","floor":14,"turns":5},{"damage":37,"enemies":"Slime Boss","floor":16,"turns":9}],"seed_played":"-2374013105452737948","potions_obtained":[{"floor":5,"key":"DuplicationPotion"},{"floor":6,"key":"Dexterity Potion"},{"floor":11,"key":"SpeedPotion"},{"floor":12,"key":"Milkshake"}],"is_trial":false,"path_per_floor":["M","M","$","M","M","E","M","R","T","R","M","E","R","M","R","B"],"character_chosen":"THE_SILENT","items_purchased":["Well Laid Plans"],"campfire_rested":0,"item_purchase_floors":[3],"current_hp_per_floor":[62,62,62,61,59,25,18,18,18,30,28,12,24,23,35,0,0],"gold":181,"neow_bonus":"TEN_PERCENT_HP_BONUS","is_daily":false,"chose_seed":false,"campfire_upgraded":4,"win_rate":0.0,"timestamp":1611675099,"path_taken":["M","M","?","M","M","E","?","R","T","R","M","E","R","M","R","BOSS"],"items_purchased_type":["Card"],"build_version":"2020-12-22","purchased_purges":0,"victory":false,"max_hp_per_floor":[72,72,72,72,72,72,72,72,72,72,72,72,72,72,72,72,72],"card_choices":[{"not_picked":["Bane","Cloak And Dagger"],"picked":"Dagger Throw","floor":1},{"not_picked":["Deflect","ReplayTheSpireMod:The Works"],"picked":"Toxin Wave","floor":2},{"not_picked":["Predator","Deflect"],"picked":"Draining Mist","floor":4},{"not_picked":["Riddle With Holes","Slice"],"picked":"Dagger Spray","floor":5},{"not_picked":["Deflect","Hidden Blade"],"picked":"Sneak Up","floor":6},{"not_picked":["Sucker Punch","Blade Dance"],"picked":"Blur","floor":7},{"not_picked":["Skewer","Reflex"],"picked":"PiercingWail","floor":11},{"not_picked":["Storm of Steel","Bane"],"picked":"Poisoned Stab","floor":12},{"not_picked":["Prepared","Poisoned Stab","Dagger Throw"],"picked":"SKIP","floor":14}],"player_experience":1614442,"relics_obtained":[{"floor":6,"key":"Art of War"},{"floor":9,"key":"Eternal Feather"},{"floor":12,"key":"Replay:Wax Seal"}],"event_choices":[],"is_beta":false,"boss_relics":[],"items_purged_floors":[],"is_endless":false,"potions_floor_spawned":[5,6,11,12],"killed_by":"Slime Boss","ascension_level":20}}