{"host":"4kmvpqjeiacgn1pr","time":1611704962,"event":{"mods":["AchievementEnabler","BaseMod","Better Altar","Better Match","Better Note","Better Sensory Stone","Better Skull","Better Third Choice","Colored Map","Colored Powertips","Curses Come First","Highlight Path","Minty Spire (QoL Compilation)","Permanent Neow","Rare Cards Sparkle","Replay The Spire","Spicy Shops","StSLib"],"gold_per_floor":[12,335,346,361,374,406,406,438,493,97,63,74,108,31,31,126,126,140,152,152,178,178,178,178,178],"floor_reached":24,"language":"ENG","playtime":2009,"items_purged":[],"score":424,"play_id":"a1583040-7d16-4922-891d-e5ab43ed8e3e","local_time":"20210126184922","is_ascension_mode":true,"campfire_choices":[{"data":"Barricade","floor":7,"key":"SMITH"},{"data":"Eclipse","floor":23,"key":"SMITH"}],"circlet_count":0,"master_deck":["Strike_R","Strike_R","Strike_R","Defend_R","Defend_R","Defend_R","Defend_R","Bash","Barricade+1","Entrench","Massacre","Armaments","Clash","Flex","Eclipse+1","ReplayTheSpireMod:Limb From Limb","ReplayTheSpireMod:Stacked","Inflame","Fire Breathing","Ghostly Armor","Dark Embrace","Pot Of Greed","Pot Of Greed","Dropkick","Pot Of Greed","Clothesline","Juggernaut","Intimidate+1","Pommel Strike","Feed"],"relics":["Burning Blood","Strawberry","Gremlin Food","Replay:Mystery Machine","Pocketwatch","Mummified Hand","Juzu Bracelet","Quantum Egg","Orrery","betterThird:SlimedRelic","Grinning Jar","Vajra","Ring of Chaos","Red Mask","Bloody Idol"],"acts_visited":["Exordium","TheCity"],"potions_floor_usage":[4,8,16,19],"damage_taken":[{"damage":10.0,"enemies":"2 Louse","floor":1.0,"turns":3.0},{"damage":1,"enemies":"Cultist","floor":3,"turns":3},{"damage":8,"enemies":"Small Slimes","floor":4,"turns":4},{"damage":2,"enemies":"Exordium Wildlife","floor":5,"turns":5},{"damage":0,"enemies":"Lagavulin","floor":6,"turns":15},{"damage":0,"enemies":"Replay:BlueRogue","floor":8,"turns":11},{"damage":1,"enemies":"Large Slime","floor":12,"turns":5},{"damage":0,"enemies":"Lagavulin","floor":13,"turns":9},{"damage":0,"enemies":"Hexaghost","floor":16,"turns":12},{"damage":0,"enemies":"Spheric Guardian","floor":18,"turns":2},{"damage":11,"enemies":"3 Byrds","floor":19,"turns":7},{"damage":27,"enemies":"Masked Bandits","floor":21,"turns":5},{"damage":18,"enemies":"Slavers","floor":24,"turns":1}],"seed_played":"154917117207619352","potions_obtained":[{"floor":1.0,"key":"FearPotion"},{"floor":3,"key":"Adrenaline Potion"},{"floor":5,"key":"LifebloodPotion"},{"floor":16,"key":"Fire Potion"},{"floor":19,"key":"ElixirPotion"}],"is_trial":false,"path_per_floor":["M","?","M","M","M","E","R","E","T","$","?","M","E","$","R_BF","B",null,"M","M","?","?","?","R","E"],"character_chosen":"IRONCLAD","items_purchased":["Quantum Egg","Orrery","Vajra"],"campfire_rested":0,"item_purchase_floors":[10,10,14],"current_hp_per_floor":[76,7,12,10,14,20,20,26,26,26,15,20,26,26,26,32,73,79,74,74,53,9,9,0,0],"gold":178,"neow_bonus":"THREE_RARE_CARDS","is_daily":false,"chose_seed":false,"campfire_upgraded":2,"win_rate":0.0,"timestamp":1611704962,"path_taken":["M","?","?","M","?","E","R","E","T","?","?","M","E","?","R_BF","BOSS","M","M","?","?","?","R","E"],"items_purchased_type":["Relic","Relic","Relic"],"build_version":"2020-12-22","purchased_purges":0,"victory":false,"max_hp_per_floor":[80,87,87,87,87,87,87,87,87,87,87,87,87,87,87,87,87,87,87,87,87,87,87,87,87],"card_choices":[{"not_picked":["Fiend Fire","Exhume"],"picked":"Barricade","floor":0.0},{"not_picked":["Combust","Wild Strike"],"picked":"Entrench","floor":1.0},{"not_picked":["Battle Trance","Uppercut"],"picked":"Massacre","floor":3},{"not_picked":["Clothesline","Clash"],"picked":"Armaments","floor":4},{"not_picked":["Wild Strike","Heavy Blade"],"picked":"Clash","floor":5},{"not_picked":["Headbutt","Barricade"],"picked":"Flex","floor":6},{"not_picked":["Thunderclap","Spot Weakness"],"picked":"Eclipse","floor":8},{"not_picked":["Cleave","Replay:Undeath\u0027s Touch"],"picked":"ReplayTheSpireMod:Limb From Limb","floor":10},{"not_picked":["Havoc","Headbutt"],"picked":"ReplayTheSpireMod:Stacked","floor":10},{"not_picked":["Hemokinesis","Feel No Pain"],"picked":"Inflame","floor":10},{"not_picked":["Anger","Inflame"],"picked":"Fire Breathing","floor":10},{"not_picked":["Anger","Iron Wave"],"picked":"Ghostly Armor","floor":10},{"not_picked":["Clothesline","Thunderclap"],"picked":"Dark Embrace","floor":12},{"not_picked":["Dual Wield","Flex"],"picked":"Dropkick","floor":13},{"not_picked":["Eclipse","Exhume"],"picked":"Juggernaut","floor":16},{"not_picked":["Body Slam","Perfected Strike"],"picked":"Intimidate+1","floor":18},{"not_picked":["Twin Strike","Anger"],"picked":"Pommel Strike","floor":19}],"player_experience":351580,"relics_obtained":[{"floor":6,"key":"Pocketwatch"},{"floor":8,"key":"Mummified Hand"},{"floor":9,"key":"Juzu Bracelet"},{"floor":13,"key":"Grinning Jar"},{"floor":21,"key":"Red Mask"}],"event_choices":[{"damage_healed":0.0,"max_hp_gain":0.0,"max_hp_loss":0.0,"gold_gain":323.0,"event_name":"betterSkull:BetterSkull","player_choice":"RE RE RE GO GO GO ","floor":2.0,"gold_loss":0.0,"damage_taken":85.0,"cards_upgraded":[],"relics_obtained":["Strawberry","Gremlin Food","Replay:Mystery Machine"]},{"damage_healed":0,"gold_gain":0,"player_choice":"Slimed","damage_taken":11,"max_hp_gain":0,"max_hp_loss":0,"event_name":"betterThird:BetterGoop","floor":11,"gold_loss":34},{"damage_healed":0,"gold_gain":0,"cards_transformed":["Strike_R"],"player_choice":"Transformed","damage_taken":0,"max_hp_gain":0,"max_hp_loss":0,"event_name":"Transmorgrifier","floor":20,"gold_loss":0,"cards_obtained":["Feed"]},{"damage_healed":0,"gold_gain":0,"player_choice":"Fought Bandits","damage_taken":0,"max_hp_gain":0,"max_hp_loss":0,"event_name":"Masked Bandits","floor":21,"gold_loss":0},{"damage_healed":0,"gold_gain":0,"player_choice":" Idol ","damage_taken":44,"relics_obtained":["Bloody Idol"],"max_hp_gain":53,"max_hp_loss":9,"event_name":"betterAltar:BetterAltar","floor":22,"potions_obtained":[],"relics_lost":[],"gold_loss":0}],"is_beta":false,"boss_relics":[{"not_picked":["Black Star","Runic Dome"],"picked":"Ring of Chaos"}],"items_purged_floors":[],"is_endless":false,"potions_floor_spawned":[1,3,5,16,19],"killed_by":"Slavers","ascension_level":5}}