{"host":"jnpc5rzortks67vf","time":1611644898,"event":{"mods":["2.2 Compatiblity","AchievementEnabler","BaseMod","Downfall","Friendly Minions","HexUI Lib","Minty Spire (QoL Compilation)","StSLib"],"gold_per_floor":[99,113,129,61,61,61,129,145,177,193,193,203,103,132,148,148,148,148],"floor_reached":16,"language":"ENG","playtime":687,"items_purged":[],"score":112,"play_id":"901cbec4-c45d-496d-beeb-9edf068eb173","local_time":"20210126000818","is_ascension_mode":false,"campfire_choices":[{"floor":1,"key":"RECALL"},{"floor":13,"key":"REST"}],"circlet_count":0,"master_deck":["bronze:Strike","bronze:Strike","bronze:Strike+1","bronze:Strike","bronze:Defend","bronze:Defend","bronze:Defend","bronze:Defend","bronze:Replicate+1","bronze:Goto+1","bronze:OilSpill","bronze:FineTuning","bronze:OilSpill+1","bronze:Branch","bronze:ChosenStrike","bronze:Branch","bronze:GetLatest","bronze:Shell","bronze:FineTuning"],"relics":["bronze:BronzeCore","Mummified Hand","Ancient Tea Set","downfall:HeartBlessingRed","Gambling Chip"],"acts_visited":["Exordium"],"potions_floor_usage":[9,9,16],"damage_taken":[{"damage":0,"enemies":"Small Slimes","floor":2,"turns":3},{"damage":0,"enemies":"2 Louse","floor":3,"turns":2},{"damage":5,"enemies":"downfall:FleeingMerchant","floor":4,"turns":4},{"damage":1,"enemies":"Jaw Worm","floor":8,"turns":2},{"damage":14,"enemies":"Lagavulin","floor":9,"turns":4},{"damage":1,"enemies":"2 Fungi Beasts","floor":10,"turns":3},{"damage":20,"enemies":"Gremlin Gang","floor":12,"turns":3},{"damage":7,"enemies":"3 Sentries","floor":14,"turns":7},{"damage":12,"enemies":"Blue Slaver","floor":15,"turns":2},{"damage":37,"enemies":"WA_ARCHETYPE_RETAIN","floor":16,"turns":4}],"seed_played":"-517723016973609249","potions_obtained":[{"floor":3,"key":"CultistPotion"},{"floor":8,"key":"Slimebound:ThreeZeroPotion"},{"floor":12,"key":"LiquidBronze"},{"floor":15,"key":"sneckomod:MuddlingPotion"}],"is_trial":false,"path_per_floor":["R","M","M","$","?","?","T","M","E","M","?","M","R","E","M","B"],"character_chosen":"THE_AUTOMATON","items_purchased":["bronze:OilSpill"],"campfire_rested":1,"item_purchase_floors":[4],"current_hp_per_floor":[70,70,70,65,65,65,65,64,50,49,54,34,55,48,36,0,0,0],"gold":148,"neow_bonus":"UPGRADE_CARD","is_daily":false,"chose_seed":false,"campfire_upgraded":0,"win_rate":0.0,"timestamp":1611644898,"path_taken":["R","M","M","$","?","?","T","M","E","?","?","M","R","E","M","BOSS"],"items_purchased_type":["Card"],"build_version":"2020-12-22","purchased_purges":0,"victory":false,"max_hp_per_floor":[70,70,70,70,70,70,70,70,70,70,70,70,70,70,70,70,70,70],"card_choices":[{"not_picked":["bronze:Invalidate","bronze:Optimize"],"picked":"bronze:Separator","floor":2},{"not_picked":["bronze:CutThrough","bronze:Return"],"picked":"bronze:OilSpill","floor":3},{"not_picked":["bronze:Frontload","bronze:Separator"],"picked":"bronze:FineTuning","floor":4},{"not_picked":["bronze:DigitalCarnage","bronze:Invalidate"],"picked":"bronze:Branch","floor":8},{"not_picked":["bronze:Shield","bronze:Backtrace"],"picked":"bronze:ChosenStrike","floor":9},{"not_picked":["bronze:DigitalCarnage","bronze:Fortify"],"picked":"bronze:Branch","floor":10},{"not_picked":["bronze:DigitalCarnage","bronze:MaxOutput"],"picked":"bronze:GetLatest","floor":12},{"not_picked":["bronze:WildBeam","bronze:Overheat"],"picked":"bronze:Shell","floor":14},{"not_picked":["bronze:GetLatest","bronze:Overload"],"picked":"bronze:FineTuning","floor":15}],"player_experience":665241,"relics_obtained":[{"floor":7,"key":"Mummified Hand"},{"floor":9,"key":"Ancient Tea Set"},{"floor":14,"key":"Gambling Chip"}],"event_choices":[{"cards_removed":["downfall:Malfunctioning"],"damage_healed":0,"gold_gain":0,"player_choice":"Card Removal","damage_taken":0,"max_hp_gain":0,"max_hp_loss":0,"event_name":"The Cleric","floor":6,"gold_loss":0},{"cards_removed":["bronze:Separator"],"damage_healed":5,"gold_gain":0,"player_choice":"Offered Common","damage_taken":0,"max_hp_gain":0,"max_hp_loss":0,"event_name":"Bonfire Elementals","floor":11,"gold_loss":0},{"cards_removed":["bronze:Separator"],"damage_healed":5,"gold_gain":0,"player_choice":"Offered Special","damage_taken":0,"max_hp_gain":0,"max_hp_loss":0,"event_name":"Bonfire Elementals","floor":11,"gold_loss":0}],"is_beta":false,"boss_relics":[],"items_purged_floors":[],"is_endless":false,"potions_floor_spawned":[3,8,12,15],"killed_by":"WA_ARCHETYPE_RETAIN","ascension_level":0}}