{"host":"0fmi5fguj5lvt8pf","time":1611703532,"event":{"mods":["BaseMod","Colored Map","Curses Come First","Downfall","Minty Spire (QoL Compilation)","Permanent Neow","StSLib"],"gold_per_floor":[0,10,10,297,328,340,378,390,402,432,444,473,485,526,556,568,568,568],"floor_reached":16,"language":"ENG","playtime":508,"items_purged":[],"score":100,"play_id":"7c62e5f1-4516-462a-940d-503bc77ab935","local_time":"20210126152532","is_ascension_mode":false,"campfire_choices":[{"data":"bronze:Replicate","floor":1,"key":"SMITH"},{"data":"bronze:SpaghettiCode","floor":11,"key":"SMITH"}],"circlet_count":0,"master_deck":["bronze:Strike","bronze:Strike","bronze:Strike","bronze:Strike","bronze:Defend","bronze:Defend","bronze:Defend","bronze:Defend","bronze:Replicate+1","bronze:Goto","bronze:Shell","Regret","bronze:Overheat","bronze:BronzeOrb","bronze:SpaghettiCode+1","bronze:WhirlingStrike","bronze:Optimize","bronze:ClassDefault"],"relics":["bronze:BronzeCore","TungstenRod","MawBank","Juzu Bracelet","Sundial","HornCleat"],"acts_visited":["Exordium"],"potions_floor_usage":[14,14],"damage_taken":[{"damage":6,"enemies":"Small Slimes","floor":2,"turns":4},{"damage":1,"enemies":"Jaw Worm","floor":5,"turns":3},{"damage":0,"enemies":"Cultist","floor":8,"turns":1},{"damage":5,"enemies":"Exordium Wildlife","floor":10,"turns":3},{"damage":0,"enemies":"3 Louse","floor":12,"turns":1},{"damage":37,"enemies":"Lagavulin","floor":14,"turns":7},{"damage":10,"enemies":"Exordium Wildlife","floor":15,"turns":3},{"damage":2,"enemies":"SI_SHIV_ARCHETYPE","floor":16,"turns":3}],"seed_played":"-1806753276659945695","potions_obtained":[{"floor":2,"key":"hexamod:SoulburnPotion"},{"floor":12,"key":"Energy Potion"},{"floor":15,"key":"LiquidMemories"}],"is_trial":false,"path_per_floor":["R","M","?","?","M","?","T","M","?","M","R","M","?","E","M","B"],"character_chosen":"THE_AUTOMATON","items_purchased":[],"campfire_rested":0,"item_purchase_floors":[],"current_hp_per_floor":[70,64,64,64,63,63,63,63,54,49,49,49,49,12,2,0,0,0],"gold":568,"neow_bonus":"ONE_RARE_RELIC","is_daily":false,"chose_seed":false,"campfire_upgraded":2,"win_rate":0.0,"timestamp":1611703532,"path_taken":["R","M","?","?","?","?","T","M","?","M","R","M","?","E","M","BOSS"],"items_purchased_type":[],"build_version":"2020-12-22","purchased_purges":0,"victory":false,"max_hp_per_floor":[70,70,70,70,70,70,70,70,70,70,70,70,70,70,70,70,70,70],"card_choices":[{"not_picked":["bronze:Repair","bronze:BitShift"],"picked":"bronze:Shell","floor":2},{"not_picked":["bronze:CutThrough","bronze:Deprecate"],"picked":"bronze:Overheat","floor":5},{"not_picked":["bronze:Iterate","bronze:DelayedGuard"],"picked":"bronze:BronzeOrb","floor":8},{"not_picked":["bronze:Terminator","bronze:FollowUp"],"picked":"bronze:SpaghettiCode","floor":10},{"not_picked":["bronze:Turbo","bronze:BronzeArmor"],"picked":"bronze:WhirlingStrike","floor":12},{"not_picked":["bronze:Philosophize","bronze:Invalidate"],"picked":"bronze:Optimize","floor":14},{"not_picked":["bronze:FineTuning","bronze:DigitalCarnage"],"picked":"bronze:ClassDefault","floor":15}],"player_experience":1411469,"relics_obtained":[{"floor":7,"key":"Juzu Bracelet"},{"floor":14,"key":"HornCleat"}],"event_choices":[{"damage_healed":0,"gold_gain":0,"player_choice":"Box","damage_taken":0,"relics_obtained":["MawBank"],"max_hp_gain":0,"max_hp_loss":0,"event_name":"Big Fish","floor":3,"gold_loss":0,"cards_obtained":["Regret"]},{"damage_healed":0,"gold_gain":0,"player_choice":"Success","damage_taken":12,"relics_obtained":["Sundial"],"max_hp_gain":0,"max_hp_loss":0,"event_name":"Scrap Ooze","floor":9,"gold_loss":0},{"cards_removed":["Regret"],"damage_healed":0,"gold_gain":0,"player_choice":"Card Removal","damage_taken":0,"max_hp_gain":0,"max_hp_loss":0,"event_name":"The Cleric","floor":13,"gold_loss":0}],"is_beta":false,"boss_relics":[],"items_purged_floors":[],"is_endless":false,"potions_floor_spawned":[2,12,15],"killed_by":"SI_SHIV_ARCHETYPE","ascension_level":0}}