{"host":"6r3ioyv75hs1gp74","time":1611621977,"event":{"mods":["AchievementEnabler","Act Like it!","BaseMod","Better Sensory Stone","Better Third Choice","Block Reminder","Colored Map","Colored Powertips","Curses Come First","Minty Spire (QoL Compilation)","StSLib"],"gold_per_floor":[116,133,147,222,47,74,90,90,90,117,117,14,14,26,26,125,125,141,22,37,37,137,137,169,29,53,53,79,79,94,113,113,215,215,231,269,289,304,323,352,352,380,380,394,414,70,20,36,36,36,36,36,13,46,46,46],"floor_reached":55,"language":"ENG","playtime":3825,"items_purged":["Strike_B","Parasite"],"score":881,"play_id":"e8c18fc6-e7ef-43ee-a3c0-044da36fe9b8","local_time":"20210126004617","is_ascension_mode":true,"campfire_choices":[{"data":"Sunder","floor":8,"key":"SMITH"},{"data":"Zap","floor":11,"key":"SMITH"},{"floor":13,"key":"REST"},{"data":"Hologram","floor":15,"key":"SMITH"},{"floor":23,"key":"REST"},{"floor":27,"key":"REST"},{"data":"Electrodynamics","floor":29,"key":"SMITH"},{"data":"Defragment","floor":32,"key":"SMITH"},{"floor":41,"key":"RECALL"},{"data":"Fission","floor":49,"key":"SMITH"},{"data":"Thunder Strike","floor":52,"key":"SMITH"}],"circlet_count":0,"master_deck":["Strike_B","Defend_B","Defend_B","Defend_B","Zap+1","Dualcast","Sunder+1","Conserve Battery","Sweeping Beam","Genetic Algorithm","Go for the Eyes","Glacier","Hologram+1","Chaos","Hello World","Coolheaded","Electrodynamics+1","Self Repair","Thunder Strike+1","Conserve Battery","White Noise","Hologram","Defragment+1","Coolheaded","Reboot","White Noise+1","Capacitor","Fission+1","FTL+1","Biased Cognition+1","Reprogram+1","Force Field","Compile Driver+1","Cold Snap","Loop+1","Storm+1","Conserve Battery","Recycle+1"],"relics":["Runic Dome","Ornamental Fan","Bottled Flame","DataDisk","SacredBark","Eternal Feather","Bag of Marbles","Anchor","Astrolabe","MealTicket","Torii","HandDrill","Orichalcum","Pear"],"acts_visited":["Exordium","TheCity","TheBeyond","TheEnding"],"potions_floor_usage":[16,16,18,35,36,37,40,42,42,50,50,55],"damage_taken":[{"damage":0,"enemies":"Cultist","floor":1,"turns":4},{"damage":12,"enemies":"Small Slimes","floor":2,"turns":3},{"damage":0,"enemies":"Jaw Worm","floor":3,"turns":2},{"damage":18,"enemies":"Lagavulin","floor":6,"turns":6},{"damage":0,"enemies":"Blue Slaver","floor":7,"turns":4},{"damage":7,"enemies":"Exordium Wildlife","floor":14,"turns":2},{"damage":2,"enemies":"Hexaghost","floor":16,"turns":7},{"damage":16,"enemies":"Spheric Guardian","floor":18,"turns":4},{"damage":23,"enemies":"Chosen","floor":20,"turns":5},{"damage":35,"enemies":"Slavers","floor":24,"turns":6},{"damage":17,"enemies":"Gremlin Leader","floor":28,"turns":6},{"damage":16,"enemies":"3 Cultists","floor":30,"turns":5},{"damage":6,"enemies":"Snecko","floor":31,"turns":5},{"damage":17,"enemies":"Collector","floor":33,"turns":8},{"damage":3,"enemies":"3 Darklings","floor":35,"turns":4},{"damage":6,"enemies":"3 Shapes","floor":36,"turns":3},{"damage":27,"enemies":"Maw","floor":37,"turns":7},{"damage":25,"enemies":"Spire Growth","floor":38,"turns":7},{"damage":6,"enemies":"Writhing Mass","floor":39,"turns":4},{"damage":35,"enemies":"Nemesis","floor":40,"turns":7},{"damage":27,"enemies":"Giant Head","floor":42,"turns":7},{"damage":2,"enemies":"Maw","floor":44,"turns":7},{"damage":0,"enemies":"Jaw Worm Horde","floor":45,"turns":4},{"damage":0,"enemies":"Transient","floor":48,"turns":5},{"damage":21,"enemies":"Donu and Deca","floor":50,"turns":5},{"damage":0,"enemies":"Shield and Spear","floor":54,"turns":3},{"damage":90,"enemies":"The Heart","floor":55,"turns":6}],"seed_played":"-3127049039893074532","potions_obtained":[{"floor":2,"key":"Weak Potion"},{"floor":3,"key":"FearPotion"},{"floor":6,"key":"Swift Potion"},{"floor":14,"key":"FocusPotion"},{"floor":24,"key":"Regen Potion"},{"floor":28,"key":"Dexterity Potion"},{"floor":35,"key":"ColorlessPotion"},{"floor":38,"key":"SteroidPotion"},{"floor":39,"key":"DuplicationPotion"},{"floor":40,"key":"BlessingOfTheForge"}],"is_trial":false,"path_per_floor":["M","M","M","?","$","E","M","R","T","T","R","$","R","M","R","B",null,"M","$","M","?","?","R","E","$","T","R","E","R","M","M","R","B",null,"M","M","M","M","M","E","R","E","T","M","M","$","?","M","R","B",null,"R","$","E","B"],"character_chosen":"DEFECT","items_purchased":["Genetic Algorithm","Go for the Eyes","Chaos","Hello World","Thunder Strike","Conserve Battery","Defragment","Coolheaded","Fire Potion","HandDrill","SteroidPotion","FearPotion","Conserve Battery"],"campfire_rested":3,"item_purchase_floors":[5,5,12,12,19,19,25,25,25,46,46,46,53],"current_hp_per_floor":[75,63,63,52,52,34,34,34,34,34,34,34,56,49,49,47,75,59,59,43,29,29,53,25,25,25,64,54,69,60,61,79,62,80,77,71,80,62,63,35,56,36,36,41,41,56,56,63,77,56,77,77,77,87,0,0],"gold":46,"neow_bonus":"BOSS_RELIC","is_daily":false,"chose_seed":false,"campfire_upgraded":7,"win_rate":0.0,"timestamp":1611621977,"path_taken":["M","?","M","?","?","E","M","R","T","?","R","$","R","M","R","BOSS","M","$","M","?","?","R","E","$","T","R","E","R","M","?","R","BOSS","M","M","M","M","M","E","R","E","T","M","M","$","?","M","R","BOSS","R","$","E","BOSS"],"items_purchased_type":["Card","Card","Card","Card","Card","Card","Card","Card","Potion","Relic","Potion","Potion","Card"],"build_version":"2020-12-22","purchased_purges":2,"victory":false,"max_hp_per_floor":[75,75,75,75,75,75,75,75,75,75,75,75,75,75,75,75,75,75,75,75,80,80,80,80,80,80,80,80,80,80,80,80,80,80,80,80,80,80,80,80,80,80,80,80,80,77,77,77,77,77,77,77,77,87,87,87],"card_choices":[{"not_picked":["Cold Snap","Force Field"],"picked":"Sunder","floor":1},{"not_picked":["Streamline","Beam Cell"],"picked":"Conserve Battery","floor":2},{"not_picked":["Double Energy","Beam Cell"],"picked":"Sweeping Beam","floor":3},{"not_picked":["Steam","Multi-Cast"],"picked":"Glacier","floor":6},{"not_picked":["Barrage","Compile Driver"],"picked":"Hologram","floor":7},{"not_picked":["Leap","Streamline"],"picked":"Coolheaded","floor":14},{"not_picked":["Fission","Machine Learning"],"picked":"Electrodynamics","floor":16},{"not_picked":["Sweeping Beam","Auto Shields"],"picked":"Self Repair","floor":18},{"not_picked":["Force Field","Steam+1"],"picked":"White Noise","floor":20},{"not_picked":["Skim","Beam Cell"],"picked":"Hologram","floor":24},{"not_picked":["Steam","Turbo+1"],"picked":"Reboot","floor":28},{"not_picked":["Consume","Sweeping Beam"],"picked":"White Noise+1","floor":30},{"not_picked":["Cold Snap+1","Gash+1"],"picked":"Capacitor","floor":31},{"not_picked":["Multi-Cast","Seek"],"picked":"Fission","floor":33},{"not_picked":["Sweeping Beam+1","Gash+1"],"picked":"Force Field","floor":35},{"not_picked":["Go for the Eyes","Self Repair","Stack"],"picked":"SKIP","floor":36},{"not_picked":["Capacitor+1","Beam Cell","Double Energy"],"picked":"SKIP","floor":37},{"not_picked":["Gash","Sweeping Beam"],"picked":"Compile Driver+1","floor":38},{"not_picked":["Sweeping Beam+1","Skim"],"picked":"Cold Snap","floor":39},{"not_picked":["Darkness","Go for the Eyes+1"],"picked":"Loop+1","floor":40},{"not_picked":["Skim+1","White Noise+1","Rip and Tear+1"],"picked":"SKIP","floor":42},{"not_picked":["Skim","FTL","Turbo+1"],"picked":"SKIP","floor":44},{"not_picked":["Steam","Darkness"],"picked":"Storm+1","floor":45},{"not_picked":["Coolheaded","Chaos","Conserve Battery+1"],"picked":"SKIP","floor":48},{"not_picked":["Ball Lightning+1","Reinforced Body"],"picked":"Recycle+1","floor":54}],"player_experience":105319,"relics_obtained":[{"floor":6,"key":"Ornamental Fan"},{"floor":9,"key":"Bottled Flame"},{"floor":10,"key":"DataDisk"},{"floor":24,"key":"Eternal Feather"},{"floor":26,"key":"Bag of Marbles"},{"floor":28,"key":"Anchor"},{"floor":40,"key":"MealTicket"},{"floor":42,"key":"Torii"},{"floor":54,"key":"Pear"}],"event_choices":[{"damage_healed":0,"gold_gain":75,"player_choice":"Gold","damage_taken":11,"max_hp_gain":0,"max_hp_loss":0,"event_name":"betterThird:BetterGoop","floor":4,"gold_loss":0},{"damage_healed":0,"gold_gain":0,"player_choice":"Shed Blood","damage_taken":19,"max_hp_gain":5,"max_hp_loss":0,"event_name":"Forgotten Altar","floor":21,"gold_loss":0},{"damage_healed":0,"gold_gain":100,"player_choice":"Pray","damage_taken":0,"max_hp_gain":0,"max_hp_loss":0,"event_name":"Golden Shrine","floor":22,"gold_loss":0},{"damage_healed":0,"gold_gain":0,"player_choice":"Paid Gold","damage_taken":0,"relics_obtained":["Orichalcum"],"max_hp_gain":0,"max_hp_loss":0,"event_name":"WeMeetAgain","floor":47,"gold_loss":50}],"is_beta":false,"boss_relics":[{"not_picked":["Empty Cage","SlaversCollar"],"picked":"SacredBark"},{"not_picked":["Inserter","Runic Pyramid"],"picked":"Astrolabe"}],"items_purged_floors":[5,46],"is_endless":false,"potions_floor_spawned":[2,3,6,14,24,28,30,35,38,39,40],"killed_by":"The Heart","ascension_level":3}}