{"host":"rmsq46plbpwfbxcc","time":1611672558,"event":{"mods":["AchievementEnabler","BaseMod","Colored Map","Colored Powertips","DeckTracker","KOR Keyword Fix","Minty Spire (QoL Compilation)","Permanent Neow","Quick Restart","SuperFastMode"],"gold_per_floor":[114,134,134,146,162,162,187,112,112,125,150,150,150,177,177,277,277,290,290,310,326,226,255,255,288,336,350,225,225,237,251,251,353,353,363,381,391,391,441,469,469,479,532,532,562,582,582,610,610,610,610,610,13,41,41],"floor_reached":56,"language":"KOR","playtime":1858,"items_purged":["Strike_G","Strike_G","Defend_G","Defend_G"],"score":1864,"play_id":"4b2c9836-f424-4d24-8c12-19e0cec985cc","local_time":"20210126234918","is_ascension_mode":true,"campfire_choices":[{"data":"Blade Dance","floor":6.0,"key":"SMITH"},{"data":"Accuracy","floor":12.0,"key":"SMITH"},{"data":"Finisher","floor":15.0,"key":"SMITH"},{"data":"Phantasmal Killer","floor":24.0,"key":"SMITH"},{"data":"Terror","floor":32,"key":"SMITH"},{"data":"Choke","floor":41,"key":"SMITH"},{"data":"Strike_G","floor":47,"key":"PURGE"},{"floor":49,"key":"RECALL"},{"data":"Neutralize","floor":52,"key":"SMITH"}],"circlet_count":0,"master_deck":["Strike_G","Defend_G","Survivor","Neutralize+1","Accuracy+1","Blade Dance+1","Finisher+1","Well Laid Plans","Choke+1","Acrobatics","Phantasmal Killer+1","Cloak And Dagger+1","Footwork","Terror+1","Cloak And Dagger+1","Blade Dance+1","Adrenaline","Backflip","Blur","Swift Strike","Noxious Fumes+1","PiercingWail","PiercingWail","Flash of Steel"],"relics":["Black Star","Meat on the Bone","Matryoshka","Ancient Tea Set","Bottled Lightning","Regal Pillow","Darkstone Periapt","Happy Flower","PreservedInsect","WristBlade","Vajra","Prayer Wheel","Orichalcum","Eternal Feather","Bag of Preparation","Empty Cage","CeramicFish","Bird Faced Urn","Akabeko","Peace Pipe","StrikeDummy","Pen Nib","Anchor","Strawberry","Oddly Smooth Stone"],"acts_visited":["Exordium","TheCity","TheBeyond","TheEnding"],"potions_floor_usage":[37,50,55,55,55],"damage_taken":[{"damage":2.0,"enemies":"Jaw Worm","floor":1.0,"turns":6.0},{"damage":1.0,"enemies":"2 Louse","floor":2.0,"turns":3.0},{"damage":2.0,"enemies":"Cultist","floor":4.0,"turns":5.0},{"damage":1.0,"enemies":"Exordium Thugs","floor":5.0,"turns":5.0},{"damage":22.0,"enemies":"Gremlin Nob","floor":7.0,"turns":4.0},{"damage":0.0,"enemies":"Large Slime","floor":10.0,"turns":4.0},{"damage":15.0,"enemies":"3 Sentries","floor":11.0,"turns":5.0},{"damage":0.0,"enemies":"Lagavulin","floor":14.0,"turns":2.0},{"damage":26.0,"enemies":"Hexaghost","floor":16.0,"turns":8.0},{"damage":9.0,"enemies":"Shell Parasite","floor":18.0,"turns":2.0},{"damage":17.0,"enemies":"2 Thieves","floor":20.0,"turns":5.0},{"damage":29.0,"enemies":"3 Cultists","floor":21.0,"turns":5.0},{"damage":5.0,"enemies":"Gremlin Leader","floor":23.0,"turns":3.0},{"damage":13.0,"enemies":"Slavers","floor":25.0,"turns":4.0},{"damage":6.0,"enemies":"Centurion and Healer","floor":27.0,"turns":3.0},{"damage":0,"enemies":"Sentry and Sphere","floor":30,"turns":1},{"damage":0,"enemies":"Shelled Parasite and Fungi","floor":31,"turns":2},{"damage":17,"enemies":"Collector","floor":33,"turns":4},{"damage":5,"enemies":"3 Shapes","floor":35,"turns":4},{"damage":15,"enemies":"3 Darklings","floor":36,"turns":3},{"damage":0,"enemies":"Transient","floor":37,"turns":5},{"damage":0,"enemies":"Mind Bloom Boss Battle","floor":39,"turns":2},{"damage":0,"enemies":"Reptomancer","floor":40,"turns":2},{"damage":0,"enemies":"Sphere and 2 Shapes","floor":42,"turns":2},{"damage":8,"enemies":"Giant Head","floor":45,"turns":3},{"damage":24,"enemies":"Maw","floor":46,"turns":4},{"damage":0,"enemies":"3 Darklings","floor":48,"turns":1},{"damage":62,"enemies":"Donu and Deca","floor":50,"turns":7},{"damage":0,"enemies":"Shield and Spear","floor":54,"turns":3},{"damage":79,"enemies":"The Heart","floor":55,"turns":7}],"seed_played":"-4680431285459242764","potions_obtained":[{"floor":1.0,"key":"LiquidBronze"},{"floor":5.0,"key":"Regen Potion"},{"floor":10.0,"key":"Strength Potion"},{"floor":11.0,"key":"CunningPotion"},{"floor":16.0,"key":"Dexterity Potion"},{"floor":18.0,"key":"Regen Potion"},{"floor":21.0,"key":"CunningPotion"},{"floor":33,"key":"SkillPotion"},{"floor":37,"key":"PowerPotion"},{"floor":45,"key":"Regen Potion"}],"is_trial":false,"path_per_floor":["M","M","?","M","M","R","E","$","T","M","E","R","?","E","R","B",null,"M","?","M","M","$","E","R","E","T","M","$","?","M","M","R","B",null,"M","M","M","?","?","E","R","M","T","?","E","M","R","M","R","B",null,"R","$","E","B",null],"character_chosen":"THE_SILENT","items_purchased":["Pen Nib","PiercingWail","Flash of Steel","Strength Potion","Anchor"],"campfire_rested":0,"item_purchase_floors":[53,53,53,53,53],"current_hp_per_floor":[61,60,60,58,57,57,35,35,35,47,46,46,46,46,46,32,61,52,52,49,32,32,39,39,38,38,44,44,44,44,44,56,39,62,57,42,42,42,42,42,54,58,58,58,54,36,48,48,60,33,61,70,70,77,17],"gold":41,"neow_bonus":"BOSS_RELIC","is_daily":false,"chose_seed":false,"campfire_upgraded":7,"win_rate":0.0,"timestamp":1611672558,"path_taken":["M","M","?","M","M","R","E","$","T","M","E","R","?","E","R","BOSS","M","?","M","M","?","E","R","E","T","M","$","?","M","M","R","BOSS","M","M","M","?","?","E","R","M","T","?","E","M","R","M","R","BOSS","R","$","E","BOSS"],"items_purchased_type":["Relic","Card","Card","Potion","Relic"],"build_version":"2020-12-22","purchased_purges":4,"victory":true,"max_hp_per_floor":[70,70,70,70,70,70,70,70,70,70,70,70,70,70,70,70,70,70,70,70,70,70,70,70,70,70,70,70,70,70,70,70,70,70,70,70,70,70,70,70,70,70,70,70,70,70,70,70,70,70,70,70,70,77,77],"card_choices":[{"not_picked":["Predator","Dagger Throw"],"picked":"Accuracy","floor":1.0},{"not_picked":["Quick Slash","Sucker Punch"],"picked":"Blade Dance","floor":2.0},{"not_picked":["Flying Knee","Quick Slash","Skewer"],"picked":"SKIP","floor":4.0},{"not_picked":["Reflex","Deflect","Dagger Throw"],"picked":"SKIP","floor":5.0},{"not_picked":["Deadly Poison","Doppelganger"],"picked":"Finisher","floor":7.0},{"not_picked":["Catalyst","Expertise"],"picked":"Well Laid Plans","floor":10.0},{"not_picked":["Crippling Poison","Outmaneuver"],"picked":"Choke","floor":11.0},{"not_picked":["Well Laid Plans","Slice"],"picked":"Acrobatics","floor":14.0},{"not_picked":["Die Die Die","Doppelganger"],"picked":"Phantasmal Killer","floor":16.0},{"not_picked":["Poisoned Stab","Acrobatics"],"picked":"Cloak And Dagger+1","floor":18.0},{"not_picked":["Poisoned Stab+1","Well Laid Plans","Catalyst"],"picked":"SKIP","floor":20.0},{"not_picked":["Crippling Poison","Poisoned Stab","Concentrate+1"],"picked":"SKIP","floor":21.0},{"not_picked":["Prepared+1","Masterful Stab","Footwork"],"picked":"SKIP","floor":23.0},{"not_picked":["Sucker Punch","Bane+1","Dash"],"picked":"SKIP","floor":25.0},{"not_picked":["Terror","Endless Agony"],"picked":"Footwork","floor":27},{"not_picked":["Outmaneuver","Deflect+1"],"picked":"Terror","floor":27},{"not_picked":["Terror","Doppelganger"],"picked":"Cloak And Dagger+1","floor":30},{"not_picked":["Accuracy","Dagger Throw","Slice"],"picked":"SKIP","floor":30},{"not_picked":["Endless Agony","Concentrate+1"],"picked":"Blade Dance+1","floor":31},{"not_picked":["Quick Slash","Acrobatics","Deadly Poison"],"picked":"SKIP","floor":31},{"not_picked":["Phantasmal Killer","Malaise"],"picked":"Adrenaline","floor":33},{"not_picked":["Underhanded Strike","Deadly Poison"],"picked":"Backflip","floor":35},{"not_picked":["Dagger Spray+1","Outmaneuver","Sucker Punch"],"picked":"SKIP","floor":35},{"not_picked":["Blade Dance+1","Infinite Blades"],"picked":"Blur","floor":36},{"not_picked":["Dagger Spray+1","Dagger Throw","Backflip+1"],"picked":"SKIP","floor":36},{"not_picked":["Dodge and Roll+1","Predator+1","Backflip+1"],"picked":"SKIP","floor":37},{"not_picked":["Finisher+1","Poisoned Stab+1","Phantasmal Killer"],"picked":"SKIP","floor":37},{"not_picked":["Good Instincts","Discovery"],"picked":"Swift Strike","floor":38},{"not_picked":["Deadly Poison+1","Sucker Punch","Reflex+1"],"picked":"SKIP","floor":40},{"not_picked":["Slice+1","Bouncing Flask","Predator"],"picked":"SKIP","floor":42},{"not_picked":["Dash+1","Flechettes","Acrobatics"],"picked":"SKIP","floor":42},{"not_picked":["Flying Knee","Tools of the Trade","Dodge and Roll"],"picked":"SKIP","floor":45},{"not_picked":["Predator","Skewer+1"],"picked":"Noxious Fumes+1","floor":46},{"not_picked":["Reflex","Dagger Throw","Terror"],"picked":"SKIP","floor":46},{"not_picked":["Riddle With Holes","Underhanded Strike"],"picked":"PiercingWail","floor":48},{"not_picked":["Poisoned Stab+1","Cloak And Dagger+1","Flechettes"],"picked":"SKIP","floor":48},{"not_picked":["Heel Hook","Backflip+1","Flying Knee+1"],"picked":"SKIP","floor":54}],"player_experience":652576,"relics_obtained":[{"floor":7.0,"key":"Meat on the Bone"},{"floor":7.0,"key":"Matryoshka"},{"floor":9.0,"key":"Ancient Tea Set"},{"floor":9.0,"key":"Bottled Lightning"},{"floor":11.0,"key":"Regal Pillow"},{"floor":11.0,"key":"Darkstone Periapt"},{"floor":14.0,"key":"Happy Flower"},{"floor":14.0,"key":"PreservedInsect"},{"floor":23.0,"key":"Vajra"},{"floor":23.0,"key":"Prayer Wheel"},{"floor":25.0,"key":"Orichalcum"},{"floor":25.0,"key":"Eternal Feather"},{"floor":26.0,"key":"Bag of Preparation"},{"floor":40,"key":"CeramicFish"},{"floor":40,"key":"Bird Faced Urn"},{"floor":43,"key":"Akabeko"},{"floor":45,"key":"Peace Pipe"},{"floor":45,"key":"StrikeDummy"},{"floor":54,"key":"Strawberry"},{"floor":54,"key":"Oddly Smooth Stone"}],"event_choices":[{"damage_healed":0.0,"max_hp_gain":0.0,"max_hp_loss":0.0,"gold_gain":0.0,"event_name":"Liars Game","player_choice":"Ignored","floor":3.0,"gold_loss":0.0,"damage_taken":0.0},{"cards_removed":["Defend_G"],"damage_healed":0.0,"max_hp_gain":0.0,"max_hp_loss":0.0,"gold_gain":0.0,"event_name":"Bonfire Elementals","player_choice":"Offered Basic","floor":13.0,"gold_loss":0.0,"damage_taken":0.0},{"damage_healed":0.0,"max_hp_gain":0.0,"max_hp_loss":0.0,"gold_gain":0.0,"event_name":"The Woman in Blue","player_choice":"Bought 0 Potions","floor":19.0,"gold_loss":0.0,"damage_taken":0.0},{"damage_healed":0,"gold_gain":0,"player_choice":"Ignored","damage_taken":0,"max_hp_gain":0,"max_hp_loss":0,"event_name":"Cursed Tome","floor":29,"gold_loss":0},{"damage_healed":0,"gold_gain":0,"player_choice":"Memory 1","damage_taken":0,"max_hp_gain":0,"max_hp_loss":0,"event_name":"SensoryStone","floor":38,"gold_loss":0},{"damage_healed":0,"gold_gain":0,"player_choice":"Fight","damage_taken":0,"max_hp_gain":0,"max_hp_loss":0,"event_name":"MindBloom","floor":39,"gold_loss":0},{"damage_healed":0,"gold_gain":0,"player_choice":"Ignored","damage_taken":0,"max_hp_gain":0,"max_hp_loss":0,"event_name":"Tomb of Lord Red Mask","floor":44,"gold_loss":0}],"is_beta":false,"boss_relics":[{"not_picked":["SacredBark","Cursed Key"],"picked":"WristBlade"},{"not_picked":["Pandora\u0027s Box","HoveringKite"],"picked":"Empty Cage"}],"items_purged_floors":[8,22,28,53],"is_endless":false,"potions_floor_spawned":[1,5,10,11,16,18,21,33,36,37,45,46,54],"ascension_level":9}}