{"host":"w7hgcz29911qf98n","time":1611698144,"event":{"mods":["BaseMod","Colored Powertips","Minty Spire (QoL Compilation)","SuperFastMode","Synergy Search"],"gold_per_floor":[216,186,54,74,74,74,91,102,125,140,20,20,40,40,40,40,40],"floor_reached":16,"language":"ENG","playtime":1046,"items_purged":[],"score":92,"play_id":"07d823fd-986f-499b-b140-52556f5ed38b","local_time":"20210126165544","is_ascension_mode":false,"campfire_choices":[{"floor":6,"key":"REST"},{"floor":12,"key":"REST"},{"data":"Protect","floor":15,"key":"SMITH"}],"circlet_count":0,"master_deck":["Strike_P","Strike_P","Strike_P","Strike_P","Defend_P","Defend_P","Defend_P","Defend_P","Eruption","Vigilance","Protect+1","Consecrate","FollowUp","Pray","WheelKick","FlurryOfBlows","Prostrate","EmptyFist","LikeWater","Consecrate","Meditate"],"relics":["PureWater","Lantern"],"acts_visited":["Exordium"],"potions_floor_usage":[10,16,16,16,16,16],"damage_taken":[{"damage":12,"enemies":"Jaw Worm","floor":1,"turns":5},{"damage":0,"enemies":"Cultist","floor":4,"turns":3},{"damage":12,"enemies":"Small Slimes","floor":7,"turns":4},{"damage":8,"enemies":"Looter","floor":8,"turns":2},{"damage":10,"enemies":"Gremlin Gang","floor":10,"turns":7},{"damage":9,"enemies":"2 Fungi Beasts","floor":13,"turns":3},{"damage":94,"enemies":"The Guardian","floor":16,"turns":9}],"seed_played":"-4976718272583563973","potions_obtained":[{"floor":2,"key":"LiquidBronze"},{"floor":2,"key":"BlessingOfTheForge"},{"floor":4,"key":"EntropicBrew"},{"floor":7,"key":"DuplicationPotion"}],"is_trial":false,"path_per_floor":["M","?","$","M","?","R","M","M","T","M","$","R","M","?","R","B"],"character_chosen":"WATCHER","items_purchased":["Consecrate","FollowUp","Pray","LikeWater","Consecrate"],"campfire_rested":2,"item_purchase_floors":[3,3,3,11,11],"current_hp_per_floor":[60,60,60,60,57,72,60,52,52,42,42,63,54,72,72,0,0],"gold":40,"neow_bonus":"HUNDRED_GOLD","is_daily":false,"chose_seed":false,"campfire_upgraded":1,"win_rate":0.0,"timestamp":1611698144,"path_taken":["M","?","$","?","?","R","M","M","T","M","$","R","M","?","R","BOSS"],"items_purchased_type":["Card","Card","Card","Card","Card"],"build_version":"2020-12-22","purchased_purges":0,"victory":false,"max_hp_per_floor":[72,72,72,72,72,72,72,72,72,72,72,72,72,72,72,72,72],"card_choices":[{"not_picked":["Evaluate","EmptyBody"],"picked":"Protect","floor":1},{"not_picked":["ClearTheMind","SignatureMove"],"picked":"WheelKick","floor":4},{"not_picked":["ThirdEye","CrushJoints"],"picked":"FlurryOfBlows","floor":7},{"not_picked":["ReachHeaven","WindmillStrike"],"picked":"Prostrate","floor":8},{"not_picked":["Meditate","Collect"],"picked":"EmptyFist","floor":10},{"not_picked":["PathToVictory","Omniscience"],"picked":"Meditate","floor":13}],"player_experience":43124,"relics_obtained":[{"floor":9,"key":"Lantern"}],"event_choices":[{"damage_healed":0,"gold_gain":0,"player_choice":"Bought 2 Potions","damage_taken":0,"max_hp_gain":0,"max_hp_loss":0,"event_name":"The Woman in Blue","floor":2,"gold_loss":0},{"damage_healed":0,"gold_gain":0,"player_choice":"Fled","damage_taken":3,"max_hp_gain":0,"max_hp_loss":0,"event_name":"Scrap Ooze","floor":5,"gold_loss":0},{"damage_healed":24,"gold_gain":0,"player_choice":"Banana","damage_taken":0,"max_hp_gain":0,"max_hp_loss":0,"event_name":"Big Fish","floor":14,"gold_loss":0}],"is_beta":false,"boss_relics":[],"items_purged_floors":[],"is_endless":false,"potions_floor_spawned":[4,7,8],"killed_by":"The Guardian","ascension_level":0}}