{"host":"cjhtzh7tp54jdfyv","time":1611640754,"event":{"mods":["AchievementEnabler","BaseMod","Colored Map","Colored Powertips","Curses Come First","DeckTracker","Filter the Spire","Minty Spire (QoL Compilation)","RNG Fix","Relic Sorter","Relic Stats","StSLib","UnlockEverythingMod","ojb\u0027s Better Paths Mod","ojb\u0027s Info Mod"],"gold_per_floor":[367,367,48,59,2,2,32,55,109,109,129,158,168,168,168,239,239,253,264,264,22,40,40,69,87,140,150,185,235,247,262,262,336,336,348,368,6,25,75,106,106,131,131,459,477,509,526,187,187,187,187,187,187,14,44,44],"floor_reached":57,"language":"ENG","playtime":8951,"items_purged":["Strike_G","Strike_G"],"score":3344,"play_id":"61f1c3f2-a8be-4409-aa36-7fcdcd0f407a","local_time":"20210126005913","is_ascension_mode":true,"campfire_choices":[{"data":"Eviscerate","floor":6.0,"key":"SMITH"},{"data":"Unload","floor":10.0,"key":"SMITH"},{"data":"Dagger Spray","floor":15.0,"key":"SMITH"},{"data":"Underhanded Strike","floor":23.0,"key":"SMITH"},{"data":"Tools of the Trade","floor":32.0,"key":"SMITH"},{"floor":41.0,"key":"RECALL"},{"data":"Apotheosis","floor":49.0,"key":"SMITH"},{"data":"Adrenaline","floor":53,"key":"SMITH"}],"circlet_count":0,"master_deck":["AscendersBane","Strike_G","Strike_G","Strike_G","Defend_G+1","Defend_G","Defend_G","Survivor","Neutralize","Eviscerate+1","Unload+1","Dagger Throw","Backflip","Dagger Spray+1","Burst+1","Calculated Gamble+1","Acrobatics+1","Underhanded Strike+1","Backflip","Tools of the Trade+1","Escape Plan","Acrobatics","Eviscerate+1","Adrenaline+1","Acrobatics+1","Backflip","Apotheosis+1","PiercingWail","Tactician+1","Well Laid Plans+1","Sucker Punch+1","Acrobatics","Phantasmal Killer","Backflip","Eviscerate","Malaise","After Image"],"relics":["Ring of the Snake","Nunchaku","Pen Nib","Lantern","Juzu Bracelet","Odd Mushroom","Akabeko","Meat on the Bone","Philosopher\u0027s Stone","Vajra","War Paint","Potion Belt","Coffee Dripper","ClockworkSouvenir","WingedGreaves","Bronze Scales","Ancient Tea Set","Old Coin","Omamori","Membership Card","HornCleat"],"acts_visited":["Exordium","TheCity","TheBeyond","TheEnding"],"potions_floor_usage":[56,56,56,56],"damage_taken":[{"damage":0.0,"enemies":"Jaw Worm","floor":1.0,"turns":5.0},{"damage":0.0,"enemies":"Cultist","floor":4.0,"turns":4.0},{"damage":6.0,"enemies":"Gremlin Nob","floor":7.0,"turns":3.0},{"damage":5.0,"enemies":"The Mushroom Lair","floor":8.0,"turns":3.0},{"damage":0.0,"enemies":"Small Slimes","floor":11.0,"turns":2.0},{"damage":0.0,"enemies":"Lagavulin","floor":12.0,"turns":3.0},{"damage":0.0,"enemies":"Blue Slaver","floor":13.0,"turns":1.0},{"damage":26.0,"enemies":"Hexaghost","floor":16.0,"turns":8.0},{"damage":2.0,"enemies":"3 Byrds","floor":18.0,"turns":7.0},{"damage":0.0,"enemies":"Spheric Guardian","floor":19.0,"turns":2.0},{"damage":0.0,"enemies":"Shelled Parasite and Fungi","floor":22.0,"turns":2.0},{"damage":10.0,"enemies":"Slavers","floor":24.0,"turns":2.0},{"damage":24.0,"enemies":"Snake Plant","floor":25.0,"turns":3.0},{"damage":0.0,"enemies":"Centurion and Healer","floor":27.0,"turns":2.0},{"damage":8.0,"enemies":"Book of Stabbing","floor":28.0,"turns":3.0},{"damage":0.0,"enemies":"3 Cultists","floor":30.0,"turns":5.0},{"damage":5.0,"enemies":"Snecko","floor":31.0,"turns":5.0},{"damage":36.0,"enemies":"Collector","floor":33.0,"turns":6.0},{"damage":0.0,"enemies":"Orb Walker","floor":35.0,"turns":2.0},{"damage":0.0,"enemies":"3 Darklings","floor":36.0,"turns":2.0},{"damage":0.0,"enemies":"4 Shapes","floor":38.0,"turns":4.0},{"damage":23.0,"enemies":"2 Orb Walkers","floor":39.0,"turns":4.0},{"damage":0.0,"enemies":"Nemesis","floor":40.0,"turns":2.0},{"damage":0.0,"enemies":"Reptomancer","floor":42.0,"turns":2.0},{"damage":0.0,"enemies":"Giant Head","floor":44.0,"turns":6.0},{"damage":0.0,"enemies":"Jaw Worm Horde","floor":45.0,"turns":3.0},{"damage":0.0,"enemies":"Reptomancer","floor":46.0,"turns":3.0},{"damage":0.0,"enemies":"Maw","floor":47.0,"turns":4.0},{"damage":8.0,"enemies":"Time Eater","floor":50.0,"turns":2.0},{"damage":0,"enemies":"Donu and Deca","floor":51,"turns":4},{"damage":0,"enemies":"Shield and Spear","floor":55,"turns":2},{"damage":36,"enemies":"The Heart","floor":56,"turns":6}],"seed_played":"6471890733747687505","potions_obtained":[{"floor":1.0,"key":"LiquidMemories"},{"floor":11.0,"key":"AttackPotion"},{"floor":16.0,"key":"Strength Potion"},{"floor":18.0,"key":"SteroidPotion"},{"floor":19.0,"key":"FearPotion"},{"floor":22.0,"key":"Explosive Potion"},{"floor":31.0,"key":"DuplicationPotion"},{"floor":38.0,"key":"Ancient Potion"},{"floor":40.0,"key":"Energy Potion"},{"floor":46.0,"key":"Fire Potion"},{"floor":55,"key":"LiquidMemories"}],"is_trial":false,"path_per_floor":["M","?","$","M","$","R","E","?","T","R","M","E","M","?","R","B",null,"M","M","?","$","M","R","E","M","T","M","E","?","M","M","R","B",null,"M","M","$","M","?","E","R","E","T","E","M","E","M","$","R","B","B",null,"R","$","E","B",null],"character_chosen":"THE_SILENT","items_purchased":["Pen Nib","Lantern","PowerPotion","Nunchaku","Apotheosis","ClockworkSouvenir","Membership Card","Phantasmal Killer","Backflip","FearPotion","Eviscerate","Malaise","PowerPotion","SteroidPotion"],"campfire_rested":0,"item_purchase_floors":[3,3,5,21,37,37,48,48,48,48,54,54,54,54],"current_hp_per_floor":[44,44,44,44,44,44,38,33,33,33,33,33,45,38,38,24,56,54,54,36,36,36,36,38,26,26,38,42,35,47,42,42,18,58,58,58,58,58,47,47,47,47,47,47,47,47,47,47,47,39,39,63,63,63,63,39],"gold":44,"neow_bonus":"TWO_FIFTY_GOLD","is_daily":false,"chose_seed":false,"campfire_upgraded":7,"win_rate":0.0,"timestamp":1611640753,"path_taken":["M","?","$","M","?","R","E","?","T","R","M","E","M","?","R","BOSS","M","M","?","$","M","R","E","M","T","M","E","?","M","M","R","BOSS","M","M","$","M","?","E","R","E","T","E","M","E","M","$","R","BOSS","BOSS","R","$","E","BOSS"],"items_purchased_type":["Relic","Relic","Potion","Relic","Card","Relic","Relic","Card","Card","Potion","Card","Card","Potion","Potion"],"build_version":"2020-12-22","purchased_purges":2,"victory":true,"max_hp_per_floor":[66,66,66,66,66,66,66,66,66,66,66,66,66,66,66,66,66,66,66,71,71,71,71,71,71,71,71,71,71,71,71,71,71,71,71,71,71,71,71,71,71,71,71,71,71,71,71,71,71,71,71,71,71,71,71,71],"relic_stats":{"Nunchaku":[23],"counters":[32,112],"Bronze Scales":[102],"Pen Nib":[32],"Juzu Bracelet":2,"War Paint":["Burst","Defend_G"],"obtain_stats":[{"Potion Belt":28,"Lantern":3,"Vajra":24,"Pen Nib":3,"Juzu Bracelet":7,"Omamori":46,"Odd Mushroom":8,"War Paint":26,"Ancient Tea Set":42,"Akabeko":9,"ClockworkSouvenir":37,"Old Coin":44,"Nunchaku":21,"HornCleat":55,"Bronze Scales":40,"Philosopher\u0027s Stone":17,"WingedGreaves":39,"Coffee Dripper":34,"Membership Card":48,"Ring of the Snake":0,"Meat on the Bone":12},{"Potion Belt":15,"Lantern":1,"Vajra":12,"Pen Nib":1,"Juzu Bracelet":3,"Omamori":27,"Odd Mushroom":4,"War Paint":13,"Ancient Tea Set":24,"Akabeko":4,"ClockworkSouvenir":20,"Old Coin":25,"Nunchaku":10,"HornCleat":31,"Bronze Scales":23,"Philosopher\u0027s Stone":8,"WingedGreaves":22,"Coffee Dripper":18,"Membership Card":28,"Ring of the Snake":0,"Meat on the Bone":6},{"Potion Belt":50,"Lantern":5,"Vajra":42,"Pen Nib":5,"Juzu Bracelet":12,"Omamori":94,"Odd Mushroom":15,"War Paint":45,"Ancient Tea Set":82,"Akabeko":15,"ClockworkSouvenir":70,"Old Coin":88,"Nunchaku":38,"HornCleat":106,"Bronze Scales":80,"Philosopher\u0027s Stone":29,"WingedGreaves":78,"Coffee Dripper":66,"Membership Card":98,"Ring of the Snake":0,"Meat on the Bone":20}],"Ring of the Snake":[64],"Meat on the Bone":120},"card_choices":[{"not_picked":["Flying Knee","Deadly Poison"],"picked":"Eviscerate","floor":1.0},{"not_picked":["Deflect","Well Laid Plans"],"picked":"Dagger Throw","floor":4.0},{"not_picked":["Bane","Night Terror","Prepared"],"picked":"SKIP","floor":7.0},{"not_picked":["PiercingWail","Concentrate"],"picked":"Backflip","floor":11.0},{"not_picked":["Outmaneuver","Bane","PiercingWail"],"picked":"SKIP","floor":12.0},{"not_picked":["Prepared","Quick Slash"],"picked":"Dagger Spray","floor":13.0},{"not_picked":["Envenom","Glass Knife"],"picked":"Burst","floor":16.0},{"not_picked":["Bane","Dodge and Roll"],"picked":"Calculated Gamble+1","floor":18.0},{"not_picked":["Quick Slash","Blade Dance"],"picked":"Acrobatics+1","floor":19.0},{"not_picked":["Sucker Punch","Bane"],"picked":"Underhanded Strike","floor":22.0},{"not_picked":["Sucker Punch","Noxious Fumes"],"picked":"Backflip","floor":24.0},{"not_picked":["Prepared","Flying Knee","Poisoned Stab"],"picked":"SKIP","floor":25.0},{"not_picked":["Sucker Punch","Finisher"],"picked":"Tools of the Trade","floor":27.0},{"not_picked":["Predator","Unload"],"picked":"Escape Plan","floor":28.0},{"not_picked":["Bane","Escape Plan"],"picked":"Acrobatics","floor":30.0},{"not_picked":["Noxious Fumes","Flying Knee"],"picked":"Eviscerate+1","floor":31.0},{"not_picked":["Die Die Die","Doppelganger"],"picked":"Adrenaline","floor":33.0},{"not_picked":["Blade Dance","Underhanded Strike"],"picked":"Acrobatics+1","floor":35.0},{"not_picked":["Acrobatics","Cloak And Dagger"],"picked":"Backflip","floor":36.0},{"not_picked":["Blade Dance","Dodge and Roll"],"picked":"PiercingWail","floor":38.0},{"not_picked":["Poisoned Stab","Dagger Throw"],"picked":"Tactician+1","floor":39.0},{"not_picked":["Accuracy","A Thousand Cuts","Flechettes+1"],"picked":"SKIP","floor":40.0},{"not_picked":["Noxious Fumes","Prepared","Quick Slash"],"picked":"SKIP","floor":42.0},{"not_picked":["Quick Slash+1","Escape Plan"],"picked":"Well Laid Plans+1","floor":44.0},{"not_picked":["Endless Agony","Sucker Punch","Escape Plan"],"picked":"SKIP","floor":45.0},{"not_picked":["Endless Agony","Cloak And Dagger"],"picked":"Sucker Punch+1","floor":46.0},{"not_picked":["Prepared","Cloak And Dagger"],"picked":"Acrobatics","floor":47.0},{"not_picked":["Accuracy+1","Poisoned Stab"],"picked":"After Image","floor":55}],"player_experience":4674174,"relics_obtained":[{"floor":7.0,"key":"Juzu Bracelet"},{"floor":8.0,"key":"Odd Mushroom"},{"floor":9.0,"key":"Akabeko"},{"floor":12.0,"key":"Meat on the Bone"},{"floor":24.0,"key":"Vajra"},{"floor":26.0,"key":"War Paint"},{"floor":28.0,"key":"Potion Belt"},{"floor":39.0,"key":"WingedGreaves"},{"floor":40.0,"key":"Bronze Scales"},{"floor":42.0,"key":"Ancient Tea Set"},{"floor":44.0,"key":"Old Coin"},{"floor":46.0,"key":"Omamori"},{"floor":55,"key":"HornCleat"}],"event_choices":[{"damage_healed":0.0,"max_hp_gain":0.0,"max_hp_loss":0.0,"gold_gain":0.0,"cards_transformed":["Defend_G"],"event_name":"Living Wall","player_choice":"Change","floor":2.0,"gold_loss":0.0,"damage_taken":0.0,"cards_obtained":["Unload"]},{"damage_healed":0.0,"max_hp_gain":0.0,"max_hp_loss":0.0,"gold_gain":0.0,"event_name":"Mushrooms","player_choice":"Fought Mushrooms","floor":8.0,"gold_loss":0.0,"damage_taken":0.0},{"cards_removed":["Defend_G"],"damage_healed":0.0,"max_hp_gain":0.0,"max_hp_loss":0.0,"gold_gain":0.0,"event_name":"Golden Wing","player_choice":"Card Removal","floor":14.0,"gold_loss":0.0,"damage_taken":7.0},{"damage_healed":0.0,"max_hp_gain":5.0,"max_hp_loss":0.0,"gold_gain":0.0,"event_name":"Forgotten Altar","player_choice":"Shed Blood","floor":20.0,"gold_loss":0.0,"damage_taken":23.0},{"damage_healed":0.0,"max_hp_gain":0.0,"max_hp_loss":0.0,"gold_gain":50.0,"event_name":"FaceTrader","player_choice":"Touch","floor":29.0,"gold_loss":0.0,"damage_taken":7.0},{"damage_healed":0.0,"max_hp_gain":0.0,"max_hp_loss":0.0,"gold_gain":0.0,"event_name":"Mysterious Sphere","player_choice":"Fight","floor":39.0,"gold_loss":0.0,"damage_taken":0.0}],"is_beta":false,"boss_relics":[{"not_picked":["Ring of the Serpent","Astrolabe"],"picked":"Philosopher\u0027s Stone"},{"not_picked":["Busted Crown","Tiny House"],"picked":"Coffee Dripper"}],"items_purged_floors":[21,48],"is_endless":false,"potions_floor_spawned":[1,8,11,16,18,19,22,31,38,40,46,55],"ascension_level":20}}