{"host":"qljq6nt1bltq73k9","time":1611637174,"event":{"mods":["BaseMod","Colored Map","Colored Powertips","Minty Spire (QoL Compilation)","Quick Restart","Replay The Spire","StSLib","[IsaacMod]ÒÔÈö¼âËþ"],"gold_per_floor":[112,98426,98426,98444,98463,98493,98493,98504,98528,98556,98606,98624,98656,98670,98670,98772,98772,98782,98782,98802,98821,97035,97067,97080,96302,96302,96312,96331,96246,96263,96296,96296,96312,96312,96362,96372,94847,94847,94874,94874,94927,94730,93814,93729,93693,93602,93602,93480,93480,93384,93315,93315,93116,91561,90791,90623,88375,88402,88402,87459,87509,86856,85919,85919,85919,85919,85919,85428,85455,85455],"floor_reached":56,"language":"ZHS","playtime":4047,"items_purged":["Defend_R","Strike_R","Strike_R","Defend_R","Defend_R","Strike_R","Strike_R","Bash"],"score":1514,"play_id":"62d6e5b4-7af5-407d-beb9-1be17394fa40","local_time":"20210126125934","is_ascension_mode":false,"campfire_choices":[{"floor":7,"key":"RECALL"},{"floor":15,"key":"DIG"},{"floor":32,"key":"DIG"},{"floor":23,"key":"DIG"},{"floor":32,"key":"DIG"},{"floor":44,"key":"DIG"},{"floor":49,"key":"DIG"},{"floor":52,"key":"DIG"}],"circlet_count":0,"master_deck":["EpicFetus","Pummel","Feel No Pain","Offering","Exhume","ReplayTheSpireMod:Necrogeddon","Flash of Steel","Sword Boomerang","Headbutt","ReplayTheSpireMod:Muscle Training","Flex","Sword Boomerang","Thunderclap","Barricade+1","Metallicize","Disarm","Demon Form","Armaments+1","Blood for Blood+1","Berserk","Inflame","Blood for Blood","Flex","Evolve+1","Pommel Strike+1","Juggernaut+1","Inflame+1","Fire Breathing+1","Panacea","Spot Weakness","Necronomicurse","Rupture+1","Rupture+1","Sword Boomerang+1","Exhume+1","Metallicize+1","Pummel","Rupture+1","Berserk+1","Twin Strike","Dark Embrace+1","Metallicize+1"],"relics":["Burning Blood","HushsDoor","Chaos","NeowsBlessing","Basket Of Snakes","BookofShadows","Divine Protection","Akabeko","Shovel","NineVolt","Blood Vial","Succubus","Snecko Scales","Another Sword","Question Card","SlaversCollar","Garlic","Frozen Egg 2","Peace Pipe","Pen Nib","ReplayTheSpireMod:Spearhead","Durian","WristBlade","PreservedInsect","NineVolt","Runic Capacitor","OrangePellets","Tiny Chest","SacredBark","Replay:Bottled Snecko","InkBottle","Necronomicon","TuHaoJin","King of Hearts","Oddly Smooth Stone","MegaBlast","Black Blood","Incubus","Snake Skull","GuppysHead","Guide Book","ReplayTheSpireMod:DimensionalGlitch","GnawedLeaf","Shuriken","HoveringKite","BelialBook","Lizard Tail","Counterbalance","Strange Spoon","Replay:PocketPolymizer","HornCleat","Pear","Raider\u0027s Mask","ReplayTheSpireMod:Lightbulb","Toxic Egg 2","Honey Jar","Vajra","SteamSale","Tingsha","Electric Blood"],"acts_visited":["Exordium","TheCity","TheBeyond","TheEnding"],"potions_floor_usage":[11,55,55,55,55],"damage_taken":[{"damage":0,"enemies":"Small Slimes","floor":1,"turns":1},{"damage":0,"enemies":"Cultist","floor":4,"turns":1},{"damage":0,"enemies":"2 Louse","floor":5,"turns":1},{"damage":25,"enemies":"Lagavulin","floor":6,"turns":6},{"damage":7,"enemies":"Lots of Slimes","floor":8,"turns":4},{"damage":0,"enemies":"Gremlin Nob","floor":10,"turns":4},{"damage":10,"enemies":"Hiden Room Battle","floor":11,"turns":1},{"damage":0,"enemies":"Exordium Thugs","floor":12,"turns":1},{"damage":2,"enemies":"3 Sentries","floor":13,"turns":3},{"damage":0,"enemies":"Blue Slaver","floor":14,"turns":1},{"damage":0,"enemies":"Fading Forest","floor":16,"turns":9},{"damage":0,"enemies":"3 Byrds","floor":18,"turns":3},{"damage":8,"enemies":"2 Thieves","floor":20,"turns":2},{"damage":0,"enemies":"Shelled Parasite and Fungi","floor":21,"turns":2},{"damage":0,"enemies":"Slavers","floor":23,"turns":2},{"damage":14,"enemies":"Snake Plant","floor":24,"turns":3},{"damage":0,"enemies":"Snecko","floor":27,"turns":3},{"damage":11,"enemies":"Centurion and Healer","floor":28,"turns":4},{"damage":0,"enemies":"Cultist and Chosen","floor":30,"turns":3},{"damage":0,"enemies":"Replay:Snechameleon","floor":31,"turns":2},{"damage":0,"enemies":"Shell Parasite","floor":18,"turns":2},{"damage":19,"enemies":"Hiden Room Battle","floor":20,"turns":3},{"damage":0,"enemies":"Chosen","floor":21,"turns":2},{"damage":3,"enemies":"Gremlin Leader","floor":24,"turns":2},{"damage":0,"enemies":"Shelled Parasite and Fungi","floor":27,"turns":1},{"damage":0,"enemies":"Slavers","floor":30,"turns":1},{"damage":0,"enemies":"Chosen and Byrds","floor":31,"turns":1},{"damage":0,"enemies":"Collector","floor":33,"turns":1},{"damage":0,"enemies":"3 Shapes","floor":35,"turns":1},{"damage":0,"enemies":"2 Orb Walkers","floor":36,"turns":1},{"damage":0,"enemies":"Orb Walker","floor":38,"turns":1},{"damage":0,"enemies":"Giant Head","floor":40,"turns":1},{"damage":0,"enemies":"Jaw Worm Horde","floor":41,"turns":1},{"damage":0,"enemies":"Transient","floor":42,"turns":1},{"damage":0,"enemies":"Maw","floor":47,"turns":1},{"damage":23,"enemies":"Replay:Hell Engine","floor":50,"turns":4},{"damage":4,"enemies":"Shield and Spear","floor":54,"turns":2},{"damage":67,"enemies":"LittleHush","floor":55,"turns":8}],"seed_played":"5147399149836814388","potions_obtained":[{"floor":1,"key":"SpeedPotion"},{"floor":13,"key":"Cursed Concoction"},{"floor":21,"key":"BloodPotion"},{"floor":24,"key":"CultistPotion"}],"is_trial":false,"path_per_floor":["M","$","?","M","M","E","R","M","T","E","?","M","E","M","R","B",null,"M","?","M","M","$","E","M","$","T","M","M","?","M","E","R","M","?","?","M","$","R","E","?","T","M","$","?","E","M","R_BF","B",null,"M","?","T","M","$","E","M","M","T","R","$","T","M","$","R","B",null,"R","$","E","B",null],"character_chosen":"IRONCLAD","items_purchased":["Basket Of Snakes","BookofShadows","Divine Protection","Feel No Pain","Offering","Exhume","Weak Potion","Death Potion","ReplayTheSpireMod:Necrogeddon","Flash of Steel","FairyPotion","SlaversCollar","Garlic","ForgetMeNow","Inflame","Peace Pipe","Pen Nib","ReplayTheSpireMod:Spearhead","Evolve+1","OrangePellets","Tiny Chest","SacredBark","Panacea","King of Hearts","Oddly Smooth Stone","MegaBlast","Rupture+1","GuppysHead","GnawedLeaf","Shuriken","HoveringKite","Metallicize+1","Strange Spoon","Replay:PocketPolymizer","HornCleat","Rupture+1","Raider\u0027s Mask","ReplayTheSpireMod:Lightbulb","Toxic Egg 2","Berserk+1","Adrenaline Potion","SteamSale","Tingsha","Venom Potion","Dark Embrace+1"],"campfire_rested":0,"item_purchase_floors":[2,2,2,2,2,2,2,2,2,2,17,22,22,22,22,25,25,25,25,22,22,22,22,28,28,28,28,34,39,39,39,39,45,45,45,45,48,48,48,48,48,53,53,53,53],"current_hp_per_floor":[80,80,80,80,80,61,61,60,60,66,62,70,76,80,80,80,76,76,76,74,76,76,76,68,68,68,76,71,76,81,81,81,81,81,68,76,76,76,81,65,65,73,73,73,81,81,81,81,71,71,71,71,71,71,71,71,71,71,71,71,81,81,81,81,67,81,81,81,81,39],"gold":85455,"neow_bonus":"THREE_ENEMY_KILL","is_daily":false,"chose_seed":false,"campfire_upgraded":0,"win_rate":0.0,"timestamp":1611637174,"path_taken":["M","$","?","?","M","E","R","M","T","E","?","M","E","M","R","BOSS","M","?","M","?","$","E","M","$","T","M","M","?","M","E","R","M","?","?","M","$","R","E","?","T","M","$","?","E","M","R_BF","BOSS","M","?","?","?","$","E","M","?","T","R","?","?","M","$","R","BOSS","R","$","E","BOSS"],"items_purchased_type":["Relic","Relic","Relic","Card","Card","Card","Potion","Potion","Card","Card","Potion","Relic","Relic","Relic","Card","Relic","Relic","Relic","Card","Relic","Relic","Relic","Card","Relic","Relic","Relic","Card","Relic","Relic","Relic","Relic","Card","Relic","Relic","Relic","Card","Relic","Relic","Relic","Card","Potion","Relic","Relic","Potion","Card"],"build_version":"2020-12-22","purchased_purges":8,"victory":true,"max_hp_per_floor":[80,80,80,80,80,80,80,80,80,80,80,80,80,80,80,80,76,76,76,76,76,76,76,76,76,76,76,76,81,81,81,81,81,81,81,81,81,81,81,81,81,81,81,81,81,81,81,81,71,71,71,71,71,71,71,71,71,71,71,71,81,81,81,81,81,81,81,81,81,81],"card_choices":[{"not_picked":[],"picked":"EpicFetus","floor":0},{"not_picked":["Headbutt","ReplayTheSpireMod:Limb From Limb"],"picked":"Pummel","floor":1},{"not_picked":["Rage","Heavy Blade"],"picked":"Sword Boomerang","floor":4},{"not_picked":["Body Slam","ReplayTheSpireMod:Strike From Hell"],"picked":"Headbutt","floor":5},{"not_picked":["Havoc","True Grit"],"picked":"ReplayTheSpireMod:Muscle Training","floor":6},{"not_picked":["Reckless Charge","Headbutt"],"picked":"Flex","floor":8},{"not_picked":["Armaments","Body Slam"],"picked":"Sword Boomerang","floor":10},{"not_picked":["Body Slam","Evolve"],"picked":"Thunderclap","floor":11},{"not_picked":["Wild Strike","Seeing Red"],"picked":"Barricade","floor":12},{"not_picked":["Dual Wield","ReplayTheSpireMod:Limb From Limb"],"picked":"Metallicize","floor":13},{"not_picked":["Abandon","Anger"],"picked":"Disarm","floor":14},{"not_picked":["Reaper","Double Tap"],"picked":"Demon Form","floor":16},{"not_picked":["Iron Wave","Shockwave","Shrug It Off"],"picked":"Armaments+1","floor":18},{"not_picked":["Iron Wave","ReplayTheSpireMod:Strike From Hell+1","Wild Strike+1"],"picked":"Blood for Blood+1","floor":20},{"not_picked":["True Grit","Thunderclap+1","ReplayTheSpireMod:Stacked+1"],"picked":"Berserk","floor":21},{"not_picked":["Wild Strike+1","Entrench+1","Ghostly Armor+1"],"picked":"Blood for Blood","floor":23},{"not_picked":["Whirlwind+1","Sword Boomerang","Warcry"],"picked":"Flex","floor":24},{"not_picked":["Clash+1","ReplayTheSpireMod:Strike From Hell","Havoc","Iron Wave+1"],"picked":"SKIP","floor":27},{"not_picked":["Heavy Blade+1","ReplayTheSpireMod:Stacked+1","Perfected Strike"],"picked":"Pommel Strike+1","floor":28},{"not_picked":["Shockwave","Clash+1","Twin Strike","Armaments"],"picked":"SKIP","floor":30},{"not_picked":["Havoc","True Grit","Cleave"],"picked":"Juggernaut+1","floor":31},{"not_picked":["Wild Strike","Rampage","Armaments","Blood for Blood+1"],"picked":"SKIP","floor":18},{"not_picked":["ReplayTheSpireMod:Stacked","Abandon","Evolve+1"],"picked":"Fire Breathing+1","floor":20},{"not_picked":["ReplayTheSpireMod:Muscle Training","Clothesline+1","ReplayTheSpireMod:Strike From Hell","Pommel Strike"],"picked":"SKIP","floor":21},{"not_picked":["Replay:Undeath\u0027s Touch+1","Headbutt","Armaments"],"picked":"Spot Weakness","floor":24},{"not_picked":["Searing Blow","Warcry+1","Burning Pact","Heavy Blade"],"picked":"SKIP","floor":27},{"not_picked":["Second Wind","Searing Blow","Fire Breathing+1","Run Through"],"picked":"SKIP","floor":30},{"not_picked":["Perfected Strike+1","Seeing Red","Rage"],"picked":"Sword Boomerang+1","floor":31},{"not_picked":["Bludgeon","Reaper","Corruption+1"],"picked":"Exhume","floor":33},{"not_picked":["Warcry+1","Twin Strike","Shockwave+1","Iron Wave"],"picked":"SKIP","floor":35},{"not_picked":["Immolate","Anger","Blood for Blood+1","ReplayTheSpireMod:LeadingStrike+1"],"picked":"SKIP","floor":38},{"not_picked":["Heavy Blade","Whirlwind","Massacre"],"picked":"Pummel","floor":40},{"not_picked":["Armaments","Havoc+1","Replay:Undeath\u0027s Touch+1","Anger"],"picked":"SKIP","floor":41},{"not_picked":["Pommel Strike","Iron Wave","Headbutt","Warcry+1"],"picked":"SKIP","floor":42},{"not_picked":["ReplayTheSpireMod:Corrosion Curse","Clash","Pommel Strike+1","Perfected Strike+1"],"picked":"SKIP","floor":47},{"not_picked":["Iron Wave","Havoc+1","Run Through","Clothesline"],"picked":"Metallicize+1","floor":54}],"player_experience":364474,"relics_obtained":[{"floor":6,"key":"Akabeko"},{"floor":9,"key":"Shovel"},{"floor":10,"key":"NineVolt"},{"floor":11,"key":"Blood Vial"},{"floor":11,"key":"Succubus"},{"floor":13,"key":"Snecko Scales"},{"floor":15,"key":"Another Sword"},{"floor":23,"key":"Frozen Egg 2"},{"floor":31,"key":"WristBlade"},{"floor":32,"key":"PreservedInsect"},{"floor":20,"key":"NineVolt"},{"floor":20,"key":"Runic Capacitor"},{"floor":23,"key":"Replay:Bottled Snecko"},{"floor":24,"key":"InkBottle"},{"floor":25,"key":"Necronomicon"},{"floor":26,"key":"TuHaoJin"},{"floor":32,"key":"Incubus"},{"floor":36,"key":"Guide Book"},{"floor":37,"key":"ReplayTheSpireMod:DimensionalGlitch"},{"floor":40,"key":"BelialBook"},{"floor":43,"key":"Lizard Tail"},{"floor":44,"key":"Counterbalance"},{"floor":46,"key":"Pear"},{"floor":49,"key":"Honey Jar"},{"floor":52,"key":"Vajra"},{"floor":54,"key":"Electric Blood"}],"event_choices":[{"damage_healed":0,"gold_gain":0,"player_choice":"Ignored","damage_taken":0,"max_hp_gain":0,"max_hp_loss":0,"event_name":"Liars Game","floor":3,"gold_loss":0},{"damage_healed":0,"gold_gain":0,"player_choice":"Fight","damage_taken":0,"max_hp_gain":0,"max_hp_loss":0,"event_name":"HidenRoomEvent","floor":11,"gold_loss":0},{"cards_removed":["Defend_R"],"damage_healed":0,"gold_gain":0,"player_choice":"Elegance","damage_taken":0,"max_hp_gain":0,"max_hp_loss":0,"event_name":"Back to Basics","floor":19,"gold_loss":0},{"damage_healed":0,"gold_gain":0,"player_choice":"Obtained Relic","damage_taken":0,"relics_obtained":["Durian"],"max_hp_gain":0,"max_hp_loss":0,"event_name":"Addict","floor":29,"gold_loss":85},{"damage_healed":0,"gold_gain":0,"player_choice":"Read","damage_taken":0,"max_hp_gain":0,"max_hp_loss":0,"event_name":"The Library","floor":19,"gold_loss":0,"cards_obtained":["Inflame"]},{"damage_healed":0,"gold_gain":0,"player_choice":"Fight","damage_taken":0,"max_hp_gain":0,"max_hp_loss":0,"event_name":"HidenRoomEvent","floor":20,"gold_loss":0},{"damage_healed":0,"gold_gain":0,"player_choice":"Obtained Book","damage_taken":16,"max_hp_gain":0,"max_hp_loss":0,"event_name":"Cursed Tome","floor":25,"gold_loss":0},{"damage_healed":0,"gold_gain":0,"player_choice":"Obtained Relic","damage_taken":0,"relics_obtained":["Black Blood"],"max_hp_gain":0,"max_hp_loss":0,"event_name":"Addict","floor":29,"gold_loss":85},{"damage_healed":0,"gold_gain":0,"player_choice":"Fight","damage_taken":0,"max_hp_gain":0,"max_hp_loss":0,"event_name":"Mysterious Sphere","floor":36,"gold_loss":0}],"is_beta":false,"boss_relics":[{"not_picked":["Ancient Tea Set","DollysMirror"],"picked":"Question Card"},{"not_picked":[]},{"not_picked":["Geode","Nuclear Battery"],"picked":"Snake Skull"},{"not_picked":[]}],"items_purged_floors":[2,22,25,22,28,45,48,53],"is_endless":false,"potions_floor_spawned":[1,6,10,13,16,21,27,30,31,24,30,31,33,36,38,47],"ascension_level":0}}