{"host":"d7fiu2yjkssjxoz6","time":1611648516,"event":{"mods":["AchievementEnabler","BaseMod","Duelist Mod","Minty Spire (QoL Compilation)","StSLib"],"gold_per_floor":[138,138,152,327,337,368,368,403,403,403,423,423,423,466,466,562,562,585,585,600,614,444,472,492,517,517,517,59,89,109,156,156,229,229,246,246,146,146,161,186,186,152,152,128,156,108,36,26,26,21,21,21,21,72,2],"floor_reached":56,"language":"ENG","playtime":4210,"items_purged":["Injury","theDuelist:GravekeeperCurse"],"score":2421,"play_id":"b0bc79bc-6bd3-4abd-afcd-5e150475209d","local_time":"20210126000836","is_ascension_mode":true,"campfire_choices":[{"data":"theDuelist:RainbowDarkDragon","floor":7,"key":"SMITH"},{"floor":10,"key":"DIG"},{"floor":15,"key":"DIG"},{"floor":27,"key":"DIG"},{"floor":32,"key":"RECALL"},{"floor":41,"key":"DIG"},{"floor":49,"key":"DIG"},{"floor":52,"key":"DIG"}],"circlet_count":0,"master_deck":["Writhe","theDuelist:SummonedSkull","theDuelist:Hayate+1","theDuelist:RainbowKuriboh+1","theDuelist:KamionTimelord","theDuelist:BigFire","Finesse","theDuelist:RainbowDarkDragon","theDuelist:KamionTimelord+1","theDuelist:RainbowNeos+1","theDuelist:Sparks","theDuelist:Eva","theDuelist:AlphaMagnet","theDuelist:DoomcaliberKnight","theDuelist:Pumpking","theDuelist:CastleWalls","theDuelist:CardSafeReturn+1","theDuelist:NaturiaPineapple","theDuelist:SuperSolarNutrient","theDuelist:DunamesDarkWitch","theDuelist:RainbowNeos+1","theDuelist:RainbowFlower","theDuelist:RainbowRuins","theDuelist:BlacklandFireDragon","theDuelist:CursedBill","theDuelist:CastleWalls","theDuelist:HorusServant","theDuelist:KamionTimelord+1","Madness","theDuelist:Sparks","AscendersBane","theDuelist:RainbowRefraction","Madness","theDuelist:RainbowKuribohBasic","theDuelist:Eva+1","theDuelist:CurseArmaments","theDuelist:MillenniumGolem","theDuelist:CallGrave","theDuelist:Gozuki+1","theDuelist:RainbowDarkDragon+1","theDuelist:AlphaMagnet","theDuelist:GateGuardian","Madness","theDuelist:RainbowKuriboh+1"],"relics":["theDuelist:MillenniumPuzzle","theDuelist:CardPoolRelic","theDuelist:CardPoolBasicRelic","theDuelist:BoosterPackPoolRelic","theDuelist:CardPoolAddRelic","theDuelist:CardPoolMinusRelic","theDuelist:CardPoolSaveRelic","theDuelist:CardPoolOptionsRelic","Gambling Chip","theDuelist:WhiteBowlRelic","Shovel","Happy Flower","Bloody Idol","Centennial Puzzle","Whetstone","theDuelist:HauntedRelic","PreservedInsect","Turnip","theDuelist:DuelistLetterOpener","Bag of Marbles","Bag of Preparation","Potion Belt","Champion Belt","theDuelist:BoosterPackMonsterEgg","Ginger","Black Star","Anchor","theDuelist:KaibaToken","Pocketwatch","theDuelist:MillenniumPrayerbook","theDuelist:PrayerPageA","Toxic Egg 2","Boot","CeramicFish","Pantograph","theDuelist:GiftAnubis","theDuelist:PrayerPageB","TungstenRod"],"acts_visited":["Exordium","TheCity","TheBeyond","TheEnding"],"potions_floor_usage":[14,25,55,55,55],"damage_taken":[{"damage":0,"enemies":"Small Slimes","floor":1,"turns":3},{"damage":0,"enemies":"2 Louse","floor":3,"turns":2},{"damage":0,"enemies":"Jaw Worm","floor":5,"turns":3},{"damage":4,"enemies":"Gremlin Nob","floor":6,"turns":4},{"damage":0,"enemies":"3 Sentries","floor":8,"turns":4},{"damage":0,"enemies":"Blue Slaver","floor":11,"turns":3},{"damage":0,"enemies":"Lagavulin","floor":14,"turns":4},{"damage":8,"enemies":"The Guardian","floor":16,"turns":8},{"damage":22,"enemies":"3 Byrds","floor":18,"turns":3},{"damage":0,"enemies":"2 Thieves","floor":20,"turns":2},{"damage":10,"enemies":"Snake Plant","floor":21,"turns":3},{"damage":1,"enemies":"theDuelist:KaibaA2","floor":23,"turns":4},{"damage":0,"enemies":"Centurion and Healer","floor":24,"turns":4},{"damage":13,"enemies":"Slavers","floor":25,"turns":2},{"damage":0,"enemies":"Gremlin Leader","floor":29,"turns":4},{"damage":0,"enemies":"Sentry and Sphere","floor":30,"turns":3},{"damage":8,"enemies":"Sentry and Sphere","floor":31,"turns":7},{"damage":1,"enemies":"Automaton","floor":33,"turns":7},{"damage":0,"enemies":"Orb Walker","floor":35,"turns":1},{"damage":1,"enemies":"3 Darklings","floor":39,"turns":1},{"damage":0,"enemies":"Reptomancer","floor":40,"turns":1},{"damage":4,"enemies":"Maw","floor":42,"turns":8},{"damage":2,"enemies":"Jaw Worm Horde","floor":44,"turns":3},{"damage":0,"enemies":"Nemesis","floor":45,"turns":1},{"damage":0,"enemies":"4 Shapes","floor":46,"turns":4},{"damage":1,"enemies":"Giant Head","floor":47,"turns":4},{"damage":9,"enemies":"Sphere and 2 Shapes","floor":48,"turns":1},{"damage":11,"enemies":"Awakened One","floor":50,"turns":5},{"damage":4,"enemies":"Shield and Spear","floor":54,"turns":2},{"damage":93,"enemies":"The Heart","floor":55,"turns":5}],"seed_played":"7483897098054265358","potions_obtained":[{"floor":5,"key":"theDuelist:BurningPotion"},{"floor":8,"key":"SpeedPotion"},{"floor":16,"key":"theDuelist:SealedPackC"},{"floor":29,"key":"Explosive Potion"},{"floor":31,"key":"theDuelist:VampireVial"},{"floor":33,"key":"CultistPotion"}],"is_trial":false,"path_per_floor":["M","?","M","?","M","E","R","E","T","R","M","?","?","E","R","B",null,"M","?","M","M","?","E","M","E","T","R","$","E","M","?","R","B",null,"M","?","$","?","M","E","R","M","T","M","E","M","E","M","R","B",null,"R","$","E","B",null],"character_chosen":"THE_DUELIST","items_purchased":["Bag of Marbles","Bag of Preparation","theDuelist:HorusServant"],"campfire_rested":0,"item_purchase_floors":[28,28,28],"current_hp_per_floor":[88,88,88,88,88,84,84,84,84,84,84,77,77,77,77,69,89,67,67,77,72,72,76,81,73,73,73,73,78,83,80,80,84,93,96,108,108,94,98,103,103,104,104,108,108,108,108,108,108,97,105,105,105,108,15],"gold":2,"neow_bonus":"TWENTY_PERCENT_HP_BONUS","is_daily":false,"chose_seed":false,"campfire_upgraded":1,"win_rate":0.0,"timestamp":1611648516,"path_taken":["M","?","M","?","M","E","R","E","T","R","M","?","?","E","R","BOSS","M","?","M","M","?","E","M","E","T","R","$","E","M","?","R","BOSS","M","?","$","?","M","E","R","M","T","M","E","M","E","M","R","BOSS","R","$","E","BOSS"],"items_purchased_type":["Relic","Relic","Card"],"build_version":"2020-12-22","purchased_purges":2,"victory":true,"max_hp_per_floor":[96,96,96,96,96,96,96,96,96,96,96,96,96,96,96,96,96,96,96,96,96,96,96,96,96,96,96,96,96,96,96,96,96,96,96,108,108,108,108,108,108,108,108,108,108,108,108,108,108,108,108,108,108,108,108],"card_choices":[{"not_picked":["Magnetism","Secret Technique","Swift Strike"],"picked":"Madness","floor":1},{"not_picked":["theDuelist:WhiteMagicalHat","theDuelist:RainbowNeos","theDuelist:RainbowMagician","theDuelist:KamionTimelord"],"picked":"theDuelist:RainbowDarkDragon","floor":3},{"not_picked":["theDuelist:ShadowVampire","theDuelist:BigWaveSmallWave","theDuelist:GateGuardian","theDuelist:CurseDragon"],"picked":"theDuelist:Gozuki","floor":5},{"not_picked":["theDuelist:DestroyerGolem","theDuelist:GauntletWarrior","theDuelist:Hinotama","theDuelist:WormWarlord"],"picked":"theDuelist:BigFire","floor":6},{"not_picked":["theDuelist:Biofalcon","theDuelist:ArchfiendSoldier","theDuelist:BlizzardWarrior","theDuelist:RedGadget"],"picked":"theDuelist:Pumpking","floor":8},{"not_picked":["theDuelist:DragonZombie","theDuelist:KamionTimelord"],"picked":"theDuelist:GateGuardian","floor":11},{"not_picked":["theDuelist:Zombyra","theDuelist:Lajinn","theDuelist:PatricianDarkness","theDuelist:RainbowNeos"],"picked":"theDuelist:DoomcaliberKnight","floor":14},{"not_picked":["theDuelist:Metronome","theDuelist:BlasterDragonInfernos","theDuelist:QueenDragunDjinn","theDuelist:StardustDragon"],"picked":"theDuelist:RainbowDarkDragon","floor":16},{"not_picked":["theDuelist:AlphaMagnet","theDuelist:RainbowFlower","theDuelist:HappyLover","theDuelist:RainbowDragon"],"picked":"theDuelist:RainbowKuriboh+1","floor":18},{"not_picked":["theDuelist:PatricianDarkness","theDuelist:Pumpking","theDuelist:KingYami","theDuelist:AmphibiousBugroth"],"picked":"theDuelist:SummonedSkull","floor":20},{"not_picked":["theDuelist:BlizzardWarrior+1","theDuelist:RainbowDragon","theDuelist:PatricianDarkness","theDuelist:Boneheimer"],"picked":"theDuelist:AlphaMagnet","floor":21},{"not_picked":["theDuelist:ValkMagnet","theDuelist:GammaMagnet","theDuelist:RainbowFlower","theDuelist:DunamesDarkWitch+1"],"picked":"theDuelist:AlphaMagnet","floor":23},{"not_picked":["theDuelist:RainbowDarkDragon","theDuelist:ZombieWarrior","theDuelist:SuperheavyFlutist","theDuelist:GreenGraveOni"],"picked":"theDuelist:NaturiaPineapple","floor":24},{"not_picked":["theDuelist:Jinzo","theDuelist:WhiteHornDragon","theDuelist:Yami","theDuelist:RainbowJar"],"picked":"theDuelist:RainbowRuins","floor":25},{"not_picked":["theDuelist:VampireGrace","theDuelist:CommandKnight","theDuelist:FrillerRabca","theDuelist:HeartUnderdog+1"],"picked":"theDuelist:RainbowRefraction","floor":29},{"not_picked":["theDuelist:MudragonSwamp","theDuelist:HeavyStorm","theDuelist:PotAvarice","theDuelist:PurplePainOni"],"picked":"theDuelist:MillenniumGolem","floor":30},{"not_picked":["theDuelist:FrillerRabca","theDuelist:DarkMagician","theDuelist:Gernia+1","theDuelist:BlizzardDefender"],"picked":"theDuelist:BlacklandFireDragon","floor":31},{"not_picked":["theDuelist:RainbowFlower+1","theDuelist:RainbowNeos+1","theDuelist:MaleficRainbowDragon+1","theDuelist:IrisEarthMother+1"],"picked":"theDuelist:RainbowKuriboh+1","floor":33},{"not_picked":["theDuelist:Biofalcon+1","theDuelist:DragonPiper+1","theDuelist:ShallowGrave","theDuelist:BetaMagnet+1"],"picked":"theDuelist:SuperSolarNutrient","floor":35},{"not_picked":["Dark Shackles","Forethought","Mind Blast"],"picked":"Finesse","floor":39},{"not_picked":["theDuelist:FabledAshenveil+1","theDuelist:FogKing+1","theDuelist:MysticalElf+1","theDuelist:BabyDragon+1","theDuelist:RainbowLife"],"picked":"SKIP","floor":40},{"not_picked":["theDuelist:BigFire+1"],"picked":"theDuelist:CallGrave","floor":42},{"not_picked":["theDuelist:ValkMagnet+1","theDuelist:BetaMagnet+1","theDuelist:DunamesDarkWitch+1","theDuelist:RainbowOverdragon+1"],"picked":"theDuelist:Eva+1","floor":44},{"not_picked":["theDuelist:RainbowDragon+1","theDuelist:MaleficRainbowDragon+1","theDuelist:RainbowKuriboh+1","theDuelist:RainbowOverdragon+1"],"picked":"theDuelist:KamionTimelord+1","floor":45},{"not_picked":["theDuelist:BlizzardWarrior+1","theDuelist:VampireFraulein+1","theDuelist:GreenGadget+1","theDuelist:FluteSummoning+1"],"picked":"theDuelist:RainbowNeos+1","floor":46},{"not_picked":["theDuelist:CosmicHorrorGangiel+1","theDuelist:CallMummy+1","theDuelist:Zombyra+1","theDuelist:RainbowLife+1","theDuelist:FearFromDark+1"],"picked":"SKIP","floor":47},{"not_picked":["theDuelist:OniGamiCombo","theDuelist:Mountain","theDuelist:RainbowRefraction+1"],"picked":"theDuelist:CardSafeReturn+1","floor":48},{"not_picked":["theDuelist:SangaThunder+1","theDuelist:VampireLord+1","theDuelist:GravityBlaster+1","theDuelist:BlizzardDefender+1"],"picked":"theDuelist:KamionTimelord+1","floor":54}],"player_experience":305631,"relics_obtained":[{"floor":6,"key":"Gambling Chip"},{"floor":8,"key":"theDuelist:WhiteBowlRelic"},{"floor":9,"key":"Shovel"},{"floor":10,"key":"Happy Flower"},{"floor":14,"key":"Centennial Puzzle"},{"floor":15,"key":"Whetstone"},{"floor":23,"key":"PreservedInsect"},{"floor":25,"key":"Turnip"},{"floor":27,"key":"theDuelist:DuelistLetterOpener"},{"floor":29,"key":"Potion Belt"},{"floor":31,"key":"Champion Belt"},{"floor":31,"key":"theDuelist:BoosterPackMonsterEgg"},{"floor":31,"key":"Ginger"},{"floor":40,"key":"Anchor"},{"floor":40,"key":"theDuelist:KaibaToken"},{"floor":41,"key":"Pocketwatch"},{"floor":43,"key":"theDuelist:MillenniumPrayerbook"},{"floor":45,"key":"theDuelist:PrayerPageA"},{"floor":45,"key":"Toxic Egg 2"},{"floor":47,"key":"Boot"},{"floor":47,"key":"CeramicFish"},{"floor":49,"key":"Pantograph"},{"floor":52,"key":"theDuelist:GiftAnubis"},{"floor":54,"key":"theDuelist:PrayerPageB"},{"floor":54,"key":"TungstenRod"}],"event_choices":[{"damage_healed":0,"gold_gain":0,"player_choice":"Grow","damage_taken":0,"max_hp_gain":0,"max_hp_loss":0,"event_name":"Living Wall","floor":2,"gold_loss":0,"cards_upgraded":["theDuelist:RainbowNeos"]},{"damage_healed":0,"gold_gain":175,"player_choice":"AGREE","damage_taken":0,"max_hp_gain":0,"max_hp_loss":0,"event_name":"Liars Game","floor":4,"gold_loss":0,"cards_obtained":["Doubt"]},{"cards_removed":["Doubt"],"damage_healed":0,"gold_gain":0,"player_choice":"Card Removal","damage_taken":7,"max_hp_gain":0,"max_hp_loss":0,"event_name":"Golden Wing","floor":12,"gold_loss":0},{"damage_healed":0,"gold_gain":0,"player_choice":"Take Wound","damage_taken":0,"relics_obtained":["Golden Idol"],"max_hp_gain":0,"max_hp_loss":0,"event_name":"Golden Idol","floor":13,"gold_loss":0,"cards_obtained":["Injury"]},{"damage_healed":0,"gold_gain":0,"player_choice":"Gave Idol","damage_taken":0,"relics_obtained":["Bloody Idol"],"max_hp_gain":0,"max_hp_loss":0,"event_name":"Forgotten Altar","floor":19,"relics_lost":["Golden Idol"],"gold_loss":0},{"damage_healed":0,"gold_gain":0,"player_choice":"Purchased Timelord Kamion for 170 Gold.","duelist":true,"damage_taken":0,"max_hp_gain":0,"max_hp_loss":0,"event_name":"Card Trader","floor":22,"gold_loss":0},{"damage_healed":0,"gold_gain":0,"player_choice":"Fight","duelist":true,"damage_taken":0,"max_hp_gain":0,"max_hp_loss":0,"event_name":"Battle City","floor":31,"gold_loss":0},{"damage_healed":0,"gold_gain":0,"player_choice":"Break - +12 Max HP","duelist":true,"damage_taken":0,"max_hp_gain":0,"max_hp_loss":0,"event_name":"Tomb of the Nameless","floor":36,"gold_loss":0},{"damage_healed":0,"gold_gain":0,"player_choice":"Embrace Madness","damage_taken":14,"max_hp_gain":0,"max_hp_loss":0,"event_name":"Winding Halls","floor":38,"gold_loss":0,"cards_obtained":["Madness","Madness"]}],"is_beta":false,"boss_relics":[{"not_picked":["Pandora\u0027s Box","HoveringKite"],"picked":"theDuelist:HauntedRelic"},{"not_picked":["Busted Crown","Sozu"],"picked":"Black Star"}],"items_purged_floors":[28,37],"is_endless":false,"potions_floor_spawned":[5,8,16,23,24,29,31,33,39,40,46,47,48],"ascension_level":13}}