{"host":"yajbwjoofeeg2olc","time":1611682778,"event":{"mods":["AchievementEnabler","BaseMod","Better Altar","Better Match","Better Note","Better Sensory Stone","Better Skull","Better Third Choice","BetterRewards","Colored Map","Downfall","GifTheSpireLib","Highlight Path","Minty Spire (QoL Compilation)","Permanent Neow","Replay The Spire","StSLib"],"gold_per_floor":[99,110,172,2,12,12,88,88,88,100,14,14,47,62,76,76,76,76],"floor_reached":16,"language":"ENG","playtime":1605,"items_purged":[],"score":100,"play_id":"7dfc4938-2b09-4b20-b9de-724f0237b1b1","local_time":"20210126173938","is_ascension_mode":false,"campfire_choices":[{"floor":1,"key":"RECALL"},{"floor":8,"key":"REST"}],"circlet_count":0,"master_deck":["bronze:Strike","bronze:Strike","bronze:Defend","bronze:Defend","bronze:Defend","bronze:Defend","bronze:Replicate","bronze:Goto","bronze:Frontload","bronze:Optimize","bronze:Terminator","bronze:WildBeam","bronze:MaxOutput","bronze:DarkDash","bronze:Overload","bronze:DazingPulse","bronze:ClassDefault","Sickly","bronze:BuggyMess","bronze:Return","bronze:Repair","bronze:Turbo","bronze:Philosophize","bronze:Separator"],"relics":["bronze:BronzeCore","Oddly Smooth Stone","Question Card","Ring of Fury","Ring of Peace","Centennial Puzzle"],"acts_visited":["Exordium"],"potions_floor_usage":[2,16,16],"damage_taken":[{"damage":1,"enemies":"Cultist","floor":2,"turns":4},{"damage":60,"enemies":"Lagavulin Event","floor":3,"turns":10},{"damage":0,"enemies":"downfall:FleeingMerchant","floor":4,"turns":4},{"damage":7,"enemies":"Small Slimes","floor":5,"turns":4},{"damage":0,"enemies":"Small Slimes","floor":6,"turns":3},{"damage":0,"enemies":"2 Louse","floor":10,"turns":3},{"damage":0,"enemies":"downfall:FleeingMerchant","floor":11,"turns":4},{"damage":33,"enemies":"3 Sentries","floor":13,"turns":13},{"damage":0,"enemies":"Blue Slaver","floor":14,"turns":4},{"damage":21,"enemies":"Gremlin Gang","floor":15,"turns":8},{"damage":51,"enemies":"DF_ARCHETYPE_STREAMLINE","floor":16,"turns":12}],"seed_played":"-6030466611542719147","potions_obtained":[{"floor":2,"key":"Fruit Juice"},{"floor":3,"key":"Adrenaline Potion"},{"floor":13,"key":"Explosive Potion"},{"floor":15,"key":"SkillPotion"}],"is_trial":false,"path_per_floor":["R","M","?","$","M","?","T","R","?","M","$","?","E","M","M","B"],"character_chosen":"THE_AUTOMATON","items_purchased":["bronze:MaxOutput","bronze:DarkDash","bronze:Repair"],"campfire_rested":1,"item_purchase_floors":[4,4,11],"current_hp_per_floor":[70,74,14,14,7,7,7,29,29,29,29,29,6,13,16,0,0,0],"gold":76,"neow_bonus":"TRANSFORM_CARD","is_daily":false,"chose_seed":false,"campfire_upgraded":0,"win_rate":0.0,"timestamp":1611682778,"path_taken":["R","M","?","$","M","?","T","R","?","M","$","?","E","M","M","BOSS"],"items_purchased_type":["Card","Card","Card"],"build_version":"2020-12-22","purchased_purges":0,"victory":false,"max_hp_per_floor":[70,75,75,75,75,75,75,75,75,75,75,75,75,75,75,75,75,75],"card_choices":[{"not_picked":["bronze:CutThrough","bronze:GetLatest"],"picked":"bronze:Optimize","floor":2},{"not_picked":["bronze:WhirlingStrike","bronze:CutThrough"],"picked":"bronze:Terminator","floor":3},{"not_picked":["bronze:GetLatest","bronze:BugBarrage"],"picked":"bronze:WildBeam","floor":4},{"not_picked":["bronze:BuggyMess","bronze:CutThrough"],"picked":"bronze:Overload","floor":5},{"not_picked":[],"picked":"bronze:DazingPulse","floor":6},{"not_picked":["bronze:Invalidate","bronze:ForLoop"],"picked":"bronze:ClassDefault","floor":6},{"not_picked":["bronze:Branch","bronze:Invalidate","bronze:Overheat"],"picked":"bronze:BuggyMess","floor":10},{"not_picked":["bronze:Deprecate","bronze:Overload","bronze:AlphaBuild"],"picked":"bronze:Return","floor":11},{"not_picked":["bronze:DelayedSlice","bronze:DelayedGuard","bronze:ClassDefault"],"picked":"bronze:Turbo","floor":13},{"not_picked":["bronze:Overload","bronze:MaxOutput","bronze:Constructor"],"picked":"bronze:Philosophize","floor":14},{"not_picked":["bronze:BronzeArmor","bronze:DelayedSlice","bronze:FineTuning"],"picked":"bronze:Separator","floor":15}],"player_experience":257244,"relics_obtained":[{"floor":3,"key":"Oddly Smooth Stone"},{"floor":7,"key":"Question Card"},{"floor":9,"key":"Ring of Fury"},{"floor":9,"key":"Ring of Peace"},{"floor":13,"key":"Centennial Puzzle"}],"event_choices":[],"is_beta":false,"boss_relics":[],"items_purged_floors":[],"is_endless":false,"potions_floor_spawned":[2,3,13,15],"killed_by":"DF_ARCHETYPE_STREAMLINE","ascension_level":0}}