{"host":"2e3z4r48quhw80cc","time":1611684113,"event":{"mods":["BaseMod","Minty Spire (QoL Compilation)","Quick Restart","StSLib","SuperFastMode"],"gold_per_floor":[117,292,292,309,259,291,291,316,316,316,334,334,362,376,376,471,471,484,484,484,12,12,38,55,55,55,55,71,84,84,110,110,211,211,224,234,234,40,51,51,83,133,133,152,152,165,165,16,16,16],"floor_reached":51,"language":"KOR","playtime":2358,"items_purged":["Defend_G"],"score":982,"play_id":"9db28de5-43cb-4c5e-8fb3-9fdc6094c193","local_time":"20210127030153","is_ascension_mode":true,"campfire_choices":[{"data":"Venomology","floor":7.0,"key":"SMITH"},{"floor":10.0,"key":"REST"},{"data":"Cloak And Dagger","floor":15.0,"key":"SMITH"},{"data":"Accuracy","floor":27.0,"key":"SMITH"},{"floor":30.0,"key":"REST"},{"data":"Malaise","floor":32.0,"key":"SMITH"},{"data":"Cloak And Dagger","floor":40.0,"key":"SMITH"},{"data":"1","floor":47.0,"key":"LIFT"},{"data":"2","floor":49.0,"key":"LIFT"}],"circlet_count":0,"master_deck":["Strike_G","Strike_G","Strike_G","Defend_G","Defend_G","Defend_G","Survivor","Neutralize","Venomology+1","Flying Knee","Leg Sweep","Infinite Blades","Backflip","Cloak And Dagger+1","Venomology","Malaise+1","Dagger Throw+1","Accuracy+1","Deflect","Backstab","Footwork","Escape Plan","Dagger Spray+1","Cloak And Dagger+1","Well Laid Plans+1","Burst","Tactician","Infinite Blades+1","Madness","Madness"],"relics":["Ring of the Snake","Tough Bandages","Dream Catcher","TungstenRod","Art of War","Philosopher\u0027s Stone","Bottled Lightning","Bag of Preparation","Vajra","Centennial Puzzle","SacredBark","Sundial","Membership Card","Mummified Hand","Girya","InkBottle","Lee\u0027s Waffle","Oddly Smooth Stone"],"acts_visited":["Exordium","TheCity","TheBeyond"],"potions_floor_usage":[50,50,50,50,50],"damage_taken":[{"damage":16.0,"enemies":"Small Slimes","floor":1.0,"turns":8.0},{"damage":3.0,"enemies":"Jaw Worm","floor":4.0,"turns":6.0},{"damage":26.0,"enemies":"Lagavulin","floor":6.0,"turns":12.0},{"damage":14.0,"enemies":"Gremlin Nob","floor":8.0,"turns":5.0},{"damage":1.0,"enemies":"2 Louse","floor":11.0,"turns":3.0},{"damage":8.0,"enemies":"3 Sentries","floor":13.0,"turns":9.0},{"damage":0.0,"enemies":"2 Fungi Beasts","floor":14.0,"turns":3.0},{"damage":9.0,"enemies":"Hexaghost","floor":16.0,"turns":13.0},{"damage":3.0,"enemies":"Spheric Guardian","floor":18.0,"turns":6.0},{"damage":9.0,"enemies":"Book of Stabbing","floor":23.0,"turns":7.0},{"damage":14.0,"enemies":"2 Thieves","floor":24.0,"turns":4.0},{"damage":9.0,"enemies":"Shelled Parasite and Fungi","floor":28.0,"turns":4.0},{"damage":3.0,"enemies":"Snake Plant","floor":29.0,"turns":4.0},{"damage":12.0,"enemies":"Gremlin Leader","floor":31.0,"turns":9.0},{"damage":4.0,"enemies":"Collector","floor":33.0,"turns":10.0},{"damage":0.0,"enemies":"3 Darklings","floor":35.0,"turns":4.0},{"damage":6.0,"enemies":"3 Shapes","floor":36.0,"turns":3.0},{"damage":5.0,"enemies":"Spire Growth","floor":39.0,"turns":6.0},{"damage":0.0,"enemies":"Nemesis","floor":41.0,"turns":9.0},{"damage":0.0,"enemies":"Mind Bloom Boss Battle","floor":42.0,"turns":6.0},{"damage":7.0,"enemies":"4 Shapes","floor":44.0,"turns":3.0},{"damage":3.0,"enemies":"Sphere and 2 Shapes","floor":46.0,"turns":3.0},{"damage":0,"enemies":"Time Eater","floor":50,"turns":8}],"seed_played":"-3798989505307383769","potions_obtained":[{"floor":6.0,"key":"EssenceOfSteel"},{"floor":11.0,"key":"CunningPotion"},{"floor":16.0,"key":"ColorlessPotion"},{"floor":28.0,"key":"Ancient Potion"}],"is_trial":false,"path_per_floor":["M","?","?","M","?","E","R","E","T","R","M","?","E","M","R","B",null,"M","?","?","$","?","E","M","?","T","R","M","M","R","E","R","B",null,"M","M","?","$","M","R","E","?","T","M","?","M","R","$","R","B",null],"character_chosen":"THE_SILENT","items_purchased":["Footwork","Escape Plan","Bottled Lightning","Membership Card","Tactician","Lee\u0027s Waffle","Oddly Smooth Stone"],"campfire_rested":2,"item_purchase_floors":[21,21,21,38,38,48,48],"current_hp_per_floor":[54,54,54,51,51,25,25,11,11,32,31,36,28,28,28,19,75,72,72,72,72,72,63,49,49,49,49,52,49,71,59,59,55,75,75,69,69,69,64,64,64,64,64,57,49,46,46,82,82,82],"gold":16,"neow_bonus":"ONE_RANDOM_RARE_CARD","is_daily":false,"chose_seed":false,"campfire_upgraded":5,"win_rate":0.0,"timestamp":1611684113,"path_taken":["M","?","?","M","?","E","R","E","T","R","?","?","E","M","R","BOSS","M","?","?","$","?","E","M","?","T","R","?","M","R","E","R","BOSS","M","M","?","?","?","R","E","?","T","M","?","M","R","$","R","BOSS"],"items_purchased_type":["Card","Card","Relic","Relic","Card","Relic","Relic"],"build_version":"2020-12-22","purchased_purges":1,"victory":true,"max_hp_per_floor":[70,70,70,70,70,70,70,70,70,70,70,75,75,75,75,75,75,75,75,75,75,75,75,75,75,75,75,75,75,75,75,75,75,75,75,75,75,75,75,75,75,75,75,75,75,75,75,82,82,82],"card_choices":[{"not_picked":["Dagger Spray","Poisoned Stab"],"picked":"Flying Knee","floor":1.0},{"not_picked":["PiercingWail","Deflect"],"picked":"Leg Sweep","floor":4.0},{"not_picked":["Sucker Punch","Acrobatics"],"picked":"Infinite Blades","floor":6.0},{"not_picked":["Tactician","Leg Sweep"],"picked":"Backflip","floor":8.0},{"not_picked":["Poisoned Stab","Choke"],"picked":"Cloak And Dagger","floor":10.0},{"not_picked":["Reflex","Skewer","Infinite Blades"],"picked":"SKIP","floor":11.0},{"not_picked":["Dagger Throw","Backstab"],"picked":"Venomology","floor":13.0},{"not_picked":["Riddle With Holes","Flying Knee","Dagger Throw"],"picked":"SKIP","floor":14.0},{"not_picked":["Venomology","Storm of Steel"],"picked":"Malaise","floor":16.0},{"not_picked":["Dodge and Roll+1","Infinite Blades"],"picked":"Dagger Throw+1","floor":18.0},{"not_picked":["Flying Knee","Slice"],"picked":"Dagger Spray+1","floor":23.0},{"not_picked":["Bane","Flying Knee","Cloak And Dagger"],"picked":"SKIP","floor":24.0},{"not_picked":["Bane","Flying Knee"],"picked":"Cloak And Dagger","floor":24.0},{"not_picked":["Slice","Setup","PiercingWail"],"picked":"SKIP","floor":28.0},{"not_picked":["Deadly Poison+1","Bane","Dagger Spray"],"picked":"SKIP","floor":29.0},{"not_picked":["Sucker Punch+1","Predator+1"],"picked":"Well Laid Plans+1","floor":31.0},{"not_picked":["Wraith Form v2","Glass Knife"],"picked":"Burst","floor":33.0},{"not_picked":["Sucker Punch","Dodge and Roll","Concentrate"],"picked":"SKIP","floor":35.0},{"not_picked":["Finisher+1","Flying Knee","Leg Sweep"],"picked":"SKIP","floor":36.0},{"not_picked":["Backflip+1","Dagger Throw","Calculated Gamble"],"picked":"SKIP","floor":39.0},{"not_picked":["Concentrate","Deadly Poison+1","Flying Knee+1"],"picked":"SKIP","floor":41.0},{"not_picked":["Masterful Stab","Calculated Gamble"],"picked":"Infinite Blades+1","floor":42.0},{"not_picked":["Predator+1","Well Laid Plans","Infinite Blades"],"picked":"SKIP","floor":44.0},{"not_picked":["Outmaneuver+1","Underhanded Strike","Dagger Throw"],"picked":"SKIP","floor":46.0}],"player_experience":74561,"relics_obtained":[{"floor":6.0,"key":"Tough Bandages"},{"floor":8.0,"key":"Dream Catcher"},{"floor":9.0,"key":"TungstenRod"},{"floor":13.0,"key":"Art of War"},{"floor":23.0,"key":"Bag of Preparation"},{"floor":26.0,"key":"Vajra"},{"floor":31.0,"key":"Centennial Puzzle"},{"floor":37.0,"key":"Sundial"},{"floor":41.0,"key":"Mummified Hand"},{"floor":42.0,"key":"Girya"},{"floor":43.0,"key":"InkBottle"}],"event_choices":[{"damage_healed":0.0,"max_hp_gain":0.0,"max_hp_loss":0.0,"gold_gain":175.0,"event_name":"Liars Game","player_choice":"AGREE","floor":2.0,"gold_loss":0.0,"damage_taken":0.0,"cards_obtained":["Doubt"]},{"cards_removed":["Doubt"],"damage_healed":0.0,"max_hp_gain":0.0,"max_hp_loss":0.0,"gold_gain":0.0,"event_name":"Living Wall","player_choice":"Forget","floor":3.0,"gold_loss":0.0,"damage_taken":0.0},{"cards_removed":["Strike_G"],"damage_healed":0.0,"max_hp_gain":0.0,"max_hp_loss":0.0,"gold_gain":0.0,"event_name":"The Cleric","player_choice":"Card Removal","floor":5.0,"gold_loss":50.0,"damage_taken":0.0},{"damage_healed":0.0,"max_hp_gain":5.0,"max_hp_loss":0.0,"gold_gain":0.0,"event_name":"Big Fish","player_choice":"Donut","floor":12.0,"gold_loss":0.0,"damage_taken":0.0},{"damage_healed":0.0,"max_hp_gain":0.0,"max_hp_loss":0.0,"gold_gain":0.0,"event_name":"The Library","player_choice":"Read","floor":19.0,"gold_loss":0.0,"damage_taken":0.0,"cards_obtained":["Accuracy"]},{"damage_healed":0.0,"max_hp_gain":0.0,"max_hp_loss":0.0,"gold_gain":0.0,"cards_transformed":["Strike_G","Defend_G"],"event_name":"Drug Dealer","player_choice":"Became Test Subject","floor":20.0,"gold_loss":0.0,"damage_taken":0.0,"cards_obtained":["Deflect","Backstab"]},{"damage_healed":0.0,"max_hp_gain":0.0,"max_hp_loss":0.0,"gold_gain":0.0,"event_name":"Vampires","player_choice":"Ignored","floor":22.0,"gold_loss":0.0,"damage_taken":0.0},{"damage_healed":0.0,"max_hp_gain":0.0,"max_hp_loss":0.0,"gold_gain":0.0,"event_name":"Ghosts","player_choice":"Ignored","floor":25.0,"gold_loss":0.0,"damage_taken":0.0},{"damage_healed":0.0,"max_hp_gain":0.0,"max_hp_loss":0.0,"gold_gain":0.0,"event_name":"Wheel of Change","player_choice":"Relic","floor":37.0,"gold_loss":0.0,"damage_taken":0.0},{"damage_healed":0.0,"max_hp_gain":0.0,"max_hp_loss":0.0,"gold_gain":0.0,"event_name":"MindBloom","player_choice":"Fight","floor":42.0,"gold_loss":0.0,"damage_taken":0.0},{"damage_healed":0.0,"max_hp_gain":0.0,"max_hp_loss":0.0,"gold_gain":0.0,"event_name":"Winding Halls","player_choice":"Embrace Madness","floor":45.0,"gold_loss":0.0,"damage_taken":9.0,"cards_obtained":["Madness","Madness"]}],"is_beta":false,"boss_relics":[{"not_picked":["Coffee Dripper","Fusion Hammer"],"picked":"Philosopher\u0027s Stone"},{"not_picked":["Pandora\u0027s Box","Busted Crown"],"picked":"SacredBark"}],"items_purged_floors":[21],"is_endless":false,"potions_floor_spawned":[6,11,16,24,28,29,42,44,46],"ascension_level":4}}