{"host":"Mute","time":1611677149,"event":{"mods":["BaseMod","Colored Map","Downfall","Minty Spire (QoL Compilation)","StSLib"],"gold_per_floor":[99,99,99,99,99,53,53,53,53,95,95,117,117,154,176,176,176,176],"floor_reached":16,"language":"ENG","playtime":818,"items_purged":[],"score":96,"play_id":"dfef0dba-6fbe-4511-9ebc-8fabe3f21cfa","local_time":"20210126110549","is_ascension_mode":false,"campfire_choices":[{"data":"Guardian:TwinSlam","floor":1,"key":"SMITH"},{"floor":11,"key":"RECALL"},{"data":"Guardian:Preprogram","floor":13,"key":"SMITH"}],"circlet_count":0,"master_deck":["Guardian:Strike_Guardian","Guardian:Strike_Guardian","Guardian:Strike_Guardian","Guardian:Defend_Guardian","Guardian:Defend_Guardian","Guardian:Defend_Guardian","Guardian:Defend_Guardian","Guardian:CurlUp","Guardian:TwinSlam+1","Guardian:ShieldCharger","Guardian:ChargeCore","Guardian:RollAttack","Guardian:Preprogram+1","Guardian:SpikerProtocol+1","Guardian:BronzeArmor","Guardian:ShieldCharger"],"relics":["Guardian:ModeShifter","downfall:HeartsMalice","downfall:ShatteredFragment","Oddly Smooth Stone","Frozen Egg 2","Prayer Wheel","CeramicFish"],"acts_visited":["Exordium"],"potions_floor_usage":[15],"damage_taken":[{"damage":0,"enemies":"2 Louse","floor":2,"turns":1},{"damage":0,"enemies":"Cultist","floor":5,"turns":1},{"damage":0,"enemies":"downfall:FleeingMerchant","floor":6,"turns":1},{"damage":16,"enemies":"Gremlin Nob","floor":10,"turns":5},{"damage":7,"enemies":"Jaw Worm","floor":12,"turns":3},{"damage":10,"enemies":"Exordium Thugs","floor":14,"turns":5},{"damage":2,"enemies":"Lots of Slimes","floor":15,"turns":2},{"damage":22,"enemies":"DF_ARCHETYPE_STREAMLINE","floor":16,"turns":9}],"seed_played":"-7547169313757200549","potions_obtained":[{"floor":10,"key":"LiquidMemories"},{"floor":12,"key":"bronze:BurnAndBuffPotion"},{"floor":14,"key":"Fire Potion"}],"is_trial":false,"path_per_floor":["R","M","?","?","M","$","T","?","T","E","R","M","R","M","M","B"],"character_chosen":"GUARDIAN","items_purchased":["Guardian:RollAttack"],"campfire_rested":0,"item_purchase_floors":[6],"current_hp_per_floor":[80,80,56,56,56,56,56,49,49,33,33,26,26,16,14,0,0,0],"gold":176,"neow_bonus":"THREE_ENEMY_KILL","is_daily":false,"chose_seed":false,"campfire_upgraded":2,"win_rate":0.0,"timestamp":1611677149,"path_taken":["R","M","?","?","M","$","T","?","?","E","R","?","R","?","M","BOSS"],"items_purchased_type":["Card"],"build_version":"2020-12-18","purchased_purges":0,"victory":false,"max_hp_per_floor":[80,80,80,80,80,80,80,80,80,80,80,80,80,80,80,80,80,80],"card_choices":[{"not_picked":["Guardian:VentSteam","Guardian:Gem_Lightblue"],"picked":"Guardian:Gem_Green","floor":2},{"not_picked":["Guardian:Gem_Lightblue","Guardian:HyperBeam_Guardian"],"picked":"Guardian:ShieldCharger","floor":5},{"not_picked":["Guardian:ArmoredProtocol","Guardian:CrystalBeam"],"picked":"Guardian:ChargeCore","floor":6},{"not_picked":["Guardian:DonusPower","Guardian:TimeBomb"],"picked":"Guardian:Gem_Green","floor":10},{"not_picked":["Guardian:PiercingHide","Guardian:Gem_Blue"],"picked":"Guardian:Preprogram","floor":12},{"not_picked":["Guardian:Incinerate","Guardian:Gem_Lightblue","Guardian:CrystalBeam"],"picked":"SKIP","floor":12},{"not_picked":["Guardian:Gem_Purple","Guardian:WalkerClaw"],"picked":"Guardian:SpikerProtocol+1","floor":14},{"not_picked":["Guardian:StasisField","Guardian:CrystalBeam"],"picked":"Guardian:BronzeArmor","floor":14},{"not_picked":["Guardian:TemporalStrike","Guardian:Incinerate"],"picked":"Guardian:ShieldCharger","floor":15},{"not_picked":["Guardian:TemporalShield","Guardian:Reroute","Guardian:TemporalStrike"],"picked":"SKIP","floor":15}],"player_experience":464373,"relics_obtained":[{"floor":7,"key":"Oddly Smooth Stone"},{"floor":9,"key":"Prayer Wheel"},{"floor":10,"key":"CeramicFish"}],"event_choices":[{"damage_healed":0,"gold_gain":0,"player_choice":"Success","damage_taken":7,"relics_obtained":["Frozen Egg 2"],"max_hp_gain":0,"max_hp_loss":0,"event_name":"Scrap Ooze","floor":8,"gold_loss":0}],"is_beta":true,"boss_relics":[],"items_purged_floors":[],"is_endless":false,"potions_floor_spawned":[10,12,14],"killed_by":"DF_ARCHETYPE_STREAMLINE","ascension_level":0}}