{"host":"xmr2g8b7eju0288o","time":1611692309,"event":{"mods":["AchievementEnabler","BaseMod","Colored Map","Colored Powertips","Infinite Spire","KOR Keyword Fix","Minty Spire (QoL Compilation)","Quick Restart","Spicy Shops","StSLib","SuperFastMode"],"gold_per_floor":[159,213,42,42,42,42,138,187,187,187,223,223,322,397,397,625,625,673,721,721,721,775,775,877,877,877,877,877],"floor_reached":27,"language":"KOR","playtime":890,"items_purged":[],"score":594,"play_id":"7ce77ed4-4f18-4fdd-b0ab-2f0128bb9c2b","local_time":"20210127051829","daily_mods":["Heirloom","DeadlyEvents","Elite Swarm","Midas"],"is_ascension_mode":true,"campfire_choices":[{"floor":6.0,"key":"REST"},{"floor":10.0,"key":"REST"},{"floor":12.0,"key":"REST"},{"floor":15.0,"key":"REST"},{"floor":23,"key":"REST"}],"circlet_count":0,"master_deck":["AscendersBane","Strike_G","Strike_G","Strike_G","Strike_G","Strike_G","Defend_G","Defend_G","Defend_G","Defend_G","Defend_G","Survivor","Neutralize","Infinite Blades+1","Blade Dance","Phantasmal Killer","Cloak And Dagger","Footwork","Infinite Blades","Burst","Venomology","Footwork","After Image","Deflect","Acrobatics","Infinite Blades","Dagger Spray+1"],"relics":["Ring of the Snake","Mango","Oddly Smooth Stone","Prayer Wheel","Ninja Scroll","Dream Catcher","Meat on the Bone","Question Card","Art of War","Black Star","Chemical X","Pear","Shuriken","Mercury Hourglass","Smiling Mask"],"acts_visited":["Exordium","TheCity"],"potions_floor_usage":[19,22,24,24],"damage_taken":[{"damage":11.0,"enemies":"Cultist","floor":1.0,"turns":5.0},{"damage":3.0,"enemies":"Small Slimes","floor":2.0,"turns":4.0},{"damage":33.0,"enemies":"3 Sentries","floor":7.0,"turns":10.0},{"damage":6.0,"enemies":"Jaw Worm","floor":11.0,"turns":3.0},{"damage":18.0,"enemies":"Lagavulin","floor":13.0,"turns":4.0},{"damage":0.0,"enemies":"Gremlin Nob","floor":14.0,"turns":2.0},{"damage":18.0,"enemies":"Slime Boss","floor":16.0,"turns":11.0},{"damage":13.0,"enemies":"Spheric Guardian","floor":18.0,"turns":4.0},{"damage":33,"enemies":"2 Thieves","floor":19,"turns":4},{"damage":30,"enemies":"Sentry and Sphere","floor":22,"turns":10},{"damage":49,"enemies":"Gremlin Leader","floor":24,"turns":9},{"damage":34,"enemies":"Slavers","floor":27,"turns":2}],"seed_played":"-6553979984935259260","potions_obtained":[{"floor":7.0,"key":"AttackPotion"},{"floor":16.0,"key":"EssenceOfSteel"},{"floor":19,"key":"GamblersBrew"}],"is_trial":true,"path_per_floor":["M","M","$","?","?","R","E","T","T","R","M","R","E","E","R","B",null,"M","M","?","AVR","M","R","E","T","T","E"],"character_chosen":"THE_SILENT","items_purchased":["Oddly Smooth Stone"],"campfire_rested":5,"item_purchase_floors":[3],"current_hp_per_floor":[62,59,59,48,48,72,39,39,39,63,57,80,62,62,80,62,76,63,42,42,42,39,63,36,36,36,2,2],"gold":877,"neow_bonus":"","is_daily":false,"chose_seed":false,"campfire_upgraded":0,"win_rate":0.0,"timestamp":1611692309,"path_taken":["M","M","$","?","?","R","?","?","T","R","M","R","?","E","R","BOSS","M","M","?","AVR","M","R","E","?","T","E"],"items_purchased_type":["Relic"],"build_version":"2020-12-22","purchased_purges":0,"victory":false,"max_hp_per_floor":[80,80,80,80,80,80,80,80,80,80,80,80,80,80,80,80,80,80,80,80,80,80,80,90,90,90,90,90],"card_choices":[{"not_picked":["Slice","Backflip"],"picked":"Infinite Blades","floor":1.0},{"not_picked":["Poisoned Stab","Slice"],"picked":"Blade Dance","floor":2.0},{"not_picked":["Venomology","infinitespire:Neurotoxin"],"picked":"Phantasmal Killer","floor":7.0},{"not_picked":["Flying Knee","Sucker Punch"],"picked":"Cloak And Dagger","floor":10.0},{"not_picked":["Backflip","Underhanded Strike"],"picked":"Footwork","floor":11.0},{"not_picked":["Predator","Outmaneuver","Bane"],"picked":"SKIP","floor":11.0},{"not_picked":["Slice","Blur"],"picked":"Infinite Blades","floor":12.0},{"not_picked":["Storm of Steel","Malaise"],"picked":"Burst","floor":13.0},{"not_picked":["Wraith Form v2","Night Terror","infinitespire:Neurotoxin"],"picked":"Venomology","floor":14.0},{"not_picked":["Quick Slash","Backflip","Masterful Stab"],"picked":"Footwork","floor":15.0},{"not_picked":["A Thousand Cuts","Phantasmal Killer","infinitespire:Neurotoxin"],"picked":"After Image","floor":16.0},{"not_picked":["Escape Plan","Sucker Punch","Leg Sweep","Dagger Throw"],"picked":"SKIP","floor":18.0},{"not_picked":["Dodge and Roll","Malaise","PiercingWail","Expertise"],"picked":"SKIP","floor":18.0},{"not_picked":["Poisoned Stab","Reflex","Crippling Poison"],"picked":"Deflect","floor":19},{"not_picked":["Sucker Punch","Deadly Poison","Terror"],"picked":"Acrobatics","floor":19},{"not_picked":["Finisher","Bouncing Flask","Dagger Spray"],"picked":"Infinite Blades","floor":22},{"not_picked":["Dagger Spray","Riddle With Holes","Deflect","Reflex"],"picked":"SKIP","floor":22},{"not_picked":["Deflect","Dagger Throw","Caltrops"],"picked":"Dagger Spray+1","floor":23},{"not_picked":["Night Terror","Glass Knife","Venomology","Malaise"],"picked":"SKIP","floor":24}],"player_experience":86290,"relics_obtained":[{"floor":7.0,"key":"Ninja Scroll"},{"floor":8.0,"key":"Dream Catcher"},{"floor":9.0,"key":"Meat on the Bone"},{"floor":13.0,"key":"Question Card"},{"floor":14.0,"key":"Art of War"},{"floor":24,"key":"Pear"},{"floor":24,"key":"Shuriken"},{"floor":25,"key":"Mercury Hourglass"},{"floor":26,"key":"Smiling Mask"}],"event_choices":[{"damage_healed":0.0,"max_hp_gain":0.0,"max_hp_loss":0.0,"gold_gain":0.0,"event_name":"Scrap Ooze","player_choice":"Success","floor":4.0,"gold_loss":0.0,"damage_taken":11.0,"relics_obtained":["Prayer Wheel"]},{"damage_healed":0.0,"max_hp_gain":0.0,"max_hp_loss":0.0,"gold_gain":0.0,"event_name":"Living Wall","player_choice":"Grow","floor":5.0,"gold_loss":0.0,"damage_taken":0.0,"cards_upgraded":["Infinite Blades"]},{"damage_healed":0,"gold_gain":0,"player_choice":"Ignored","damage_taken":0,"max_hp_gain":0,"max_hp_loss":0,"event_name":"Vampires","floor":20,"gold_loss":0}],"is_beta":false,"boss_relics":[{"not_picked":["Cursed Key","Snecko Eye"],"picked":"Black Star"}],"items_purged_floors":[],"is_endless":false,"potions_floor_spawned":[7,16,19],"killed_by":"Slavers","ascension_level":20}}