{"host":"fr3ip57hl52y255p","time":1611646338,"event":{"mods":["Act Like it!","Arknights The Spire","BaseMod","Challenge The Spire","Colored Powertips","Downfall","Good Game Mod","Luminous","Mari Mod (Legacy)","Mari\u0027s V1 Patch","Minty Spire (QoL Compilation)","READ ME - Guardian Mod","Relic Filter Mod","Relic Stats","StSLib","The Hierophant","UnlockEverythingMod","[GremlinLeader]The Maniac"],"gold_per_floor":[99,115,115,127,302,302,302,302,602,616,634,667,399,399,409,409,409,409],"floor_reached":16,"language":"ZHS","playtime":974,"items_purged":["bronze:Fortify"],"score":100,"play_id":"c71280d4-3dfd-4eb3-be2b-4705f7ca2f39","local_time":"20210126153218","is_ascension_mode":false,"campfire_choices":[{"data":"bronze:DelayedSlice","floor":1.0,"key":"SMITH"},{"data":"bronze:MaxOutput","floor":6.0,"key":"SMITH"}],"circlet_count":0,"master_deck":["bronze:Strike","bronze:Strike","bronze:Strike","bronze:Defend","bronze:Defend","bronze:Defend","bronze:Defend","bronze:Goto","bronze:DelayedSlice+1","bronze:Iterate","bronze:MaxOutput+1","bronze:Frontload","Doubt","Regret","downfall:Icky","downfall:Icky","bronze:Terminator","bronze:BitShift","bronze:ItsAFeature","bronze:Return"],"relics":["bronze:BronzeCore","REME:ComplimentaryCards","Du-Vu Doll","Regal Pillow","Art of War","OrangePellets","downfall:BrokenWingStatue"],"acts_visited":["Exordium"],"potions_floor_usage":[],"damage_taken":[{"damage":1.0,"enemies":"Jaw Worm","floor":2.0,"turns":3.0},{"damage":1.0,"enemies":"2 Louse","floor":4.0,"turns":2.0},{"damage":4.0,"enemies":"Small Slimes","floor":10.0,"turns":2.0},{"damage":6.0,"enemies":"Exordium Thugs","floor":11.0,"turns":3.0},{"damage":8.0,"enemies":"Gremlin Nob","floor":12.0,"turns":3.0},{"damage":9.0,"enemies":"downfall:FleeingMerchant","floor":13.0,"turns":4.0},{"damage":6.0,"enemies":"2 Fungi Beasts","floor":15.0,"turns":3.0},{"damage":29,"enemies":"DF_ARCHETYPE_STREAMLINE","floor":16,"turns":4}],"seed_played":"7828542032391988472","potions_obtained":[{"floor":12.0,"key":"Fire Potion"},{"floor":15.0,"key":"bronze:CleanCodePotion"}],"is_trial":false,"path_per_floor":["R","M","?","M","?","R","T","?","?","M","M","E","$","?","M","B"],"character_chosen":"THE_AUTOMATON","items_purchased":["bronze:Return","OrangePellets"],"campfire_rested":0,"item_purchase_floors":[13,13],"current_hp_per_floor":[63,62,62,61,61,61,61,61,61,57,51,43,34,34,28,0,0,0],"gold":409,"neow_bonus":"TRANSFORM_TWO_CARDS","is_daily":false,"chose_seed":false,"campfire_upgraded":2,"win_rate":0.0,"timestamp":1611646338,"path_taken":["R","M","?","M","?","R","T","?","?","M","?","E","$","?","M","BOSS"],"items_purchased_type":["Card","Relic"],"build_version":"2020-12-22","purchased_purges":1,"victory":false,"max_hp_per_floor":[63,63,63,63,63,63,63,63,63,63,63,63,63,63,63,63,63,63],"relic_stats":{"OrangePellets":[2],"Regal Pillow":0,"counters":[8,24],"Art of War":[3],"obtain_stats":[{"Du-Vu Doll":7,"OrangePellets":13,"REME:ComplimentaryCards":0,"Regal Pillow":8,"bronze:BronzeCore":0,"downfall:BrokenWingStatue":14,"Art of War":12},{"Du-Vu Doll":2,"OrangePellets":6,"REME:ComplimentaryCards":0,"Regal Pillow":2,"bronze:BronzeCore":0,"downfall:BrokenWingStatue":6,"Art of War":5},{"Du-Vu Doll":5,"OrangePellets":17,"REME:ComplimentaryCards":0,"Regal Pillow":5,"bronze:BronzeCore":0,"downfall:BrokenWingStatue":17,"Art of War":13}]},"card_choices":[{"not_picked":["bronze:Deprecate","bronze:WhirlingStrike"],"picked":"bronze:MaxOutput","floor":2.0},{"not_picked":["bronze:CutThrough","bronze:WildBeam"],"picked":"bronze:Frontload","floor":4.0},{"not_picked":["bronze:BronzeOrb","bronze:Iterate"],"picked":"bronze:Terminator","floor":10.0},{"not_picked":["bronze:Iterate","bronze:Constructor"],"picked":"bronze:BitShift","floor":11.0},{"not_picked":["bronze:Allocate","bronze:CutThrough"],"picked":"bronze:Fortify","floor":12.0},{"not_picked":["bronze:Shield","bronze:Branch"],"picked":"bronze:ItsAFeature","floor":13.0},{"not_picked":["bronze:Branch","bronze:BugBarrage","bronze:DigitalCarnage"],"picked":"SKIP","floor":15.0}],"player_experience":169602,"relics_obtained":[{"floor":7.0,"key":"Du-Vu Doll"},{"floor":12.0,"key":"Art of War"}],"event_choices":[{"damage_healed":0.0,"max_hp_gain":0.0,"max_hp_loss":0.0,"gold_gain":0.0,"event_name":"Big Fish","player_choice":"Box","floor":8.0,"gold_loss":0.0,"damage_taken":0.0,"relics_obtained":["Regal Pillow"],"cards_obtained":["Regret"]}],"is_beta":false,"boss_relics":[],"items_purged_floors":[13],"is_endless":false,"potions_floor_spawned":[12,15],"killed_by":"DF_ARCHETYPE_STREAMLINE","ascension_level":0}}