{"host":"4rvakrj1idbgia3f","time":1611656683,"event":{"mods":["BaseMod","Colored Map","Colored Powertips","DeckTracker","Highlight Path","Minty Spire (QoL Compilation)","Random Character Button","StSLib"],"gold_per_floor":[109,109,127,147,167,193,193,223,249,249,276,276,292,237,237,237,237],"floor_reached":16,"language":"JPN","playtime":572,"items_purged":[],"score":240,"play_id":"f94eb3cd-0230-4d0f-8e22-1f7a47770918","local_time":"20210126192443","is_ascension_mode":true,"campfire_choices":[{"data":"Poisoned Stab","floor":7.0,"key":"SMITH"},{"data":"A Thousand Cuts","floor":10.0,"key":"SMITH"},{"data":"Footwork","floor":12,"key":"SMITH"},{"floor":15,"key":"DIG"}],"circlet_count":0,"master_deck":["AscendersBane","Strike_G","Strike_G","Strike_G","Strike_G","Strike_G","Defend_G","Defend_G","Defend_G","Defend_G","Defend_G","Survivor","Neutralize+1","Dodge and Roll","Dash","Poisoned Stab+1","A Thousand Cuts+1","Footwork+1","Terror","PiercingWail","Prepared"],"relics":["Ring of the Snake","NeowsBlessing","Shovel","Pen Nib","Bag of Preparation","Anchor","Mummified Hand"],"acts_visited":["Exordium"],"potions_floor_usage":[13],"damage_taken":[{"damage":0.0,"enemies":"Jaw Worm","floor":1.0,"turns":1.0},{"damage":0.0,"enemies":"Cultist","floor":3.0,"turns":1.0},{"damage":0.0,"enemies":"2 Louse","floor":4.0,"turns":1.0},{"damage":0.0,"enemies":"Blue Slaver","floor":5.0,"turns":5.0},{"damage":17.0,"enemies":"3 Sentries","floor":6.0,"turns":9.0},{"damage":14.0,"enemies":"Lagavulin","floor":8.0,"turns":9.0},{"damage":18,"enemies":"Gremlin Nob","floor":11,"turns":4},{"damage":1,"enemies":"Large Slime","floor":13,"turns":6},{"damage":10,"enemies":"The Guardian","floor":16,"turns":8}],"seed_played":"-5475720434434827356","potions_obtained":[{"floor":3.0,"key":"LiquidBronze"},{"floor":4.0,"key":"EntropicBrew"},{"floor":11,"key":"ColorlessPotion"}],"is_trial":false,"path_per_floor":["M","?","M","M","M","E","R","E","T","R","E","R","M","?","R","B"],"character_chosen":"THE_SILENT","items_purchased":[],"campfire_rested":0,"item_purchase_floors":[],"current_hp_per_floor":[59,59,59,59,59,42,42,28,28,28,10,10,9,9,9,0,0],"gold":237,"neow_bonus":"THREE_ENEMY_KILL","is_daily":false,"chose_seed":false,"campfire_upgraded":3,"win_rate":0.0,"timestamp":1611656683,"path_taken":["M","?","?","M","?","E","R","E","T","R","E","R","M","?","R","BOSS"],"items_purchased_type":[],"build_version":"2020-12-22","purchased_purges":0,"victory":false,"max_hp_per_floor":[66,66,66,66,66,66,66,66,66,66,66,66,66,66,66,66,66],"card_choices":[{"not_picked":["Acrobatics","Choke"],"picked":"Dodge and Roll","floor":1.0},{"not_picked":["Dagger Spray","Riddle With Holes"],"picked":"Dash","floor":3.0},{"not_picked":["Eviscerate","Deflect"],"picked":"Poisoned Stab","floor":4.0},{"not_picked":["Dash","Underhanded Strike"],"picked":"A Thousand Cuts","floor":5.0},{"not_picked":["Terror","Escape Plan"],"picked":"Footwork","floor":6.0},{"not_picked":["Dagger Throw","Outmaneuver"],"picked":"Terror","floor":8.0},{"not_picked":["Flechettes","Outmaneuver"],"picked":"PiercingWail","floor":11},{"not_picked":["Eviscerate","Terror"],"picked":"Prepared","floor":13}],"player_experience":2121397,"relics_obtained":[{"floor":6.0,"key":"Shovel"},{"floor":8.0,"key":"Pen Nib"},{"floor":9.0,"key":"Bag of Preparation"},{"floor":11,"key":"Anchor"},{"floor":15,"key":"Mummified Hand"}],"event_choices":[{"damage_healed":0.0,"max_hp_gain":0.0,"max_hp_loss":0.0,"gold_gain":0.0,"event_name":"Upgrade Shrine","player_choice":"Upgraded","floor":2.0,"gold_loss":0.0,"damage_taken":0.0,"cards_upgraded":["Neutralize"]},{"damage_healed":0,"gold_gain":0,"player_choice":"Left Gold","damage_taken":0,"max_hp_gain":0,"max_hp_loss":0,"event_name":"World of Goop","floor":14,"gold_loss":55}],"is_beta":false,"boss_relics":[],"items_purged_floors":[],"is_endless":false,"potions_floor_spawned":[3,4,11],"killed_by":"The Guardian","ascension_level":20}}