{"host":"vumwfieg2b2mnrfl","time":1611635276,"event":{"mods":["AchievementEnabler","BaseMod","Minty Spire (QoL Compilation)","Rare Cards Sparkle","Relic Stats"],"gold_per_floor":[109,184,184,201,216,226,226,226,226,186,186,186],"floor_reached":11,"language":"ENG","playtime":292,"items_purged":[],"score":123,"play_id":"7166615b-5188-4b10-9f84-1d5209f950b3","local_time":"20210125222756","is_ascension_mode":true,"campfire_choices":[{"floor":7,"key":"REST"}],"circlet_count":0,"master_deck":["AscendersBane","Strike_G","Strike_G","Strike_G","Strike_G","Strike_G","Defend_G","Defend_G","Defend_G","Defend_G","Defend_G","Survivor","Neutralize","PiercingWail","Backflip","All Out Attack","Escape Plan","Escape Plan"],"relics":["Ring of the Snake","NeowsBlessing","Shuriken","Eternal Feather"],"acts_visited":[],"potions_floor_usage":[6],"damage_taken":[{"damage":0,"enemies":"2 Louse","floor":1,"turns":2},{"damage":0,"enemies":"Jaw Worm","floor":4,"turns":1},{"damage":0,"enemies":"Cultist","floor":5,"turns":1},{"damage":25,"enemies":"Large Slime","floor":6,"turns":12},{"damage":0,"enemies":"Looter","floor":10,"turns":4},{"damage":42,"enemies":"3 Sentries","floor":11,"turns":8}],"seed_played":"-6471651981978412120","potions_obtained":[{"floor":4,"key":"SneckoOil"}],"is_trial":false,"path_per_floor":["M","?","T","M","M","M","R","$","T","M","E"],"character_chosen":"THE_SILENT","items_purchased":[],"campfire_rested":1,"item_purchase_floors":[],"current_hp_per_floor":[59,48,48,48,48,23,42,42,42,42,0,0],"gold":186,"neow_bonus":"THREE_ENEMY_KILL","is_daily":false,"chose_seed":false,"campfire_upgraded":0,"win_rate":0.0,"timestamp":1611635276,"path_taken":["M","?","?","?","M","M","R","$","T","M","E"],"items_purchased_type":[],"build_version":"2020-12-22","purchased_purges":0,"victory":false,"max_hp_per_floor":[66,66,66,66,66,66,66,66,66,66,66,66],"relic_stats":{"counters":[6,28],"Shuriken":[1],"Eternal Feather":0,"obtain_stats":[{"NeowsBlessing":0,"Shuriken":3,"Eternal Feather":9,"Ring of the Snake":0},{"NeowsBlessing":0,"Shuriken":1,"Eternal Feather":4,"Ring of the Snake":0},{"NeowsBlessing":0,"Shuriken":2,"Eternal Feather":16,"Ring of the Snake":0}],"Ring of the Snake":[12]},"card_choices":[{"not_picked":["Slice","Blade Dance"],"picked":"PiercingWail","floor":1},{"not_picked":["PiercingWail","Doppelganger"],"picked":"Backflip","floor":4},{"not_picked":["Escape Plan","Deflect"],"picked":"All Out Attack","floor":5},{"not_picked":["Dagger Throw","Tactician"],"picked":"Escape Plan","floor":6},{"not_picked":["Bane","Outmaneuver"],"picked":"Escape Plan","floor":10}],"player_experience":467260,"relics_obtained":[{"floor":3,"key":"Shuriken"},{"floor":9,"key":"Eternal Feather"}],"event_choices":[{"damage_healed":0,"gold_gain":75,"player_choice":"Gather Gold","damage_taken":11,"max_hp_gain":0,"max_hp_loss":0,"event_name":"World of Goop","floor":2,"gold_loss":0}],"is_beta":false,"boss_relics":[],"items_purged_floors":[],"is_endless":false,"potions_floor_spawned":[4],"killed_by":"3 Sentries","ascension_level":19}}