{"host":"n4fty02wqqi95laq","time":1611620500,"event":{"mods":["BaseMod","Highlight Path","Minty Spire (QoL Compilation)","Quick Restart","Rare Cards Sparkle","StSLib"],"gold_per_floor":[116,41,56,56,72,103,122,122,169,202,76,86,102,177,177,177,177],"floor_reached":16,"language":"ZHS","playtime":642,"items_purged":["Strike_R"],"score":224,"play_id":"e117086f-a9aa-4b94-b8cc-ad8b7e50f9be","local_time":"20210126082140","is_ascension_mode":true,"campfire_choices":[{"data":"Dark Embrace","floor":8.0,"key":"SMITH"},{"data":"Armaments","floor":15.0,"key":"SMITH"}],"circlet_count":0,"master_deck":["AscendersBane","Strike_R","Strike_R+1","Strike_R","Defend_R","Defend_R","Defend_R","Defend_R","Bash+1","Spot Weakness","Bludgeon","Dark Embrace+1","Limit Break","Armaments+1","True Grit","Whirlwind"],"relics":["Burning Blood","NeowsBlessing","Pear","Whetstone","PreservedInsect","Thread and Needle"],"acts_visited":["Exordium"],"potions_floor_usage":[16],"damage_taken":[{"damage":0.0,"enemies":"Small Slimes","floor":1.0,"turns":1.0},{"damage":0.0,"enemies":"Cultist","floor":3.0,"turns":1.0},{"damage":0.0,"enemies":"2 Louse","floor":5.0,"turns":1.0},{"damage":45.0,"enemies":"3 Sentries","floor":6.0,"turns":11.0},{"damage":9.0,"enemies":"Blue Slaver","floor":7.0,"turns":4.0},{"damage":30.0,"enemies":"Lagavulin","floor":10.0,"turns":4.0},{"damage":0.0,"enemies":"Exordium Wildlife","floor":12.0,"turns":3.0},{"damage":4.0,"enemies":"Exordium Thugs","floor":13.0,"turns":4.0},{"damage":21,"enemies":"Slime Boss","floor":16,"turns":8}],"seed_played":"-3549466788307459122","potions_obtained":[{"floor":3.0,"key":"SteroidPotion"},{"floor":5.0,"key":"Regen Potion"},{"floor":10.0,"key":"EssenceOfSteel"},{"floor":12.0,"key":"LiquidMemories"}],"is_trial":false,"path_per_floor":["M","?","M","?","M","E","M","R","T","E","$","M","M","?","R","B"],"character_chosen":"IRONCLAD","items_purchased":["Armaments"],"campfire_rested":0,"item_purchase_floors":[11],"current_hp_per_floor":[74,74,75,85,85,61,58,58,58,34,34,40,42,31,31,10,10],"gold":177,"neow_bonus":"THREE_ENEMY_KILL","is_daily":false,"chose_seed":false,"campfire_upgraded":2,"win_rate":0.0,"timestamp":1611620500,"path_taken":["M","?","M","?","?","E","M","R","T","E","$","?","M","?","R","BOSS"],"items_purchased_type":["Card"],"build_version":"2020-12-22","purchased_purges":1,"victory":false,"max_hp_per_floor":[75,75,75,85,85,85,85,85,85,85,85,85,85,85,85,85,85],"card_choices":[{"not_picked":["Cleave","Clothesline"],"picked":"True Grit","floor":1.0},{"not_picked":["Anger","True Grit","Clothesline"],"picked":"SKIP","floor":3.0},{"not_picked":["Heavy Blade","Headbutt"],"picked":"Spot Weakness","floor":5.0},{"not_picked":["Warcry","Twin Strike"],"picked":"Bludgeon","floor":6.0},{"not_picked":["Rupture","Twin Strike"],"picked":"Dark Embrace","floor":7.0},{"not_picked":["Anger","Twin Strike"],"picked":"Limit Break","floor":10.0},{"not_picked":["Twin Strike","Headbutt"],"picked":"True Grit","floor":12.0},{"not_picked":["Power Through","Twin Strike"],"picked":"Whirlwind","floor":13.0}],"player_experience":689186,"relics_obtained":[{"floor":6.0,"key":"Whetstone"},{"floor":9.0,"key":"PreservedInsect"},{"floor":10.0,"key":"Thread and Needle"}],"event_choices":[{"cards_removed":["Strike_R"],"damage_healed":0.0,"max_hp_gain":0.0,"max_hp_loss":0.0,"gold_gain":0.0,"event_name":"The Cleric","player_choice":"Card Removal","floor":2.0,"gold_loss":75.0,"damage_taken":0.0},{"cards_removed":["True Grit"],"damage_healed":0.0,"max_hp_gain":0.0,"max_hp_loss":0.0,"gold_gain":0.0,"event_name":"WeMeetAgain","player_choice":"Gave Card","floor":4.0,"gold_loss":0.0,"damage_taken":0.0,"relics_obtained":["Pear"]},{"damage_healed":0.0,"max_hp_gain":0.0,"max_hp_loss":0.0,"gold_gain":75.0,"event_name":"World of Goop","player_choice":"Gather Gold","floor":14.0,"gold_loss":0.0,"damage_taken":11.0}],"is_beta":false,"boss_relics":[],"items_purged_floors":[11],"is_endless":false,"potions_floor_spawned":[3,5,10,12],"killed_by":"Slime Boss","ascension_level":20}}