{"host":"7iv10lxbxedtd0qh","time":1611699019,"event":{"mods":["BaseMod","Colored Map","Colored Powertips","Downfall","Minty Spire (QoL Compilation)","StSLib"],"gold_per_floor":[0,16,16,16,32,32,32,58,58,73,23,38,38,95,114,114,114,114],"floor_reached":16,"language":"ENG","playtime":882,"items_purged":[],"score":105,"play_id":"acd41277-ade5-43e1-99bc-0d527ea31129","local_time":"20210126231019","is_ascension_mode":true,"campfire_choices":[{"data":"bronze:Goto","floor":1,"key":"SMITH"},{"floor":6,"key":"RECALL"},{"data":"bronze:ForLoop","floor":9,"key":"SMITH"},{"data":"bronze:ClassDefault","floor":13,"key":"SMITH"}],"circlet_count":0,"master_deck":["bronze:Strike+1","bronze:Strike","bronze:Strike","bronze:Defend","bronze:Defend","bronze:Defend","bronze:Defend","bronze:Replicate+1","bronze:Goto+1","bronze:CleanCode","bronze:DarkDash+1","downfall:Malfunctioning","bronze:Frontload","bronze:ForLoop+1","bronze:BronzeOrb","bronze:ClassDefault+1","bronze:BronzeOrb"],"relics":["bronze:BronzeCore","bronze:ProtectiveGoggles","Blue Candle","Shuriken"],"acts_visited":["Exordium"],"potions_floor_usage":[14,15],"damage_taken":[{"damage":1,"enemies":"Jaw Worm","floor":2,"turns":4},{"damage":3,"enemies":"2 Louse","floor":5,"turns":2},{"damage":12,"enemies":"Lagavulin","floor":8,"turns":8},{"damage":2,"enemies":"Cultist","floor":10,"turns":4},{"damage":1,"enemies":"downfall:FleeingMerchant","floor":11,"turns":4},{"damage":8,"enemies":"Exordium Wildlife","floor":12,"turns":4},{"damage":4,"enemies":"3 Sentries","floor":14,"turns":8},{"damage":13,"enemies":"Blue Slaver","floor":15,"turns":5},{"damage":54,"enemies":"DF_ARCHETYPE_STREAMLINE","floor":16,"turns":14}],"seed_played":"-3062719974113677807","potions_obtained":[{"floor":2,"key":"Dexterity Potion"},{"floor":10,"key":"Fire Potion"},{"floor":12,"key":"Energy Potion"},{"floor":15,"key":"Swift Potion"}],"is_trial":false,"path_per_floor":["R","M","?","?","M","R","T","E","R","M","$","M","R","?","M","B"],"character_chosen":"THE_AUTOMATON","items_purchased":["bronze:ClassDefault"],"campfire_rested":0,"item_purchase_floors":[11],"current_hp_per_floor":[70,69,69,69,66,66,66,54,54,52,51,43,43,39,26,0,0,0],"gold":114,"neow_bonus":"THREE_RARE_CARDS","is_daily":false,"chose_seed":false,"campfire_upgraded":3,"win_rate":0.0,"timestamp":1611699019,"path_taken":["R","M","?","?","M","R","T","E","R","M","?","?","R","?","M","BOSS"],"items_purchased_type":["Card"],"build_version":"2020-12-22","purchased_purges":0,"victory":false,"max_hp_per_floor":[70,70,70,70,70,70,70,70,70,70,70,70,70,70,70,70,70,70],"card_choices":[{"not_picked":["bronze:Break","bronze:Assembly"],"picked":"bronze:CleanCode","floor":0},{"not_picked":["bronze:ForLoop","bronze:FineTuning"],"picked":"bronze:DarkDash","floor":2},{"not_picked":["bronze:ChosenStrike","bronze:ItsAFeature"],"picked":"bronze:Frontload","floor":5},{"not_picked":["bronze:Invalidate","bronze:BurnOut"],"picked":"bronze:ForLoop","floor":8},{"not_picked":["bronze:BugBarrage","bronze:DelayedSlice","bronze:BuggyMess"],"picked":"SKIP","floor":10},{"not_picked":["bronze:Shield","bronze:Verify"],"picked":"bronze:BronzeOrb","floor":11},{"not_picked":["bronze:CutThrough","bronze:Shield"],"picked":"bronze:BronzeOrb","floor":12},{"not_picked":["bronze:CutThrough","bronze:BuggyMess","bronze:Branch"],"picked":"SKIP","floor":15}],"player_experience":719283,"relics_obtained":[{"floor":7,"key":"bronze:ProtectiveGoggles"},{"floor":8,"key":"Blue Candle"},{"floor":14,"key":"Shuriken"}],"event_choices":[],"is_beta":false,"boss_relics":[],"items_purged_floors":[],"is_endless":false,"potions_floor_spawned":[2,10,12,15],"killed_by":"DF_ARCHETYPE_STREAMLINE","ascension_level":1}}