{"host":"qdfumeom6htv8yxl","time":1611678989,"event":{"mods":["AchievementEnabler","BaseMod","Bestiary","Block Reminder","Minty Spire (QoL Compilation)","Quick Restart","Relic Stats"],"gold_per_floor":[118,118,118,5,16,42,42,62,62,62,62],"floor_reached":10,"language":"ENG","playtime":287,"items_purged":[],"score":125,"play_id":"d968bc96-2905-46b5-9a13-1e6c97c8ddd7","local_time":"20210126103629","is_ascension_mode":true,"campfire_choices":[{"floor":7,"key":"REST"}],"circlet_count":0,"master_deck":["AscendersBane","Strike_B+1","Strike_B","Strike_B","Strike_B","Defend_B","Defend_B","Defend_B","Defend_B","Zap","Dualcast","Auto Shields","Defragment","Conserve Battery","Self Repair","Loop"],"relics":["Cracked Core","Ginger","The Courier","MealTicket","Meat on the Bone"],"acts_visited":["Exordium"],"potions_floor_usage":[6,10],"damage_taken":[{"damage":3.0,"enemies":"2 Louse","floor":1.0,"turns":4.0},{"damage":0,"enemies":"Small Slimes","floor":5,"turns":4},{"damage":12,"enemies":"Lagavulin","floor":6,"turns":5},{"damage":12,"enemies":"Jaw Worm","floor":8,"turns":4},{"damage":60,"enemies":"Gremlin Nob","floor":10,"turns":4}],"seed_played":"5327466026678954725","potions_obtained":[{"floor":1.0,"key":"AttackPotion"},{"floor":6,"key":"PowerPotion"}],"is_trial":false,"path_per_floor":["M","?","?","$","M","E","R","M","T","E"],"character_chosen":"DEFECT","items_purchased":["Defragment","Conserve Battery"],"campfire_rested":1,"item_purchase_floors":[4,4],"current_hp_per_floor":[43,43,25,25,25,13,34,29,29,0,0],"gold":62,"neow_bonus":"ONE_RARE_RELIC","is_daily":false,"chose_seed":false,"campfire_upgraded":0,"win_rate":0.0,"timestamp":1611678989,"path_taken":["M","?","?","?","?","E","R","M","T","E"],"items_purchased_type":["Card","Card"],"build_version":"2020-12-22","purchased_purges":0,"victory":false,"max_hp_per_floor":[71,71,71,71,71,71,71,71,71,71,71],"relic_stats":{"counters":[5,21],"MealTicket":0,"Ginger":[1],"obtain_stats":[{"MealTicket":6,"The Courier":3,"Ginger":0,"Cracked Core":0,"Meat on the Bone":9},{"MealTicket":3,"The Courier":1,"Ginger":0,"Cracked Core":0,"Meat on the Bone":4},{"MealTicket":13,"The Courier":4,"Ginger":0,"Cracked Core":0,"Meat on the Bone":17}],"Meat on the Bone":0},"card_choices":[{"not_picked":["Consume","Double Energy"],"picked":"Auto Shields","floor":1.0},{"not_picked":["Auto Shields","Go for the Eyes","Stack"],"picked":"SKIP","floor":5},{"not_picked":["Chaos","Go for the Eyes"],"picked":"Self Repair","floor":6},{"not_picked":["Aggregate","Auto Shields"],"picked":"Loop","floor":8}],"player_experience":1834312,"relics_obtained":[{"floor":6,"key":"MealTicket"},{"floor":9,"key":"Meat on the Bone"}],"event_choices":[{"damage_healed":0,"gold_gain":0,"player_choice":"Grow","damage_taken":0,"max_hp_gain":0,"max_hp_loss":0,"event_name":"Living Wall","floor":2,"gold_loss":0,"cards_upgraded":["Strike_B"]},{"damage_healed":0,"gold_gain":0,"player_choice":"Success","damage_taken":18,"relics_obtained":["The Courier"],"max_hp_gain":0,"max_hp_loss":0,"event_name":"Scrap Ooze","floor":3,"gold_loss":0}],"is_beta":false,"boss_relics":[],"items_purged_floors":[],"is_endless":false,"potions_floor_spawned":[1,6],"killed_by":"Gremlin Nob","ascension_level":18}}