{"host":"1vfpjvae9xcvmh7u","time":1611645061,"event":{"mods":["BaseMod","Downfall","Hermit","Hubris","Minty Spire (QoL Compilation)","Robot Space Explorer","StSLib","The Cursed","The Forsaken","The Necromancer","The Servant 0.9.4"],"gold_per_floor":[99,119,130,130,47,47,47,47,67,67,52,52,80,80,98,193,193,193,211,224,58,58,75,75,134,151,151,101,126,126,140,152,248,248,248,266,284,299,314,314,314,93,93,93,126,126,151,174,205,217],"floor_reached":51,"language":"ENG","playtime":3898,"items_purged":["Parasite"],"score":893,"play_id":"bb57628f-e85d-41ff-bd93-905c6e885dbe","local_time":"20210125231101","is_ascension_mode":true,"campfire_choices":[{"data":"champ:Taunt","floor":1,"key":"SMITH"},{"data":"champ:Duel","floor":6,"key":"SMITH"},{"data":"champ:FlashCut","floor":10,"key":"SMITH"},{"data":"champ:ShieldWall","floor":12,"key":"SMITH"},{"data":"champ:EnchantShield","floor":18,"key":"SMITH"},{"data":"champ:EnchantCrown","floor":27,"key":"SMITH"},{"data":"champ:HoldFirm","floor":35,"key":"SMITH"},{"data":"champ:MurderStrike","floor":40,"key":"SMITH"},{"data":"champ:MurderStrike","floor":46,"key":"SMITH"}],"circlet_count":0,"master_deck":["champ:Strike","champ:Strike","champ:Strike","champ:Defend","champ:Defend","champ:Defend","champ:Defend","champ:Execute","champ:Taunt+1","champ:FlashCut+1","champ:Duel+1","champ:SteelEdge","champ:ShieldWall+1","champ:ArenaPreparation","champ:RageSigil","champ:MurderStrike+1","champ:EnchantShield+1","champ:MurderStrike+1","champ:EnchantCrown+1","champ:VampiricStrike","champ:StanceDance","champ:HoldFirm+1","champ:StanceDance","champ:RageSigil+1"],"relics":["champ:ChampionCrown","Ice Cream","hubris:CrystalStatue","hubris:OldNail","Blue Candle","Philosopher\u0027s Stone","ClockworkSouvenir","Shuriken","champ:BerserkersGuideToSlaughter","Ginger","Black Star","Torii","hubris:TenFootPole","Nunchaku","Mercury Hourglass","Bag of Marbles","Molten Egg 2","MawBank"],"acts_visited":["Exordium","TheCity","TheBeyond"],"potions_floor_usage":[21,23,25,29,33,45,45,45,49],"damage_taken":[{"damage":21,"enemies":"Cultist","floor":2,"turns":3},{"damage":10,"enemies":"Small Slimes","floor":3,"turns":4},{"damage":20,"enemies":"downfall:FleeingMerchant","floor":5,"turns":4},{"damage":0,"enemies":"Jaw Worm","floor":9,"turns":2},{"damage":15,"enemies":"downfall:FleeingMerchant","floor":11,"turns":4},{"damage":10,"enemies":"Gremlin Nob","floor":13,"turns":3},{"damage":3,"enemies":"Red Slaver","floor":15,"turns":2},{"damage":10,"enemies":"SI_SHIV_ARCHETYPE","floor":16,"turns":6},{"damage":20,"enemies":"Spheric Guardian","floor":19,"turns":2},{"damage":15,"enemies":"3 Byrds","floor":20,"turns":4},{"damage":20,"enemies":"downfall:FleeingMerchant","floor":21,"turns":4},{"damage":0,"enemies":"Centurion and Healer","floor":23,"turns":6},{"damage":20,"enemies":"downfall:FleeingMerchant","floor":25,"turns":4},{"damage":36,"enemies":"Shelled Parasite and Fungi","floor":26,"turns":4},{"damage":0,"enemies":"Book of Stabbing","floor":29,"turns":4},{"damage":9,"enemies":"Sentry and Sphere","floor":31,"turns":3},{"damage":17,"enemies":"3 Cultists","floor":32,"turns":5},{"damage":32,"enemies":"DF_ARCHETYPE_CLAW","floor":33,"turns":8},{"damage":0,"enemies":"3 Darklings","floor":36,"turns":5},{"damage":0,"enemies":"3 Shapes","floor":37,"turns":6},{"damage":0,"enemies":"Writhing Mass","floor":38,"turns":4},{"damage":10,"enemies":"4 Shapes","floor":39,"turns":7},{"damage":35,"enemies":"Reptomancer","floor":45,"turns":4},{"damage":0,"enemies":"Nemesis","floor":47,"turns":5},{"damage":0,"enemies":"3 Darklings","floor":49,"turns":5},{"damage":0,"enemies":"WA_ARCHETYPE_DIVINITY","floor":50,"turns":12}],"seed_played":"-5475039173930057725","potions_obtained":[{"floor":9,"key":"Guardian:BlockOnCardUsePotion"},{"floor":13,"key":"SteroidPotion"},{"floor":16,"key":"Energy Potion"},{"floor":23,"key":"champ:TechniquePotion"},{"floor":29,"key":"Fruit Juice"},{"floor":32,"key":"Strength Potion"},{"floor":33,"key":"SteroidPotion"},{"floor":36,"key":"FearPotion"},{"floor":45,"key":"champ:OpenerPotion"},{"floor":49,"key":"champ:TechniquePotion"}],"is_trial":false,"path_per_floor":["R","M","M","?","$","R","T","?","M","R","$","R","E","?","M","B",null,"R","M","M","$","?","M","T","$","M","R","?","E","?","M","M","B",null,"R","M","M","M","M","R","T","$","?","$","E","R","E","T","M","B",null],"character_chosen":"THE_CHAMP","items_purchased":["champ:ArenaPreparation","ClockworkSouvenir","champ:BerserkersGuideToSlaughter","champ:EnchantCrown","hubris:TenFootPole"],"campfire_rested":0,"item_purchase_floors":[5,21,25,25,42],"current_hp_per_floor":[63,62,62,62,62,62,62,62,62,62,62,62,62,57,54,54,90,90,90,90,90,63,63,63,63,57,57,90,95,95,95,88,56,95,95,95,95,95,95,95,95,92,92,92,67,67,77,77,82,92],"gold":229,"neow_bonus":"ONE_RARE_RELIC","is_daily":false,"chose_seed":false,"campfire_upgraded":9,"win_rate":0.0,"timestamp":1611645061,"path_taken":["R","M","M","?","$","R","T","?","?","R","?","R","E","?","M","BOSS","R","M","M","$","?","?","T","$","M","R","?","E","?","M","M","BOSS","R","M","M","M","M","R","T","$","?","$","E","R","E","?","M","BOSS"],"items_purchased_type":["Card","Relic","Relic","Card","Relic"],"build_version":"2020-12-22","purchased_purges":1,"victory":true,"max_hp_per_floor":[90,90,90,90,90,90,90,90,90,90,90,90,90,90,90,90,90,90,90,90,90,90,90,90,90,90,90,90,95,95,95,95,95,95,95,95,95,95,95,95,95,92,92,92,92,92,92,92,92,92],"card_choices":[{"not_picked":["champ:BladeFlurry","champ:ViciousMockery"],"picked":"champ:FlashCut","floor":2},{"not_picked":["champ:Backstep","champ:SkillfulDodge"],"picked":"champ:Duel","floor":3},{"not_picked":["champ:Parry","champ:ShieldSigil"],"picked":"champ:ShieldWall","floor":5},{"not_picked":["champ:PerfectedStrike","champ:Backstep"],"picked":"champ:RageSigil","floor":9},{"not_picked":["champ:RecklessLeap","champ:BerserkersShout","champ:IronFortress"],"picked":"SKIP","floor":11},{"not_picked":["champ:RapidStrikes","champ:PreciseThrust"],"picked":"champ:MurderStrike","floor":13},{"not_picked":["champ:ShieldSigil","champ:FanOfKnives","champ:Haymaker"],"picked":"SKIP","floor":15},{"not_picked":["champ:LastStand","champ:GladiatorForm"],"picked":"champ:EnchantShield","floor":16},{"not_picked":["champ:HeartStrike","champ:Circumvent","champ:Lariat"],"picked":"SKIP","floor":19},{"not_picked":["champ:Circumvent","champ:AdrenalArmor","champ:Shatter"],"picked":"SKIP","floor":20},{"not_picked":["champ:SwordSigil+1","champ:Encircle"],"picked":"champ:MurderStrike","floor":21},{"not_picked":["champ:TornadoPunch","champ:AdrenalArmor","champ:BringItOn"],"picked":"SKIP","floor":23},{"not_picked":["champ:BerserkersShout","champ:FanOfKnives+1","champ:DefensiveShout"],"picked":"SKIP","floor":25},{"not_picked":["champ:PreciseThrust","champ:GutPunch+1"],"picked":"champ:VampiricStrike","floor":26},{"not_picked":["champ:SetATrap","champ:BladeFlurry+1","champ:AdrenalArmor"],"picked":"SKIP","floor":29},{"not_picked":["champ:SetATrap+1","champ:AdrenalArmor+1"],"picked":"champ:StanceDance","floor":31},{"not_picked":["champ:BringItOn","champ:ArenaPreparation+1"],"picked":"champ:HoldFirm","floor":32},{"not_picked":["champ:EnchantSword","champ:LastStand"],"picked":"champ:VampiricStrike","floor":33},{"not_picked":["champ:Circumvent+1","champ:TornadoPunch+1"],"picked":"champ:StanceDance","floor":36},{"not_picked":["champ:TornadoPunch+1","champ:BerserkersShout+1"],"picked":"champ:RageSigil+1","floor":37},{"not_picked":["champ:BringItOn","champ:PreciseThrust","champ:GutPunch+1"],"picked":"SKIP","floor":38},{"not_picked":["champ:HeavySlash","champ:BringItOn","champ:Haymaker+1"],"picked":"SKIP","floor":39},{"not_picked":["champ:BerserkersShout+1","champ:AdrenalArmor","champ:PreemptiveStrike+1"],"picked":"SKIP","floor":45},{"not_picked":["champ:TornadoPunch+1","champ:GladiatorStyle","champ:ShieldSlam+1"],"picked":"SKIP","floor":47},{"not_picked":["champ:BerserkersShout+1","champ:FalseCounter+1","champ:SkillfulDodge"],"picked":"SKIP","floor":49}],"player_experience":1814096,"relics_obtained":[{"floor":7,"key":"hubris:CrystalStatue"},{"floor":13,"key":"hubris:OldNail"},{"floor":24,"key":"Shuriken"},{"floor":29,"key":"Ginger"},{"floor":41,"key":"Torii"},{"floor":45,"key":"Nunchaku"},{"floor":45,"key":"Mercury Hourglass"},{"floor":47,"key":"Bag of Marbles"},{"floor":47,"key":"Molten Egg 2"},{"floor":48,"key":"MawBank"}],"event_choices":[{"cards_removed":["champ:VampiricStrike"],"damage_healed":0,"gold_gain":0,"player_choice":"Removed Attack","damage_taken":0,"max_hp_gain":0,"max_hp_loss":0,"event_name":"Falling","floor":43,"gold_loss":0}],"is_beta":false,"boss_relics":[{"not_picked":["Fusion Hammer","Pandora\u0027s Box"],"picked":"Philosopher\u0027s Stone"},{"not_picked":["Velvet Choker","Astrolabe"],"picked":"Black Star"}],"items_purged_floors":[42],"is_endless":false,"potions_floor_spawned":[9,13,16,23,29,32,33,36,45,49],"ascension_level":1}}