{"host":"2v1wccdd5g2xowsh","time":1611660736,"event":{"mods":["Act Like it!","BaseMod","Hallownest","Minty Spire (QoL Compilation)","Quick Restart","StSLib","SuperFastMode","The Bug Knight"],"gold_per_floor":[116,116,116,128,145,179,189,209,234,247,266,295,312,331,331,435,435,454,454,103,23,23,23,124,149,149,181,28,44,44,63,63,159,159,159,99,99,125,136,156,13,13,13],"floor_reached":42,"language":"ZHS","playtime":5545,"items_purged":["Injury"],"score":455,"play_id":"21d6dc02-be6c-4e60-9910-21e0ae507316","local_time":"20210126193216","is_ascension_mode":false,"campfire_choices":[{"floor":15.0,"key":"REST"},{"data":"HollowMod:SoulEater","floor":23.0,"key":"SMITH"},{"floor":32.0,"key":"REST"}],"circlet_count":0,"master_deck":["HollowMod:NailStrikeStart","HollowMod:NailStrikeStart","HollowMod:NailStrikeStart","HollowMod:QuickDashStart","HollowMod:QuickDashStart","HollowMod:QuickDashStart","HollowMod:FocusHealStart","HollowMod:PogoStrike","HollowMod:CycloneSlash","Metamorphosis","HollowMod:CornifersMapStart","HollowMod:LifebloodCocoon","HollowMod:MonarchWings","HollowMod:HowlingWraiths","HollowMod:AwokenDreamNail","HollowMod:GoodIntentions","HollowMod:ShapeofUnn","HollowMod:HuntersJournal","HollowMod:SoulEater+1","HollowMod:BaldurShell","HollowMod:ZotesMagnificence","HollowMod:MawleksShell+1","HollowMod:MothsMistake+1","HollowMod:DoubleDash+1","HollowMod:NewGlowingWomb","Hallownest:skillCityofTearsMap","Shame","HollowMod:FallenFury+1","HollowMod:RecoilStrike","HollowMod:SoulSplash","HollowMod:NewInfectedGuardian","CurseOfTheBell","HollowMod:InfectedCysts"],"relics":["HollowMod:VesselMask","Hallownest:DreamNailRelic","Meat on the Bone","MealTicket","Tiny Chest","Astrolabe","Bottled Tornado","Letter Opener","Juzu Bracelet","Kunai","Nunchaku","HollowMod:PaleOreRelic","Calling Bell","Oddly Smooth Stone","Singing Bowl","Ice Cream","Akabeko","Bag of Marbles"],"acts_visited":["Exordium","Hallownest:Greenpath","Hallownest:CityofTears"],"potions_floor_usage":[35,40,40,40],"damage_taken":[{"damage":2.0,"enemies":"Hallownest:monsterHuskGuard","floor":1.0,"turns":4.0},{"damage":0.0,"enemies":"Hallownest:2_Baldur","floor":4.0,"turns":3.0},{"damage":5.0,"enemies":"2_ Uuma","floor":5.0,"turns":6.0},{"damage":53.0,"enemies":"Hallownest:eliteMossKnight","floor":6.0,"turns":12.0},{"damage":4.0,"enemies":"Hallownest:MossCreep_and_Mosskin","floor":7.0,"turns":5.0},{"damage":11.0,"enemies":"Hallownest:Wandering_and_Horned","floor":8.0,"turns":6.0},{"damage":12.0,"enemies":"Hallownest:1_Baldur_1_Crawlid_1_Warrior","floor":10.0,"turns":3.0},{"damage":28.0,"enemies":"Hallownest:Guard_and_Warrior","floor":11.0,"turns":7.0},{"damage":13.0,"enemies":"Hallownest:eliteCrystalGuardian","floor":12.0,"turns":5.0},{"damage":10.0,"enemies":"Hallownest:MossCreep_and_Mosskin","floor":13.0,"turns":7.0},{"damage":3.0,"enemies":"Hallownest:monsterAspidMother","floor":14.0,"turns":4.0},{"damage":123.0,"enemies":"Hallownest:BossHornet","floor":16.0,"turns":16.0},{"damage":23.0,"enemies":"Hallownest:Guard_and_Sentry","floor":18.0,"turns":6.0},{"damage":58.0,"enemies":"Hallownest:Nosk","floor":27.0,"turns":9.0},{"damage":38.0,"enemies":"Hallownest:2_Mistakes","floor":29.0,"turns":6.0},{"damage":28.0,"enemies":"Hallownest:monsterMisterMushroom","floor":31.0,"turns":7.0},{"damage":77.0,"enemies":"Hallownest:BossGrimm","floor":33.0,"turns":10.0},{"damage":58,"enemies":"Hallownest:3_Siblings","floor":35,"turns":4},{"damage":43,"enemies":"Hallownest:Shield_Heavy","floor":39,"turns":5},{"damage":91,"enemies":"Hallownest:2_Wandering_and_1_Horned","floor":40,"turns":7},{"damage":55,"enemies":"Hallownest:2_Great","floor":42,"turns":4}],"seed_played":"-5494769812469214558","potions_obtained":[{"floor":1.0,"key":"PowerPotion"},{"floor":4.0,"key":"DuplicationPotion"},{"floor":5.0,"key":"SneckoOil"},{"floor":8.0,"key":"Dexterity Potion"},{"floor":13.0,"key":"Fire Potion"},{"floor":14.0,"key":"SmokeBomb"},{"floor":31.0,"key":"Fruit Juice"},{"floor":33.0,"key":"Dexterity Potion"},{"floor":39,"key":"EntropicBrew"}],"is_trial":false,"path_per_floor":["M","?","?","M","M","E","M","M","T","M","M","E","M","M","R","B",null,"M","?","$","?","$","R","?","T","T","E","$","M","?","M","R","B",null,"M","?","$","T","M","M","$","M"],"character_chosen":"THE_BUGKNIGHT","items_purchased":["Letter Opener","HollowMod:ChannelNail","HollowMod:PaleOreRelic","Bag of Marbles"],"campfire_rested":2,"item_purchase_floors":[20,20,28,41],"current_hp_per_floor":[82,82,82,82,82,39,47,48,48,48,38,43,45,42,66,29,82,59,59,74,74,82,82,82,82,82,42,57,31,82,54,78,18,87,41,48,63,63,34,31,46,0,0],"gold":13,"neow_bonus":"TEN_PERCENT_HP_BONUS","is_daily":false,"chose_seed":false,"campfire_upgraded":1,"win_rate":0.0,"timestamp":1611660736,"path_taken":["M","?","?","?","?","E","M","M","T","M","M","E","M","M","R","BOSS","M","?","$","?","$","R","?","?","T","E","?","M","?","M","R","BOSS","M","?","$","?","M","M","?","M"],"items_purchased_type":["Relic","Card","Relic","Relic"],"build_version":"2020-12-22","purchased_purges":1,"victory":false,"max_hp_per_floor":[82,82,82,82,82,82,82,82,82,82,82,82,82,82,82,82,82,82,82,82,82,82,82,82,82,82,82,82,82,82,82,82,87,87,87,94,94,94,96,96,96,96,96],"card_choices":[{"not_picked":["HollowMod:PureNailStrike","HollowMod:CornifersMapStart"],"picked":"HollowMod:CycloneSlash","floor":1.0},{"not_picked":["Good Instincts","Magnetism"],"picked":"Metamorphosis","floor":2.0},{"not_picked":["HollowMod:ShadowDash","HollowMod:FastStrike"],"picked":"HollowMod:CornifersMapStart","floor":2.0},{"not_picked":["HollowMod:ShapeofUnn","HollowMod:SharpenedShadows"],"picked":"HollowMod:LifebloodCocoon","floor":4.0},{"not_picked":["HollowMod:GreatSlash","HollowMod:CornifersMapStart"],"picked":"HollowMod:DreamGate","floor":5.0},{"not_picked":["HollowMod:CycloneSlash","HollowMod:NewJinnsSoul"],"picked":"HollowMod:MonarchWings","floor":6.0},{"not_picked":["HollowMod:VengefulVoid","HollowMod:CornifersMapStart"],"picked":"HollowMod:HowlingWraiths","floor":7.0},{"not_picked":["HollowMod:ChannelNail","HollowMod:CloakDash"],"picked":"HollowMod:AwokenDreamNail","floor":8.0},{"not_picked":["HollowMod:CycloneSlash","HollowMod:SoulVessel"],"picked":"HollowMod:GoodIntentions","floor":10.0},{"not_picked":["HollowMod:CrystalDash","HollowMod:InfectedCysts"],"picked":"HollowMod:ShapeofUnn","floor":11.0},{"not_picked":["HollowMod:SoulStrike","HollowMod:HeavyBlow"],"picked":"HollowMod:HuntersJournal","floor":12.0},{"not_picked":["HollowMod:VengefulVoid","HollowMod:LifebloodCocoon"],"picked":"HollowMod:SoulEater","floor":13.0},{"not_picked":["HollowMod:PureNailStrike","HollowMod:DashSlash"],"picked":"HollowMod:BaldurShell","floor":14.0},{"not_picked":["HollowMod:Hiveblood","HollowMod:LordofShades"],"picked":"HollowMod:ZotesMagnificence","floor":16.0},{"not_picked":["HollowMod:SharpenedNail","HollowMod:SoulStrike"],"picked":"HollowMod:NewGlowingWomb","floor":18.0},{"not_picked":["HollowMod:WraithStrike","HollowMod:DashSlash+1"],"picked":"HollowMod:FallenFury+1","floor":27.0},{"not_picked":["HollowMod:InfectedCysts+1","HollowMod:DreamGate+1"],"picked":"HollowMod:RecoilStrike","floor":29.0},{"not_picked":["HollowMod:TaintedHusks+1","HollowMod:ZotesMagnificence"],"picked":"HollowMod:SoulSplash","floor":31.0},{"not_picked":["HollowMod:MidwifesHunger","HollowMod:ZotesMagnificence"],"picked":"HollowMod:NewInfectedGuardian","floor":33.0},{"not_picked":["HollowMod:GrimmsGift","HollowMod:VengefulVoid","HollowMod:ShapeofUnn"],"picked":"Singing Bowl","floor":39},{"not_picked":["HollowMod:HuntersJournal","HollowMod:TaintedHusks"],"picked":"HollowMod:InfectedCysts","floor":40}],"player_experience":227503,"relics_obtained":[{"floor":6.0,"key":"Meat on the Bone"},{"floor":9.0,"key":"MealTicket"},{"floor":12.0,"key":"Tiny Chest"},{"floor":25.0,"key":"Juzu Bracelet"},{"floor":26.0,"key":"Kunai"},{"floor":27.0,"key":"Nunchaku"},{"floor":34,"key":"Oddly Smooth Stone"},{"floor":34,"key":"Singing Bowl"},{"floor":34,"key":"Ice Cream"},{"floor":38,"key":"Akabeko"}],"event_choices":[],"is_beta":false,"boss_relics":[{"not_picked":["SacredBark","Ectoplasm"],"picked":"Astrolabe"},{"not_picked":["SlaversCollar","Runic Dome"],"picked":"Calling Bell"}],"items_purged_floors":[20],"is_endless":false,"potions_floor_spawned":[1,4,5,8,13,14,31,33,39],"killed_by":"Hallownest:2_Great","ascension_level":0}}