{"host":"ELF","time":1611657248,"event":{"mods":["BaseMod","Bestiary","Minty Spire (QoL Compilation)","Relic Stats","Slay the Relics Exporter"],"gold_per_floor":[111,111,111,111,124,124,159,159,211,211,211,239,2,33,33,107,107,120,136,136,136,136,136],"floor_reached":22,"language":"ENG","playtime":872,"items_purged":["Strike_R"],"score":435,"play_id":"d5b415b3-09c1-40da-b113-fb0c1d2f1e94","local_time":"20210126043408","is_ascension_mode":true,"campfire_choices":[{"floor":6.0,"key":"DIG"},{"floor":8.0,"key":"DIG"},{"floor":11,"key":"DIG"},{"floor":15,"key":"REST"}],"circlet_count":0,"master_deck":["AscendersBane","Strike_R","Strike_R","Strike_R","Strike_R","Defend_R","Defend_R","Defend_R","Defend_R+1","Bash","Heavy Blade+1","Inflame","Exhume+1","Exhume","Limit Break","Demon Form","Ghostly Armor","Armaments+1"],"relics":["Burning Blood","Shovel","Strawberry","Meat on the Bone","Omamori","Kunai","Oddly Smooth Stone","Regal Pillow","War Paint","Frozen Eye","Ornamental Fan","Black Star","Enchiridion"],"acts_visited":["Exordium","TheCity"],"potions_floor_usage":[18],"damage_taken":[{"damage":3.0,"enemies":"2 Louse","floor":1.0,"turns":4.0},{"damage":6.0,"enemies":"Jaw Worm","floor":5.0,"turns":6.0},{"damage":25.0,"enemies":"Lagavulin","floor":7.0,"turns":5.0},{"damage":37,"enemies":"Gremlin Nob","floor":12,"turns":4},{"damage":25,"enemies":"Lagavulin","floor":14,"turns":7},{"damage":59,"enemies":"Slime Boss","floor":16,"turns":11},{"damage":37,"enemies":"Shell Parasite","floor":18,"turns":5},{"damage":39,"enemies":"2 Thieves","floor":19,"turns":5},{"damage":33,"enemies":"3 Cultists","floor":22,"turns":4}],"seed_played":"3925375614444429343","potions_obtained":[{"floor":1.0,"key":"FearPotion"},{"floor":16,"key":"Regen Potion"}],"is_trial":false,"path_per_floor":["M","?","T","?","M","R","E","R","T","?","R","E","$","E","R","B",null,"M","M","?","?","M"],"character_chosen":"IRONCLAD","items_purchased":["Frozen Eye"],"campfire_rested":1,"item_purchase_floors":[13],"current_hp_per_floor":[68,68,75,75,75,75,56,56,56,56,56,37,37,30,67,26,63,53,32,47,26,0,0],"gold":136,"neow_bonus":"ONE_RARE_RELIC","is_daily":false,"chose_seed":false,"campfire_upgraded":0,"win_rate":0.0,"timestamp":1611657248,"path_taken":["M","?","?","?","M","R","E","R","T","?","R","E","?","E","R","BOSS","M","M","?","?","M"],"items_purchased_type":["Relic"],"build_version":"2020-12-18","purchased_purges":1,"victory":false,"max_hp_per_floor":[68,68,75,75,75,75,75,75,75,75,75,75,75,75,75,75,75,75,75,75,75,75,75],"relic_stats":{"Regal Pillow":15,"Shovel":3,"counters":[9,51],"Ornamental Fan":[4],"Black Star":0,"Kunai":[1],"War Paint":["Exhume","Defend_R"],"obtain_stats":[{"Regal Pillow":11,"Oddly Smooth Stone":9,"Enchiridion":21,"Omamori":7,"War Paint":12,"Burning Blood":0,"Frozen Eye":13,"Shovel":0,"Ornamental Fan":14,"Strawberry":3,"Black Star":17,"Kunai":8,"Meat on the Bone":6},{"Regal Pillow":3,"Oddly Smooth Stone":3,"Enchiridion":8,"Omamori":3,"War Paint":4,"Burning Blood":0,"Frozen Eye":4,"Shovel":0,"Ornamental Fan":5,"Strawberry":1,"Black Star":6,"Kunai":3,"Meat on the Bone":2},{"Regal Pillow":15,"Oddly Smooth Stone":15,"Enchiridion":47,"Omamori":15,"War Paint":19,"Burning Blood":0,"Frozen Eye":19,"Shovel":0,"Ornamental Fan":26,"Strawberry":4,"Black Star":37,"Kunai":15,"Meat on the Bone":10}],"Burning Blood":45,"Meat on the Bone":60},"card_choices":[{"not_picked":["Metallicize","Clothesline"],"picked":"Heavy Blade","floor":1.0},{"not_picked":["Rage","Shockwave"],"picked":"Inflame","floor":5.0},{"not_picked":["Clash","Flex"],"picked":"Exhume","floor":7.0},{"not_picked":["Warcry","Pommel Strike"],"picked":"Exhume","floor":12},{"not_picked":["Clothesline","Carnage"],"picked":"Limit Break","floor":14},{"not_picked":["Impervious","Offering"],"picked":"Demon Form","floor":16},{"not_picked":["Metallicize","Reckless Charge"],"picked":"Ghostly Armor","floor":18},{"not_picked":["Warcry+1","Twin Strike+1"],"picked":"Armaments+1","floor":19}],"player_experience":3303167,"relics_obtained":[{"floor":3.0,"key":"Strawberry"},{"floor":6.0,"key":"Meat on the Bone"},{"floor":7.0,"key":"Omamori"},{"floor":8.0,"key":"Kunai"},{"floor":9.0,"key":"Oddly Smooth Stone"},{"floor":11,"key":"Regal Pillow"},{"floor":12,"key":"War Paint"},{"floor":14,"key":"Ornamental Fan"},{"floor":21,"key":"Enchiridion"}],"event_choices":[{"damage_healed":0.0,"max_hp_gain":0.0,"max_hp_loss":0.0,"gold_gain":0.0,"event_name":"Liars Game","player_choice":"Ignored","floor":2.0,"gold_loss":0.0,"damage_taken":0.0},{"damage_healed":0.0,"max_hp_gain":0.0,"max_hp_loss":0.0,"gold_gain":0.0,"event_name":"Living Wall","player_choice":"Grow","floor":4.0,"gold_loss":0.0,"damage_taken":0.0,"cards_upgraded":["Heavy Blade"]},{"damage_healed":0,"gold_gain":0,"player_choice":"Searched \u00270\u0027 times","damage_taken":0,"max_hp_gain":0,"max_hp_loss":0,"event_name":"Dead Adventurer","floor":10,"gold_loss":0},{"damage_healed":15,"gold_gain":0,"player_choice":"Heal","damage_taken":0,"max_hp_gain":0,"max_hp_loss":0,"event_name":"The Library","floor":20,"gold_loss":0},{"damage_healed":0,"gold_gain":0,"player_choice":"Obtained Book","damage_taken":21,"max_hp_gain":0,"max_hp_loss":0,"event_name":"Cursed Tome","floor":21,"gold_loss":0}],"is_beta":true,"boss_relics":[{"not_picked":["SacredBark","Mark of Pain"],"picked":"Black Star"}],"items_purged_floors":[13],"is_endless":false,"potions_floor_spawned":[1,16],"killed_by":"3 Cultists","ascension_level":19}}