{"host":"bpkhhmvsfrvlto2l","time":1611667535,"event":{"mods":["2.2 Compatiblity","AchievementEnabler","Act Like it!","AlwaysNeverKeys","Aspiration","BaseMod","Better Silent Start","Challenge The Spire","Colored Map","Colored Powertips","Custom Start","Energized Spire","Friendly Minions","GifTheSpireLib","Halation","Hubris","Infinite Spire","Ironclad Rager","Mimic Mod","Minty Spire (QoL Compilation)","Permanent Neow","Quick Restart","Random Character Button","Relic Sorter","Replay The Spire","Spikes Relics","StSLib","Stuff the Spire","Swap Starting Deck Mod","Trackpad"],"gold_per_floor":[109,69,89,103,121,121,134,148,194,194,194],"floor_reached":10,"language":"ENG","playtime":324,"items_purged":[],"score":143,"play_id":"984d9f5c-55f8-47d3-acd0-c1d8ff3f5a89","local_time":"20210126082535","is_ascension_mode":true,"campfire_choices":[{"floor":6,"key":"REST"}],"circlet_count":0,"master_deck":["AscendersBane","Blizzard","Blizzard","Blizzard","Blizzard","Blizzard","Chill","Coolheaded","Coolheaded","Coolheaded","Coolheaded","StuffTheSpire:Coldhearted","Defragment"],"relics":["Cracked Core","infinitespire:Satchel"],"acts_visited":["Exordium"],"potions_floor_usage":[3,10],"damage_taken":[{"damage":0,"enemies":"Cultist","floor":1,"turns":4},{"damage":0,"enemies":"2 Louse","floor":3,"turns":2},{"damage":13,"enemies":"Jaw Worm","floor":4,"turns":4},{"damage":0,"enemies":"2 Fungi Beasts","floor":5,"turns":3},{"damage":0,"enemies":"Gremlin Gang","floor":7,"turns":3},{"damage":5,"enemies":"Looter","floor":8,"turns":4},{"damage":35,"enemies":"Gremlin Nob","floor":10,"turns":5}],"seed_played":"1601225969455956148","potions_obtained":[{"floor":2,"key":"Swift Potion"},{"floor":2,"key":"LifebloodPotion"},{"floor":2,"key":"Dexterity Potion"},{"floor":3,"key":"Dexterity Potion"},{"floor":4,"key":"EssenceOfSteel"}],"is_trial":false,"path_per_floor":["M","?","M","M","M","R","M","M","T","E"],"character_chosen":"DEFECT","items_purchased":[],"campfire_rested":1,"item_purchase_floors":[],"current_hp_per_floor":[34,34,34,21,21,43,43,38,38,3,3],"gold":194,"neow_bonus":"","is_daily":false,"chose_seed":false,"campfire_upgraded":0,"win_rate":0.0,"timestamp":1611667535,"path_taken":["M","?","M","M","M","R","M","M","T","E"],"items_purchased_type":[],"build_version":"2020-12-22","purchased_purges":0,"victory":false,"max_hp_per_floor":[75,75,75,75,75,75,75,75,75,75,75],"card_choices":[{"not_picked":["Stack","StuffTheSpire:Plugnplay"],"picked":"StuffTheSpire:Coldhearted","floor":4},{"not_picked":["Go for the Eyes","Crystallizer"],"picked":"Defragment","floor":7}],"player_experience":119604,"relics_obtained":[{"floor":9,"key":"infinitespire:Satchel"}],"event_choices":[{"damage_healed":0,"gold_gain":0,"player_choice":"Bought 3 Potions","damage_taken":0,"max_hp_gain":0,"max_hp_loss":0,"event_name":"The Woman in Blue","floor":2,"gold_loss":0}],"is_beta":false,"boss_relics":[],"items_purged_floors":[],"is_endless":false,"potions_floor_spawned":[3,4,8],"killed_by":"Gremlin Nob","ascension_level":10}}