{"host":"xmr2g8b7eju0288o","time":1611688659,"event":{"mods":["AchievementEnabler","BaseMod","Colored Map","Colored Powertips","Infinite Spire","KOR Keyword Fix","Minty Spire (QoL Compilation)","Quick Restart","Spicy Shops","StSLib","SuperFastMode"],"gold_per_floor":[153,28,82,4,46,46,88,159,183,183,183,234,35,80,80,80,80],"floor_reached":16,"language":"KOR","playtime":326,"items_purged":["Body Slam"],"score":184,"play_id":"cabe52e3-386f-4110-85d7-40ee0742394e","local_time":"20210127041739","daily_mods":["Heirloom","Midas"],"is_ascension_mode":true,"campfire_choices":[{"floor":6.0,"key":"REST"},{"floor":15.0,"key":"REST"}],"circlet_count":0,"master_deck":["AscendersBane","Strike_R","Strike_R+1","Strike_R","Strike_R","Strike_R","Defend_R","Defend_R","Defend_R","Defend_R","Bash","Pummel","Iron Wave+1","Heavy Blade","Clash"],"relics":["Burning Blood","Turnip","Lizard Tail","CeramicFish","Omamori","Membership Card"],"acts_visited":["Exordium"],"potions_floor_usage":[16],"damage_taken":[{"damage":0.0,"enemies":"Small Slimes","floor":1.0,"turns":4.0},{"damage":9.0,"enemies":"2 Louse","floor":3.0,"turns":4.0},{"damage":9.0,"enemies":"Jaw Worm","floor":5.0,"turns":3.0},{"damage":5.0,"enemies":"Gremlin Gang","floor":7.0,"turns":5.0},{"damage":13.0,"enemies":"Red Slaver","floor":12.0,"turns":3.0},{"damage":11.0,"enemies":"Exordium Wildlife","floor":14.0,"turns":3.0},{"damage":55,"enemies":"Slime Boss","floor":16,"turns":9}],"seed_played":"3831103509520767751","potions_obtained":[{"floor":1.0,"key":"BlessingOfTheForge"},{"floor":14.0,"key":"Fire Potion"}],"is_trial":true,"path_per_floor":["M","$","M","$","M","R","M","?","T","?","?","M","$","M","R","B"],"character_chosen":"IRONCLAD","items_purchased":["Lizard Tail","Iron Wave","Membership Card"],"campfire_rested":2,"item_purchase_floors":[2,4,13],"current_hp_per_floor":[74,74,71,71,68,75,75,75,75,75,52,45,45,40,62,7,7],"gold":80,"neow_bonus":"","is_daily":false,"chose_seed":false,"campfire_upgraded":0,"win_rate":0.0,"timestamp":1611688659,"path_taken":["M","$","M","$","M","R","M","?","T","?","?","M","$","?","R","BOSS"],"items_purchased_type":["Relic","Card","Relic"],"build_version":"2020-12-22","purchased_purges":1,"victory":false,"max_hp_per_floor":[75,75,75,75,75,75,75,75,75,75,75,75,75,75,75,75,75],"card_choices":[{"not_picked":["True Grit","Clothesline"],"picked":"Pummel","floor":1.0},{"not_picked":["Ghostly Armor","Searing Blow"],"picked":"Body Slam","floor":3.0},{"not_picked":["Rage","Dark Embrace","Sever Soul"],"picked":"SKIP","floor":5.0},{"not_picked":["Anger","Shrug It Off"],"picked":"Heavy Blade","floor":7.0},{"not_picked":["Clothesline","Double Tap","Battle Trance"],"picked":"SKIP","floor":12.0},{"not_picked":["Flame Barrier","Heavy Blade"],"picked":"Clash","floor":14.0}],"player_experience":83142,"relics_obtained":[{"floor":9.0,"key":"CeramicFish"},{"floor":10.0,"key":"Omamori"}],"event_choices":[{"damage_healed":0.0,"max_hp_gain":0.0,"max_hp_loss":0.0,"gold_gain":71.0,"event_name":"Golden Wing","player_choice":"Gained Gold","floor":8.0,"gold_loss":0.0,"damage_taken":0.0},{"damage_healed":0.0,"max_hp_gain":0.0,"max_hp_loss":0.0,"gold_gain":0.0,"event_name":"Shining Light","player_choice":"Entered Light","floor":11.0,"gold_loss":0.0,"damage_taken":23.0,"cards_upgraded":["Strike_R","Iron Wave"]}],"is_beta":false,"boss_relics":[],"items_purged_floors":[13],"is_endless":false,"potions_floor_spawned":[1,5,14],"killed_by":"Slime Boss","ascension_level":20}}