{"host":"zksvs3x2ysy9npnz","time":1611684296,"event":{"mods":["Aspiration","BaseMod","Beaked The Cultist","BetterRewards","Clockwork Mod","Colored Map","Conspire","Downfall","Duelist Mod","Halation","Highlight Path","Hubris","Infinite Spire","Jedi Mod","Magitek Elite","Minty Spire (QoL Compilation)","Permanent Neow","Quick Restart","Relic Stats","Shop Mod","StSLib","The Runesmith","The Witch"],"gold_per_floor":[113,113,125,125,143,143,68,95,95,95,60,70,70,89,89,89,89],"floor_reached":16,"language":"FRA","playtime":726,"items_purged":["Strike_L"],"score":150,"play_id":"c249dd32-37df-47a9-b292-e07edaa858a4","local_time":"20210126190456","is_ascension_mode":true,"campfire_choices":[{"floor":6.0,"key":"REST"},{"floor":10.0,"key":"DIG"},{"floor":13,"key":"REST"},{"floor":15,"key":"DIG"}],"circlet_count":0,"master_deck":["AscendersBane","Strike_L","Strike_L","Strike_L","Defend_L","Defend_L","Defend_L","Defend_L","Defend_L","Fire2","Cure","Transfusion","Quake","Rune_Blade","Esuna","Protect_M"],"relics":["Pendant","hubris:Towel","Oddly Smooth Stone","halation:PenCase","Regal Pillow","infinitespire:FocusingShard","Shovel","halation:KoshaPiece","Mango"],"acts_visited":["Exordium"],"potions_floor_usage":[16,16],"damage_taken":[{"damage":8.0,"enemies":"2 Louse","floor":1.0,"turns":4.0},{"damage":3.0,"enemies":"Jaw Worm","floor":3.0,"turns":4.0},{"damage":0.0,"enemies":"Cultist","floor":5.0,"turns":4.0},{"damage":34.0,"enemies":"Gremlin Nob","floor":8.0,"turns":5.0},{"damage":23,"enemies":"Gremlin Gang","floor":12,"turns":8},{"damage":3,"enemies":"2 Fungi Beasts","floor":14,"turns":4},{"damage":70,"enemies":"Hexaghost","floor":16,"turns":13}],"seed_played":"4233915053697354721","potions_obtained":[{"floor":8.0,"key":"SpeedPotion"},{"floor":14,"key":"ColorlessPotion"}],"is_trial":false,"path_per_floor":["M","?","M","$","M","R","$","E","T","R","$","M","R","M","R","B"],"character_chosen":"MAGITEKELITE","items_purchased":["Oddly Smooth Stone","halation:PenCase","Regal Pillow","Protect_M"],"campfire_rested":2,"item_purchase_floors":[4,4,4,11],"current_hp_per_floor":[55,55,58,18,24,57,57,29,29,29,29,12,45,48,62,0,0],"gold":89,"neow_bonus":"UPGRADE_CARD","is_daily":false,"chose_seed":false,"campfire_upgraded":0,"win_rate":0.0,"timestamp":1611684296,"path_taken":["M","?","M","?","M","R","$","E","T","R","$","M","R","?","R","BOSS"],"items_purchased_type":["Relic","Relic","Relic","Card"],"build_version":"2020-12-22","purchased_purges":1,"victory":false,"max_hp_per_floor":[63,63,63,63,63,63,63,63,63,63,63,63,63,63,77,77,77],"relic_stats":{"Regal Pillow":30,"Shovel":2,"counters":[7,42],"obtain_stats":[{"Regal Pillow":4,"Shovel":9,"Pendant":0,"Oddly Smooth Stone":4,"halation:PenCase":4,"Mango":15,"infinitespire:FocusingShard":8,"halation:KoshaPiece":10,"hubris:Towel":2},{"Regal Pillow":2,"Shovel":4,"Pendant":0,"Oddly Smooth Stone":2,"halation:PenCase":2,"Mango":6,"infinitespire:FocusingShard":4,"halation:KoshaPiece":4,"hubris:Towel":1},{"Regal Pillow":8,"Shovel":17,"Pendant":0,"Oddly Smooth Stone":8,"halation:PenCase":8,"Mango":29,"infinitespire:FocusingShard":17,"halation:KoshaPiece":17,"hubris:Towel":4}]},"card_choices":[{"not_picked":["Magus_Robe","Man_Eater"],"picked":"Transfusion","floor":1.0},{"not_picked":["Balance","Aero"],"picked":"Quake","floor":3.0},{"not_picked":["Transpose2","Haste"],"picked":"Rune_Blade","floor":5.0},{"not_picked":["Ultima","Dark"],"picked":"Esuna","floor":8.0},{"not_picked":["Mythril_Knife","Throw","Crystal_Sword"],"picked":"SKIP","floor":12},{"not_picked":["Esuna","Haste","Poisona"],"picked":"SKIP","floor":14}],"player_experience":2055218,"relics_obtained":[{"floor":8.0,"key":"infinitespire:FocusingShard"},{"floor":9.0,"key":"Shovel"},{"floor":10.0,"key":"halation:KoshaPiece"},{"floor":15,"key":"Mango"}],"event_choices":[],"is_beta":false,"boss_relics":[],"items_purged_floors":[7],"is_endless":false,"potions_floor_spawned":[8,14],"killed_by":"Hexaghost","ascension_level":10}}