{"host":"aqym1xxr3lb31d9m","time":1611668939,"event":{"mods":["BaseMod","Block Reminder","Colored Map","Colored Powertips","DeckTracker","Highlight Path","Minty Spire (QoL Compilation)","Quick Restart","Random Character Button","StSLib","SuperFastMode","UnlockEverythingMod"],"gold_per_floor":[115,115,128,11,11,11,28,46,46,79,79,97,108,136,136,210,210,224,236,254,179,179,179,179],"floor_reached":23,"language":"JPN","playtime":1018,"items_purged":["Decay"],"score":506,"play_id":"aff99489-34d1-4fa6-9dc4-5210534f7e44","local_time":"20210126224859","is_ascension_mode":true,"campfire_choices":[{"floor":6,"key":"DIG"},{"floor":11,"key":"DIG"},{"floor":15,"key":"REST"}],"circlet_count":0,"master_deck":["AscendersBane","Strike_B","Strike_B","Strike_B","Defend_B","Defend_B","Defend_B","Defend_B","Zap","Dualcast","Cold Snap","Defragment","Doom and Gloom+1","Ball Lightning","FTL","Compile Driver","Redo","Compile Driver","Core Surge","Hologram","Sweeping Beam","Rebound"],"relics":["FrozenCore","Shovel","White Beast Statue","Matryoshka","Anchor","Strawberry","The Courier"],"acts_visited":["Exordium","TheCity"],"potions_floor_usage":[10,14,14,16,16,18,23],"damage_taken":[{"damage":2,"enemies":"2 Louse","floor":1,"turns":2},{"damage":12,"enemies":"Jaw Worm","floor":3,"turns":3},{"damage":4,"enemies":"Small Slimes","floor":7,"turns":3},{"damage":12,"enemies":"3 Louse","floor":8,"turns":3},{"damage":15,"enemies":"Lagavulin","floor":10,"turns":6},{"damage":8,"enemies":"Blue Slaver","floor":12,"turns":3},{"damage":0,"enemies":"Red Slaver","floor":13,"turns":2},{"damage":10,"enemies":"3 Sentries","floor":14,"turns":5},{"damage":0,"enemies":"Slime Boss","floor":16,"turns":7},{"damage":3,"enemies":"2 Thieves","floor":18,"turns":4},{"damage":26,"enemies":"Chosen","floor":19,"turns":6},{"damage":7,"enemies":"Centurion and Healer","floor":20,"turns":7},{"damage":50,"enemies":"Book of Stabbing","floor":23,"turns":5}],"seed_played":"-1111623203506656421","potions_obtained":[{"floor":7,"key":"Strength Potion"},{"floor":8,"key":"SteroidPotion"},{"floor":10,"key":"FocusPotion"},{"floor":13,"key":"EntropicBrew"},{"floor":14,"key":"FocusPotion"},{"floor":16,"key":"DistilledChaos"},{"floor":18,"key":"Explosive Potion"},{"floor":19,"key":"Energy Potion"}],"is_trial":false,"path_per_floor":["M","?","M","$","?","R","M","M","T","E","R","M","M","E","R","B",null,"M","M","M","?","?","E"],"character_chosen":"DEFECT","items_purchased":["Doom and Gloom"],"campfire_rested":1,"item_purchase_floors":[4],"current_hp_per_floor":[62,62,50,50,50,50,46,34,34,19,26,18,18,8,31,31,66,63,37,30,30,46,0,0],"gold":179,"neow_bonus":"ONE_RARE_RELIC","is_daily":false,"chose_seed":false,"campfire_upgraded":0,"win_rate":0.0,"timestamp":1611668939,"path_taken":["M","?","M","$","?","R","M","M","T","E","R","M","?","E","R","BOSS","M","M","M","?","?","E"],"items_purchased_type":["Card"],"build_version":"2020-12-22","purchased_purges":1,"victory":false,"max_hp_per_floor":[71,71,71,71,71,71,71,71,71,71,78,78,78,78,78,78,78,78,78,78,78,78,78,78],"card_choices":[{"not_picked":["Gash","Barrage"],"picked":"Cold Snap","floor":1},{"not_picked":["Self Repair","Scrape"],"picked":"Defragment","floor":3},{"not_picked":["Compile Driver","Conserve Battery"],"picked":"Ball Lightning","floor":7},{"not_picked":["Compile Driver","Steam"],"picked":"FTL","floor":8},{"not_picked":["Leap","Redo"],"picked":"Compile Driver","floor":10},{"not_picked":["Gash","Auto Shields"],"picked":"Redo","floor":12},{"not_picked":["Stack","Coolheaded"],"picked":"Compile Driver","floor":13},{"not_picked":["Storm","Redo","Streamline"],"picked":"SKIP","floor":14},{"not_picked":["Amplify","All For One"],"picked":"Core Surge","floor":16},{"not_picked":["Rebound","Double Energy"],"picked":"Hologram","floor":18},{"not_picked":["Compile Driver","Force Field"],"picked":"Sweeping Beam","floor":19},{"not_picked":["Force Field","Static Discharge"],"picked":"Rebound","floor":20}],"player_experience":4068156,"relics_obtained":[{"floor":6,"key":"White Beast Statue"},{"floor":9,"key":"Matryoshka"},{"floor":10,"key":"Anchor"},{"floor":11,"key":"Strawberry"},{"floor":14,"key":"The Courier"}],"event_choices":[{"damage_healed":0,"gold_gain":0,"player_choice":"Ignored","damage_taken":0,"max_hp_gain":0,"max_hp_loss":0,"event_name":"Shining Light","floor":2,"gold_loss":0},{"damage_healed":0,"gold_gain":0,"player_choice":"Grow","damage_taken":0,"max_hp_gain":0,"max_hp_loss":0,"event_name":"Living Wall","floor":5,"gold_loss":0,"cards_upgraded":["Doom and Gloom"]},{"cards_removed":["Strike_B"],"damage_healed":0,"gold_gain":0,"player_choice":"Gave Gold","damage_taken":0,"max_hp_gain":0,"max_hp_loss":0,"event_name":"Beggar","floor":21,"gold_loss":75},{"damage_healed":16,"gold_gain":0,"player_choice":"Heal","damage_taken":0,"max_hp_gain":0,"max_hp_loss":0,"event_name":"The Library","floor":22,"gold_loss":0}],"is_beta":false,"boss_relics":[{"not_picked":["Runic Dome","Sozu"],"picked":"FrozenCore"}],"items_purged_floors":[4],"is_endless":false,"potions_floor_spawned":[7,8,10,12,13,14,16,18,19,20],"killed_by":"Book of Stabbing","ascension_level":20}}