{"host":"zxkjcgzis4pm3za5","time":1611675721,"event":{"mods":["AchievementEnabler","Act Like it!","BaseMod","Colored Map","Colored Powertips","Friendly Minions","GifTheSpireLib","Minty Spire (QoL Compilation)","Quick Restart","RNG Fix","Random Character Button","Relic Filter Mod","Relic Sorter","Relic Stats","StSLib"],"gold_per_floor":[216,216,227,243,263,290,290,306,306,306,326,60,60,95,95,170,170,184,109,9,20,37,37,37],"floor_reached":23,"language":"ENG","playtime":862,"items_purged":["Strike_R","Strike_R"],"score":386,"play_id":"35465e82-ec8d-48a2-90ce-cfb285cbefb4","local_time":"20210126211201","is_ascension_mode":true,"campfire_choices":[{"floor":7,"key":"REST"},{"data":"Flame Barrier","floor":10,"key":"SMITH"},{"data":"Apotheosis","floor":15,"key":"SMITH"}],"circlet_count":0,"master_deck":["AscendersBane","Strike_R","Strike_R","Defend_R+1","Defend_R","Defend_R","Defend_R","Bash","Spot Weakness+1","Flame Barrier+1","Burning Pact","Shrug It Off","Headbutt","Apotheosis+1","Power Through","Offering","Rage","Shrug It Off","True Grit"],"relics":["Burning Blood","War Paint","Sundial","Champion Belt","Mark of Pain"],"acts_visited":["TheCity"],"potions_floor_usage":[16,18,23],"damage_taken":[{"damage":1.0,"enemies":"Cultist","floor":1.0,"turns":3.0},{"damage":2.0,"enemies":"2 Louse","floor":3.0,"turns":3.0},{"damage":11.0,"enemies":"Small Slimes","floor":4.0,"turns":4.0},{"damage":26.0,"enemies":"Exordium Thugs","floor":5.0,"turns":4.0},{"damage":40.0,"enemies":"3 Sentries","floor":6.0,"turns":12.0},{"damage":7,"enemies":"Blue Slaver","floor":8,"turns":7},{"damage":11,"enemies":"2 Fungi Beasts","floor":11,"turns":4},{"damage":5,"enemies":"Lagavulin","floor":14,"turns":7},{"damage":10,"enemies":"The Guardian","floor":16,"turns":11},{"damage":26,"enemies":"2 Thieves","floor":18,"turns":3},{"damage":16,"enemies":"3 Byrds","floor":21,"turns":5},{"damage":17,"enemies":"Shelled Parasite and Fungi","floor":22,"turns":11},{"damage":39,"enemies":"Book of Stabbing","floor":23,"turns":4}],"seed_played":"3605185853411973140","potions_obtained":[{"floor":1.0,"key":"Ancient Potion"},{"floor":4.0,"key":"EssenceOfSteel"},{"floor":8,"key":"Dexterity Potion"},{"floor":11,"key":"LiquidMemories"},{"floor":16,"key":"Energy Potion"},{"floor":18,"key":"AttackPotion"}],"is_trial":false,"path_per_floor":["M","?","M","M","M","E","R","M","T","R","M","$","?","E","R","B",null,"M","?","$","M","M","E"],"character_chosen":"IRONCLAD","items_purchased":["Apotheosis"],"campfire_rested":1,"item_purchase_floors":[12],"current_hp_per_floor":[73,73,75,70,50,16,38,37,37,37,32,32,75,75,75,71,74,54,54,54,44,33,0,0],"gold":37,"neow_bonus":"HUNDRED_GOLD","is_daily":false,"chose_seed":false,"campfire_upgraded":2,"win_rate":0.0,"timestamp":1611675721,"path_taken":["M","?","M","M","M","E","R","M","T","R","M","$","?","E","R","BOSS","M","?","$","M","M","E"],"items_purchased_type":["Card"],"build_version":"2020-12-22","purchased_purges":2,"victory":false,"max_hp_per_floor":[75,75,75,75,75,75,75,75,75,75,75,75,75,75,75,75,75,75,75,75,75,75,75,75],"relic_stats":{"counters":[13,78],"Sundial":[10],"Champion Belt":[8],"War Paint":["Defend_R","Spot Weakness"],"obtain_stats":[{"Sundial":9,"Mark of Pain":17,"Champion Belt":14,"War Paint":6,"Burning Blood":0},{"Sundial":6,"Mark of Pain":9,"Champion Belt":8,"War Paint":5,"Burning Blood":0},{"Sundial":33,"Mark of Pain":55,"Champion Belt":44,"War Paint":26,"Burning Blood":0}],"Burning Blood":69},"card_choices":[{"not_picked":["Ghostly Armor","Headbutt"],"picked":"Blood for Blood","floor":1.0},{"not_picked":["Warcry","Clothesline"],"picked":"Spot Weakness","floor":3.0},{"not_picked":["Sword Boomerang","Evolve"],"picked":"Flame Barrier","floor":4.0},{"not_picked":["True Grit","Body Slam","Thunderclap"],"picked":"SKIP","floor":5.0},{"not_picked":["Twin Strike","Fiend Fire"],"picked":"Burning Pact","floor":6},{"not_picked":["Perfected Strike","Pommel Strike"],"picked":"Shrug It Off","floor":8},{"not_picked":["Flex","Thunderclap"],"picked":"Headbutt","floor":11},{"not_picked":["Body Slam","Hemokinesis"],"picked":"Power Through","floor":14},{"not_picked":["Demon Form","Barricade"],"picked":"Offering","floor":16},{"not_picked":["Heavy Blade","Rupture"],"picked":"Rage","floor":18},{"not_picked":["Havoc","Cleave"],"picked":"Shrug It Off","floor":21},{"not_picked":["Sever Soul","Perfected Strike"],"picked":"True Grit","floor":22}],"player_experience":279897,"relics_obtained":[{"floor":6,"key":"War Paint"},{"floor":9,"key":"Sundial"},{"floor":14,"key":"Champion Belt"}],"event_choices":[{"damage_healed":0.0,"max_hp_gain":0.0,"max_hp_loss":0.0,"gold_gain":0.0,"event_name":"Liars Game","player_choice":"Ignored","floor":2.0,"gold_loss":0.0,"damage_taken":0.0},{"cards_removed":["Blood for Blood"],"damage_healed":43,"gold_gain":0,"player_choice":"Offered Uncommon","damage_taken":0,"max_hp_gain":0,"max_hp_loss":0,"event_name":"Bonfire Elementals","floor":13,"gold_loss":0},{"cards_removed":["Strike_R"],"damage_healed":0,"gold_gain":0,"player_choice":"Gave Gold","damage_taken":0,"max_hp_gain":0,"max_hp_loss":0,"event_name":"Beggar","floor":19,"gold_loss":75}],"is_beta":false,"boss_relics":[{"not_picked":["SacredBark","Snecko Eye"],"picked":"Mark of Pain"}],"items_purged_floors":[12,20],"is_endless":false,"potions_floor_spawned":[1,4,8,11,14,16,18,22],"killed_by":"Book of Stabbing","ascension_level":18}}