{"host":"d7fiu2yjkssjxoz6","time":1611704576,"event":{"mods":["AchievementEnabler","BaseMod","Duelist Mod","Minty Spire (QoL Compilation)","StSLib"],"gold_per_floor":[143,143,161,161,171,171,171],"floor_reached":6,"language":"ENG","playtime":578,"items_purged":[],"score":63,"play_id":"7cdc3907-859b-4ac3-837c-11969199d523","local_time":"20210126154256","is_ascension_mode":true,"campfire_choices":[],"circlet_count":0,"master_deck":["theDuelist:CastleWalls","theDuelist:RainbowOverdragon","theDuelist:Sparks","theDuelist:FluteKuriboh","theDuelist:Relinkuriboh","theDuelist:UltimateOffering","theDuelist:WingedKuriboh","theDuelist:WingedKuriboh","theDuelist:FluteKuriboh","theDuelist:FluteKuriboh","theDuelist:Fissure","AscendersBane","Regret","theDuelist:Sparks","theDuelist:WingedKuribohLv9"],"relics":["theDuelist:MillenniumPuzzle","theDuelist:CardPoolRelic","theDuelist:CardPoolBasicRelic","theDuelist:BoosterPackPoolRelic","theDuelist:CardPoolAddRelic","theDuelist:CardPoolMinusRelic","theDuelist:CardPoolSaveRelic","theDuelist:CardPoolOptionsRelic","theDuelist:SpellMaxHPRelic","Dream Catcher"],"acts_visited":["Exordium"],"potions_floor_usage":[],"damage_taken":[{"damage":0,"enemies":"Cultist","floor":1,"turns":4},{"damage":2,"enemies":"2 Louse","floor":3,"turns":4},{"damage":3,"enemies":"Jaw Worm","floor":5,"turns":5},{"damage":41,"enemies":"Lagavulin","floor":6,"turns":8}],"seed_played":"-8511823157693150369","potions_obtained":[{"floor":3,"key":"SmokeBomb"}],"is_trial":false,"path_per_floor":["M","?","M","?","M","E"],"character_chosen":"THE_DUELIST","items_purchased":[],"campfire_rested":0,"item_purchase_floors":[],"current_hp_per_floor":[45,45,43,43,40,0,0],"gold":171,"neow_bonus":"ONE_RARE_RELIC","is_daily":false,"chose_seed":false,"campfire_upgraded":0,"win_rate":0.0,"timestamp":1611704576,"path_taken":["M","?","M","?","M","E"],"items_purchased_type":[],"build_version":"2020-12-22","purchased_purges":0,"victory":false,"max_hp_per_floor":[70,70,70,70,70,70,70],"card_choices":[{"not_picked":["theDuelist:CrossSwordBeetle","theDuelist:Relinkuriboh","theDuelist:SilverApples","theDuelist:DarkFusion"],"picked":"theDuelist:WingedKuribohLv9","floor":1},{"not_picked":["theDuelist:WhiteHowling","theDuelist:GoldenApples","theDuelist:SilverApples","theDuelist:RadiantMirrorForce"],"picked":"theDuelist:UltimateOffering","floor":3},{"not_picked":["theDuelist:BattleguardKing","theDuelist:GauntletWarrior","theDuelist:GraniteLoyalist","theDuelist:Mathematician"],"picked":"theDuelist:RainbowOverdragon","floor":5}],"player_experience":319480,"relics_obtained":[],"event_choices":[{"damage_healed":0,"gold_gain":0,"player_choice":"Traded Castle Walls for Flute of Kuriboh","duelist":true,"damage_taken":0,"max_hp_gain":0,"max_hp_loss":0,"event_name":"Card Trader","floor":2,"gold_loss":0},{"damage_healed":0,"gold_gain":0,"player_choice":"Box","damage_taken":0,"relics_obtained":["Dream Catcher"],"max_hp_gain":0,"max_hp_loss":0,"event_name":"Big Fish","floor":4,"gold_loss":0,"cards_obtained":["Regret"]}],"is_beta":false,"boss_relics":[],"items_purged_floors":[],"is_endless":false,"potions_floor_spawned":[3],"killed_by":"Lagavulin","ascension_level":15}}