{"host":"c6u7e77myxvw4d0m","time":1611662941,"event":{"mods":["AchievementEnabler","BaseMod","Bestiary","Colored Map","Colored Powertips","Minty Spire (QoL Compilation)","Rare Cards Sparkle","Relic Stats","everything is the same but u backflip on backflip"],"gold_per_floor":[114,114,114,129,141,141,176,195,195,222,239,239,239,21,21,98,98,112,131,131,148,148,148],"floor_reached":22,"language":"ENG","playtime":1406,"items_purged":[],"score":323,"play_id":"d4db2406-10df-4110-b5cf-69eba7e82d88","local_time":"20210126140901","is_ascension_mode":true,"campfire_choices":[{"data":"Whirlwind","floor":6.0,"key":"SMITH"},{"floor":13.0,"key":"REST"},{"data":"Bash","floor":15.0,"key":"SMITH"}],"circlet_count":0,"master_deck":["AscendersBane","Strike_R","Strike_R","Strike_R","Strike_R","Defend_R","Defend_R","Defend_R","Defend_R","Bash+1","Whirlwind+1","Pommel Strike","Thunderclap","Bludgeon","Shrug It Off","Clothesline","Flex","Reaper","Offering"],"relics":["SlaversCollar","Vajra","Gremlin Horn","Ice Cream","Calipers","Medical Kit","Busted Crown"],"acts_visited":["Exordium","TheCity"],"potions_floor_usage":[21,21],"damage_taken":[{"damage":5.0,"enemies":"2 Louse","floor":1.0,"turns":4.0},{"damage":6.0,"enemies":"Jaw Worm","floor":4.0,"turns":5.0},{"damage":0.0,"enemies":"Small Slimes","floor":5.0,"turns":3.0},{"damage":23.0,"enemies":"Gremlin Nob","floor":7.0,"turns":4.0},{"damage":0.0,"enemies":"Gremlin Gang","floor":8.0,"turns":1.0},{"damage":2.0,"enemies":"3 Sentries","floor":10.0,"turns":4.0},{"damage":0.0,"enemies":"2 Fungi Beasts","floor":11.0,"turns":3.0},{"damage":29.0,"enemies":"Hexaghost","floor":16.0,"turns":8.0},{"damage":9.0,"enemies":"Spheric Guardian","floor":18.0,"turns":3.0},{"damage":28.0,"enemies":"Shell Parasite","floor":19.0,"turns":4.0},{"damage":19,"enemies":"Snake Plant","floor":21,"turns":3},{"damage":32,"enemies":"Cultist and Chosen","floor":22,"turns":4}],"seed_played":"1070277290178084701","potions_obtained":[{"floor":5.0,"key":"PowerPotion"},{"floor":7.0,"key":"EssenceOfSteel"},{"floor":10.0,"key":"SkillPotion"},{"floor":16.0,"key":"BlessingOfTheForge"},{"floor":20.0,"key":"Strength Potion"}],"is_trial":false,"path_per_floor":["M","?","?","M","M","R","E","M","T","E","M","T","R","$","R","B",null,"M","M","?","M","M"],"character_chosen":"IRONCLAD","items_purchased":["Reaper","Medical Kit"],"campfire_rested":1,"item_purchase_floors":[14,14],"current_hp_per_floor":[67,60,60,54,54,54,31,31,31,29,29,29,53,53,53,31,68,64,36,36,17,0,0],"gold":148,"neow_bonus":"BOSS_RELIC","is_daily":false,"chose_seed":false,"campfire_upgraded":2,"win_rate":0.0,"timestamp":1611662941,"path_taken":["M","?","?","M","M","R","E","M","T","E","M","?","R","$","R","BOSS","M","M","?","M","?"],"items_purchased_type":["Card","Relic"],"build_version":"2020-12-22","purchased_purges":0,"victory":false,"max_hp_per_floor":[80,80,80,80,80,80,80,80,80,80,80,80,80,80,80,80,80,80,80,80,80,80,80],"relic_stats":{"Busted Crown":6,"Gremlin Horn":[3,3],"counters":[12,46],"Medical Kit":[1],"obtain_stats":[{"Ice Cream":10,"SlaversCollar":0,"Calipers":12,"Busted Crown":17,"Gremlin Horn":9,"Vajra":7,"Medical Kit":14,"Burning Blood":0},{"Ice Cream":6,"SlaversCollar":0,"Calipers":7,"Busted Crown":8,"Gremlin Horn":5,"Vajra":4,"Medical Kit":7,"Burning Blood":0},{"Ice Cream":21,"SlaversCollar":0,"Calipers":24,"Busted Crown":32,"Gremlin Horn":17,"Vajra":16,"Medical Kit":24,"Burning Blood":0}]},"card_choices":[{"not_picked":["Warcry","Iron Wave"],"picked":"Whirlwind","floor":1.0},{"not_picked":["Hemokinesis","Whirlwind"],"picked":"Pommel Strike","floor":4.0},{"not_picked":["Metallicize","Entrench"],"picked":"Thunderclap","floor":5.0},{"not_picked":["Havoc","Armaments"],"picked":"Bludgeon","floor":7.0},{"not_picked":["Sentinel","Cleave"],"picked":"Shrug It Off","floor":8.0},{"not_picked":["Combust","Whirlwind"],"picked":"Clothesline","floor":10.0},{"not_picked":["Iron Wave","Body Slam"],"picked":"Flex","floor":11.0},{"not_picked":["Reaper","Double Tap"],"picked":"Offering","floor":16.0},{"not_picked":["Heavy Blade"],"picked":"SKIP","floor":18.0},{"not_picked":["Sever Soul+1"],"picked":"SKIP","floor":19.0},{"not_picked":["Twin Strike+1"],"picked":"SKIP","floor":21}],"player_experience":510605,"relics_obtained":[{"floor":7.0,"key":"Vajra"},{"floor":9.0,"key":"Gremlin Horn"},{"floor":10.0,"key":"Ice Cream"},{"floor":12.0,"key":"Calipers"}],"event_choices":[{"cards_removed":["Strike_R"],"damage_healed":0.0,"max_hp_gain":0.0,"max_hp_loss":0.0,"gold_gain":0.0,"event_name":"Golden Wing","player_choice":"Card Removal","floor":2.0,"gold_loss":0.0,"damage_taken":7.0},{"damage_healed":0.0,"max_hp_gain":0.0,"max_hp_loss":0.0,"gold_gain":0.0,"event_name":"Liars Game","player_choice":"Ignored","floor":3.0,"gold_loss":0.0,"damage_taken":0.0},{"damage_healed":0.0,"max_hp_gain":0.0,"max_hp_loss":0.0,"gold_gain":0.0,"event_name":"Lab","player_choice":"Got Potions","floor":20.0,"gold_loss":0.0,"damage_taken":0.0}],"is_beta":false,"boss_relics":[{"not_picked":["Black Star","Sozu"],"picked":"Busted Crown"}],"items_purged_floors":[],"is_endless":false,"potions_floor_spawned":[5,7,10,11,16],"killed_by":"Cultist and Chosen","ascension_level":13}}