{"host":"sc0o2qwpf9j16a4i","time":1611699103,"event":{"mods":["AchievementEnabler","BaseMod","BetterRewards","Block Reminder","Colored Map","Colored Powertips","Custom Start","Highlight Path","Minty Spire (QoL Compilation)","Relic Stats"],"gold_per_floor":[143,183,183,249,300,300,44,44,96,198,47,84,109,175,175,309,309,345,345,395,395,435,493,513,577,577,661,661,696,696,79,79,180,180,192,192,272,272,272,365,440,440,520,80,96,132,132,92,92,117],"floor_reached":51,"language":"ENG","playtime":1734,"items_purged":["Writhe","Violence"],"score":1056,"play_id":"3db56d1f-51dd-4f36-b40a-8ac9df32c6b6","local_time":"20210127001143","daily_mods":["Shiny","Colorless Cards","Binary"],"is_ascension_mode":false,"campfire_choices":[{"data":"Apotheosis","floor":6,"key":"SMITH"},{"data":"Scrawl","floor":8,"key":"SMITH"},{"data":"Wish","floor":15,"key":"SMITH"},{"floor":28,"key":"REST"},{"floor":32,"key":"REST"},{"floor":42,"key":"REST"},{"floor":47,"key":"REST"},{"floor":49,"key":"REST"}],"circlet_count":0,"master_deck":["ConjureBlade","MasterReality","Brilliance+1","Devotion","Blasphemy+1","Ragnarok+1","LessonLearned+1","Scrawl+1","Vault","Alpha+1","Wish+1","Omniscience","Establishment+1","SpiritShield+1","DevaForm","DeusExMachina","Thinking Ahead","Metamorphosis","Master of Strategy","Magnetism","Chrysalis","Transmutation","HandOfGreed","Apotheosis+1","Secret Weapon","Panache","Secret Technique","The Bomb","CutThroughFate+1","Sanctity+1","Mind Blast","Protect","ConjureBlade","ThirdEye","Protect","WheelKick+1","ClearTheMind+1","Mind Blast+1","Devotion"],"relics":["PureWater","Anchor","Question Card","Orichalcum","Damaru","Membership Card","The Courier","Philosopher\u0027s Stone","Strawberry","Meat on the Bone","Pantograph","Ornamental Fan","Blood Vial","Medical Kit","Pen Nib","Turnip","CaptainsWheel","Vajra","HornCleat","MealTicket","Fusion Hammer","Unceasing Top","Whetstone","White Beast Statue","Gremlin Horn","Shuriken","DollysMirror","Mango"],"acts_visited":["Exordium","TheCity","TheBeyond"],"potions_floor_usage":[12,16,16,18,22,25,25,25,25,25,27,46,50],"damage_taken":[{"damage":0,"enemies":"Small Slimes","floor":1,"turns":2},{"damage":0,"enemies":"Jaw Worm","floor":2,"turns":3},{"damage":6,"enemies":"Cultist","floor":4,"turns":3},{"damage":13,"enemies":"Lagavulin Event","floor":10,"turns":3},{"damage":0,"enemies":"Exordium Thugs","floor":12,"turns":2},{"damage":0,"enemies":"Gremlin Nob","floor":13,"turns":2},{"damage":0,"enemies":"Slime Boss","floor":16,"turns":4},{"damage":0,"enemies":"Spheric Guardian","floor":18,"turns":1},{"damage":1,"enemies":"2 Thieves","floor":20,"turns":2},{"damage":0,"enemies":"3 Cultists","floor":22,"turns":2},{"damage":0,"enemies":"Book of Stabbing","floor":23,"turns":5},{"damage":5,"enemies":"Snake Plant","floor":24,"turns":3},{"damage":22,"enemies":"Slavers","floor":25,"turns":6},{"damage":44,"enemies":"Gremlin Leader","floor":27,"turns":7},{"damage":0,"enemies":"Centurion and Healer","floor":29,"turns":6},{"damage":0,"enemies":"Collector","floor":33,"turns":6},{"damage":0,"enemies":"Orb Walker","floor":35,"turns":2},{"damage":8,"enemies":"Mind Bloom Boss Battle","floor":37,"turns":7},{"damage":4,"enemies":"Giant Head","floor":40,"turns":7},{"damage":0,"enemies":"3 Shapes","floor":41,"turns":3},{"damage":0,"enemies":"Spire Growth","floor":45,"turns":4},{"damage":0,"enemies":"3 Darklings","floor":46,"turns":2},{"damage":10,"enemies":"Awakened One","floor":50,"turns":10}],"seed_played":"-5743348405917761599","potions_obtained":[{"floor":1,"key":"LiquidMemories"},{"floor":3,"key":"Ambrosia"},{"floor":3,"key":"Explosive Potion"},{"floor":12,"key":"EssenceOfSteel"},{"floor":16,"key":"Energy Potion"},{"floor":20,"key":"EntropicBrew"},{"floor":22,"key":"Fire Potion"},{"floor":25,"key":"PowerPotion"},{"floor":33,"key":"Swift Potion"},{"floor":35,"key":"BottledMiracle"},{"floor":37,"key":"AttackPotion"},{"floor":46,"key":"Regen Potion"}],"is_trial":true,"path_per_floor":["M","M","?","M","T","R","$","R","T","?","$","M","E","?","R","B",null,"M","?","M","?","M","E","M","E","T","E","R","M","?","$","R","B",null,"M","?","?","?","?","E","M","R","T","$","M","M","R","?","R","B",null],"character_chosen":"WATCHER","items_purchased":["Question Card","Membership Card","Medical Kit","Pen Nib","Turnip","CaptainsWheel","Vajra","HornCleat","MealTicket","Gremlin Horn","Shuriken","DollysMirror","Mango"],"campfire_rested":5,"item_purchase_floors":[7,11,31,31,31,31,31,31,31,44,44,44,44],"current_hp_per_floor":[72,72,72,66,66,66,66,66,66,53,53,53,53,53,53,53,72,72,72,71,82,82,89,84,62,62,30,56,56,56,56,82,89,89,89,89,81,81,81,79,81,85,85,99,99,99,99,99,99,89],"gold":117,"neow_bonus":"","is_daily":false,"chose_seed":false,"campfire_upgraded":3,"win_rate":0.0,"timestamp":1611699103,"path_taken":["M","?","?","?","?","R","$","R","T","?","$","M","E","?","R","BOSS","M","?","M","?","M","E","?","E","T","E","R","M","?","$","R","BOSS","M","?","?","?","?","E","?","R","T","$","?","M","R","?","R","BOSS"],"items_purchased_type":["Relic","Relic","Relic","Relic","Relic","Relic","Relic","Relic","Relic","Relic","Relic","Relic","Relic"],"build_version":"2020-12-22","purchased_purges":2,"victory":true,"max_hp_per_floor":[72,72,72,72,72,72,72,72,72,72,72,72,72,72,72,72,72,72,72,72,82,82,89,89,89,89,89,89,89,89,89,89,89,89,89,89,89,85,85,85,85,85,85,99,99,99,99,99,99,99],"relic_stats":{"Gremlin Horn":[5,5],"counters":[23,92],"Pen Nib":[4],"Whetstone":["LessonLearned","CutThroughFate"],"Orichalcum":[90],"Question Card":19,"Medical Kit":[0],"Blood Vial":6,"Ornamental Fan":[16],"Shuriken":[4],"Pantograph":5,"MealTicket":0,"Turnip":[3],"obtain_stats":[{"Gremlin Horn":44,"Vajra":31,"Mango":44,"Whetstone":40,"Blood Vial":30,"HornCleat":31,"DollysMirror":44,"Strawberry":23,"Pantograph":26,"Philosopher\u0027s Stone":17,"MealTicket":31,"Fusion Hammer":34,"Damaru":10,"The Courier":13,"Pen Nib":31,"Orichalcum":9,"Question Card":7,"Medical Kit":31,"White Beast Statue":43,"Anchor":5,"CaptainsWheel":31,"Ornamental Fan":27,"Shuriken":44,"Turnip":31,"Membership Card":11,"PureWater":0,"Unceasing Top":37,"Meat on the Bone":25},{"Gremlin Horn":20,"Vajra":15,"Mango":20,"Whetstone":19,"Blood Vial":15,"HornCleat":15,"DollysMirror":20,"Strawberry":11,"Pantograph":13,"Philosopher\u0027s Stone":7,"MealTicket":15,"Fusion Hammer":16,"Damaru":3,"The Courier":6,"Pen Nib":15,"Orichalcum":3,"Question Card":3,"Medical Kit":15,"White Beast Statue":20,"Anchor":3,"CaptainsWheel":15,"Ornamental Fan":14,"Shuriken":20,"Turnip":15,"Membership Card":4,"PureWater":0,"Unceasing Top":18,"Meat on the Bone":13},{"Gremlin Horn":76,"Vajra":51,"Mango":76,"Whetstone":73,"Blood Vial":51,"HornCleat":51,"DollysMirror":76,"Strawberry":29,"Pantograph":38,"Philosopher\u0027s Stone":19,"MealTicket":51,"Fusion Hammer":57,"Damaru":8,"The Courier":15,"Pen Nib":51,"Orichalcum":8,"Question Card":8,"Medical Kit":51,"White Beast Statue":76,"Anchor":8,"CaptainsWheel":51,"Ornamental Fan":45,"Shuriken":76,"Turnip":51,"Membership Card":11,"PureWater":0,"Unceasing Top":66,"Meat on the Bone":38}],"Unceasing Top":[0],"Meat on the Bone":12},"card_choices":[{"not_picked":["Tantrum","SashWhip"],"picked":"SKIP","floor":1},{"not_picked":["PathToVictory"],"picked":"CutThroughFate","floor":2},{"not_picked":["ThirdEye","Pray"],"picked":"SKIP","floor":4},{"not_picked":["Weave","EmptyFist"],"picked":"Sanctity","floor":10},{"not_picked":["FearNoEvil","BowlingBash"],"picked":"Mind Blast","floor":12},{"not_picked":["LessonLearned","Enlightenment"],"picked":"Protect","floor":13},{"not_picked":["Master of Strategy","Chrysalis"],"picked":"ConjureBlade","floor":16},{"not_picked":["Crescendo","Weave","Evaluate"],"picked":"SKIP","floor":18},{"not_picked":["PanicButton","Halt"],"picked":"ThirdEye","floor":20},{"not_picked":["Prostrate","FearNoEvil","BowlingBash"],"picked":"SKIP","floor":22},{"not_picked":["Dramatic Entrance+1","EmptyBody"],"picked":"Protect","floor":23},{"not_picked":["PanicButton","CrushJoints","ThirdEye"],"picked":"SKIP","floor":24},{"not_picked":["SignatureMove","FlyingSleeves","Consecrate"],"picked":"SKIP","floor":25},{"not_picked":["SashWhip","EmptyBody+1"],"picked":"WheelKick+1","floor":27},{"not_picked":["ThirdEye","Mayhem"],"picked":"ClearTheMind+1","floor":29},{"not_picked":["Crescendo+1","Evaluate+1"],"picked":"Mind Blast+1","floor":35},{"not_picked":["WreathOfFlame","Purity+1","Blind"],"picked":"SKIP","floor":40},{"not_picked":["Wireheading+1","ThirdEye","Protect"],"picked":"SKIP","floor":41},{"not_picked":["FollowUp+1","Consecrate+1","HandOfGreed"],"picked":"SKIP","floor":45},{"not_picked":["CrushJoints+1","ClearTheMind","Tantrum"],"picked":"SKIP","floor":46}],"player_experience":1005767,"relics_obtained":[{"floor":5,"key":"Anchor"},{"floor":9,"key":"Orichalcum"},{"floor":13,"key":"The Courier"},{"floor":23,"key":"Strawberry"},{"floor":25,"key":"Meat on the Bone"},{"floor":26,"key":"Pantograph"},{"floor":27,"key":"Ornamental Fan"},{"floor":37,"key":"Unceasing Top"},{"floor":40,"key":"Whetstone"},{"floor":43,"key":"White Beast Statue"}],"event_choices":[{"damage_healed":0,"gold_gain":0,"player_choice":"Got Potions","damage_taken":0,"max_hp_gain":0,"max_hp_loss":0,"event_name":"Lab","floor":3,"gold_loss":0},{"damage_healed":0,"gold_gain":0,"player_choice":"Searched \u00272\u0027 times","damage_taken":0,"relics_obtained":["Damaru"],"max_hp_gain":0,"max_hp_loss":0,"event_name":"Dead Adventurer","floor":10,"gold_loss":0},{"damage_healed":0,"gold_gain":66,"player_choice":"Gained Gold","damage_taken":0,"max_hp_gain":0,"max_hp_loss":0,"event_name":"Golden Wing","floor":14,"gold_loss":0},{"cards_removed":["Sadistic Nature"],"damage_healed":0,"gold_gain":0,"player_choice":"Elegance","damage_taken":0,"max_hp_gain":0,"max_hp_loss":0,"event_name":"Back to Basics","floor":19,"gold_loss":0},{"cards_removed":["Judgement"],"damage_healed":1,"gold_gain":0,"player_choice":"Offered Rare","damage_taken":0,"max_hp_gain":10,"max_hp_loss":0,"event_name":"Bonfire Elementals","floor":21,"gold_loss":0},{"damage_healed":0,"gold_gain":0,"player_choice":"Opened","damage_taken":0,"relics_obtained":["Blood Vial"],"max_hp_gain":0,"max_hp_loss":0,"event_name":"The Mausoleum","floor":30,"gold_loss":0,"cards_obtained":["Writhe"]},{"cards_removed":["Mayhem"],"damage_healed":0,"gold_gain":0,"player_choice":"Removed Power","damage_taken":0,"max_hp_gain":0,"max_hp_loss":0,"event_name":"Falling","floor":36,"gold_loss":0},{"damage_healed":0,"gold_gain":0,"player_choice":"Fight","damage_taken":0,"max_hp_gain":0,"max_hp_loss":0,"event_name":"MindBloom","floor":37,"gold_loss":0},{"damage_healed":0,"gold_gain":0,"player_choice":"Max HP","damage_taken":0,"max_hp_gain":0,"max_hp_loss":4,"event_name":"Winding Halls","floor":38,"gold_loss":0},{"damage_healed":0,"gold_gain":0,"player_choice":"Bought 0 Potions","damage_taken":0,"max_hp_gain":0,"max_hp_loss":0,"event_name":"The Woman in Blue","floor":39,"gold_loss":0},{"damage_healed":0,"gold_gain":0,"player_choice":"Upgrade","damage_taken":0,"max_hp_gain":0,"max_hp_loss":0,"event_name":"Designer","floor":48,"gold_loss":40,"cards_upgraded":["SpiritShield"]}],"is_beta":false,"boss_relics":[{"not_picked":["VioletLotus","Busted Crown"],"picked":"Philosopher\u0027s Stone"},{"not_picked":["Tiny House","Calling Bell"],"picked":"Fusion Hammer"}],"items_purged_floors":[31,44],"is_endless":false,"potions_floor_spawned":[1,12,13,16,20,22,25,33,35,37,41,45,46],"ascension_level":0}}