{"host":"b96hyfeqj1peltkw","time":1611678025,"event":{"mods":["AchievementEnabler","Act Like it!","Arknights The Spire","BaseMod","Block Reminder","Minty Spire (QoL Compilation)","Practice Mode","StSLib"],"gold_per_floor":[112,112,123,73,90,90,104,115,139,165,165,220,233,20,20,123,123,141,141,158,173,31,31,47,47,47,63,63,63,63,63,63],"floor_reached":31,"language":"ENG","playtime":1208,"items_purged":["ats:Strike V"],"score":237,"play_id":"4174497c-a9b4-4076-9053-7290d734a8a5","local_time":"20210127002025","is_ascension_mode":false,"campfire_choices":[{"data":"ats:Armor Crushing Shot","floor":6.0,"key":"SMITH"},{"data":"ats:Rapid Magazine","floor":11.0,"key":"SMITH"},{"data":"ats:Revitalization","floor":15.0,"key":"SMITH"},{"data":"ats:Calcification","floor":23.0,"key":"SMITH"},{"data":"ats:Healing Strengthening","floor":25.0,"key":"SMITH"},{"data":"ats:Directed Diagnosis","floor":29.0,"key":"SMITH"}],"circlet_count":0,"master_deck":["ats:Strike G","ats:Strike S","ats:Armor Crushing Shot+1","ats:Defend","ats:Defend","ats:Defend","ats:Defend","ats:Emotion Absorption","ats:Poison Spread","ats:Curse Doll","ats:Explosion Area Strengthen","ats:Rapid Magazine+1","ats:Sword Rain","ats:Flexible Camouflage","ats:Revitalization+1","ats:Healing Strengthening+1","ats:Chain Hook","ats:Guard Mode","ats:Calcification+1","ats:Neurotoxin+1","ats:Directed Diagnosis+1","ats:Serious Mode+1","ats:Shell Defense"],"relics":["ats:Sanity","NeowsBlessing","Art of War","ats:Ability Aura","ats:Originium","Happy Flower","ats:Tactical Delivery","The Courier"],"acts_visited":["Exordium","TheCity"],"potions_floor_usage":[30,31],"damage_taken":[{"damage":0.0,"enemies":"2 Louse","floor":1.0,"turns":2.0},{"damage":0.0,"enemies":"Cultist","floor":3.0,"turns":1.0},{"damage":0.0,"enemies":"Small Slimes","floor":5.0,"turns":1.0},{"damage":7.0,"enemies":"Blue Slaver","floor":7.0,"turns":3.0},{"damage":12.0,"enemies":"Exordium Thugs","floor":8.0,"turns":4.0},{"damage":35.0,"enemies":"3 Sentries","floor":10.0,"turns":7.0},{"damage":11.0,"enemies":"Large Slime","floor":13.0,"turns":6.0},{"damage":23.0,"enemies":"Slime Boss","floor":16.0,"turns":9.0},{"damage":30.0,"enemies":"Shell Parasite","floor":18.0,"turns":8.0},{"damage":23.0,"enemies":"3 Byrds","floor":20.0,"turns":8.0},{"damage":41.0,"enemies":"Cultist and Chosen","floor":21.0,"turns":8.0},{"damage":37.0,"enemies":"Sentry and Sphere","floor":24.0,"turns":7.0},{"damage":26.0,"enemies":"Snake Plant","floor":27.0,"turns":5.0},{"damage":40,"enemies":"Colosseum Slavers","floor":30,"turns":4},{"damage":13,"enemies":"3 Cultists","floor":31,"turns":3}],"seed_played":"3162725138500983577","potions_obtained":[{"floor":3.0,"key":"Explosive Potion"},{"floor":5.0,"key":"FearPotion"},{"floor":10.0,"key":"SpeedPotion"},{"floor":16.0,"key":"ats:Emergency Sanity Potion"},{"floor":18.0,"key":"Dexterity Potion"}],"is_trial":false,"path_per_floor":["M","?","M","?","M","R","M","M","T","E","R","?","M","$","R","B",null,"M","?","M","M","$","R","M","R","T","M","?","R","?","M"],"character_chosen":"DOCTOR_CLASS","items_purchased":["ats:Revitalization","ats:Healing Strengthening","ats:Chain Hook","ats:Guard Mode","ats:Directed Diagnosis"],"campfire_rested":0,"item_purchase_floors":[14,14,14,14,22],"current_hp_per_floor":[72,72,72,72,72,72,65,53,53,18,18,18,7,7,7,11,72,68,68,72,49,49,49,43,43,43,39,39,39,8,0,0],"gold":63,"neow_bonus":"THREE_ENEMY_KILL","is_daily":false,"chose_seed":false,"campfire_upgraded":6,"win_rate":0.0,"timestamp":1611678025,"path_taken":["M","?","?","?","M","R","M","M","T","E","R","?","M","$","R","BOSS","M","?","M","M","$","R","M","R","T","M","?","R","?","M"],"items_purchased_type":["Card","Card","Card","Card","Card"],"build_version":"2020-12-22","purchased_purges":1,"victory":false,"max_hp_per_floor":[72,72,72,72,72,72,72,72,72,72,72,72,72,72,72,72,72,72,72,72,72,72,72,72,72,72,72,72,72,72,72,72],"card_choices":[{"not_picked":["ats:Leaping Hammer","ats:Hammer On"],"picked":"ats:Support Order","floor":1.0},{"not_picked":["ats:Healing Strengthening","ats:Absolute Focus"],"picked":"ats:Poison Spread","floor":3.0},{"not_picked":["ats:Ignite","ats:Very Hot Blade"],"picked":"ats:Curse Doll","floor":5.0},{"not_picked":["ats:Powerful Strike","ats:Red Shift"],"picked":"ats:Explosion Area Strengthen","floor":7.0},{"not_picked":["ats:Ignite","ats:Wolf Pack"],"picked":"ats:Rapid Magazine","floor":8.0},{"not_picked":["ats:Cat Scratch","ats:Directed Diagnosis"],"picked":"ats:Sword Rain","floor":10.0},{"not_picked":["ats:Phantom","ats:Automatic Cover"],"picked":"ats:Flexible Camouflage","floor":13.0},{"not_picked":["ats:Echo Reverb","ats:Nebulous Foxfire"],"picked":"ats:Calcification","floor":16.0},{"not_picked":["ats:Absolute Focus","ats:Guard Mode","ats:Blood Oath"],"picked":"SKIP","floor":18.0},{"not_picked":["ats:Poison Spread","ats:Curse Doll+1","ats:Closed Bolt Burst Fire"],"picked":"SKIP","floor":20.0},{"not_picked":["ats:Defend Order","ats:Blood Oath"],"picked":"ats:Neurotoxin+1","floor":21.0},{"not_picked":["ats:Poison Spread","ats:Shadow Assault","ats:Phantom"],"picked":"SKIP","floor":24.0},{"not_picked":["ats:Encircling Forest+1","ats:Hammer On"],"picked":"ats:Serious Mode+1","floor":27.0}],"player_experience":1376460,"relics_obtained":[{"floor":9.0,"key":"ats:Ability Aura"},{"floor":10.0,"key":"ats:Originium"},{"floor":10.0,"key":"Happy Flower"},{"floor":26.0,"key":"The Courier"}],"event_choices":[{"cards_removed":["ats:Support Order"],"damage_healed":0.0,"max_hp_gain":0.0,"max_hp_loss":0.0,"gold_gain":0.0,"event_name":"WeMeetAgain","player_choice":"Gave Card","floor":2.0,"gold_loss":0.0,"damage_taken":0.0,"relics_obtained":["Art of War"]},{"cards_removed":["ats:Strike C"],"damage_healed":0.0,"max_hp_gain":0.0,"max_hp_loss":0.0,"gold_gain":0.0,"event_name":"The Cleric","player_choice":"Card Removal","floor":4.0,"gold_loss":50.0,"damage_taken":0.0},{"damage_healed":0.0,"max_hp_gain":0.0,"max_hp_loss":0.0,"gold_gain":55.0,"event_name":"Golden Wing","player_choice":"Gained Gold","floor":12.0,"gold_loss":0.0,"damage_taken":0.0},{"damage_healed":0.0,"max_hp_gain":0.0,"max_hp_loss":0.0,"gold_gain":0.0,"event_name":"Ghosts","player_choice":"Ignored","floor":19.0,"gold_loss":0.0,"damage_taken":0.0},{"damage_healed":0.0,"max_hp_gain":0.0,"max_hp_loss":0.0,"gold_gain":0.0,"event_name":"The Library","player_choice":"Read","floor":28.0,"gold_loss":0.0,"damage_taken":0.0,"cards_obtained":["ats:Shell Defense"]},{"damage_healed":0,"gold_gain":0,"player_choice":"Fight","damage_taken":0,"max_hp_gain":0,"max_hp_loss":0,"event_name":"Colosseum","floor":30,"gold_loss":0},{"damage_healed":0,"gold_gain":0,"player_choice":"Fled From Nobs","damage_taken":0,"max_hp_gain":0,"max_hp_loss":0,"event_name":"Colosseum","floor":30,"gold_loss":0}],"is_beta":false,"boss_relics":[{"not_picked":["Ectoplasm","Philosopher\u0027s Stone"],"picked":"ats:Tactical Delivery"}],"items_purged_floors":[22],"is_endless":false,"potions_floor_spawned":[3,5,10,16,18,20,21,27],"killed_by":"3 Cultists","ascension_level":0}}