{"host":"bsjxazy3oyu2p5p6","time":1611633199,"event":{"mods":["AchievementEnabler","BaseMod","Colored Map","Colored Powertips","Minty Spire (QoL Compilation)"],"gold_per_floor":[116,116,116,136,160,160,174,274,274,274,288,288,363,382,382,502,565,585,585,105,120,135,135,135,60,60,73,73,73,73,97,97,227,227,250,250,271,196,217,217,217,238,238,258,27,27,41,41,41,41,41],"floor_reached":50,"language":"ENG","playtime":2771,"items_purged":["Writhe"],"score":484,"play_id":"ea982c63-811d-49f7-83c0-4c7f8f826854","local_time":"20210125205319","is_ascension_mode":false,"campfire_choices":[{"floor":6,"key":"REST"},{"data":"Apotheosis","floor":10,"key":"SMITH"},{"data":"Eruption","floor":12,"key":"SMITH"},{"floor":15,"key":"REST"},{"floor":23,"key":"REST"},{"floor":29,"key":"REST"},{"data":"Fasting2","floor":32,"key":"SMITH"},{"floor":40,"key":"REST"},{"floor":49,"key":"REST"}],"circlet_count":0,"master_deck":["Strike_P","Strike_P","Strike_P","Strike_P","Defend_P","Defend_P+1","Defend_P","Defend_P","Eruption+1","Vigilance","Apotheosis+1","Consecrate+1","JustLucky","CutThroughFate","EmptyFist+1","EmptyMind","BattleHymn","Establishment+1","Consecrate","Perseverance","Violence","FearNoEvil+1","FollowUp","DeceiveReality","Fasting2+1","DevaForm","ClearTheMind+1","BattleHymn","WaveOfTheHand","MentalFortress","Indignation+1","Consecrate+1","MentalFortress+1","MentalFortress","FollowUp"],"relics":["PureWater","Golden Idol","Potion Belt","Tiny House","Turnip","Mummified Hand","Question Card","Snecko Eye","Smiling Mask"],"acts_visited":["Exordium","TheCity","TheBeyond"],"potions_floor_usage":[14,16,18,22,22,22,22,27,31,33,39,42,47,47,47,47],"damage_taken":[{"damage":0,"enemies":"2 Louse","floor":1,"turns":2},{"damage":0,"enemies":"Small Slimes","floor":4,"turns":3},{"damage":0,"enemies":"Cultist","floor":5,"turns":2},{"damage":0,"enemies":"Blue Slaver","floor":7,"turns":3},{"damage":0,"enemies":"3 Louse","floor":11,"turns":3},{"damage":0,"enemies":"Exordium Thugs","floor":14,"turns":2},{"damage":27,"enemies":"The Guardian","floor":16,"turns":8},{"damage":18,"enemies":"2 Thieves","floor":18,"turns":4},{"damage":2,"enemies":"Chosen","floor":21,"turns":4},{"damage":36,"enemies":"Centurion and Healer","floor":22,"turns":5},{"damage":6,"enemies":"Snake Plant","floor":27,"turns":4},{"damage":2,"enemies":"Chosen and Byrds","floor":31,"turns":7},{"damage":13,"enemies":"Collector","floor":33,"turns":10},{"damage":27,"enemies":"3 Darklings","floor":35,"turns":4},{"damage":17,"enemies":"3 Shapes","floor":37,"turns":4},{"damage":0,"enemies":"Maw","floor":39,"turns":6},{"damage":44,"enemies":"Spire Growth","floor":42,"turns":5},{"damage":31,"enemies":"Jaw Worm Horde","floor":44,"turns":5},{"damage":4,"enemies":"Sphere and 2 Shapes","floor":47,"turns":2},{"damage":45,"enemies":"Awakened One","floor":50,"turns":2}],"seed_played":"2937471480992763893","potions_obtained":[{"floor":5,"key":"SteroidPotion"},{"floor":11,"key":"Fruit Juice"},{"floor":17,"key":"Block Potion"},{"floor":21,"key":"EntropicBrew"},{"floor":31,"key":"Block Potion"},{"floor":35,"key":"AttackPotion"},{"floor":39,"key":"Swift Potion"},{"floor":46,"key":"Energy Potion"},{"floor":46,"key":"Explosive Potion"},{"floor":46,"key":"Fire Potion"}],"is_trial":false,"path_per_floor":["M","?","?","M","M","R","M","?","T","R","M","R","?","M","R","B",null,"M","?","$","M","M","R","?","?","T","M","?","R","?","M","R","B",null,"M","?","M","$","M","R","?","M","T","M","$","?","M","$","R","B"],"character_chosen":"WATCHER","items_purchased":["Turnip","Violence","MentalFortress","MentalFortress","CultistPotion"],"campfire_rested":6,"item_purchase_floors":[20,20,38,45,45],"current_hp_per_floor":[51,37,37,37,37,58,58,58,58,58,58,58,47,52,75,48,82,64,64,64,62,26,50,50,50,50,44,44,68,68,66,66,53,82,55,55,38,38,38,62,82,38,38,7,7,7,3,3,27,0,0],"gold":41,"neow_bonus":"RANDOM_COLORLESS_2","is_daily":false,"chose_seed":false,"campfire_upgraded":3,"win_rate":0.0,"timestamp":1611633199,"path_taken":["M","?","?","M","M","R","M","?","T","R","?","R","?","M","R","BOSS","M","?","?","M","M","R","?","?","T","?","?","R","?","M","R","BOSS","M","?","M","$","?","R","?","M","T","M","?","?","?","?","R","BOSS"],"items_purchased_type":["Relic","Card","Card","Card","Potion"],"build_version":"2020-12-22","purchased_purges":1,"victory":false,"max_hp_per_floor":[72,72,72,72,72,72,72,72,72,72,72,72,72,77,77,77,82,82,82,82,82,82,82,82,82,82,82,82,82,82,82,82,82,82,82,82,82,82,82,82,82,82,82,82,82,82,82,82,82,82,82],"card_choices":[{"not_picked":["The Bomb","Panache"],"picked":"Apotheosis","floor":0},{"not_picked":["SashWhip","InnerPeace"],"picked":"Consecrate","floor":1},{"not_picked":["FlyingSleeves","Crescendo"],"picked":"JustLucky","floor":4},{"not_picked":["ThirdEye","Halt"],"picked":"CutThroughFate","floor":5},{"not_picked":["CutThroughFate","PathToVictory"],"picked":"EmptyFist","floor":7},{"not_picked":["BowlingBash","ThirdEye"],"picked":"EmptyMind","floor":11},{"not_picked":["Weave","CutThroughFate"],"picked":"BattleHymn","floor":14},{"not_picked":["Vault","SpiritShield"],"picked":"Establishment","floor":16},{"not_picked":["Halt","Protect"],"picked":"Consecrate","floor":17},{"not_picked":["Evaluate","Wireheading+1"],"picked":"Perseverance","floor":18},{"not_picked":["Ragnarok","ReachHeaven"],"picked":"FearNoEvil+1","floor":21},{"not_picked":["ThirdEye","CrushJoints"],"picked":"FollowUp","floor":22},{"not_picked":["Consecrate","EmptyFist","EmptyMind+1"],"picked":"DeceiveReality","floor":27},{"not_picked":["EmptyMind","DeusExMachina","ClearTheMind"],"picked":"Fasting2","floor":31},{"not_picked":["Vault","Wish","Devotion"],"picked":"DevaForm","floor":33},{"not_picked":["CutThroughFate+1","BowlingBash+1","Conclude"],"picked":"ClearTheMind+1","floor":35},{"not_picked":["ThirdEye+1","Ragnarok","Protect+1"],"picked":"WaveOfTheHand","floor":37},{"not_picked":["Wallop+1","EmptyFist+1","Consecrate"],"picked":"Indignation+1","floor":39},{"not_picked":["CutThroughFate","FlyingSleeves+1","SignatureMove"],"picked":"Consecrate+1","floor":42},{"not_picked":["JustLucky+1","Protect","Meditate+1"],"picked":"MentalFortress+1","floor":44},{"not_picked":["Crescendo+1","EmptyBody+1","InnerPeace+1"],"picked":"FollowUp","floor":47}],"player_experience":497435,"relics_obtained":[{"floor":9,"key":"Potion Belt"},{"floor":26,"key":"Question Card"},{"floor":43,"key":"Smiling Mask"}],"event_choices":[{"damage_healed":0,"gold_gain":0,"player_choice":"Entered Light","damage_taken":14,"max_hp_gain":0,"max_hp_loss":0,"event_name":"Shining Light","floor":2,"gold_loss":0,"cards_upgraded":["Consecrate","Defend_P"]},{"damage_healed":0,"gold_gain":0,"player_choice":"Take Wound","damage_taken":0,"relics_obtained":["Golden Idol"],"max_hp_gain":0,"max_hp_loss":0,"event_name":"Golden Idol","floor":3,"gold_loss":0,"cards_obtained":["Injury"]},{"damage_healed":0,"gold_gain":100,"player_choice":"Pray","damage_taken":0,"max_hp_gain":0,"max_hp_loss":0,"event_name":"Golden Shrine","floor":8,"gold_loss":0},{"damage_healed":0,"gold_gain":75,"player_choice":"Gather Gold","damage_taken":11,"max_hp_gain":0,"max_hp_loss":0,"event_name":"World of Goop","floor":13,"gold_loss":0},{"damage_healed":0,"gold_gain":0,"player_choice":"Forge","damage_taken":0,"max_hp_gain":0,"max_hp_loss":0,"event_name":"Accursed Blacksmith","floor":19,"gold_loss":0,"cards_upgraded":["Establishment"]},{"damage_healed":0,"gold_gain":0,"player_choice":"Opened","damage_taken":0,"relics_obtained":["Mummified Hand"],"max_hp_gain":0,"max_hp_loss":0,"event_name":"The Mausoleum","floor":24,"gold_loss":0},{"cards_removed":["Injury"],"damage_healed":0,"gold_gain":0,"player_choice":"Gave Gold","damage_taken":0,"max_hp_gain":0,"max_hp_loss":0,"event_name":"Beggar","floor":25,"gold_loss":75},{"damage_healed":0,"gold_gain":0,"player_choice":"Ignored","damage_taken":0,"max_hp_gain":0,"max_hp_loss":0,"event_name":"Ghosts","floor":28,"gold_loss":0},{"damage_healed":0,"gold_gain":0,"player_choice":"Ignored","damage_taken":0,"max_hp_gain":0,"max_hp_loss":0,"event_name":"Vampires","floor":30,"gold_loss":0},{"damage_healed":0,"gold_gain":0,"player_choice":"Copied","damage_taken":0,"max_hp_gain":0,"max_hp_loss":0,"event_name":"Duplicator","floor":36,"gold_loss":0,"cards_obtained":["BattleHymn"]},{"damage_healed":21,"gold_gain":0,"player_choice":"Writhe","damage_taken":0,"max_hp_gain":0,"max_hp_loss":0,"event_name":"Winding Halls","floor":41,"gold_loss":0,"cards_obtained":["Writhe"]},{"damage_healed":0,"gold_gain":0,"player_choice":"Got Potions","damage_taken":0,"max_hp_gain":0,"max_hp_loss":0,"event_name":"Lab","floor":46,"gold_loss":0}],"is_beta":false,"boss_relics":[{"not_picked":["Cursed Key","Velvet Choker"],"picked":"Tiny House"},{"not_picked":["Busted Crown","Black Star"],"picked":"Snecko Eye"}],"items_purged_floors":[45],"is_endless":false,"potions_floor_spawned":[5,11,21,31,35,39],"killed_by":"Awakened One","ascension_level":0}}