{"host":"deirlxtsw53uoa9y","time":1611670375,"event":{"mods":["AchievementEnabler","BaseMod","DeckTracker","Lobotomy","Minty Spire (QoL Compilation)","Permanent Neow","Rare Cards Sparkle","StSLib","everything is the same but u backflip on backflip"],"gold_per_floor":[111,111,123,9,9,9,32,32,32],"floor_reached":8,"language":"KOR","playtime":229,"items_purged":[],"score":51,"play_id":"49c2a350-df87-44c1-962c-7222cc956e42","local_time":"20210126231255","is_ascension_mode":true,"campfire_choices":[{"data":"Bash","floor":6,"key":"SMITH"}],"circlet_count":0,"master_deck":["Strike_R","Strike_R","Strike_R","Strike_R","Strike_R","Defend_R","Defend_R","Defend_R","Defend_R","Bash+1","Wellcheers","WallGazer","Flame Barrier"],"relics":["Burning Blood","CogitoBucket","The Courier","Membership Card","Golden Idol","Tiny Chest"],"acts_visited":["Exordium"],"potions_floor_usage":[8],"damage_taken":[{"damage":3,"enemies":"2 Louse","floor":1,"turns":4},{"damage":12,"enemies":"Jaw Worm","floor":3,"turns":3},{"damage":53,"enemies":"Gremlin Nob","floor":8,"turns":7}],"seed_played":"-1632415901751466966","potions_obtained":[{"floor":3,"key":"Weak Potion"}],"is_trial":false,"path_per_floor":["M","?","M","$","?","R","T","E"],"character_chosen":"IRONCLAD","items_purchased":["Membership Card"],"campfire_rested":0,"item_purchase_floors":[4],"current_hp_per_floor":[80,68,65,65,45,45,45,0,0],"gold":32,"neow_bonus":"","is_daily":false,"chose_seed":false,"campfire_upgraded":1,"win_rate":0.0,"timestamp":1611670375,"path_taken":["M","?","M","$","?","R","?","E"],"items_purchased_type":["Relic"],"build_version":"2020-12-22","purchased_purges":0,"victory":false,"max_hp_per_floor":[80,80,80,80,80,80,80,80,80],"card_choices":[{"not_picked":["OldLady","CrumblingArmor"],"picked":"Wellcheers","floor":1},{"not_picked":["Warcry","Reckless Charge","Headbutt"],"picked":"SKIP","floor":1},{"not_picked":["SpiderBud","Mercenary"],"picked":"WallGazer","floor":3},{"not_picked":["Seeing Red","Wild Strike"],"picked":"Flame Barrier","floor":3}],"player_experience":60583,"relics_obtained":[{"floor":7,"key":"Tiny Chest"}],"event_choices":[{"damage_healed":0,"gold_gain":0,"player_choice":"Success","damage_taken":12,"relics_obtained":["The Courier"],"max_hp_gain":0,"max_hp_loss":0,"event_name":"Scrap Ooze","floor":2,"gold_loss":0},{"damage_healed":0,"gold_gain":0,"player_choice":"Take Damage","damage_taken":20,"relics_obtained":["Golden Idol"],"max_hp_gain":0,"max_hp_loss":0,"event_name":"Golden Idol","floor":5,"gold_loss":0}],"is_beta":false,"boss_relics":[],"items_purged_floors":[],"is_endless":false,"potions_floor_spawned":[3],"killed_by":"Gremlin Nob","ascension_level":3}}