{"host":"fligtxqnrbjmaaid","time":1611659866,"event":{"mods":["ATMod(°¢èªMod)","AchievementEnabler","Act Like it!","BaseMod","Dota2Spire","Downfall","Hallownest","Infinite Spire","Lobotomy","Marisa£¨ìFÓê¡¡Ä§ÀíÉ³£©","Minty Spire (QoL Compilation)","Replay The Spire","StSLib","The Blackbeard","The Construct","The Cursed","The Gatherer","The Runesmith","The Senshi","[IsaacMod]ÒÔÈö¼âËþ"],"gold_per_floor":[113,129,129,129,129,129,141,141,168,180,207,177,195,121,140,157,157,257,257,267,287,287,313,365,365,375,375,375],"floor_reached":27,"language":"ZHS","playtime":2034,"items_purged":[],"score":265,"play_id":"02bc6d94-fb8c-4317-b106-395980b5a780","local_time":"20210126191746","is_ascension_mode":false,"campfire_choices":[{"data":"AT_Dispersion","floor":8,"key":"SMITH"},{"data":"Barricade","floor":17,"key":"SMITH"},{"floor":25,"key":"REST"}],"circlet_count":0,"master_deck":["Strike_R","Strike_R","Strike_R","Defend_R","Defend_R","Defend_R","Defend_R","Bash","AT_Dispersion+1","Exhume","Barricade+1","AT_ShrugMaster","Evolve","Feel No Pain","Dark Embrace","Juggernaut","Feel No Pain","True Grit","AT_BodySlamDance+1","Dual Wield+1"],"relics":["Burning Blood","HushsDoor","AT_ATBox","NineVolt","AT_BladeRuinedKing","Omamori","construct:WeddingRing","Red Mask","BelialBook"],"acts_visited":["Exordium","TheCity"],"potions_floor_usage":[21,21,21,27],"damage_taken":[{"damage":8,"enemies":"Cultist","floor":1,"turns":5},{"damage":3,"enemies":"Small Slimes","floor":2,"turns":4},{"damage":8,"enemies":"Jaw Worm","floor":7,"turns":8},{"damage":8,"enemies":"Lagavulin","floor":9,"turns":15},{"damage":0,"enemies":"Exordium Thugs","floor":10,"turns":1},{"damage":10,"enemies":"Looter","floor":12,"turns":4},{"damage":7,"enemies":"Blue Slaver","floor":13,"turns":6},{"damage":0,"enemies":"2 Fungi Beasts","floor":15,"turns":5},{"damage":7,"enemies":"Exordium Thugs","floor":16,"turns":11},{"damage":0,"enemies":"Slime Boss","floor":18,"turns":28},{"damage":10,"enemies":"Spheric Guardian","floor":20,"turns":7},{"damage":15,"enemies":"2 Thieves","floor":21,"turns":4},{"damage":45,"enemies":"Masked Bandits","floor":23,"turns":6},{"damage":10,"enemies":"Snecko","floor":26,"turns":7},{"damage":0,"enemies":"Slavers","floor":27,"turns":1}],"seed_played":"4791192869096205246","potions_obtained":[{"floor":1,"key":"AttackPotion"},{"floor":2,"key":"LiquidMemories"},{"floor":13,"key":"Flashbang"},{"floor":15,"key":"Fire Potion"},{"floor":23,"key":"FearPotion"},{"floor":26,"key":"AttackPotion"}],"is_trial":false,"path_per_floor":["M","M","?","?","PTL","PTL","M","R","E","M","T","M","M","$","M","M","R","B",null,"M","M","?","?","T","R","M","E"],"character_chosen":"IRONCLAD","items_purchased":["Feel No Pain","Feel No Pain"],"campfire_rested":1,"item_purchase_floors":[14,19],"current_hp_per_floor":[78,80,73,73,73,73,71,71,69,75,75,71,70,70,76,75,75,80,77,73,64,64,25,25,48,44,44,44],"gold":375,"neow_bonus":"ONE_RANDOM_RARE_CARD","is_daily":false,"chose_seed":false,"campfire_upgraded":2,"win_rate":0.0,"timestamp":1611659866,"path_taken":["M","M","?","?","PTL","PTL","M","R","E","M","T","M","M","$","?","M","R","BOSS","M","M","?","?","?","R","?","E"],"items_purchased_type":["Card","Card"],"build_version":"2020-12-22","purchased_purges":0,"victory":false,"max_hp_per_floor":[80,80,80,80,80,80,80,80,80,80,80,80,80,80,80,80,80,80,77,77,77,77,77,77,77,77,77,77],"card_choices":[{"not_picked":[],"picked":"Bomb","floor":0},{"not_picked":["Heavy Blade","Cleave","Clothesline"],"picked":"SKIP","floor":1},{"not_picked":["AT_IchimonjiDouble","Blood for Blood"],"picked":"Barricade","floor":2},{"not_picked":["Cleave","Fire Breathing"],"picked":"AT_ShrugMaster","floor":7},{"not_picked":["True Grit","AT_CaressingTears"],"picked":"Evolve","floor":9},{"not_picked":["Thunderclap","Body Slam","AT_GerminateFire"],"picked":"SKIP","floor":10},{"not_picked":["Defy Death","Clothesline","AT_IchimonjiDouble"],"picked":"SKIP","floor":12},{"not_picked":["Second Wind","Warcry","Heavy Blade"],"picked":"SKIP","floor":13},{"not_picked":["Spot Weakness","Flex"],"picked":"Dark Embrace","floor":15},{"not_picked":["Second Wind","Run Through","Carnage"],"picked":"SKIP","floor":16},{"not_picked":["Immolate","Hemogenesis"],"picked":"Juggernaut","floor":18},{"not_picked":["Perfected Strike","Pommel Strike"],"picked":"True Grit","floor":20},{"not_picked":["Twin Strike","Cleave+1","Replay:Undeath\u0027s Touch+1"],"picked":"SKIP","floor":21},{"not_picked":["AT_DrawKnifeCut","Exhume"],"picked":"AT_BodySlamDance+1","floor":23},{"not_picked":["Second Wind+1","Spot Weakness"],"picked":"Dual Wield+1","floor":26}],"player_experience":100848,"relics_obtained":[{"floor":9,"key":"AT_BladeRuinedKing"},{"floor":11,"key":"Omamori"},{"floor":23,"key":"Red Mask"},{"floor":24,"key":"BelialBook"}],"event_choices":[{"cards_removed":["Strike_R"],"damage_healed":0,"gold_gain":0,"player_choice":"Card Removal","damage_taken":7,"max_hp_gain":0,"max_hp_loss":0,"event_name":"Golden Wing","floor":3,"gold_loss":0},{"damage_healed":0,"gold_gain":0,"player_choice":"Ignored","damage_taken":0,"max_hp_gain":0,"max_hp_loss":0,"event_name":"Vampires","floor":22,"gold_loss":0},{"damage_healed":0,"gold_gain":0,"player_choice":"Fought Bandits","damage_taken":0,"max_hp_gain":0,"max_hp_loss":0,"event_name":"Masked Bandits","floor":23,"gold_loss":0}],"is_beta":false,"boss_relics":[{"not_picked":["Painkiller Herb","infinitespire:Burning Sword"],"picked":"construct:WeddingRing"},{"not_picked":[]}],"items_purged_floors":[],"is_endless":false,"potions_floor_spawned":[1,2,13,15,23,26],"killed_by":"Slavers","ascension_level":0}}