{"host":"skmpwaw37gmiiv0e","time":1611625509,"event":{"mods":["Act Like it!","BaseMod","Gensokyo","Marisa????????","Minty Spire (QoL Compilation)","Remilia??????","StSLib","The Servant 0.9.4"],"gold_per_floor":[118,131,147,2,36,36,81,114,166,184,184,184,184,22,22,141,141,479,707,718,749,18,18,33,33,33,63,81,81,81],"floor_reached":29,"language":"ENG","playtime":5714,"items_purged":[],"score":264,"play_id":"767548c4-4e73-4559-ae03-f06402da2c19","local_time":"20210125184509","is_ascension_mode":false,"campfire_choices":[{"data":"FairyDestructionRay","floor":6,"key":"SMITH"},{"data":"OortCloud","floor":11,"key":"SMITH"},{"data":"GrandCross","floor":15,"key":"SMITH"},{"data":"Gensokyo:TurboGranny","floor":23,"key":"SMITH"},{"data":"Gensokyo:HAARP","floor":25,"key":"SMITH"}],"circlet_count":0,"master_deck":["Strike_MRS","Strike_MRS","Strike_MRS","Strike_MRS","Defend_MRS+1","Defend_MRS","Defend_MRS","Defend_MRS","MasterSpark","UpSweep","GrandCross+1","PowerUp+1","OortCloud+1","Robbery","FairyDestructionRay+1","DeepEcoloBomb","LuminesStrike","MagicAbsorber","MaximisePower+1","JA","MilkyWay","IllusionStar+1","LuminesStrike","Occultation","Gensokyo:BlemishedSteel","Gensokyo:Shovel","Gensokyo:LockedMedkit","Gensokyo:HAARP+1","Gensokyo:TurboGranny+1","Gensokyo:Taser","ShootingEcho","ShootTheMoon","6A+1","MilkyWay"],"relics":["MiniHakkero","NeowsBlessing","War Paint","HandmadeGrimoire","Oddly Smooth Stone","Pear","Gensokyo:OccultBall","Coffee Dripper","MagicBroom","Happy Flower"],"acts_visited":["Exordium","Gensokyo:Gensokyo"],"potions_floor_usage":[5,27],"damage_taken":[{"damage":0,"enemies":"Gensokyo:Gryphon","floor":1,"turns":1},{"damage":0,"enemies":"Gensokyo:3_Fairies","floor":2,"turns":1},{"damage":0,"enemies":"Gensokyo:2_Kodama","floor":3,"turns":1},{"damage":18,"enemies":"Gensokyo:Cirno","floor":5,"turns":6},{"damage":4,"enemies":"Gensokyo:Aya","floor":7,"turns":5},{"damage":5,"enemies":"Gensokyo:5_Fairies","floor":8,"turns":3},{"damage":0,"enemies":"Gensokyo:Kitsune","floor":10,"turns":1},{"damage":17,"enemies":"Gensokyo:Reimu","floor":16,"turns":12},{"damage":1,"enemies":"Gensokyo:3_Dogs","floor":18,"turns":6},{"damage":10,"enemies":"Gensokyo:Chomper","floor":19,"turns":4},{"damage":15,"enemies":"Gensokyo:Slime_Group","floor":20,"turns":3},{"damage":7,"enemies":"Gensokyo:Monolith_and_Dog","floor":21,"turns":4},{"damage":5,"enemies":"Gensokyo:Chomper_and_Gloop","floor":24,"turns":5},{"damage":37,"enemies":"Gensokyo:Slime_Group","floor":27,"turns":6},{"damage":0,"enemies":"Gensokyo:3_Gloops","floor":28,"turns":2},{"damage":14,"enemies":"Gensokyo:Swordslinger","floor":29,"turns":2}],"seed_played":"8666906433830903347","potions_obtained":[{"floor":2,"key":"Dexterity Potion"},{"floor":3,"key":"PowerPotion"},{"floor":8,"key":"ShroomBrew"},{"floor":16,"key":"SpeedPotion"},{"floor":18,"key":"Weak Potion"},{"floor":20,"key":"Dexterity Potion"},{"floor":27,"key":"ColorlessPotion"}],"is_trial":false,"path_per_floor":["M","M","M","$","?","R","E","M","T","M","R","?","?","COS","R","B",null,"M","M","M","M","COS","R","M","R","T","M","M","M"],"character_chosen":"MARISA","items_purchased":["Robbery","FairyDestructionRay"],"campfire_rested":0,"item_purchase_floors":[4,4],"current_hp_per_floor":[75,75,75,75,57,57,53,48,48,48,48,43,43,43,43,26,85,84,74,59,52,52,52,47,47,47,10,10,0,0],"gold":81,"neow_bonus":"THREE_ENEMY_KILL","is_daily":false,"chose_seed":false,"campfire_upgraded":5,"win_rate":0.0,"timestamp":1611625509,"path_taken":["M","M","M","$","?","R","E","M","T","M","R","?","?","COS","R","BOSS","M","M","M","M","COS","R","M","R","T","M","M","?"],"items_purchased_type":["Card","Card"],"build_version":"2020-12-22","purchased_purges":0,"victory":false,"max_hp_per_floor":[75,75,75,75,75,75,75,75,75,75,75,85,85,85,85,85,85,85,85,85,85,85,85,85,85,85,85,85,85,85],"card_choices":[{"not_picked":["DoubleSpark","Occultation"],"picked":"GrandCross","floor":1},{"not_picked":["EventHorizon","EnergyRecoil"],"picked":"PowerUp","floor":2},{"not_picked":["ChargeUpSpray","NonDirectionalLaser"],"picked":"OortCloud","floor":3},{"not_picked":["OneTimeOff","WitchOfGreed"],"picked":"DeepEcoloBomb","floor":5},{"not_picked":["PowerUp","ShootingEcho"],"picked":"LuminesStrike","floor":7},{"not_picked":["OrrerysSun","DarkSpark"],"picked":"SuperPerseids","floor":8},{"not_picked":["PowerUp","EarthLightRay"],"picked":"MagicAbsorber","floor":10},{"not_picked":["JA+1","StarDustReverie+1"],"picked":"MaximisePower+1","floor":16},{"not_picked":["MaximisePower","StarDustReverie"],"picked":"JA","floor":16},{"not_picked":["ChargingUp","PulseMagic"],"picked":"MilkyWay","floor":18},{"not_picked":["DC","WitchOfGreed"],"picked":"IllusionStar+1","floor":19},{"not_picked":["SuperPerseids","6A"],"picked":"LuminesStrike","floor":20},{"not_picked":["IllusionStar+1","AbsoluteMagnitude"],"picked":"Occultation","floor":21},{"not_picked":["BlazeAway","WitchOfGreed"],"picked":"ShootingEcho","floor":24},{"not_picked":["EnergyFlow+1","GalacticHalo"],"picked":"ShootTheMoon","floor":27},{"not_picked":["DoubleSpark+1","ManaConvection+1"],"picked":"6A+1","floor":28},{"not_picked":["SporeBomb","StarBarrage"],"picked":"MilkyWay","floor":28}],"player_experience":76289,"relics_obtained":[{"floor":5,"key":"War Paint"},{"floor":7,"key":"HandmadeGrimoire"},{"floor":9,"key":"Oddly Smooth Stone"},{"floor":16,"key":"Gensokyo:OccultBall"}],"event_choices":[],"is_beta":false,"boss_relics":[{"not_picked":["Fusion Hammer","BewitchedHakkero"],"picked":"Coffee Dripper"}],"items_purged_floors":[],"is_endless":false,"potions_floor_spawned":[2,3,8,16,18,20,27],"killed_by":"Gensokyo:Swordslinger","ascension_level":0}}