{"host":"lehz9p79pih88cc3","time":1611680746,"event":{"mods":["AchievementEnabler","Act Like it!","Ascension Reborn","Aspiration","BaseMod","Better Note","Better Skull","Better Third Choice","CapriCore","Defuse TimeMaze Blight","Disable Question Mark Monsters","Downfall","Emptier Cage","GungeonMod","Halation","Hermit","Infinite Spire","Jorbs\u0027s Wanderer Trilogy","Koishi","Marisa????????","Minty Spire (QoL Compilation)","Permanent Neow","Quick Restart","Reimu??????","Relic Stats","Remilia??????","Replay The Spire","SacredBarkPlus","Shop Mod","StSLib","The Administrix","The Animator","The Immortal","The Runesmith","The Servant 0.9.4","Transform Curses","Uncapped"],"gold_per_floor":[99,111,124,136,149,175,175,275,288,288,288,288,22,33,45,149,149,149,149,149],"floor_reached":19,"language":"ENG","playtime":939,"items_purged":[],"score":204,"play_id":"06a3e360-b31a-4279-980a-0a0986cc1eb7","local_time":"20210126120546","is_ascension_mode":true,"campfire_choices":[{"data":"infinitespire:SevenWalls","floor":1,"key":"SMITH"},{"data":"hermit:GoldenBullet","floor":11,"key":"SMITH"}],"circlet_count":0,"master_deck":["hermit:Strike_Hermit","hermit:Strike_Hermit","hermit:Strike_Hermit","hermit:Strike_Hermit","hermit:Defend_Hermit","hermit:Defend_Hermit","hermit:Defend_Hermit","hermit:Defend_Hermit","hermit:Snapshot","hermit:Covet","Injury","sneckomod:TailWhip","hermit:RoundhouseKick","Trip","infinitespire:SevenWalls+1","hermit:Quickdraw","hermit:GoldenBullet+1","hermit:FlashPowder","hermit:GhostlyPresence","hermit:Maintenance","ReplayTheSpireMod:Restless Dread","hermit:HeroicBravado"],"relics":["ReplayTheSpireMod:SealedPack","DemoMod:Bottle","Mercury Hourglass","Toy Ornithopter","halation:StarCompass","halation:PinkSoulGem","Mirror","DemoMod:GlassGuonStoneRelic","Replay:Grab Bag","Sozu","Replay:Bronze Core","aspiration:WatcherSkillbook","downfall:ExtraCursedKey"],"acts_visited":["Exordium","TheCity"],"potions_floor_usage":[16],"damage_taken":[{"damage":0,"enemies":"Small Slimes","floor":2,"turns":3},{"damage":0,"enemies":"Cultist","floor":3,"turns":3},{"damage":6,"enemies":"Jaw Worm","floor":4,"turns":4},{"damage":8,"enemies":"Gremlin Gang","floor":5,"turns":4},{"damage":0,"enemies":"Replay:BlueRogue","floor":6,"turns":5},{"damage":0,"enemies":"downfall:LadyInBlue","floor":8,"turns":11},{"damage":11,"enemies":"Exordium Wildlife","floor":9,"turns":4},{"damage":4,"enemies":"downfall:FleeingMerchant","floor":13,"turns":4},{"damage":0,"enemies":"3 Louse","floor":14,"turns":1},{"damage":0,"enemies":"Red Slaver","floor":15,"turns":1},{"damage":10,"enemies":"IC_STATUS_ARCHETYPE","floor":16,"turns":5},{"damage":0,"enemies":"Chosen","floor":19,"turns":2}],"seed_played":"-1044024740577221387","potions_obtained":[{"floor":2,"key":"Milkshake"},{"floor":4,"key":"ColorlessPotion"},{"floor":8,"key":"PowerPotion"},{"floor":8,"key":"GamblersBrew"},{"floor":14,"key":"Weak Potion"}],"is_trial":false,"path_per_floor":["R","M","M","M","M","E","T","?","M","?","R","?","$","M","M","B",null,"R","M"],"character_chosen":"HERMIT","items_purchased":["Mirror"],"campfire_rested":0,"item_purchase_floors":[13],"current_hp_per_floor":[75,75,75,69,61,61,61,61,50,50,50,50,46,46,46,41,75,75,75,75],"gold":149,"neow_bonus":"BOSS_RELIC","is_daily":false,"chose_seed":false,"campfire_upgraded":2,"win_rate":0.0,"timestamp":1611680746,"path_taken":["R","M","M","M","M","E","T","?","?","?","R","?","?","?","M","BOSS","R","M"],"items_purchased_type":["Relic"],"build_version":"2020-12-22","purchased_purges":0,"victory":false,"max_hp_per_floor":[75,75,75,75,75,75,75,75,75,75,75,75,75,75,75,75,75,75,75,75],"relic_stats":{"Sozu":0,"counters":[12,46],"obtain_stats":[{"Replay:Grab Bag":17,"ReplayTheSpireMod:SealedPack":0,"DemoMod:GlassGuonStoneRelic":2,"halation:StarCompass":10,"Mercury Hourglass":7,"Sozu":17,"Replay:Bronze Core":17,"aspiration:WatcherSkillbook":17,"downfall:ExtraCursedKey":18,"DemoMod:Bottle":6,"halation:PinkSoulGem":12,"Mirror":13,"hermit:Momento":0,"Toy Ornithopter":8},{"Replay:Grab Bag":11,"ReplayTheSpireMod:SealedPack":0,"DemoMod:GlassGuonStoneRelic":1,"halation:StarCompass":7,"Mercury Hourglass":5,"Sozu":11,"Replay:Bronze Core":11,"aspiration:WatcherSkillbook":11,"downfall:ExtraCursedKey":11,"DemoMod:Bottle":5,"halation:PinkSoulGem":7,"Mirror":8,"hermit:Momento":0,"Toy Ornithopter":6},{"Replay:Grab Bag":44,"ReplayTheSpireMod:SealedPack":0,"DemoMod:GlassGuonStoneRelic":3,"halation:StarCompass":33,"Mercury Hourglass":19,"Sozu":44,"Replay:Bronze Core":44,"aspiration:WatcherSkillbook":44,"downfall:ExtraCursedKey":44,"DemoMod:Bottle":19,"halation:PinkSoulGem":33,"Mirror":37,"hermit:Momento":0,"Toy Ornithopter":30}],"Toy Ornithopter":5,"Mercury Hourglass":[76]},"card_choices":[{"not_picked":["DemoMod:TableTechRocket","sneckomod:Unknown"],"picked":"sneckomod:TailWhip","floor":0},{"not_picked":["hermit:FromBeyond","hermit:Adapt"],"picked":"hermit:RoundhouseKick","floor":0},{"not_picked":["Swift Strike","Purity"],"picked":"Trip","floor":0},{"not_picked":["infinitespire:Starlight","infinitespire:Punishment"],"picked":"infinitespire:SevenWalls","floor":0},{"not_picked":["hermit:BodyArmor","hermit:Headshot"],"picked":"hermit:Quickdraw","floor":2},{"not_picked":["hermit:FlashPowder","hermit:LoneWolf"],"picked":"hermit:GoldenBullet","floor":3},{"not_picked":["hermit:Dive","hermit:Gestalt"],"picked":"hermit:FlashPowder","floor":4},{"not_picked":["hermit:Glare","hermit:PistolWhip"],"picked":"hermit:GhostlyPresence","floor":5},{"not_picked":["hermit:HighCaliber","hermit:Glare","hermit:TakeCover"],"picked":"SKIP","floor":6},{"not_picked":["hermit:HoleUp","hermit:TakeCover","hermit:Midnight"],"picked":"SKIP","floor":9},{"not_picked":["hermit:BlackWind","hermit:LoneWolf","hermit:Vantage"],"picked":"SKIP","floor":13},{"not_picked":["hermit:Cheat","hermit:SprayPray"],"picked":"hermit:Maintenance","floor":14},{"not_picked":["hermit:LuckOfTheDraw","hermit:ItchyTrigger","hermit:Horror"],"picked":"SKIP","floor":15}],"player_experience":302157,"relics_obtained":[{"floor":6,"key":"DemoMod:Bottle"},{"floor":7,"key":"Mercury Hourglass"},{"floor":8,"key":"Toy Ornithopter"}],"event_choices":[],"is_beta":false,"boss_relics":[{"not_picked":["SacredBark","Abe\u0027s Treasure"],"picked":"Replay:Grab Bag"},{"not_picked":["halation:ForbiddenBikini","Runic Dome"],"picked":"Sozu"},{"not_picked":["Painkiller Herb","Replay:Wanted Poster"],"picked":"Replay:Bronze Core"},{"not_picked":["aspiration:SilentSkillbook","halation:Yufonium"],"picked":"aspiration:WatcherSkillbook"}],"items_purged_floors":[],"is_endless":false,"potions_floor_spawned":[2,4,9,14,15],"killed_by":"Chosen","ascension_level":1}}