{"host":"wq0pzln9h9r005f2","time":1611631714,"event":{"mods":["AchievementEnabler","BaseMod","Googly Eyes","Highlight Path","Minty Spire (QoL Compilation)","Quick Restart","Rare Cards Sparkle","Relic Stats","The IronCluck","egg"],"gold_per_floor":[119,119,134,153,253,253,271,298,298,312,326,326,347,363,363,363,363],"floor_reached":16,"language":"ENG","playtime":529,"items_purged":[],"score":172,"play_id":"a3a6e207-bb95-41b1-b485-6c55f3b62f72","local_time":"20210125202834","is_ascension_mode":true,"campfire_choices":[{"data":"Bash","floor":6,"key":"SMITH"},{"data":"Pommel Strike","floor":15,"key":"SMITH"}],"circlet_count":0,"master_deck":["AscendersBane","Strike_R","Strike_R","Strike_R","Strike_R","Strike_R","Defend_R","Defend_R","Defend_R","Defend_R","Bash+1","Brutality","Pommel Strike+1"],"relics":["Burning Blood","Ancient Tea Set","Gremlin Horn","Odd Mushroom"],"acts_visited":["Exordium"],"potions_floor_usage":[8,13,16,16],"damage_taken":[{"damage":19,"enemies":"Cultist","floor":1,"turns":5},{"damage":1,"enemies":"2 Louse","floor":3,"turns":2},{"damage":11,"enemies":"Jaw Worm","floor":4,"turns":4},{"damage":12,"enemies":"Looter","floor":7,"turns":3},{"damage":40,"enemies":"3 Sentries","floor":8,"turns":10},{"damage":7,"enemies":"2 Fungi Beasts","floor":10,"turns":4},{"damage":0,"enemies":"3 Louse","floor":11,"turns":3},{"damage":13,"enemies":"The Mushroom Lair","floor":13,"turns":4},{"damage":14,"enemies":"Red Slaver","floor":14,"turns":3},{"damage":36,"enemies":"The Guardian","floor":16,"turns":12}],"seed_played":"-2343311254753078403","potions_obtained":[{"floor":3,"key":"Strength Potion"},{"floor":4,"key":"Explosive Potion"},{"floor":11,"key":"Fire Potion"},{"floor":14,"key":"Dexterity Potion"}],"is_trial":false,"path_per_floor":["M","?","M","M","?","R","M","E","T","M","M","?","?","M","R","B"],"character_chosen":"IRONCLAD","items_purchased":[],"campfire_rested":0,"item_purchase_floors":[],"current_hp_per_floor":[59,59,64,59,59,59,53,19,19,18,24,50,43,35,35,0,0],"gold":363,"neow_bonus":"ONE_RANDOM_RARE_CARD","is_daily":false,"chose_seed":false,"campfire_upgraded":2,"win_rate":0.0,"timestamp":1611631714,"path_taken":["M","?","M","M","?","R","M","E","T","?","M","?","?","M","R","BOSS"],"items_purchased_type":[],"build_version":"2020-12-22","purchased_purges":0,"victory":false,"max_hp_per_floor":[80,80,80,80,80,80,80,80,80,80,80,80,80,80,80,80,80],"relic_stats":{"Gremlin Horn":[5,5],"counters":[10,50],"obtain_stats":[{"Gremlin Horn":9,"Odd Mushroom":13,"Ancient Tea Set":8,"Burning Blood":0},{"Gremlin Horn":5,"Odd Mushroom":8,"Ancient Tea Set":5,"Burning Blood":0},{"Gremlin Horn":24,"Odd Mushroom":35,"Ancient Tea Set":24,"Burning Blood":0}],"Burning Blood":54},"card_choices":[{"not_picked":["Reckless Charge","Disarm"],"picked":"Pommel Strike","floor":1},{"not_picked":["Sword Boomerang","Havoc","Pummel"],"picked":"SKIP","floor":3},{"not_picked":["Clothesline","Fire Breathing","Second Wind"],"picked":"SKIP","floor":4},{"not_picked":["Searing Blow","Combust","Pommel Strike"],"picked":"SKIP","floor":7},{"not_picked":["Warcry","Blood for Blood","Thunderclap"],"picked":"SKIP","floor":8},{"not_picked":["Clothesline","Spot Weakness","Evolve"],"picked":"SKIP","floor":10},{"not_picked":["Pummel","Cleave","Body Slam"],"picked":"SKIP","floor":11},{"not_picked":["Battle Trance","Headbutt","Clothesline"],"picked":"SKIP","floor":14}],"player_experience":91266,"relics_obtained":[{"floor":8,"key":"Ancient Tea Set"},{"floor":9,"key":"Gremlin Horn"},{"floor":13,"key":"Odd Mushroom"}],"event_choices":[{"damage_healed":0,"gold_gain":0,"player_choice":"Ignored","damage_taken":0,"max_hp_gain":0,"max_hp_loss":0,"event_name":"Golden Idol","floor":2,"gold_loss":0},{"damage_healed":0,"gold_gain":100,"player_choice":"Gold","damage_taken":0,"max_hp_gain":0,"max_hp_loss":0,"event_name":"Wheel of Change","floor":5,"gold_loss":0},{"damage_healed":26,"gold_gain":0,"player_choice":"Banana","damage_taken":0,"max_hp_gain":0,"max_hp_loss":0,"event_name":"Big Fish","floor":12,"gold_loss":0},{"damage_healed":0,"gold_gain":0,"player_choice":"Fought Mushrooms","damage_taken":0,"max_hp_gain":0,"max_hp_loss":0,"event_name":"Mushrooms","floor":13,"gold_loss":0}],"is_beta":false,"boss_relics":[],"items_purged_floors":[],"is_endless":false,"potions_floor_spawned":[3,4,11,14],"killed_by":"The Guardian","ascension_level":13}}