{"host":"jpcy2bclvs7juczu","time":1611634903,"event":{"mods":["Alarm Clock","BaseMod","Bestiary","Block Reminder","Colored Map","Colored Powertips","Curses Come First","Dark Map","Minty Spire (QoL Compilation)","Quick Restart","RNG Fix","Relic Stats","Slay the Relics Exporter","SpireBot","StSLib","ojb\u0027s Better Paths Mod","ojb\u0027s Info Mod","slay the spire mod where everything is the same but ironclad has a cowboy hat"],"gold_per_floor":[112,127,147,147,157,192,210,244,244,244,257,257,286,47,47,120,120,138,138,151,151,163,163,188,198,222,239,339,672,55,105,105,179,179,196,206,67,1116,1116,1116,1149,1199,1199,1215,688,758,831,841,841,841,841,841],"floor_reached":51,"language":"ENG","playtime":2762,"items_purged":["Strike_R","Combust","Normality"],"score":1503,"play_id":"775cc1f4-1e4d-4018-b41b-c11567ff3690","local_time":"20210125232143","is_ascension_mode":true,"campfire_choices":[{"data":"Bludgeon","floor":10.0,"key":"SMITH"},{"data":"Whirlwind","floor":12.0,"key":"SMITH"},{"data":"Barricade","floor":15.0,"key":"SMITH"},{"floor":23.0,"key":"REST"},{"floor":32.0,"key":"REST"},{"data":"Corruption","floor":40.0,"key":"SMITH"},{"floor":49,"key":"RECALL"}],"circlet_count":0,"master_deck":["AscendersBane","Bash+1","Bludgeon+1","Feel No Pain","Cleave","Seeing Red+1","Carnage","Battle Trance","Intimidate","Whirlwind+1","Barricade+1","Feel No Pain","Dark Shackles","Corruption+1","Evolve","Spot Weakness","Headbutt","Hemokinesis+1","Intimidate","Dark Embrace","Disarm","True Grit","Armaments+1","Entrench","Exhume","Second Wind","Secret Technique","Writhe","Normality","Shrug It Off","Feel No Pain","Shockwave","Fiend Fire","Body Slam","Shrug It Off","True Grit","Shrug It Off","Dark Embrace+1"],"relics":["Burning Blood","Centennial Puzzle","Regal Pillow","War Paint","Gremlin Horn","Kunai","Pandora\u0027s Box","SsserpentHead","Lizard Tail","Whetstone","Old Coin","Membership Card","PreservedInsect","Thread and Needle","Sundial","Black Star","Pantograph","Lantern","Incense Burner","Frozen Egg 2","Orrery","CeramicFish"],"acts_visited":["Exordium","TheCity","TheBeyond"],"potions_floor_usage":[46,50,51],"damage_taken":[{"damage":0.0,"enemies":"Small Slimes","floor":1.0,"turns":2.0},{"damage":0.0,"enemies":"Cultist","floor":2.0,"turns":2.0},{"damage":2.0,"enemies":"2 Louse","floor":3.0,"turns":3.0},{"damage":10.0,"enemies":"Blue Slaver","floor":5.0,"turns":3.0},{"damage":36.0,"enemies":"Lagavulin","floor":6.0,"turns":7.0},{"damage":2.0,"enemies":"3 Louse","floor":7.0,"turns":4.0},{"damage":8.0,"enemies":"Gremlin Nob","floor":8.0,"turns":3.0},{"damage":2.0,"enemies":"2 Fungi Beasts","floor":11.0,"turns":2.0},{"damage":20.0,"enemies":"Lagavulin","floor":13.0,"turns":3.0},{"damage":23.0,"enemies":"Hexaghost","floor":16.0,"turns":10.0},{"damage":18.0,"enemies":"Shell Parasite","floor":18.0,"turns":6.0},{"damage":15.0,"enemies":"2 Thieves","floor":20.0,"turns":3.0},{"damage":4.0,"enemies":"Snecko","floor":22.0,"turns":3.0},{"damage":34.0,"enemies":"Gremlin Leader","floor":24.0,"turns":6.0},{"damage":21.0,"enemies":"Shelled Parasite and Fungi","floor":25.0,"turns":5.0},{"damage":11.0,"enemies":"Centurion and Healer","floor":27.0,"turns":6.0},{"damage":17.0,"enemies":"Book of Stabbing","floor":29.0,"turns":9.0},{"damage":9.0,"enemies":"Collector","floor":33.0,"turns":11.0},{"damage":10.0,"enemies":"3 Shapes","floor":35.0,"turns":6.0},{"damage":19.0,"enemies":"Orb Walker","floor":36.0,"turns":6.0},{"damage":13.0,"enemies":"Jaw Worm Horde","floor":39.0,"turns":2.0},{"damage":23.0,"enemies":"Nemesis","floor":41.0,"turns":11.0},{"damage":29.0,"enemies":"Transient","floor":44.0,"turns":6.0},{"damage":10,"enemies":"4 Shapes","floor":46,"turns":11},{"damage":0,"enemies":"Writhing Mass","floor":48,"turns":12},{"damage":20,"enemies":"Time Eater","floor":50,"turns":9},{"damage":77,"enemies":"Awakened One","floor":51,"turns":8}],"seed_played":"-7358746292820517366","potions_obtained":[{"floor":2.0,"key":"SteroidPotion"},{"floor":5.0,"key":"PowerPotion"},{"floor":11.0,"key":"GamblersBrew"},{"floor":13.0,"key":"Energy Potion"},{"floor":24.0,"key":"Swift Potion"},{"floor":27.0,"key":"SteroidPotion"},{"floor":29.0,"key":"Strength Potion"},{"floor":36.0,"key":"SmokeBomb"},{"floor":46,"key":"EssenceOfSteel"}],"is_trial":false,"path_per_floor":["M","M","M","T","M","E","M","E","T","R","M","R","E","$","R","B",null,"M","?","M","?","M","R","E","M","T","M","?","E","$","?","R","B",null,"M","M","$","?","M","R","E","?","T","M","$","M","T","M","R","B","B"],"character_chosen":"IRONCLAD","items_purchased":["Feel No Pain","Dark Shackles","Membership Card","PreservedInsect","Second Wind","Thread and Needle","Secret Technique","DistilledChaos","Pantograph","Shockwave","Fiend Fire","Frozen Egg 2","Orrery","LiquidMemories","Swift Potion","Shrug It Off","Dark Embrace+1"],"campfire_rested":2,"item_purchase_floors":[14,14,30,30,30,30,30,30,37,45,45,45,45,45,45,45,45],"current_hp_per_floor":[68,68,68,68,64,34,38,36,36,36,40,40,26,26,26,9,53,41,41,32,32,34,68,40,25,25,20,20,9,9,9,44,41,61,57,44,44,44,37,37,20,20,20,36,36,32,32,38,38,49,0,0],"gold":841,"neow_bonus":"THREE_RARE_CARDS","is_daily":false,"chose_seed":false,"campfire_upgraded":4,"win_rate":0.0,"timestamp":1611634903,"path_taken":["M","M","M","?","M","E","?","E","T","R","M","R","E","$","R","BOSS","M","?","M","?","M","R","E","M","T","M","?","E","$","?","R","BOSS","M","M","$","?","M","R","E","?","T","M","$","?","?","M","R","BOSS","BOSS"],"items_purchased_type":["Card","Card","Relic","Relic","Card","Relic","Card","Potion","Relic","Card","Card","Relic","Relic","Potion","Potion","Card","Card"],"build_version":"2020-12-22","purchased_purges":3,"victory":false,"max_hp_per_floor":[68,68,68,68,68,68,68,68,68,68,68,68,68,68,68,68,68,68,68,68,68,68,68,68,68,68,68,68,68,68,68,68,68,68,68,68,68,68,68,68,68,65,65,65,65,65,65,65,65,65,65,65],"relic_stats":{"Regal Pillow":29,"Gremlin Horn":[14,18],"counters":[27,159],"CeramicFish":0,"PreservedInsect":50,"Whetstone":["Hemokinesis","Bash"],"War Paint":["Seeing Red","Defend_R"],"Burning Blood":140,"SsserpentHead":300,"Centennial Puzzle":[69],"Lizard Tail":32,"Sundial":[24],"Pantograph":41,"Pandora\u0027s Box":["Evolve","Spot Weakness","Headbutt","Hemokinesis","Combust","Intimidate","Dark Embrace","Disarm"],"Black Star":1,"Kunai":[8],"obtain_stats":[{"Regal Pillow":6,"Lantern":41,"Gremlin Horn":9,"CeramicFish":47,"Thread and Needle":30,"PreservedInsect":30,"Incense Burner":41,"Whetstone":26,"War Paint":8,"Frozen Egg 2":45,"Burning Blood":0,"Old Coin":29,"SsserpentHead":21,"Centennial Puzzle":4,"Lizard Tail":24,"Sundial":31,"Pantograph":37,"Orrery":45,"Pandora\u0027s Box":17,"Black Star":34,"Kunai":13,"Membership Card":30},{"Regal Pillow":5,"Lantern":22,"Gremlin Horn":7,"CeramicFish":24,"Thread and Needle":17,"PreservedInsect":17,"Incense Burner":22,"Whetstone":15,"War Paint":7,"Frozen Egg 2":23,"Burning Blood":0,"Old Coin":17,"SsserpentHead":12,"Centennial Puzzle":3,"Lizard Tail":14,"Sundial":17,"Pantograph":20,"Orrery":23,"Pandora\u0027s Box":10,"Black Star":18,"Kunai":9,"Membership Card":17},{"Regal Pillow":17,"Lantern":113,"Gremlin Horn":24,"CeramicFish":130,"Thread and Needle":77,"PreservedInsect":77,"Incense Burner":113,"Whetstone":62,"War Paint":24,"Frozen Egg 2":119,"Burning Blood":0,"Old Coin":77,"SsserpentHead":48,"Centennial Puzzle":7,"Lizard Tail":57,"Sundial":77,"Pantograph":100,"Orrery":119,"Pandora\u0027s Box":39,"Black Star":88,"Kunai":29,"Membership Card":77}]},"card_choices":[{"not_picked":["Demon Form","Berserk"],"picked":"Bludgeon","floor":0.0},{"not_picked":["Entrench","Headbutt"],"picked":"Feel No Pain","floor":1.0},{"not_picked":["Spot Weakness","Pommel Strike"],"picked":"Cleave","floor":2.0},{"not_picked":["Berserk","Headbutt"],"picked":"Seeing Red","floor":3.0},{"not_picked":["Armaments","Wild Strike"],"picked":"Carnage","floor":5.0},{"not_picked":["Seeing Red","Armaments"],"picked":"Battle Trance","floor":6.0},{"not_picked":["Pummel","Rupture","True Grit"],"picked":"SKIP","floor":7.0},{"not_picked":["Cleave","Brutality"],"picked":"Intimidate","floor":8.0},{"not_picked":["Clash","Warcry"],"picked":"Whirlwind","floor":11.0},{"not_picked":["Fire Breathing","Perfected Strike"],"picked":"Barricade","floor":13.0},{"not_picked":["Impervious","Reaper"],"picked":"Corruption","floor":16.0},{"not_picked":["Hemokinesis","Wild Strike"],"picked":"True Grit","floor":18.0},{"not_picked":["Spot Weakness","Iron Wave","Cleave"],"picked":"SKIP","floor":20.0},{"not_picked":["Sword Boomerang","Wild Strike"],"picked":"Armaments+1","floor":22.0},{"not_picked":["Twin Strike","Searing Blow","True Grit"],"picked":"SKIP","floor":24.0},{"not_picked":["Thunderclap+1","Cleave","Combust"],"picked":"SKIP","floor":25.0},{"not_picked":["Rage","Dark Embrace"],"picked":"Entrench","floor":27.0},{"not_picked":["Twin Strike","Feel No Pain"],"picked":"Exhume","floor":29.0},{"not_picked":["Cleave","Anger","Sword Boomerang"],"picked":"SKIP","floor":35.0},{"not_picked":["Perfected Strike+1","Intimidate","Twin Strike"],"picked":"SKIP","floor":36.0},{"not_picked":["Cleave","Searing Blow+1"],"picked":"Shrug It Off","floor":41.0},{"not_picked":["Headbutt","Twin Strike+1"],"picked":"Feel No Pain","floor":44.0},{"not_picked":["Havoc","Anger"],"picked":"Body Slam","floor":45.0},{"not_picked":["Havoc","Anger"],"picked":"Shrug It Off","floor":45.0},{"not_picked":["Burning Pact","Cleave"],"picked":"True Grit","floor":45.0},{"not_picked":["Warcry","Wild Strike+1","Armaments"],"picked":"SKIP","floor":46},{"not_picked":["Combust+1","Rupture+1","Wild Strike"],"picked":"SKIP","floor":48}],"player_experience":1502706,"relics_obtained":[{"floor":4.0,"key":"Centennial Puzzle"},{"floor":6.0,"key":"Regal Pillow"},{"floor":8.0,"key":"War Paint"},{"floor":9.0,"key":"Gremlin Horn"},{"floor":13.0,"key":"Kunai"},{"floor":24.0,"key":"Lizard Tail"},{"floor":26.0,"key":"Whetstone"},{"floor":29.0,"key":"Old Coin"},{"floor":41.0,"key":"Lantern"},{"floor":41.0,"key":"Incense Burner"},{"floor":47,"key":"CeramicFish"}],"event_choices":[{"damage_healed":0.0,"max_hp_gain":0.0,"max_hp_loss":0.0,"gold_gain":0.0,"event_name":"Beggar","player_choice":"Ignored","floor":19.0,"gold_loss":0.0,"damage_taken":0.0},{"damage_healed":0.0,"max_hp_gain":0.0,"max_hp_loss":0.0,"gold_gain":0.0,"event_name":"FaceTrader","player_choice":"Trade","floor":21.0,"gold_loss":0.0,"damage_taken":0.0,"relics_obtained":["SsserpentHead"]},{"damage_healed":0.0,"max_hp_gain":0.0,"max_hp_loss":0.0,"gold_gain":50.0,"event_name":"Nest","player_choice":"Stole From Cult","floor":28.0,"gold_loss":0.0,"damage_taken":0.0},{"damage_healed":0.0,"max_hp_gain":0.0,"max_hp_loss":0.0,"gold_gain":0.0,"event_name":"The Mausoleum","player_choice":"Opened","floor":31.0,"gold_loss":0.0,"damage_taken":0.0,"relics_obtained":["Sundial"],"cards_obtained":["Writhe"]},{"damage_healed":0.0,"max_hp_gain":0.0,"max_hp_loss":0.0,"gold_gain":999.0,"event_name":"MindBloom","player_choice":"Gold","floor":38.0,"gold_loss":0.0,"damage_taken":0.0,"cards_obtained":["Normality","Normality"]},{"damage_healed":0.0,"max_hp_gain":0.0,"max_hp_loss":3.0,"gold_gain":0.0,"event_name":"Winding Halls","player_choice":"Max HP","floor":42.0,"gold_loss":0.0,"damage_taken":0.0}],"is_beta":false,"boss_relics":[{"not_picked":["Runic Cube","Velvet Choker"],"picked":"Pandora\u0027s Box"},{"not_picked":["Runic Dome","Snecko Eye"],"picked":"Black Star"}],"items_purged_floors":[14,30,45],"is_endless":false,"potions_floor_spawned":[2,5,11,13,24,27,29,36,39,46,48],"killed_by":"Awakened One","ascension_level":20}}