{"host":"zke3fwiit0h580fo","time":1611679680,"event":{"mods":["AchievementEnabler","BaseMod","Colored Map","Colored Powertips","Hubris","Minty Spire (QoL Compilation)","Quick Restart","Relic Stats","Replay The Spire","StSLib","SuperFastMode"],"gold_per_floor":[112,28,28,44,61,87,106,135,162,162,178,103,103,122,122,122,122],"floor_reached":16,"language":"ENG","playtime":373,"items_purged":["Defend_R"],"score":122,"play_id":"24451c2d-2cf3-4852-b2c6-4be00aa3b141","local_time":"20210126174800","is_ascension_mode":true,"campfire_choices":[{"data":"Rampage","floor":10,"key":"SMITH"},{"floor":15,"key":"REST"}],"circlet_count":0,"master_deck":["Strike_R","Strike_R","Strike_R+1","Strike_R","Strike_R","Defend_R","Defend_R","Defend_R","Bash+1","Iron Wave","Bandage Up","Shrug It Off","Thunderclap","Twin Strike","Twin Strike","Rampage+1","Whirlwind"],"relics":["Burning Blood","hubris:SlimyHat","Odd Mushroom","Blood Vial","Golden Idol"],"acts_visited":["Exordium"],"potions_floor_usage":[8,16,16],"damage_taken":[{"damage":6,"enemies":"Cultist","floor":1,"turns":4},{"damage":2,"enemies":"Jaw Worm","floor":4,"turns":5},{"damage":2,"enemies":"2 Louse","floor":5,"turns":3},{"damage":39,"enemies":"Gremlin Nob","floor":6,"turns":5},{"damage":8,"enemies":"Blue Slaver","floor":7,"turns":3},{"damage":19,"enemies":"The Mushroom Lair","floor":8,"turns":4},{"damage":17,"enemies":"Exordium Thugs","floor":11,"turns":5},{"damage":10,"enemies":"3 Louse","floor":14,"turns":4},{"damage":58,"enemies":"The Guardian","floor":16,"turns":5}],"seed_played":"6611651332658635103","potions_obtained":[{"floor":1,"key":"SneckoOil"},{"floor":6,"key":"Energy Potion"},{"floor":11,"key":"Swift Potion"}],"is_trial":false,"path_per_floor":["M","$","?","M","M","E","M","?","T","R","M","$","?","M","R","B"],"character_chosen":"IRONCLAD","items_purchased":["Bandage Up"],"campfire_rested":1,"item_purchase_floors":[2],"current_hp_per_floor":[88,88,70,78,86,55,57,48,48,48,43,43,21,23,49,0,0],"gold":122,"neow_bonus":"TEN_PERCENT_HP_BONUS","is_daily":false,"chose_seed":false,"campfire_upgraded":1,"win_rate":0.0,"timestamp":1611679680,"path_taken":["M","?","?","M","M","E","M","?","T","R","?","?","?","M","R","BOSS"],"items_purchased_type":["Card"],"build_version":"2020-12-22","purchased_purges":1,"victory":false,"max_hp_per_floor":[88,88,88,88,88,88,88,88,88,88,88,88,88,88,88,88,88],"relic_stats":{"Blood Vial":6,"counters":[9,38],"Golden Idol":4,"obtain_stats":[{"Blood Vial":9,"Golden Idol":13,"hubris:SlimyHat":6,"Odd Mushroom":8,"Burning Blood":0},{"Blood Vial":6,"Golden Idol":7,"hubris:SlimyHat":4,"Odd Mushroom":6,"Burning Blood":0},{"Blood Vial":24,"Golden Idol":29,"hubris:SlimyHat":17,"Odd Mushroom":24,"Burning Blood":0}],"Burning Blood":48},"card_choices":[{"not_picked":["Sever Soul","Pommel Strike"],"picked":"Iron Wave","floor":1},{"not_picked":["Run Through","Iron Wave"],"picked":"Shrug It Off","floor":4},{"not_picked":["Second Wind","Sword Boomerang"],"picked":"Thunderclap","floor":5},{"not_picked":["hubris:StunningStrike","Abandon"],"picked":"Twin Strike","floor":6},{"not_picked":["Evolve","Anger"],"picked":"Twin Strike","floor":7},{"not_picked":["Body Slam","Seeing Red"],"picked":"Rampage","floor":8},{"not_picked":["Replay:Undeath\u0027s Touch","True Grit","Clothesline"],"picked":"SKIP","floor":11},{"not_picked":["Armaments","Berserk"],"picked":"Whirlwind","floor":14}],"player_experience":57659,"relics_obtained":[{"floor":6,"key":"hubris:SlimyHat"},{"floor":8,"key":"Odd Mushroom"},{"floor":9,"key":"Blood Vial"}],"event_choices":[{"damage_healed":0,"gold_gain":0,"player_choice":"Entered Light","damage_taken":18,"max_hp_gain":0,"max_hp_loss":0,"event_name":"Shining Light","floor":3,"gold_loss":0,"cards_upgraded":["Bash","Strike_R"]},{"damage_healed":0,"gold_gain":0,"player_choice":"Fought Mushrooms","damage_taken":0,"max_hp_gain":0,"max_hp_loss":0,"event_name":"Mushrooms","floor":8,"gold_loss":0},{"damage_healed":0,"gold_gain":0,"player_choice":"Take Damage","damage_taken":22,"relics_obtained":["Golden Idol"],"max_hp_gain":0,"max_hp_loss":0,"event_name":"Golden Idol","floor":13,"gold_loss":0}],"is_beta":false,"boss_relics":[],"items_purged_floors":[12],"is_endless":false,"potions_floor_spawned":[1,6,11],"killed_by":"The Guardian","ascension_level":4}}