{"host":"l2onoeb0kdqo1a9y","time":1611642702,"event":{"mods":["AchievementEnabler","BaseMod","Colored Powertips","Highlight Path","Minty Spire (QoL Compilation)","Quick Restart"],"gold_per_floor":[116,129,129,144,157,157,183,143,168,185,212,212,223,236,236,331,331,331,331],"floor_reached":18,"language":"ZHS","playtime":756,"items_purged":[],"score":174,"play_id":"abc9d1c2-b249-452b-9760-62f459c5251e","local_time":"20210126143142","is_ascension_mode":false,"campfire_choices":[{"data":"Distraction","floor":6.0,"key":"SMITH"},{"floor":12,"key":"REST"},{"data":"Prepared","floor":15,"key":"SMITH"}],"circlet_count":0,"master_deck":["Strike_G","Strike_G","Strike_G","Strike_G","Strike_G","Defend_G","Defend_G","Defend_G","Defend_G","Defend_G","Survivor","Neutralize","Poisoned Stab","Distraction+1","Burst+1","Quick Slash","Deadly Poison+1","Prepared+1","Backflip","PiercingWail","Catalyst","Venomology"],"relics":["Ring of the Snake","Blood Vial","Dream Catcher","Regal Pillow","War Paint","Runic Pyramid"],"acts_visited":["Exordium","TheCity"],"potions_floor_usage":[7,7,11,16,18],"damage_taken":[{"damage":1.0,"enemies":"Cultist","floor":1.0,"turns":4.0},{"damage":0.0,"enemies":"Small Slimes","floor":2.0,"turns":5.0},{"damage":1.0,"enemies":"Jaw Worm","floor":4.0,"turns":4.0},{"damage":1.0,"enemies":"Red Slaver","floor":5.0,"turns":5.0},{"damage":8,"enemies":"Gremlin Nob","floor":7,"turns":5},{"damage":23,"enemies":"Large Slime","floor":10,"turns":6},{"damage":14,"enemies":"3 Sentries","floor":11,"turns":9},{"damage":16,"enemies":"Lots of Slimes","floor":13,"turns":3},{"damage":5,"enemies":"Blue Slaver","floor":14,"turns":4},{"damage":75,"enemies":"Slime Boss","floor":16,"turns":14},{"damage":5,"enemies":"Spheric Guardian","floor":18,"turns":3}],"seed_played":"-512024053034119574","potions_obtained":[{"floor":1.0,"key":"Block Potion"},{"floor":5.0,"key":"CunningPotion"},{"floor":8,"key":"SmokeBomb"},{"floor":8,"key":"Poison Potion"},{"floor":8,"key":"FairyPotion"},{"floor":10,"key":"Strength Potion"},{"floor":11,"key":"SneckoOil"},{"floor":13,"key":"Poison Potion"}],"is_trial":false,"path_per_floor":["M","M","?","M","M","R","E","?","T","M","E","R","M","M","R","B",null,"M"],"character_chosen":"THE_SILENT","items_purchased":[],"campfire_rested":1,"item_purchase_floors":[],"current_hp_per_floor":[69,70,75,74,74,74,67,67,67,46,34,71,57,54,54,3,75,70,70],"gold":331,"neow_bonus":"RANDOM_COMMON_RELIC","is_daily":false,"chose_seed":false,"campfire_upgraded":2,"win_rate":0.0,"timestamp":1611642702,"path_taken":["M","?","?","M","M","R","E","?","T","?","E","R","M","M","R","BOSS","M"],"items_purchased_type":[],"build_version":"2020-12-22","purchased_purges":0,"victory":false,"max_hp_per_floor":[70,70,75,75,75,75,75,75,75,75,75,75,75,75,75,75,75,75,75],"card_choices":[{"not_picked":["Finisher","Dagger Spray"],"picked":"Poisoned Stab","floor":1.0},{"not_picked":["Leg Sweep","Dagger Throw"],"picked":"Distraction","floor":2.0},{"not_picked":["Sucker Punch","Caltrops","Predator"],"picked":"SKIP","floor":4.0},{"not_picked":["Dagger Spray","Poisoned Stab"],"picked":"Burst","floor":5.0},{"not_picked":["All Out Attack","Heel Hook"],"picked":"Quick Slash","floor":7},{"not_picked":["Acrobatics","Sucker Punch"],"picked":"Deadly Poison","floor":10},{"not_picked":["Poisoned Stab","Accuracy"],"picked":"Prepared","floor":11},{"not_picked":["Riddle With Holes","Distraction"],"picked":"Backflip","floor":12},{"not_picked":["Flying Knee","Dagger Spray"],"picked":"PiercingWail","floor":13},{"not_picked":["Prepared","Backflip"],"picked":"Catalyst","floor":14},{"not_picked":["Wraith Form v2","Tools of the Trade"],"picked":"Venomology","floor":16}],"player_experience":122888,"relics_obtained":[{"floor":7,"key":"Dream Catcher"},{"floor":9,"key":"Regal Pillow"},{"floor":11,"key":"War Paint"}],"event_choices":[{"damage_healed":0.0,"max_hp_gain":5.0,"max_hp_loss":0.0,"gold_gain":0.0,"event_name":"Big Fish","player_choice":"Donut","floor":3.0,"gold_loss":0.0,"damage_taken":0.0},{"damage_healed":0,"gold_gain":0,"player_choice":"Bought 3 Potions","damage_taken":0,"max_hp_gain":0,"max_hp_loss":0,"event_name":"The Woman in Blue","floor":8,"gold_loss":0}],"is_beta":false,"boss_relics":[{"not_picked":["Coffee Dripper","Ring of the Serpent"],"picked":"Runic Pyramid"}],"items_purged_floors":[],"is_endless":false,"potions_floor_spawned":[1,5,10,11,13],"killed_by":"Spheric Guardian","ascension_level":0}}