{"host":"y7b1p9nkx4idorr2","time":1611624563,"event":{"mods":["AchievementEnabler","Act Like it!","BaseMod","Colored Map","Downfall","GifTheSpireLib","Googly Eyes","Highlight Path","Mimic Mod","Minty Spire (QoL Compilation)","Shop Mod","Spicy Shops","StSLib","Unceasing Turn Reminder"],"gold_per_floor":[99,112,22,22,34,34,34,34,61,71,2,15,15,115,132,132,132,132],"floor_reached":16,"language":"ENG","playtime":1016,"items_purged":["Guardian:Strike_Guardian"],"score":105,"play_id":"00b62bca-6d10-4d0b-ab11-ee6f446ee784","local_time":"20210125192923","is_ascension_mode":true,"campfire_choices":[{"floor":1,"key":"RECALL"},{"data":"Guardian:DonusPower","floor":6,"key":"SMITH"},{"data":"Guardian:SphericShield","floor":8,"key":"SMITH"},{"data":"Guardian:ArmoredProtocol","floor":13,"key":"SMITH"}],"circlet_count":0,"master_deck":["Guardian:Strike_Guardian","Guardian:Strike_Guardian","Guardian:Strike_Guardian","Guardian:Defend_Guardian","Guardian:Defend_Guardian","Guardian:Defend_Guardian","Guardian:Defend_Guardian","Guardian:CurlUp","Guardian:TwinSlam","Guardian:ArmoredProtocol+1","Guardian:PiercingHide","Guardian:DonusPower+1","Guardian:SphericShield+1","Guardian:CrystalBeam","Guardian:PrismaticBeam","Guardian:Gem_Red","Guardian:Gem_Green","Guardian:Orbwalk","Guardian:TimeSifter","Discovery","Parasite","Guardian:Gem_Blue","Guardian:ChargeCore"],"relics":["Guardian:ModeShifter","Prayer Wheel","Pear","Bronze Scales","Bottled Tornado","downfall:GremlinSack"],"acts_visited":["Exordium"],"potions_floor_usage":[9,14],"damage_taken":[{"damage":3,"enemies":"Cultist","floor":2,"turns":5},{"damage":0,"enemies":"downfall:FleeingMerchant","floor":3,"turns":4},{"damage":6,"enemies":"Jaw Worm","floor":5,"turns":4},{"damage":4,"enemies":"3 Sentries","floor":9,"turns":11},{"damage":5,"enemies":"2 Louse","floor":10,"turns":2},{"damage":3,"enemies":"downfall:FleeingMerchant","floor":11,"turns":4},{"damage":9,"enemies":"Blue Slaver","floor":12,"turns":4},{"damage":16,"enemies":"Blue Slaver","floor":14,"turns":5},{"damage":0,"enemies":"Lots of Slimes","floor":15,"turns":3},{"damage":19,"enemies":"DF_ARCHETYPE_STREAMLINE","floor":16,"turns":3}],"seed_played":"-8313318201403885430","potions_obtained":[{"floor":5,"key":"BlessingOfTheForge"},{"floor":10,"key":"Explosive Potion"},{"floor":12,"key":"EssenceOfSteel"}],"is_trial":false,"path_per_floor":["R","M","$","?","M","R","T","R","E","M","$","M","R","?","M","B"],"character_chosen":"GUARDIAN","items_purchased":["Guardian:Gem_Cyan"],"campfire_rested":0,"item_purchase_floors":[11],"current_hp_per_floor":[56,53,53,51,45,45,45,45,41,36,33,24,24,8,8,0,0,0],"gold":132,"neow_bonus":"ONE_RARE_RELIC","is_daily":false,"chose_seed":false,"campfire_upgraded":3,"win_rate":0.0,"timestamp":1611624563,"path_taken":["R","M","$","?","M","R","T","R","E","M","$","M","R","?","M","BOSS"],"items_purchased_type":["Card"],"build_version":"2020-12-22","purchased_purges":1,"victory":false,"max_hp_per_floor":[80,80,80,90,90,90,90,90,90,90,90,90,90,90,90,90,90,90],"card_choices":[{"not_picked":["Guardian:TemporalShield","Guardian:Gem_Yellow"],"picked":"Guardian:ArmoredProtocol","floor":2},{"not_picked":["Guardian:CrystalBeam","Guardian:TemporalShield"],"picked":"Guardian:PiercingHide","floor":2},{"not_picked":["Guardian:Gem_White","Guardian:PiercingHide"],"picked":"Guardian:DonusPower","floor":3},{"not_picked":["Guardian:PrimingBeam","Guardian:RollAttack"],"picked":"Guardian:Gem_Red","floor":5},{"not_picked":["Guardian:PiercingHide","Guardian:Recover"],"picked":"Guardian:SphericShield","floor":5},{"not_picked":["Guardian:PrismaticBarrier","Guardian:Reroute"],"picked":"Guardian:Gem_Red","floor":9},{"not_picked":["Guardian:Emergency","Guardian:Suspension"],"picked":"Guardian:CrystalBeam","floor":10},{"not_picked":["Guardian:Gem_Blue","Guardian:Gem_Orange","Guardian:Planning"],"picked":"SKIP","floor":10},{"not_picked":["Guardian:CrystalBeam","Guardian:DonusPower"],"picked":"Guardian:Gem_Lightblue","floor":11},{"not_picked":["Guardian:DonusPower","Guardian:CrystalBeam"],"picked":"Guardian:Gem_Green","floor":12},{"not_picked":["Guardian:ChargeCore","Guardian:Suspension"],"picked":"Guardian:PrismaticBeam","floor":12},{"not_picked":["Guardian:WalkerClaw","Guardian:BaubleBeam"],"picked":"Guardian:Gem_Blue","floor":15},{"not_picked":["Guardian:RollAttack","Guardian:TemporalStrike"],"picked":"Guardian:ChargeCore","floor":15}],"player_experience":2202785,"relics_obtained":[{"floor":7,"key":"Bronze Scales"},{"floor":9,"key":"Bottled Tornado"},{"floor":14,"key":"downfall:GremlinSack"}],"event_choices":[{"damage_healed":0,"gold_gain":0,"player_choice":"Success","damage_taken":12,"relics_obtained":["Pear"],"max_hp_gain":0,"max_hp_loss":0,"event_name":"Scrap Ooze","floor":4,"gold_loss":0}],"is_beta":false,"boss_relics":[],"items_purged_floors":[3],"is_endless":false,"potions_floor_spawned":[5,10,12],"killed_by":"DF_ARCHETYPE_STREAMLINE","ascension_level":1}}