{"host":"2q4w55ev63ot6isg","time":1611687112,"event":{"mods":["Aspiration","BaseMod","Downfall","Hubris","Marisa????????","Minty Spire (QoL Compilation)","Replay The Spire","StSLib","The Cursed","The Jungle","The Servant 0.9.4"],"gold_per_floor":[112,112,287,55,74,74,105,124,124,124,134,34,34,109,109,214,214,229,302,302,317,18,43,43,70,70,70,101,20,20,39,39,137,137,148,198,298,308,308,308,340,360,383,400,400,411,411,424,424,424],"floor_reached":51,"language":"ENG","playtime":1718,"items_purged":["Doubt","Strike_P"],"score":1304,"play_id":"aedc208d-1f83-4c51-abd7-785dc57e5d5a","local_time":"20210126105152","is_ascension_mode":true,"campfire_choices":[{"data":"SandsOfTime","floor":6,"key":"SMITH"},{"floor":15,"key":"REST"},{"floor":27,"key":"REST"},{"floor":30,"key":"REST"},{"floor":32,"key":"REST"},{"floor":40,"key":"RECALL"},{"floor":45,"key":"REST"},{"floor":47,"key":"REST"}],"circlet_count":0,"master_deck":["Strike_P","Strike_P","Strike_P","Defend_P","Defend_P","Defend_P","Eruption","Vigilance","SandsOfTime+1","Collect","Replay:AllIn","Pray","Prostrate","hubris:NaturalOne","DeusExMachina","Sanctity+1","DeceiveReality","Replay:BluntJabs+1","ReachHeaven","ForeignInfluence+1","MasterReality","ThirdEye+1","Tantrum+1","Protect","CutThroughFate+1","Replay:Vibes"],"relics":["Snecko Eye","hubris:SlimyHat","Pet Ghost","Du-Vu Doll","hubris:Icosahedron","Shuriken","Fusion Hammer","aspiration:HatOfInfinitePower","Ornamental Fan","ReplayFunnel","Replay:Ringing Soul","Replay:Baseball","Replay:Wax Seal","hubris:VirtuousBlindfold","Thread and Needle","Pen Nib","Oddly Smooth Stone"],"acts_visited":["Exordium","TheCity","TheBeyond"],"potions_floor_usage":[23,23,23,23,25,28,28,38,42,46,46,46,50],"damage_taken":[{"damage":14,"enemies":"Small Slimes","floor":1,"turns":3},{"damage":0,"enemies":"Jaw Worm","floor":5,"turns":2},{"damage":13,"enemies":"Replay:BlueRogue","floor":7,"turns":2},{"damage":0,"enemies":"Cultist","floor":8,"turns":1},{"damage":0,"enemies":"Looter","floor":11,"turns":1},{"damage":29,"enemies":"Hexaghost","floor":16,"turns":7},{"damage":0,"enemies":"2 Thieves","floor":18,"turns":1},{"damage":0,"enemies":"Spheric Guardian","floor":21,"turns":3},{"damage":21,"enemies":"Slavers","floor":23,"turns":3},{"damage":5,"enemies":"Replay:Snechameleon","floor":25,"turns":6},{"damage":14,"enemies":"Slavers","floor":28,"turns":3},{"damage":43,"enemies":"Centurion and Healer","floor":31,"turns":4},{"damage":1,"enemies":"Pondfish","floor":33,"turns":8},{"damage":0,"enemies":"Orb Walker","floor":35,"turns":3},{"damage":6,"enemies":"Mind Bloom Boss Battle","floor":36,"turns":4},{"damage":4,"enemies":"3 Darklings","floor":38,"turns":3},{"damage":12,"enemies":"R_Hoarder","floor":41,"turns":5},{"damage":9,"enemies":"Writhing Mass","floor":42,"turns":3},{"damage":0,"enemies":"Spire Growth","floor":44,"turns":3},{"damage":47,"enemies":"Jaw Worm Horde","floor":46,"turns":3},{"damage":17,"enemies":"3 Darklings","floor":48,"turns":4},{"damage":5,"enemies":"Donu and Deca","floor":50,"turns":5}],"seed_played":"621500279135775005","potions_obtained":[{"floor":7,"key":"Energy Potion"},{"floor":11,"key":"champ:CounterPotion"},{"floor":16,"key":"LiquidBronze"},{"floor":18,"key":"Adrenaline Potion"},{"floor":19,"key":"EntropicBrew"},{"floor":25,"key":"bronze:BurnAndBuffPotion"},{"floor":28,"key":"Explosive Potion"},{"floor":33,"key":"sneckomod:MuddlingPotion"},{"floor":38,"key":"Toxic Potion"},{"floor":42,"key":"SpeedPotion"},{"floor":44,"key":"champ:CounterPotion"},{"floor":48,"key":"bronze:BurnAndBuffPotion"}],"is_trial":false,"path_per_floor":["M","?","?","$","M","R","E","M","T","?","M","$","T","?","R","B",null,"M","?","?","M","$","E","?","E","T","R","E","$","R","M","R","B",null,"M","?","?","M","?","R","E","M","T","M","R","M","R","M","R","B",null],"character_chosen":"WATCHER","items_purchased":["hubris:SlimyHat","aspiration:HatOfInfinitePower","Replay:Wax Seal"],"campfire_rested":6,"item_purchase_floors":[4,22,29],"current_hp_per_floor":[58,58,58,58,58,58,45,45,45,45,45,45,45,34,55,26,72,72,54,61,61,61,40,27,22,22,45,34,34,58,18,42,44,86,86,80,80,79,88,88,79,73,73,73,95,48,76,62,65,60],"gold":424,"neow_bonus":"BOSS_RELIC","is_daily":false,"chose_seed":false,"campfire_upgraded":1,"win_rate":0.0,"timestamp":1611687112,"path_taken":["M","?","?","$","M","R","E","M","T","?","M","$","?","?","R","BOSS","M","?","?","?","$","E","?","E","T","R","E","?","R","M","R","BOSS","M","?","?","?","?","R","E","?","T","M","R","M","R","M","R","BOSS"],"items_purchased_type":["Relic","Relic","Relic"],"build_version":"2020-12-22","purchased_purges":2,"victory":true,"max_hp_per_floor":[72,72,72,72,72,72,72,72,72,72,72,72,72,72,72,72,72,72,72,72,72,72,72,77,77,77,77,80,80,80,83,83,86,86,86,86,86,89,89,89,92,95,95,95,95,95,95,98,101,101],"card_choices":[{"not_picked":["FollowUp","CrushJoints","FlyingSleeves"],"picked":"SKIP","floor":1},{"not_picked":["WaveOfTheHand","Consecrate"],"picked":"Collect","floor":5},{"not_picked":["FlyingSleeves","Consecrate"],"picked":"Replay:AllIn","floor":7},{"not_picked":["CutThroughFate","Replay:AtTheReady"],"picked":"Pray","floor":8},{"not_picked":["PathToVictory","Conclude"],"picked":"Prostrate","floor":11},{"not_picked":["Alpha","Judgement"],"picked":"DeusExMachina","floor":16},{"not_picked":["ClearTheMind","Weave"],"picked":"Sanctity+1","floor":18},{"not_picked":["PathToVictory","CrushJoints"],"picked":"DeceiveReality","floor":19},{"not_picked":["Replay:Hum","SashWhip","Indignation"],"picked":"SKIP","floor":21},{"not_picked":["Replay:LoomingThreat","FearNoEvil"],"picked":"Replay:BluntJabs+1","floor":23},{"not_picked":["Conclude","FollowUp+1","SignatureMove+1"],"picked":"SKIP","floor":25},{"not_picked":["Weave","Replay:DivineShield"],"picked":"ReachHeaven","floor":28},{"not_picked":["Replay:ManipulateFuture","Crescendo"],"picked":"ForeignInfluence+1","floor":31},{"not_picked":["Replay:AllIn","DeusExMachina"],"picked":"MasterReality","floor":33},{"not_picked":["Replay:AtTheReady","SashWhip","Halt"],"picked":"SKIP","floor":35},{"not_picked":["FlyingSleeves","FlurryOfBlows"],"picked":"ThirdEye+1","floor":38},{"not_picked":["Replay:BluntJabs+1","FlyingSleeves+1"],"picked":"Tantrum+1","floor":41},{"not_picked":["SashWhip+1","Blasphemy"],"picked":"Protect","floor":42},{"not_picked":["ClearTheMind+1","Consecrate","Replay:Battleflow"],"picked":"SKIP","floor":44},{"not_picked":["Perseverance","BowlingBash","Wireheading+1"],"picked":"SKIP","floor":46},{"not_picked":["ClearTheMind+1","WindmillStrike"],"picked":"CutThroughFate+1","floor":48}],"player_experience":171455,"relics_obtained":[{"floor":7,"key":"Pet Ghost"},{"floor":9,"key":"Du-Vu Doll"},{"floor":13,"key":"Shuriken"},{"floor":23,"key":"Ornamental Fan"},{"floor":25,"key":"ReplayFunnel"},{"floor":26,"key":"Replay:Ringing Soul"},{"floor":28,"key":"Replay:Baseball"},{"floor":36,"key":"Thread and Needle"},{"floor":41,"key":"Pen Nib"},{"floor":43,"key":"Oddly Smooth Stone"}],"event_choices":[{"damage_healed":0,"gold_gain":175,"player_choice":"AGREE","damage_taken":0,"max_hp_gain":0,"max_hp_loss":0,"event_name":"Liars Game","floor":3,"gold_loss":0,"cards_obtained":["Doubt"]},{"damage_healed":0,"gold_gain":75,"player_choice":"Gather Gold","damage_taken":11,"max_hp_gain":0,"max_hp_loss":0,"event_name":"World of Goop","floor":14,"gold_loss":0},{"damage_healed":0,"gold_gain":0,"player_choice":"Shed Blood","damage_taken":18,"max_hp_gain":5,"max_hp_loss":0,"event_name":"Forgotten Altar","floor":24,"gold_loss":0},{"damage_healed":0,"gold_gain":0,"player_choice":"Fight","damage_taken":0,"max_hp_gain":0,"max_hp_loss":0,"event_name":"MindBloom","floor":36,"gold_loss":0},{"damage_healed":0,"gold_gain":100,"player_choice":"Pray","damage_taken":0,"max_hp_gain":0,"max_hp_loss":0,"event_name":"Golden Shrine","floor":37,"gold_loss":0}],"is_beta":false,"boss_relics":[{"not_picked":["Snecko Heart","hubris:Stopwatch"],"picked":"Fusion Hammer"},{"not_picked":["Velvet Choker","aspiration:FutureDiary"],"picked":"hubris:VirtuousBlindfold"}],"items_purged_floors":[4,12],"is_endless":false,"potions_floor_spawned":[7,11,16,18,25,28,33,38,42,44,48],"ascension_level":2}}