{"host":"xmr2g8b7eju0288o","time":1611684503,"event":{"mods":["AchievementEnabler","BaseMod","Colored Map","Colored Powertips","Infinite Spire","KOR Keyword Fix","Minty Spire (QoL Compilation)","Quick Restart","Spicy Shops","StSLib","SuperFastMode"],"gold_per_floor":[109,126,137,137,151,151,161,180,258,258,258,276,292,310,310,381,381,392,392,392],"floor_reached":19,"language":"KOR","playtime":652,"items_purged":[],"score":330,"play_id":"27d8fdac-74d9-4536-a310-1a820c2aab3c","local_time":"20210127030823","daily_mods":["Heirloom"],"is_ascension_mode":true,"campfire_choices":[{"data":"Terror","floor":6.0,"key":"SMITH"},{"data":"Cloak And Dagger","floor":11.0,"key":"SMITH"},{"data":"Neutralize","floor":15,"key":"SMITH"}],"circlet_count":0,"master_deck":["AscendersBane","Strike_G","Strike_G","Strike_G","Strike_G","Strike_G","Defend_G","Defend_G","Defend_G","Defend_G","Defend_G","Survivor","Neutralize+1","Cloak And Dagger+1","Terror+1","Blade Dance","Cloak And Dagger+1","Dodge and Roll","Dodge and Roll","Storm of Steel"],"relics":["Ring of the Snake","Tingsha","Shuriken","infinitespire:Eraser","Busted Crown"],"acts_visited":["Exordium","TheCity"],"potions_floor_usage":[16],"damage_taken":[{"damage":2.0,"enemies":"2 Louse","floor":1.0,"turns":3.0},{"damage":6.0,"enemies":"Cultist","floor":2.0,"turns":4.0},{"damage":2.0,"enemies":"Jaw Worm","floor":3.0,"turns":4.0},{"damage":0.0,"enemies":"Large Slime","floor":5.0,"turns":4.0},{"damage":1.0,"enemies":"Blue Slaver","floor":7.0,"turns":3.0},{"damage":0.0,"enemies":"Exordium Wildlife","floor":8.0,"turns":5.0},{"damage":3,"enemies":"3 Louse","floor":12,"turns":4},{"damage":0,"enemies":"2 Fungi Beasts","floor":13,"turns":2},{"damage":1,"enemies":"Looter","floor":14,"turns":3},{"damage":12,"enemies":"Hexaghost","floor":16,"turns":7},{"damage":3,"enemies":"3 Byrds","floor":18,"turns":6},{"damage":55,"enemies":"Masked Bandits","floor":19,"turns":3}],"seed_played":"7261283115513542386","potions_obtained":[{"floor":3.0,"key":"GhostInAJar"},{"floor":7.0,"key":"Energy Potion"},{"floor":13,"key":"Poison Potion"},{"floor":16,"key":"AttackPotion"}],"is_trial":true,"path_per_floor":["M","M","M","?","M","R","M","M","T","?","R","M","M","M","R","B",null,"M","?"],"character_chosen":"THE_SILENT","items_purchased":[],"campfire_rested":0,"item_purchase_floors":[],"current_hp_per_floor":[57,51,49,49,49,49,48,48,48,48,48,45,45,44,44,32,58,55,0,0],"gold":392,"neow_bonus":"","is_daily":false,"chose_seed":false,"campfire_upgraded":3,"win_rate":0.0,"timestamp":1611684503,"path_taken":["M","M","M","?","M","R","?","M","T","?","R","M","M","M","R","BOSS","M","?"],"items_purchased_type":[],"build_version":"2020-12-22","purchased_purges":0,"victory":false,"max_hp_per_floor":[66,66,66,66,66,66,66,66,66,66,66,66,66,66,66,66,66,66,66,66],"card_choices":[{"not_picked":["Riddle With Holes","Prepared"],"picked":"Cloak And Dagger","floor":1.0},{"not_picked":["Riddle With Holes","Prepared"],"picked":"Terror","floor":2.0},{"not_picked":["Outmaneuver","Dodge and Roll"],"picked":"Blade Dance","floor":3.0},{"not_picked":["Noxious Fumes","Eviscerate"],"picked":"Cloak And Dagger","floor":5.0},{"not_picked":["Outmaneuver","Underhanded Strike","Flechettes"],"picked":"SKIP","floor":7.0},{"not_picked":["Backflip","Outmaneuver","Malaise"],"picked":"SKIP","floor":8.0},{"not_picked":["Bane","Quick Slash","Underhanded Strike"],"picked":"SKIP","floor":12},{"not_picked":["Acrobatics","Tactician"],"picked":"Dodge and Roll","floor":13},{"not_picked":["Flying Knee","Outmaneuver"],"picked":"Dodge and Roll","floor":14},{"not_picked":["Wraith Form v2","Doppelganger"],"picked":"Storm of Steel","floor":16},{"not_picked":["Outmaneuver"],"picked":"SKIP","floor":18}],"player_experience":79435,"relics_obtained":[{"floor":4.0,"key":"Shuriken"},{"floor":9.0,"key":"infinitespire:Eraser"}],"event_choices":[{"damage_healed":0.0,"max_hp_gain":0.0,"max_hp_loss":0.0,"gold_gain":0.0,"event_name":"Wheel of Change","player_choice":"Relic","floor":4.0,"gold_loss":0.0,"damage_taken":0.0},{"damage_healed":0.0,"max_hp_gain":0.0,"max_hp_loss":0.0,"gold_gain":0.0,"event_name":"Living Wall","player_choice":"Grow","floor":10.0,"gold_loss":0.0,"damage_taken":0.0,"cards_upgraded":["Cloak And Dagger"]},{"damage_healed":0,"gold_gain":0,"player_choice":"Fought Bandits","damage_taken":0,"max_hp_gain":0,"max_hp_loss":0,"event_name":"Masked Bandits","floor":19,"gold_loss":0}],"is_beta":false,"boss_relics":[{"not_picked":["Fusion Hammer","Sozu"],"picked":"Busted Crown"}],"items_purged_floors":[],"is_endless":false,"potions_floor_spawned":[3,7,13,16,18],"killed_by":"Masked Bandits","ascension_level":20}}