{"host":"l4jj3li0klahglqo","time":1611631212,"event":{"mods":["BaseMod","Conspire","Hubris","Infinite Spire","Minty Spire (QoL Compilation)","Quick Restart","Replay The Spire","Shop Mod","StSLib","The Animator"],"gold_per_floor":[117,117,137,10,21,21,47,47,47,47,74,86,133,145,186,242,254,371,383,416,455,566,578,578],"floor_reached":23,"language":"ENG","playtime":1407,"items_purged":["animator:Curse_Nutcracker"],"score":279,"play_id":"9d3a0bd9-4e57-4968-af35-733053c34e6b","local_time":"20210125212012","is_ascension_mode":true,"campfire_choices":[{"data":"Electrodynamics","floor":6,"key":"SMITH"},{"data":"Sunder","floor":10,"key":"SMITH"},{"floor":14,"key":"REST"},{"floor":17,"key":"REST"}],"circlet_count":0,"master_deck":["Strike_B","Strike_B","Strike_B","Strike_B","Defend_B","Defend_B","Defend_B","Defend_B","Zap","Dualcast","Master of Strategy","Redo","Cold Snap","Electrodynamics+1","Sunder+1","Replay:Sssssssssstrike","Chill","Meteor Strike","Skim","Meteor Strike","Thunder Strike","Ball Lightning","Double Energy"],"relics":["Cracked Core","conspire:DecoderRing","MawBank","CeramicFish","Pantograph","Nuclear Battery"],"acts_visited":["Exordium","TheCity"],"potions_floor_usage":[7,16],"damage_taken":[{"damage":1,"enemies":"Cultist","floor":1,"turns":3},{"damage":4,"enemies":"Jaw Worm","floor":3,"turns":3},{"damage":0,"enemies":"Small Slimes","floor":5,"turns":3},{"damage":21,"enemies":"Gremlin Nob","floor":7,"turns":4},{"damage":28,"enemies":"Lagavulin","floor":13,"turns":6},{"damage":3,"enemies":"2 Fungi Beasts","floor":15,"turns":2},{"damage":20,"enemies":"Gremlin Nob","floor":16,"turns":3},{"damage":55,"enemies":"Fading Forest","floor":18,"turns":11},{"damage":41,"enemies":"conspire:FuzzyDice","floor":20,"turns":3},{"damage":17,"enemies":"Shell Parasite","floor":21,"turns":5},{"damage":6,"enemies":"Centurion and Healer","floor":23,"turns":2}],"seed_played":"-31466733515114439","potions_obtained":[{"floor":1,"key":"Venom Potion"},{"floor":5,"key":"Block Potion"},{"floor":13,"key":"SteroidPotion"},{"floor":18,"key":"Elixir"},{"floor":21,"key":"Milkshake"}],"is_trial":false,"path_per_floor":["M","?","M","$","M","R","E","PTL","PTL","R","T","?","E","R","M","E","R","B",null,"M","M","?","M"],"character_chosen":"DEFECT","items_purchased":["Cold Snap"],"campfire_rested":2,"item_purchase_floors":[4],"current_hp_per_floor":[67,67,63,63,63,63,42,42,42,42,42,42,14,36,33,13,35,17,61,20,3,3,0,0],"gold":578,"neow_bonus":"RANDOM_COLORLESS_2","is_daily":false,"chose_seed":false,"campfire_upgraded":2,"win_rate":0.0,"timestamp":1611631212,"path_taken":["M","?","M","$","M","R","E","PTL","PTL","R","T","?","E","R","M","E","R","BOSS","M","?","?","M"],"items_purchased_type":["Card"],"build_version":"2020-12-22","purchased_purges":1,"victory":false,"max_hp_per_floor":[75,75,75,75,75,75,75,75,75,75,75,75,75,75,75,75,75,75,75,75,75,75,75,75],"card_choices":[{"not_picked":["Poisoned Strike","Secret Weapon"],"picked":"Master of Strategy","floor":0},{"not_picked":["conspire:SharedLibrary","Stack"],"picked":"Redo","floor":1},{"not_picked":["Leap","Rebound","BasicCrystalCard"],"picked":"SKIP","floor":3},{"not_picked":["Scrape","Double Energy"],"picked":"Electrodynamics","floor":5},{"not_picked":["Rip and Tear","Glacier"],"picked":"Sunder","floor":7},{"not_picked":["Barrage","Chaos"],"picked":"Meteor Strike","floor":13},{"not_picked":["Chaos","Melter"],"picked":"Skim","floor":15},{"not_picked":["Panic Button","Turbo"],"picked":"Meteor Strike","floor":16},{"not_picked":["Hyperbeam","ReplayRNGCard"],"picked":"Thunder Strike","floor":18},{"not_picked":["Steam Power","Conserve Battery"],"picked":"Ball Lightning","floor":20},{"not_picked":["Hologram","Scrape"],"picked":"Double Energy","floor":21}],"player_experience":1186327,"relics_obtained":[{"floor":7,"key":"conspire:DecoderRing"},{"floor":11,"key":"MawBank"},{"floor":13,"key":"CeramicFish"},{"floor":16,"key":"Pantograph"}],"event_choices":[{"damage_healed":0,"gold_gain":0,"player_choice":"Leave","damage_taken":0,"max_hp_gain":0,"max_hp_loss":0,"event_name":"conspire:Investor","floor":2,"gold_loss":0},{"damage_healed":0,"gold_gain":0,"player_choice":"2 cards matched","damage_taken":0,"max_hp_gain":0,"max_hp_loss":0,"event_name":"Match and Keep!","floor":12,"gold_loss":0,"cards_obtained":["Replay:Sssssssssstrike","Chill"]},{"damage_healed":0,"gold_gain":99,"player_choice":"Stole From Cult","damage_taken":0,"max_hp_gain":0,"max_hp_loss":0,"event_name":"Nest","floor":22,"gold_loss":0}],"is_beta":false,"boss_relics":[{"not_picked":["hubris:HollowSoul","ChewingGum"],"picked":"Nuclear Battery"}],"items_purged_floors":[4],"is_endless":false,"potions_floor_spawned":[1,5,13,18,21],"killed_by":"Centurion and Healer","ascension_level":7}}