{"host":"f6w7z8zvb0mi4wy9","time":1611690846,"event":{"mods":["BaseMod","Colored Map","Minty Spire (QoL Compilation)","READ ME - Guardian Mod","StSLib","SuperFastMode","The Jungle"],"gold_per_floor":[117,15,15,15,90,116,116,116,116,145,156,156,175,188,188,291,291,305,323,338,338,355,355,386,405,428,456,271,58,58,58,58,157,157,169,12,61,111,111,111,142,142,142,142,156,179,195,228,228,228,228,228,7,32,32,32],"floor_reached":55,"language":"KOR","playtime":1640,"items_purged":["Pain"],"score":910,"play_id":"77fa1ff4-53ab-4ca4-a34e-b3e3e375a364","local_time":"20210127045406","is_ascension_mode":true,"campfire_choices":[{"data":"Zap","floor":8,"key":"SMITH"},{"data":"Beam Cell","floor":12,"key":"SMITH"},{"data":"Scrape","floor":15,"key":"SMITH"},{"data":"Creative AI","floor":23,"key":"SMITH"},{"floor":32,"key":"RECALL"},{"floor":40,"key":"REST"},{"floor":42,"key":"REST"},{"floor":49,"key":"REST"},{"floor":52,"key":"REST"}],"circlet_count":0,"master_deck":["Strike_B","Strike_B","Strike_B","Strike_B","Defend_B","Defend_B","Defend_B","Defend_B","Zap+1","Dualcast+1","Streamline+1","Beam Cell+1","Steam","Skim","Loop","Sunder","Scrape+1","Go for the Eyes","Creative AI+1","Force Field","Gash","Self Repair","Loop+1","Scrape","Echo Form+1","Creative AI+1","Force Field+1","Loop+1","Jack Of All Trades+1","Swift Strike+1","Master of Strategy+1","Self Repair+1","Chill+1","Fusion+1","Force Field+1","Steam","Steam+1","Defragment+1"],"relics":["Cracked Core","NeowsBlessing","Eternal Feather","Symbiotic Virus","HornCleat","Philosopher\u0027s Stone","WarpedTongs","Matryoshka","Question Card","DataDisk","Pantograph","theJungle:Creamberry","Fusion Hammer","DollysMirror","Prayer Wheel","Gambling Chip","Ancient Tea Set","StrikeDummy","Molten Egg 2","Vajra","Dream Catcher","Strange Spoon","Blood Vial"],"acts_visited":["Exordium","Exordium","TheBeyond","TheEnding"],"potions_floor_usage":[16,20,24,37,37,41,55,55],"damage_taken":[{"damage":0,"enemies":"2 Louse","floor":1,"turns":1},{"damage":0,"enemies":"3 Sentries","floor":6,"turns":1},{"damage":0,"enemies":"Gremlin Nob","floor":10,"turns":1},{"damage":0,"enemies":"Small Slimes","floor":11,"turns":3},{"damage":0,"enemies":"Jaw Worm","floor":13,"turns":2},{"damage":0,"enemies":"Blue Slaver","floor":14,"turns":3},{"damage":20,"enemies":"The Guardian","floor":16,"turns":7},{"damage":10,"enemies":"theJungle:Flameango_and_Byrd","floor":18,"turns":5},{"damage":0,"enemies":"theJungle:GiantWrat","floor":19,"turns":4},{"damage":0,"enemies":"theJungle:2_Snecko_Cultists","floor":20,"turns":3},{"damage":15,"enemies":"Snake Plant","floor":22,"turns":3},{"damage":18,"enemies":"theJungle:Cassacara","floor":24,"turns":7},{"damage":13,"enemies":"theJungle:Lyon","floor":25,"turns":5},{"damage":3,"enemies":"theJungle:MamaSnecko","floor":27,"turns":5},{"damage":29,"enemies":"theJungle:FunGuy","floor":33,"turns":8},{"damage":27,"enemies":"3 Shapes","floor":35,"turns":3},{"damage":44,"enemies":"2 Orb Walkers","floor":37,"turns":5},{"damage":5,"enemies":"Mind Bloom Boss Battle","floor":38,"turns":6},{"damage":21,"enemies":"Nemesis","floor":41,"turns":7},{"damage":0,"enemies":"Orb Walker","floor":45,"turns":3},{"damage":7,"enemies":"3 Darklings","floor":47,"turns":4},{"damage":9,"enemies":"Giant Head","floor":48,"turns":8},{"damage":31,"enemies":"Donu and Deca","floor":50,"turns":6},{"damage":16,"enemies":"Shield and Spear","floor":54,"turns":6},{"damage":129,"enemies":"The Heart","floor":55,"turns":6}],"seed_played":"9160839184651341768","potions_obtained":[{"floor":11,"key":"Fire Potion"},{"floor":14,"key":"SkillPotion"},{"floor":16,"key":"AttackPotion"},{"floor":18,"key":"SteroidPotion"},{"floor":22,"key":"Block Potion"},{"floor":25,"key":"SteroidPotion"},{"floor":27,"key":"FocusPotion"},{"floor":37,"key":"LiquidMemories"},{"floor":38,"key":"SmokeBomb"},{"floor":45,"key":"SmokeBomb"},{"floor":47,"key":"LiquidBronze"}],"is_trial":false,"path_per_floor":["M","$","?","$","?","E","$","R","T","E","M","R","M","M","R","B",null,"M","M","M","?","M","R","E","M","T","E","?","$","?","?","R","B",null,"M","$","?","?","T","R","E","R","T","?","M","T","M","E","R","B",null,"R","$","E","B"],"character_chosen":"DEFECT","items_purchased":["Beam Cell","Steam","FairyPotion","Scrape","DollysMirror","Strange Spoon","PotionOfCapacity"],"campfire_rested":4,"item_purchase_floors":[2,2,29,29,36,53,53],"current_hp_per_floor":[75,75,60,60,49,49,49,55,55,55,55,64,64,64,73,53,75,65,65,65,65,50,62,51,45,45,49,49,49,51,61,73,53,75,58,58,14,34,34,71,57,75,75,65,72,72,72,75,75,61,75,75,75,75,0,0],"gold":32,"neow_bonus":"THREE_ENEMY_KILL","is_daily":false,"chose_seed":false,"campfire_upgraded":4,"win_rate":0.0,"timestamp":1611690846,"path_taken":["M","$","?","$","?","E","?","R","T","E","M","R","M","?","R","BOSS","M","?","M","?","?","R","E","M","T","E","?","$","?","?","R","BOSS","M","$","?","?","?","R","E","R","T","?","M","?","?","E","R","BOSS","R","$","E","BOSS"],"items_purchased_type":["Card","Card","Potion","Card","Relic","Relic","Potion"],"build_version":"2020-12-22","purchased_purges":1,"victory":false,"max_hp_per_floor":[75,75,75,75,75,75,75,75,75,75,75,75,75,75,75,75,75,75,75,75,75,75,75,75,75,75,75,75,75,75,75,75,75,75,75,75,75,75,75,75,75,75,75,75,75,75,75,75,75,75,75,75,75,75,75,75],"card_choices":[{"not_picked":["Cold Snap","Doom and Gloom"],"picked":"Streamline","floor":1},{"not_picked":["Turbo","Steam Power"],"picked":"Skim","floor":6},{"not_picked":["Stack","Turbo"],"picked":"Loop","floor":10},{"not_picked":["Leap","Barrage"],"picked":"Sunder","floor":11},{"not_picked":["Doom and Gloom","Streamline"],"picked":"Scrape","floor":13},{"not_picked":["Biased Cognition","Storm"],"picked":"Go for the Eyes","floor":14},{"not_picked":["Buffer","Thunder Strike"],"picked":"Creative AI","floor":16},{"not_picked":["Barrage","Sweeping Beam"],"picked":"Force Field","floor":18},{"not_picked":["Rebound","Barrage"],"picked":"Gash","floor":19},{"not_picked":["Conserve Battery+1","Streamline","Turbo"],"picked":"SKIP","floor":20},{"not_picked":["Redo+1","Steam"],"picked":"Self Repair","floor":22},{"not_picked":["Rebound+1","Redo","Ball Lightning"],"picked":"SKIP","floor":24},{"not_picked":["Reprogram","Biased Cognition"],"picked":"Loop+1","floor":25},{"not_picked":["Turbo","Biased Cognition","Compile Driver+1","Blizzard"],"picked":"SKIP","floor":27},{"not_picked":["Creative AI+1","Electrodynamics+1","Rainbow+1"],"picked":"Echo Form+1","floor":33},{"not_picked":["Gash+1","Sweeping Beam","Ball Lightning","Rebound"],"picked":"SKIP","floor":35},{"not_picked":["Ball Lightning+1","FTL+1","Consume+1"],"picked":"Force Field+1","floor":37},{"not_picked":["Sweeping Beam+1","Hologram","Go for the Eyes+1"],"picked":"Loop+1","floor":41},{"not_picked":["Deep Breath+1","Blind+1","Mind Blast+1"],"picked":"Jack Of All Trades+1","floor":44},{"not_picked":["Thinking Ahead+1","Sadistic Nature+1","Jack Of All Trades+1"],"picked":"Swift Strike+1","floor":44},{"not_picked":["Forethought+1","Transmutation+1","The Bomb+1"],"picked":"Master of Strategy+1","floor":44},{"not_picked":["Steam","Turbo","Barrage+1"],"picked":"Self Repair+1","floor":45},{"not_picked":["Undo+1","Darkness+1","Cold Snap+1","Barrage+1"],"picked":"SKIP","floor":45},{"not_picked":["Streamline+1","Stack+1","Go for the Eyes+1"],"picked":"Chill+1","floor":47},{"not_picked":["Coolheaded+1","Multi-Cast+1","Stack+1"],"picked":"Fusion+1","floor":47},{"not_picked":["Stack","Hologram","Storm+1"],"picked":"Force Field+1","floor":48},{"not_picked":["Blizzard+1","Self Repair+1","Melter+1"],"picked":"Steam","floor":49},{"not_picked":["Turbo","Leap","Gash+1"],"picked":"Steam+1","floor":52},{"not_picked":["Rainbow+1","Reprogram+1","Sweeping Beam+1"],"picked":"Defragment+1","floor":54}],"player_experience":903415,"relics_obtained":[{"floor":6,"key":"Eternal Feather"},{"floor":9,"key":"Symbiotic Virus"},{"floor":10,"key":"HornCleat"},{"floor":24,"key":"Matryoshka"},{"floor":26,"key":"Question Card"},{"floor":26,"key":"DataDisk"},{"floor":27,"key":"Pantograph"},{"floor":37,"key":"Prayer Wheel"},{"floor":38,"key":"Gambling Chip"},{"floor":39,"key":"Ancient Tea Set"},{"floor":41,"key":"StrikeDummy"},{"floor":43,"key":"Molten Egg 2"},{"floor":46,"key":"Vajra"},{"floor":48,"key":"Dream Catcher"},{"floor":54,"key":"Blood Vial"}],"event_choices":[{"damage_healed":0,"gold_gain":0,"player_choice":"Entered Light","damage_taken":15,"max_hp_gain":0,"max_hp_loss":0,"event_name":"Shining Light","floor":3,"gold_loss":0,"cards_upgraded":["Streamline","Dualcast"]},{"damage_healed":0,"gold_gain":75,"player_choice":"Gather Gold","damage_taken":11,"max_hp_gain":0,"max_hp_loss":0,"event_name":"World of Goop","floor":5,"gold_loss":0},{"damage_healed":0,"gold_gain":0,"player_choice":"Rummage","damage_taken":0,"relics_obtained":["WarpedTongs"],"max_hp_gain":0,"max_hp_loss":0,"event_name":"Accursed Blacksmith","floor":21,"gold_loss":0,"cards_obtained":["Pain"]},{"damage_healed":0,"gold_gain":0,"player_choice":"Fight","damage_taken":0,"max_hp_gain":0,"max_hp_loss":0,"event_name":"Mysterious Sphere","floor":37,"gold_loss":0},{"damage_healed":0,"gold_gain":0,"player_choice":"Fight","damage_taken":0,"max_hp_gain":0,"max_hp_loss":0,"event_name":"MindBloom","floor":38,"gold_loss":0},{"damage_healed":0,"gold_gain":0,"player_choice":"Memory 3","damage_taken":10,"max_hp_gain":0,"max_hp_loss":0,"event_name":"SensoryStone","floor":44,"gold_loss":0}],"is_beta":false,"boss_relics":[{"not_picked":["Coffee Dripper","Tiny House"],"picked":"Philosopher\u0027s Stone"},{"not_picked":["Pandora\u0027s Box","SlaversCollar"],"picked":"Fusion Hammer"}],"items_purged_floors":[29],"is_endless":false,"potions_floor_spawned":[11,14,16,18,22,25,27,33,37,38,45,47],"killed_by":"The Heart","ascension_level":1}}