{"host":"xmr2g8b7eju0288o","time":1611676806,"event":{"mods":["AchievementEnabler","BaseMod","Colored Map","Colored Powertips","Infinite Spire","KOR Keyword Fix","Minty Spire (QoL Compilation)","Quick Restart","Replay The Spire","Spicy Shops","StSLib","SuperFastMode"],"gold_per_floor":[118,133,145,156,431,466,466,500,500,55,95,95,126,143,143,233,233,261,261],"floor_reached":18,"language":"KOR","playtime":599,"items_purged":[],"score":384,"play_id":"46495f05-5f71-4308-8f16-ec5145ac97e3","local_time":"20210127010006","daily_mods":["Heirloom","DeadlyEvents","Elite Swarm","Uncertain Future"],"is_ascension_mode":true,"campfire_choices":[{"data":"Infernal Blade","floor":7.0,"key":"SMITH"},{"floor":12,"key":"REST"},{"floor":15,"key":"REST"}],"circlet_count":0,"master_deck":["AscendersBane","Strike_R","Strike_R","Strike_R","Strike_R","Strike_R","Defend_R","Defend_R","Defend_R","Defend_R","Bash","Twin Strike","Thunderclap","ReplayTheSpireMod:Muscle Training","Infernal Blade+1","Regret","Feed","Demon Form"],"relics":["Burning Blood","Champion Belt","Boot","Garlic","infinitespire:Midas Blood","Strawberry","Ginger","Iron Hammer","BranchBurnRelic","Cursed Key"],"acts_visited":["Exordium","TheCity"],"potions_floor_usage":[11],"damage_taken":[{"damage":2.0,"enemies":"Cultist","floor":1.0,"turns":4.0},{"damage":13.0,"enemies":"Small Slimes","floor":2.0,"turns":4.0},{"damage":5.0,"enemies":"2 Louse","floor":3.0,"turns":2.0},{"damage":15.0,"enemies":"Red Slaver","floor":4.0,"turns":3.0},{"damage":37.0,"enemies":"Lagavulin","floor":6.0,"turns":6.0},{"damage":25.0,"enemies":"Gremlin Nob","floor":8.0,"turns":4.0},{"damage":24,"enemies":"3 Sentries","floor":11,"turns":6},{"damage":21,"enemies":"Gremlin Nob","floor":13,"turns":4},{"damage":1,"enemies":"2 Fungi Beasts","floor":14,"turns":2},{"damage":40,"enemies":"Slime Boss","floor":16,"turns":8},{"damage":34,"enemies":"Chosen","floor":18,"turns":5}],"seed_played":"-1226560671646032565","potions_obtained":[{"floor":1.0,"key":"Regen Potion"},{"floor":2.0,"key":"Strength Potion"},{"floor":6.0,"key":"Swift Potion"},{"floor":13,"key":"BloodPotion"}],"is_trial":true,"path_per_floor":["M","M","M","M","?","E","R","E","T","$","E","R","E","M","R","B",null,"M"],"character_chosen":"IRONCLAD","items_purchased":["infinitespire:Midas Blood","Strawberry"],"campfire_rested":2,"item_purchase_floors":[10,10],"current_hp_per_floor":[72,65,66,57,57,26,26,7,7,14,11,35,20,25,49,34,73,45,45],"gold":261,"neow_bonus":"","is_daily":false,"chose_seed":false,"campfire_upgraded":1,"win_rate":0.0,"timestamp":1611676806,"path_taken":["M","M","M","?","?","E","R","E","T","$","E","R","?","M","R","BOSS","M"],"items_purchased_type":["Relic","Relic"],"build_version":"2020-12-22","purchased_purges":0,"victory":false,"max_hp_per_floor":[75,75,75,75,75,75,75,75,75,82,82,82,82,82,82,86,86,86,86],"card_choices":[{"not_picked":["Pommel Strike","ReplayTheSpireMod:Strike From Hell"],"picked":"Twin Strike","floor":1.0},{"not_picked":["Replay:Undeath\u0027s Touch","Armaments"],"picked":"Thunderclap","floor":2.0},{"not_picked":["True Grit","Replay:Undeath\u0027s Touch"],"picked":"ReplayTheSpireMod:Muscle Training","floor":3.0},{"not_picked":["Thunderclap","ReplayReversal"],"picked":"Infernal Blade","floor":4.0},{"not_picked":["Exhume","Offering","Double Tap"],"picked":"SKIP","floor":6.0},{"not_picked":["Juggernaut","Berserk"],"picked":"Feed","floor":8.0},{"not_picked":["Demonic Infusion","Replay:Many Hands","Brutality"],"picked":"SKIP","floor":11},{"not_picked":["Eclipse","Fiend Fire"],"picked":"Demon Form","floor":13},{"not_picked":["Headbutt","Clash","Perfected Strike"],"picked":"SKIP","floor":14}],"player_experience":79035,"relics_obtained":[{"floor":6.0,"key":"Boot"},{"floor":8.0,"key":"Garlic"},{"floor":9.0,"key":"Dead Branch"},{"floor":11,"key":"Ginger"},{"floor":13,"key":"Iron Hammer"}],"event_choices":[{"damage_healed":0.0,"max_hp_gain":0.0,"max_hp_loss":0.0,"gold_gain":275.0,"event_name":"Golden Shrine","player_choice":"Desecrate","floor":5.0,"gold_loss":0.0,"damage_taken":0.0,"cards_obtained":["Regret"]}],"is_beta":false,"boss_relics":[{"not_picked":["Replay:Bronze Core","infinitespire:Burning Sword"],"picked":"Cursed Key"}],"items_purged_floors":[],"is_endless":false,"potions_floor_spawned":[1,2,6,13,14],"killed_by":"Chosen","ascension_level":20}}