{"host":"o5lch9xvacbb0fa4","time":1611671851,"event":{"mods":["AchievementEnabler","Act Like it!","Aspiration","Bard","BaseMod","Better Altar","Better Match","Better Note","Better Sensory Stone","Better Skull","Better Third Choice","Better Vampires","BetterRewards","CCEM","Colored Map","Conspire","Downfall","GifTheSpireLib","Googly Eyes","GungeonMod","Halation","Hermit","Highlight Path","Hubris","Infinite Spire","Jedi Mod","Jorbs\u0027s Wanderer Trilogy","Marisa????????","Marked Mod","Mimic Mod","Minty Spire (QoL Compilation)","Permanent Neow","Relic Filter","Relic Sorter","Relic Stats","Replay The Spire","Shade Mod","Shop Mod","Small Relic Pack","StSLib","Stuff the Spire","The Administrix","The Blackbeard","The Runesmith","Unceasing Turn Reminder","everything is the same but u backflip on backflip","slay the spire mod where everything is the same but ironclad has a cowboy hat"],"gold_per_floor":[115,115,115,133,133,167,13,13,13,13,27,58,77,90,90,187,287,297,311,311,311,324,359,370,370,404,404,404,437,437,452,452,549,549,565,430,462,479,489,518,530,542,578,578,589,589,602,602,602,602],"floor_reached":51,"playtime":2821,"items_purged":["StuffTheSpire:CuriosityCurse"],"score":654,"play_id":"f87da57b-2437-4b11-8d2b-7754e09db3b5","local_time":"20210126223731","is_ascension_mode":false,"campfire_choices":[{"data":"infinitespire:Collect","floor":8,"key":"SMITH"},{"data":"Well Laid Plans","floor":10,"key":"SMITH"},{"data":"Adrenaline","floor":15,"key":"SMITH"},{"data":"Calculated Gamble","floor":25,"key":"SMITH"},{"data":"Leg Sweep","floor":27,"key":"SMITH"},{"floor":30,"key":"REST"},{"floor":32,"key":"DIG"},{"data":"StuffTheSpire:Shiver","floor":46,"key":"SMITH"},{"floor":49,"key":"REST"}],"circlet_count":0,"master_deck":["Strike_G","Strike_G","Strike_G","Strike_G","Strike_G","Defend_G","Defend_G","Defend_G","Defend_G","Defend_G","Survivor","Neutralize","jedi:pocketpoison","infinitespire:Collect+1","Poisoned Stab","Well Laid Plans+1","Masterful Stab","Adrenaline+1","Envenom","Calculated Gamble+1","Metallicize","jedi:pocketpoison+1","Backflip","Leg Sweep+1","ReplayTheSpireMod:Scrap Shanks+1","Tools of the Trade","Footwork+1","Parasite","Predator+1","StuffTheSpire:Shiver+1","StuffTheSpire:Shiver+1"],"relics":["Ring of the Snake","aspiration:Nostalgia","m_SlimeRing","DemoMod:Metronome","Bag of Marbles","Vajra","jedi:rubbersling","Replay:Wanted Poster","Boot","hubris:Spice","Pantograph","PreservedInsect"],"acts_visited":["Exordium","TheCity","TheBeyond"],"potions_floor_usage":[23,50,50],"damage_taken":[{"damage":0,"enemies":"Small Slimes","floor":1,"turns":4},{"damage":0,"enemies":"2 Louse","floor":4,"turns":3},{"damage":33,"enemies":"3 Sentries","floor":6,"turns":12},{"damage":0,"enemies":"Cultist","floor":11,"turns":2},{"damage":7,"enemies":"Gremlin Nob","floor":12,"turns":3},{"damage":0,"enemies":"Looter","floor":13,"turns":2},{"damage":0,"enemies":"Blue Slaver","floor":14,"turns":2},{"damage":0,"enemies":"Slime Boss","floor":16,"turns":5},{"damage":6,"enemies":"Shell Parasite","floor":18,"turns":4},{"damage":7,"enemies":"3 Byrds","floor":19,"turns":5},{"damage":0,"enemies":"Snake Plant","floor":22,"turns":4},{"damage":28,"enemies":"Slavers","floor":23,"turns":5},{"damage":0,"enemies":"Centurion and Healer","floor":24,"turns":4},{"damage":0,"enemies":"3 Cultists","floor":26,"turns":3},{"damage":0,"enemies":"Gremlin Leader","floor":29,"turns":5},{"damage":0,"enemies":"3 Cultists","floor":31,"turns":5},{"damage":5,"enemies":"conspire:MysteriousRune","floor":33,"turns":7},{"damage":0,"enemies":"Orb Walker","floor":35,"turns":2},{"damage":35,"enemies":"conspire:MimicChest","floor":37,"turns":6},{"damage":0,"enemies":"3 Darklings","floor":38,"turns":3},{"damage":0,"enemies":"Writhing Mass","floor":39,"turns":4},{"damage":0,"enemies":"Reptomancer","floor":40,"turns":2},{"damage":0,"enemies":"Jaw Worm Horde","floor":41,"turns":3},{"damage":15,"enemies":"Sphere and 2 Shapes","floor":42,"turns":4},{"damage":0,"enemies":"Transient","floor":43,"turns":5},{"damage":0,"enemies":"Transient","floor":45,"turns":5},{"damage":0,"enemies":"4 Shapes","floor":47,"turns":2},{"damage":33,"enemies":"Replay:Hell Engine","floor":50,"turns":6}],"seed_played":"-3713926126837424661","potions_obtained":[{"floor":11,"key":"jedi:wingpotion"},{"floor":13,"key":"FairyPotion"},{"floor":16,"key":"LiquidBronze"},{"floor":23,"key":"DemoMod:LeadSkinPotion"},{"floor":29,"key":"Strength Potion"}],"is_trial":false,"path_per_floor":["M","?","?","M","?","E","$","R","T","R","M","E","M","M","R","B",null,"M","M","?","?","M","E","M","R","MIM","R","?","E","R","M","R_BF","B",null,"M","$","?","M","M","E","M","M","MIM","?","M","R","M","?","R","B",null],"character_chosen":"THE_SILENT","items_purchased":["Bag of Marbles","Footwork+1"],"campfire_rested":2,"item_purchase_floors":[7,36],"current_hp_per_floor":[70,54,59,59,74,41,41,41,41,41,41,34,34,34,34,34,75,69,62,62,62,62,42,42,42,42,42,50,50,74,74,74,69,67,67,67,32,32,32,32,32,17,17,17,17,17,17,17,27,2],"gold":602,"neow_bonus":"NOSTALGIA","is_daily":false,"chose_seed":false,"campfire_upgraded":6,"win_rate":0.0,"timestamp":1611671851,"path_taken":["M","?","?","M","?","E","?","R","T","R","M","E","M","M","R","BOSS","M","M","?","?","M","E","?","R","MIM","R","?","E","R","M","R_BF","BOSS","M","$","?","M","M","E","M","?","MIM","?","?","R","?","?","R","BOSS"],"items_purchased_type":["Relic","Card"],"build_version":"2020-12-13","purchased_purges":1,"victory":true,"max_hp_per_floor":[70,70,75,75,75,75,75,75,75,75,75,75,75,75,75,75,75,75,75,75,75,75,83,83,83,83,83,91,83,83,83,75,75,67,67,67,59,51,51,43,43,43,35,35,35,35,35,35,35,35],"relic_stats":{"counters":[42,182],"Pantograph":8,"PreservedInsect":59,"Boot":[41],"obtain_stats":[{"Lantern":0,"aspiration:Nostalgia":0,"Vajra":9,"DemoMod:GlassGuonStoneRelic":1,"PreservedInsect":37,"PrismaticShard":24,"Boot":21,"CCEMRelics:SpiritsEdge":9,"relicPack:OneForAll":2,"Replay:Wanted Poster":17,"Replay:Ringing Soul":26,"m_SlimeRing":0,"jedi:hotpepper":17,"DemoMod:Metronome":6,"hubris:Spice":23,"jedi:rubbersling":12,"Pantograph":26,"Molten Egg 2":7,"Bag of Marbles":7,"Grinning Jar":20,"jedi:arcanewood":12,"Ring of the Snake":0},{"Lantern":0,"aspiration:Nostalgia":14,"Vajra":17,"DemoMod:GlassGuonStoneRelic":1,"PreservedInsect":33,"PrismaticShard":10,"Boot":24,"CCEMRelics:SpiritsEdge":4,"relicPack:OneForAll":1,"Replay:Wanted Poster":22,"Replay:Ringing Soul":11,"m_SlimeRing":14,"jedi:hotpepper":8,"DemoMod:Metronome":17,"hubris:Spice":26,"jedi:rubbersling":19,"Pantograph":28,"Molten Egg 2":3,"Bag of Marbles":17,"Grinning Jar":9,"jedi:arcanewood":6,"Ring of the Snake":0},{"Lantern":0,"aspiration:Nostalgia":65,"Vajra":84,"DemoMod:GlassGuonStoneRelic":2,"PreservedInsect":148,"PrismaticShard":46,"Boot":107,"CCEMRelics:SpiritsEdge":18,"relicPack:OneForAll":2,"Replay:Wanted Poster":98,"Replay:Ringing Soul":52,"m_SlimeRing":65,"jedi:hotpepper":41,"DemoMod:Metronome":84,"hubris:Spice":116,"jedi:rubbersling":89,"Pantograph":123,"Molten Egg 2":10,"Bag of Marbles":84,"Grinning Jar":45,"jedi:arcanewood":24,"Ring of the Snake":0}],"Ring of the Snake":[84]},"card_choices":[{"not_picked":["Dodge and Roll","Poisoned Stab"],"picked":"jedi:pocketpoison","floor":1},{"not_picked":["ReplayTheSpireMod:??????????????????????","infinitespire:SealOfDarkness+"],"picked":"infinitespire:Collect","floor":2},{"not_picked":["StuffTheSpire:ClusterCrunch","Slice"],"picked":"Poisoned Stab","floor":4},{"not_picked":["jedi:studypoison","Cloak And Dagger"],"picked":"Well Laid Plans","floor":6},{"not_picked":["Sneak Up","Cloak And Dagger","StuffTheSpire:Injection"],"picked":"SKIP","floor":11},{"not_picked":["Slimebound:SlimeSpikes","Predator"],"picked":"Masterful Stab","floor":12},{"not_picked":["Blade Dance","StuffTheSpire:Python","StuffTheSpire:ClusterCrunch"],"picked":"SKIP","floor":13},{"not_picked":["Cloak And Dagger","Flying Knee"],"picked":"Adrenaline","floor":14},{"not_picked":["Venomology","Night Terror"],"picked":"Envenom","floor":16},{"not_picked":["StuffTheSpire:Repulse","Draining Mist","PiercingWail+1"],"picked":"SKIP","floor":18},{"not_picked":["Flying Knee","Hidden Blade+1"],"picked":"Calculated Gamble","floor":19},{"not_picked":["Poisoned Stab","ReplayTheSpireMod:Shiv Toss"],"picked":"jedi:pocketpoison+1","floor":22},{"not_picked":["Envenom","Deflect+1"],"picked":"Backflip","floor":23},{"not_picked":["StuffTheSpire:ReptileScales","StuffTheSpire:DoubleShiv+1","Blade Dance"],"picked":"SKIP","floor":24},{"not_picked":["ReplayTheSpireMod:The Works+1","StuffTheSpire:Sprint"],"picked":"Leg Sweep","floor":26},{"not_picked":["Draining Mist","Backflip","Outmaneuver"],"picked":"SKIP","floor":29},{"not_picked":["Sneak Up","StuffTheSpire:BumpUp"],"picked":"ReplayTheSpireMod:Scrap Shanks","floor":31},{"not_picked":["jedi:brewingpoison","Wraith Form v2"],"picked":"Tools of the Trade","floor":33},{"not_picked":["ReplayTheSpireMod:Exploit Weakness+1","Quick Slash","Replay:Poison Smokescreen+1"],"picked":"SKIP","floor":35},{"not_picked":["Dodge and Roll+1","Leg Sweep"],"picked":"hubris:SpiceAddiction","floor":37},{"not_picked":["StuffTheSpire:Python+1","Dagger Spray"],"picked":"hubris:SpiceAddiction","floor":38},{"not_picked":["PiercingWail+1","Outmaneuver"],"picked":"Predator+1","floor":39},{"not_picked":["StuffTheSpire:Incantation","Outmaneuver+1","hubris:Counter"],"picked":"SKIP","floor":40},{"not_picked":["Expertise+1","Reflex"],"picked":"StuffTheSpire:Shiver","floor":41},{"not_picked":["hubris:SlightOfHand+1","StuffTheSpire:Injection+1","Draining Mist"],"picked":"SKIP","floor":42},{"not_picked":["Quick Slash+1","ReplayTheSpireMod:Exploit Weakness+1","Crippling Poison+1"],"picked":"SKIP","floor":45},{"not_picked":["Footwork","Acrobatics+1"],"picked":"StuffTheSpire:Shiver+1","floor":47}],"player_experience":5868,"relics_obtained":[{"floor":6,"key":"DemoMod:Metronome"},{"floor":9,"key":"Vajra"},{"floor":12,"key":"jedi:rubbersling"},{"floor":23,"key":"hubris:Spice"},{"floor":26,"key":"Pantograph"},{"floor":28,"key":"hubris:Spice"},{"floor":29,"key":"hubris:Spice"},{"floor":32,"key":"hubris:Spice"},{"floor":37,"key":"PreservedInsect"},{"floor":40,"key":"hubris:Spice"},{"floor":43,"key":"hubris:Spice"}],"event_choices":[{"damage_healed":0,"gold_gain":0,"player_choice":"Donut","damage_taken":0,"max_hp_gain":5,"max_hp_loss":0,"event_name":"Big Fish","floor":3,"gold_loss":0},{"cards_removed":["infinitespire:Collect"],"damage_healed":0,"gold_gain":0,"player_choice":"Take \u0026 Give","damage_taken":0,"max_hp_gain":0,"max_hp_loss":0,"event_name":"betterNote:BetterNote","floor":20,"gold_loss":0,"cards_obtained":["Metallicize"]},{"damage_healed":0,"gold_gain":0,"player_choice":"Upgraded","damage_taken":0,"max_hp_gain":0,"max_hp_loss":0,"event_name":"Upgrade Shrine","floor":44,"gold_loss":0,"cards_upgraded":["ReplayTheSpireMod:Scrap Shanks"]},{"damage_healed":0,"gold_gain":0,"player_choice":"Ignored","damage_taken":0,"max_hp_gain":0,"max_hp_loss":0,"event_name":"Tomb of Lord Red Mask","floor":48,"gold_loss":0}],"is_beta":false,"boss_relics":[{"not_picked":["aspiration:PoetsPen","Velvet Choker"],"picked":"Replay:Wanted Poster"},{"not_picked":["hubris:Spice","halation:ForbiddenBikini"],"picked":"hubris:Spice"}],"items_purged_floors":[36],"is_endless":false,"potions_floor_spawned":[11,13,14,16,22,23,29,33,35,39,40,42],"ascension_level":0}}