{"host":"v711dtdb46xe9u7l","time":1611697813,"event":{"mods":["BaseMod","Bestiary","Highlight Path","Minty Spire (QoL Compilation)","Quick Restart","StSLib"],"gold_per_floor":[115,115,3,19,94,120,120,133,159,159,234,259,44,78,78,174,174,190,20,20,20,31,31,62,62,110,110,110],"floor_reached":27,"language":"ENG","playtime":1288,"items_purged":["Strike_R"],"score":405,"play_id":"afe82033-88fc-4072-9360-5c9ddcfac3f4","local_time":"20210126215013","is_ascension_mode":true,"campfire_choices":[{"data":"Bash","floor":7,"key":"SMITH"},{"data":"Clothesline","floor":10,"key":"SMITH"},{"data":"Rampage","floor":15,"key":"SMITH"},{"data":"Apotheosis","floor":23,"key":"SMITH"},{"data":"Corruption","floor":25,"key":"SMITH"}],"circlet_count":0,"master_deck":["AscendersBane","Strike_R","Strike_R","Defend_R","Defend_R+1","Defend_R+1","Defend_R","Bash+1","Clothesline+1","Carnage","Cleave","True Grit","Shrug It Off","Rampage+1","Offering","Pommel Strike","Corruption+1","Shrug It Off+1","Apotheosis+1","Normality","Blood for Blood","Warcry+1","Havoc"],"relics":["Burning Blood","NeowsBlessing","Toy Ornithopter","War Paint","Kunai","MealTicket","Boot","Runic Pyramid","The Courier","Pen Nib","Juzu Bracelet"],"acts_visited":["Exordium","TheCity"],"potions_floor_usage":[12,14,24,24],"damage_taken":[{"damage":0,"enemies":"Jaw Worm","floor":1,"turns":1},{"damage":0,"enemies":"2 Louse","floor":4,"turns":1},{"damage":0,"enemies":"3 Sentries","floor":6,"turns":1},{"damage":3,"enemies":"Small Slimes","floor":8,"turns":3},{"damage":16,"enemies":"Lagavulin","floor":12,"turns":6},{"damage":19,"enemies":"3 Sentries","floor":14,"turns":8},{"damage":43,"enemies":"Slime Boss","floor":16,"turns":9},{"damage":14,"enemies":"Shell Parasite","floor":18,"turns":5},{"damage":25,"enemies":"2 Thieves","floor":22,"turns":4},{"damage":12,"enemies":"Gremlin Leader","floor":24,"turns":6},{"damage":58,"enemies":"Book of Stabbing","floor":27,"turns":7}],"seed_played":"-3787414015522179033","potions_obtained":[{"floor":1,"key":"AttackPotion"},{"floor":8,"key":"BlessingOfTheForge"},{"floor":12,"key":"SteroidPotion"},{"floor":16,"key":"Explosive Potion"},{"floor":18,"key":"Strength Potion"}],"is_trial":false,"path_per_floor":["M","?","$","M","?","E","R","M","T","R","?","E","$","E","R","B",null,"M","$","?","?","M","R","E","R","T","E"],"character_chosen":"IRONCLAD","items_purchased":["Carnage","Offering","MealTicket","Apotheosis"],"campfire_rested":0,"item_purchase_floors":[3,13,13,19],"current_hp_per_floor":[78,71,71,77,66,72,72,75,75,75,67,62,62,54,54,17,64,56,71,71,71,52,52,56,56,56,0,0],"gold":110,"neow_bonus":"THREE_ENEMY_KILL","is_daily":false,"chose_seed":false,"campfire_upgraded":5,"win_rate":0.0,"timestamp":1611697813,"path_taken":["M","?","$","M","?","E","R","?","T","R","?","E","?","E","R","BOSS","M","$","?","?","M","R","E","R","T","E"],"items_purchased_type":["Card","Card","Relic","Card"],"build_version":"2020-12-22","purchased_purges":1,"victory":false,"max_hp_per_floor":[80,80,80,80,80,80,80,80,80,80,80,80,80,80,80,80,80,80,80,80,80,80,80,80,80,80,80,80],"card_choices":[{"not_picked":["Spot Weakness","Armaments"],"picked":"Clothesline","floor":1},{"not_picked":["Searing Blow","Anger"],"picked":"Cleave","floor":4},{"not_picked":["Dual Wield","Cleave"],"picked":"True Grit","floor":6},{"not_picked":["Fire Breathing","Uppercut"],"picked":"Shrug It Off","floor":8},{"not_picked":["Wild Strike","Havoc"],"picked":"Rampage","floor":12},{"not_picked":["Heavy Blade","Clash"],"picked":"Pommel Strike","floor":14},{"not_picked":["Reaper","Fiend Fire"],"picked":"Corruption","floor":16},{"not_picked":["Havoc","Blood for Blood"],"picked":"Shrug It Off+1","floor":18},{"not_picked":["Iron Wave","Wild Strike"],"picked":"Warcry+1","floor":22},{"not_picked":["Brutality","Thunderclap"],"picked":"Havoc","floor":24}],"player_experience":385941,"relics_obtained":[{"floor":6,"key":"Toy Ornithopter"},{"floor":9,"key":"War Paint"},{"floor":12,"key":"Kunai"},{"floor":14,"key":"Boot"},{"floor":24,"key":"Pen Nib"},{"floor":26,"key":"Juzu Bracelet"}],"event_choices":[{"cards_removed":["Strike_R"],"damage_healed":0,"gold_gain":0,"player_choice":"Card Removal","damage_taken":7,"max_hp_gain":0,"max_hp_loss":0,"event_name":"Golden Wing","floor":2,"gold_loss":0},{"damage_healed":0,"gold_gain":75,"player_choice":"Gather Gold","damage_taken":11,"max_hp_gain":0,"max_hp_loss":0,"event_name":"World of Goop","floor":5,"gold_loss":0},{"damage_healed":0,"gold_gain":75,"player_choice":"Touch","damage_taken":8,"max_hp_gain":0,"max_hp_loss":0,"event_name":"FaceTrader","floor":11,"gold_loss":0},{"damage_healed":0,"gold_gain":0,"player_choice":"Stole Relic","damage_taken":0,"relics_obtained":["The Courier"],"max_hp_gain":0,"max_hp_loss":0,"event_name":"Addict","floor":20,"gold_loss":0,"cards_obtained":["Shame"]},{"damage_healed":0,"gold_gain":0,"cards_transformed":["Shame","Strike_R"],"player_choice":"Became Test Subject","damage_taken":0,"max_hp_gain":0,"max_hp_loss":0,"event_name":"Drug Dealer","floor":21,"gold_loss":0,"cards_obtained":["Normality","Blood for Blood"]}],"is_beta":false,"boss_relics":[{"not_picked":["Coffee Dripper","Velvet Choker"],"picked":"Runic Pyramid"}],"items_purged_floors":[3],"is_endless":false,"potions_floor_spawned":[1,8,12,16,18],"killed_by":"Book of Stabbing","ascension_level":10}}