{"host":"8is2j71l4wmybkoi","time":1611651736,"event":{"mods":["AchievementEnabler","BaseMod","Colored Map","Minty Spire (QoL Compilation)","Rare Cards Sparkle","StSLib","SuperFastMode"],"gold_per_floor":[109,109,126,146,158,158,158,158,158,158,172,188,19,19,19,109,109,129,148,198,198,213,213,213],"floor_reached":23,"language":"KOR","playtime":638,"items_purged":[],"score":366,"play_id":"d663f48e-f0d3-4d03-b629-df2481541ede","local_time":"20210126180216","is_ascension_mode":true,"campfire_choices":[{"data":"Chaos","floor":6,"key":"SMITH"},{"data":"Static Discharge","floor":8,"key":"SMITH"},{"floor":10,"key":"REST"},{"floor":15,"key":"REST"}],"circlet_count":0,"master_deck":["AscendersBane","Strike_B","Strike_B","Strike_B","Defend_B","Defend_B","Defend_B","Defend_B","Zap","Dualcast","Enlightenment","Sweeping Beam","Static Discharge+1","Cold Snap","Chaos+1","Leap","Meteor Strike","Creative AI"],"relics":["Cracked Core","Golden Idol","Cables","DataDisk","Snecko Eye"],"acts_visited":["Exordium","TheCity"],"potions_floor_usage":[16,16],"damage_taken":[{"damage":14,"enemies":"Small Slimes","floor":1,"turns":3},{"damage":1,"enemies":"Cultist","floor":3,"turns":3},{"damage":9,"enemies":"2 Louse","floor":4,"turns":2},{"damage":11,"enemies":"2 Fungi Beasts","floor":5,"turns":3},{"damage":15,"enemies":"3 Louse","floor":11,"turns":1},{"damage":16,"enemies":"Exordium Wildlife","floor":12,"turns":4},{"damage":21,"enemies":"Slime Boss","floor":16,"turns":6},{"damage":32,"enemies":"Shell Parasite","floor":18,"turns":3},{"damage":5,"enemies":"2 Thieves","floor":19,"turns":3},{"damage":0,"enemies":"Snecko","floor":22,"turns":5},{"damage":21,"enemies":"Slavers","floor":23,"turns":1}],"seed_played":"-857463199461342656","potions_obtained":[{"floor":1,"key":"PowerPotion"},{"floor":4,"key":"CultistPotion"},{"floor":19,"key":"PotionOfCapacity"}],"is_trial":false,"path_per_floor":["M","?","M","M","M","R","?","R","T","R","M","M","$","?","R","B",null,"M","M","?","?","M","E"],"character_chosen":"DEFECT","items_purchased":["DataDisk"],"campfire_rested":2,"item_purchase_floors":[13],"current_hp_per_floor":[50,50,49,40,29,29,29,29,29,48,33,17,17,17,36,15,52,20,15,15,15,15,0,0],"gold":213,"neow_bonus":"RANDOM_COLORLESS","is_daily":false,"chose_seed":false,"campfire_upgraded":2,"win_rate":0.0,"timestamp":1611651736,"path_taken":["M","?","?","M","M","R","?","R","T","R","M","M","$","?","R","BOSS","M","M","?","?","M","E"],"items_purchased_type":["Relic"],"build_version":"2020-12-22","purchased_purges":0,"victory":false,"max_hp_per_floor":[71,71,71,71,71,71,64,64,64,64,64,64,64,64,64,64,64,64,64,64,64,64,64,64],"card_choices":[{"not_picked":["Forethought","Jack Of All Trades"],"picked":"Enlightenment","floor":0},{"not_picked":["Gash","Conserve Battery"],"picked":"Sweeping Beam","floor":1},{"not_picked":["Compile Driver","Go for the Eyes","Barrage"],"picked":"SKIP","floor":3},{"not_picked":["Rip and Tear","Steam"],"picked":"Cold Snap","floor":4},{"not_picked":["Redo","Loop"],"picked":"Chaos","floor":5},{"not_picked":["Gash","Turbo"],"picked":"Leap","floor":11},{"not_picked":["Compile Driver","Cold Snap"],"picked":"Meteor Strike","floor":12},{"not_picked":["Machine Learning","Reboot"],"picked":"Creative AI","floor":16},{"not_picked":["Leap+1","Conserve Battery","Streamline"],"picked":"SKIP","floor":18},{"not_picked":["Fusion","Leap","Defragment"],"picked":"SKIP","floor":19},{"not_picked":["Hello World+1","Tempest","Chaos"],"picked":"SKIP","floor":22}],"player_experience":809387,"relics_obtained":[{"floor":9,"key":"Cables"}],"event_choices":[{"damage_healed":0,"gold_gain":0,"cards_transformed":["Strike_B"],"player_choice":"Transformed","damage_taken":0,"max_hp_gain":0,"max_hp_loss":0,"event_name":"Transmorgrifier","floor":2,"gold_loss":0,"cards_obtained":["Static Discharge"]},{"damage_healed":0,"gold_gain":0,"player_choice":"Lose Max HP","damage_taken":0,"relics_obtained":["Golden Idol"],"max_hp_gain":0,"max_hp_loss":7,"event_name":"Golden Idol","floor":7,"gold_loss":0},{"damage_healed":0,"gold_gain":0,"player_choice":"Ignored","damage_taken":0,"max_hp_gain":0,"max_hp_loss":0,"event_name":"Liars Game","floor":14,"gold_loss":0},{"damage_healed":0,"gold_gain":50,"player_choice":"Stole From Cult","damage_taken":0,"max_hp_gain":0,"max_hp_loss":0,"event_name":"Nest","floor":20,"gold_loss":0},{"damage_healed":0,"gold_gain":0,"player_choice":"Ignored","damage_taken":0,"max_hp_gain":0,"max_hp_loss":0,"event_name":"Cursed Tome","floor":21,"gold_loss":0}],"is_beta":false,"boss_relics":[{"not_picked":["FrozenCore","Astrolabe"],"picked":"Snecko Eye"}],"items_purged_floors":[],"is_endless":false,"potions_floor_spawned":[1,4,11,12,19],"killed_by":"Slavers","ascension_level":20}}