{"host":"xp5rvh2jwe2ejyfm","time":1611692570,"event":{"mods":["Aspiration","BaseMod","BetterRewards","Colored Powertips","Conspire","Downfall","Duelist Mod","GifTheSpireLib","Gremlin Mod","Hermit","Hubris","Minty Spire (QoL Compilation)","Robot Space Explorer","StSLib","The Blackbeard","The Clintock","The Construct","The Cursed","The Disciple","The Forsaken","The Hierophant","The Necromancer","The Runesmith","The Servant 0.9.4"],"gold_per_floor":[114,114,114,133,150,150,150,181,258,258,274,286,318,336,336,336,336],"floor_reached":16,"language":"ENG","playtime":425,"items_purged":[],"score":112,"play_id":"0cb78d0f-c98b-41c2-b492-a1bf215bc9c0","local_time":"20210126152250","is_ascension_mode":false,"campfire_choices":[{"data":"RobotSpaceExplorer:MiniDrones","floor":6,"key":"SMITH"},{"data":"RobotSpaceExplorer:MiniLasers","floor":10,"key":"SMITH"},{"floor":15,"key":"REST"}],"circlet_count":0,"master_deck":["RobotSpaceExplorer:Strike","RobotSpaceExplorer:Strike","RobotSpaceExplorer:Strike+1","RobotSpaceExplorer:Strike","RobotSpaceExplorer:Defend","RobotSpaceExplorer:Defend","RobotSpaceExplorer:Defend","RobotSpaceExplorer:Defend","RobotSpaceExplorer:Scan","RobotSpaceExplorer:MiniLasers+1","RobotSpaceExplorer:StunGrenade+1","RobotSpaceExplorer:MiniDrones+1","RobotSpaceExplorer:GlueShot","RobotSpaceExplorer:ShockKick","RobotSpaceExplorer:ScrapMissile","RobotSpaceExplorer:ScrapMissile","RobotSpaceExplorer:DualCore"],"relics":["RobotSpaceExplorer:RoboCore","NeowsBlessing","Mummified Hand","conspire:TopHat"],"acts_visited":["Exordium"],"potions_floor_usage":[8,8,13],"damage_taken":[{"damage":0,"enemies":"Jaw Worm","floor":1,"turns":1},{"damage":0,"enemies":"Small Slimes","floor":4,"turns":1},{"damage":0,"enemies":"Cultist","floor":5,"turns":1},{"damage":13,"enemies":"Gremlin Nob","floor":8,"turns":4},{"damage":0,"enemies":"3 Louse","floor":11,"turns":3},{"damage":0,"enemies":"Red Slaver","floor":12,"turns":2},{"damage":11,"enemies":"3 Sentries","floor":13,"turns":6},{"damage":10,"enemies":"Large Slime","floor":14,"turns":5},{"damage":53,"enemies":"Hexaghost","floor":16,"turns":11}],"seed_played":"-8335646193226810671","potions_obtained":[{"floor":4,"key":"DistilledChaos"},{"floor":5,"key":"Explosive Potion"},{"floor":8,"key":"DistilledChaos"},{"floor":11,"key":"Ancient Potion"},{"floor":12,"key":"Dexterity Potion"}],"is_trial":false,"path_per_floor":["M","?","?","M","M","R","?","E","T","R","M","M","E","M","R","B"],"character_chosen":"RobotSpaceExplorer","items_purchased":[],"campfire_rested":1,"item_purchase_floors":[],"current_hp_per_floor":[75,75,60,60,60,60,65,52,52,52,52,52,41,31,53,0,0],"gold":336,"neow_bonus":"THREE_ENEMY_KILL","is_daily":false,"chose_seed":false,"campfire_upgraded":2,"win_rate":0.0,"timestamp":1611692570,"path_taken":["M","?","?","M","M","R","?","E","T","R","?","M","E","M","R","BOSS"],"items_purchased_type":[],"build_version":"2020-12-22","purchased_purges":0,"victory":false,"max_hp_per_floor":[75,75,75,75,75,75,75,75,75,75,75,75,75,75,75,75,75],"card_choices":[{"not_picked":["RobotSpaceExplorer:SurgingStrike","RobotSpaceExplorer:MetalStrike"],"picked":"RobotSpaceExplorer:StunGrenade","floor":1},{"not_picked":["RobotSpaceExplorer:IronShell","RobotSpaceExplorer:Pulsar"],"picked":"RobotSpaceExplorer:MiniDrones","floor":4},{"not_picked":["RobotSpaceExplorer:FrostMissile","RobotSpaceExplorer:LuckyStrike"],"picked":"RobotSpaceExplorer:ShockKick","floor":5},{"not_picked":["RobotSpaceExplorer:ShockMissile","RobotSpaceExplorer:SurgingStrike"],"picked":"RobotSpaceExplorer:GlueShot","floor":8},{"not_picked":["RobotSpaceExplorer:Counterblock","RobotSpaceExplorer:GearShield"],"picked":"RobotSpaceExplorer:ShockKick","floor":11},{"not_picked":["RobotSpaceExplorer:Electropulse","RobotSpaceExplorer:SwiftStep"],"picked":"RobotSpaceExplorer:ScrapMissile","floor":12},{"not_picked":["RobotSpaceExplorer:Smokescreen","RobotSpaceExplorer:FranticSearch"],"picked":"RobotSpaceExplorer:ScrapMissile","floor":13},{"not_picked":["RobotSpaceExplorer:ScrapMissile","RobotSpaceExplorer:SlimeMissile"],"picked":"RobotSpaceExplorer:DualCore","floor":14}],"player_experience":357572,"relics_obtained":[{"floor":8,"key":"Mummified Hand"},{"floor":13,"key":"conspire:TopHat"}],"event_choices":[{"damage_healed":0,"gold_gain":0,"player_choice":"Leave","damage_taken":0,"max_hp_gain":0,"max_hp_loss":0,"event_name":"The Cleric","floor":2,"gold_loss":0},{"damage_healed":0,"gold_gain":0,"player_choice":"Entered Light","damage_taken":15,"max_hp_gain":0,"max_hp_loss":0,"event_name":"Shining Light","floor":3,"gold_loss":0,"cards_upgraded":["RobotSpaceExplorer:Strike","RobotSpaceExplorer:StunGrenade"]},{"cards_removed":["RobotSpaceExplorer:ShockKick"],"damage_healed":5,"gold_gain":0,"player_choice":"Offered Common","damage_taken":0,"max_hp_gain":0,"max_hp_loss":0,"event_name":"Bonfire Elementals","floor":7,"gold_loss":0},{"cards_removed":["RobotSpaceExplorer:ShockKick"],"damage_healed":5,"gold_gain":0,"player_choice":"Offered Special","damage_taken":0,"max_hp_gain":0,"max_hp_loss":0,"event_name":"Bonfire Elementals","floor":7,"gold_loss":0}],"is_beta":false,"boss_relics":[],"items_purged_floors":[],"is_endless":false,"potions_floor_spawned":[4,5,8,11,12],"killed_by":"Hexaghost","ascension_level":0}}