{"host":"ecuvtzmejf7hhjpv","time":1611621973,"event":{"mods":["AchievementEnabler","Act Like it!","Aspiration","BaseMod","Better Altar","Better Match","Better Note","Better Sensory Stone","Better Skull","Better Third Choice","BetterRewards","Conspire","Custom Start","Gensokyo","GifTheSpireLib","Hallownest","Hermit","Hubris","Kratos Character Expansion","Luminous","Marisa????????","Minty Spire (QoL Compilation)","Prisma Mod","Remilia??????","Replay The Spire","Robot Space Explorer","Spicy Shops","StSLib","The Animator","The Blackbeard","The Bug Knight","The Construct","The Cursed","The Disciple","The Dragon Tamer","The Forsaken","The Hierophant","The Jungle","The Marked","The Necromancer","The Poker Player","The Wild Card","TheSwordswoman"],"gold_per_floor":[116,133,150,150,150,180,206,240,240,240,254,254,84,114,185,285,285,301,301,42,62,62,62,97,97,97,125,125,125,135,162,162,263,263,283,295,513,8,24,24,51,51,51,51,85,185,195,210,210,210,210,210,103,136,136],"floor_reached":56,"language":"ENG","playtime":3913,"items_purged":["Shame","Strike_W"],"score":2009,"play_id":"8c7ab75e-bd99-4699-81bb-2200c2c90374","local_time":"20210125184613","is_ascension_mode":true,"campfire_choices":[{"data":"Summon_Death_Knight","floor":10,"key":"SMITH"},{"data":"Barricade","floor":23,"key":"SMITH"},{"data":"Blade Dance","floor":29,"key":"SMITH"},{"data":"animator:GazelDwargon","floor":32,"key":"SMITH"},{"floor":40,"key":"REST"},{"floor":42,"key":"RECALL"},{"data":"theForsaken:SacredOath","floor":52,"key":"SMITH"}],"circlet_count":0,"master_deck":["Strike_W","Strike_W","Defend_W","Defend_W","Defend_W","Negative_Energy_Arrows","Bone_Wall","Summon_Lich","ReplayTheSpireMod:Brewmster","Stop_Heart","ReplayTheSpireMod:Brewmster","Blade Dance+1","animator:GazelDwargon+1","theWildCard:Scathach+1","Summon_Death_Knight+1","PrismaMod:MiyuCheapDefend1","Barricade+1","Acid_Javelin","hubris:EnhanceAbility","blackbeard:CloakAndCannonball","blackbeard:RemoveScurvy","theForsaken:SacredOath+1","Sadistic Nature","Stop_Heart+1","animator:Mikaela+1","Secret Weapon","Uncharnel","Vampiric_Strike+1","Quick Slash+1"],"relics":["Vampire_Amulet","Lee\u0027s Waffle","Blood Vial","hubris:SphereOfDissonance","PrismaticShard","DollysMirror","hubris:ToyBattleship","KratosMod:minohorn","ReplayFunnel","Odd Mushroom","conspire:Flyswatter","ReplayTheSpireMod:CursedCoin","Shuriken","Replay:Bottled Steam","theForsaken:PaleLantern","Dream Catcher","Incense Burner","Juzu Bracelet","Molten Egg 2","hubris:VirtuousBlindfold","Oddly Smooth Stone","Lantern","Chemical X","aspiration:Nostalgia","DTMod:PactStone","Snack Pack","White Beast Statue","conspire:Boomerang"],"acts_visited":["Exordium","TheCity","TheBeyond","TheEnding"],"potions_floor_usage":[1,6,6,6,7,7,11,11,16,16,16,16,16,24,24,24,27,30,30,30,31,31,31,31,33,33,33,33,33,33,33,35,35,35,35,45,45,48,48,50,50,50,50,50,50,54,55,55,55,55,55,55,55,55,55,55,55,55,55,55],"damage_taken":[{"damage":13,"enemies":"Small Slimes","floor":1,"turns":4},{"damage":0,"enemies":"2 Louse","floor":2,"turns":3},{"damage":0,"enemies":"Jaw Worm","floor":3,"turns":2},{"damage":3,"enemies":"Lagavulin","floor":6,"turns":5},{"damage":2,"enemies":"The Mushroom Lair","floor":7,"turns":5},{"damage":0,"enemies":"Gremlin Nob","floor":8,"turns":4},{"damage":2,"enemies":"Large Slime","floor":11,"turns":6},{"damage":0,"enemies":"Replay:BlueRogue","floor":14,"turns":6},{"damage":0,"enemies":"Fading Forest","floor":16,"turns":11},{"damage":0,"enemies":"Spheric Guardian","floor":18,"turns":4},{"damage":0,"enemies":"conspire:FuzzyDice","floor":21,"turns":8},{"damage":0,"enemies":"HollowMod:Nosk","floor":24,"turns":5},{"damage":0,"enemies":"conspire:SneckoGhost","floor":27,"turns":8},{"damage":0,"enemies":"Sentry and Sphere","floor":30,"turns":8},{"damage":0,"enemies":"HollowMod:Nosk","floor":31,"turns":7},{"damage":0,"enemies":"hubris:MusketHawk","floor":33,"turns":7},{"damage":1,"enemies":"3 Darklings","floor":35,"turns":5},{"damage":0,"enemies":"3 Shapes","floor":36,"turns":5},{"damage":16,"enemies":"Transient","floor":39,"turns":5},{"damage":0,"enemies":"R_Hoarder","floor":41,"turns":7},{"damage":0,"enemies":"Nemesis","floor":45,"turns":5},{"damage":0,"enemies":"Jaw Worm Horde","floor":47,"turns":4},{"damage":0,"enemies":"Sphere and 2 Shapes","floor":48,"turns":7},{"damage":0,"enemies":"Awakened One","floor":50,"turns":8},{"damage":0,"enemies":"Shield and Spear","floor":54,"turns":5},{"damage":76,"enemies":"The Heart","floor":55,"turns":9}],"seed_played":"1692195095143227096","potions_obtained":[{"floor":1,"key":"Adrenaline Potion"},{"floor":47,"key":"CultistPotion"},{"floor":48,"key":"EntropicBrew"},{"floor":54,"key":"PowerPotion"}],"is_trial":false,"path_per_floor":["M","M","M","?","?","E","?","E","T","R","M","?","$","E","R","B",null,"M","?","$","M","?","R","E","T","T","E","$","R","M","E","R","B",null,"M","M","?","$","M","R","E","R","T","$","E","?","M","M","R","B",null,"R","$","E","B",null],"character_chosen":"NECROMANCER","items_purchased":["Lee\u0027s Waffle","Summon_Lich","ReplayTheSpireMod:Brewmster","Blood Vial","hubris:SphereOfDissonance","PrismaticShard","Stop_Heart","DollysMirror","hubris:ToyBattleship","KratosMod:minohorn","ReplayTheSpireMod:CursedCoin","Shuriken","hubris:EnhanceAbility","Sadistic Nature","Chemical X","aspiration:Nostalgia","Uncharnel","Vampiric_Strike+1"],"campfire_rested":1,"item_purchase_floors":[0,0,0,0,0,0,0,0,0,0,13,13,20,38,38,38,53,53],"current_hp_per_floor":[73,79,82,82,82,82,82,82,82,82,82,82,82,82,82,82,82,82,82,82,82,82,82,82,82,82,82,82,82,82,82,82,82,82,82,82,24,24,17,41,50,50,50,50,74,77,82,82,82,82,82,82,82,82,31],"gold":136,"neow_bonus":"","is_daily":false,"chose_seed":false,"campfire_upgraded":5,"win_rate":0.0,"timestamp":1611621973,"path_taken":["M","M","M","?","?","E","?","E","T","R","M","?","?","E","R","BOSS","M","?","$","M","?","R","E","?","T","E","$","R","M","E","R","BOSS","M","M","?","$","M","R","E","R","T","$","E","?","M","M","R","BOSS","R","$","E","BOSS"],"items_purchased_type":["Relic","Card","Card","Relic","Relic","Relic","Card","Relic","Relic","Relic","Relic","Relic","Card","Card","Relic","Relic","Card","Card"],"build_version":"2020-12-22","purchased_purges":2,"victory":true,"max_hp_per_floor":[82,82,82,82,82,82,82,82,82,82,82,82,82,82,82,82,82,82,82,82,82,82,82,82,82,82,82,82,82,82,82,82,82,82,82,82,82,82,82,82,82,82,82,82,82,82,82,82,82,82,82,82,82,82,82],"card_choices":[{"not_picked":["SandsOfTime","RobotSpaceExplorer:FreezingShield"],"picked":"Blade Dance","floor":1},{"not_picked":["DTMod:InvisibleFlame","ReplayTheSpireMod:Dual Polarity"],"picked":"animator:GazelDwargon","floor":2},{"not_picked":["blackbeard:Sword","Necromantic_Selection","PrismaMod:IllyaRussianRoulette"],"picked":"SKIP","floor":3},{"not_picked":["PrismaMod:IllyaPoisoningPhantasm","DTMod:DragonDance"],"picked":"Summon_Death_Knight","floor":6},{"not_picked":["Shackles_Of_Pain","blackbeard:Toast","Toxic_Smoke_Screen"],"picked":"SKIP","floor":8},{"not_picked":["Analog","TheCursedMod:Evocation"],"picked":"PrismaMod:MiyuCheapDefend1","floor":11},{"not_picked":["animator:ItamiYouji","theWildCard:Proficiency","hermit:Headshot"],"picked":"SKIP","floor":14},{"not_picked":["ConjureBlade","ReplayTheSpireMod:Brewmster"],"picked":"Barricade","floor":16},{"not_picked":["theForsaken:CowardsBrand","Gensokyo:BrilliantDragonBullet","construct:Forcefield"],"picked":"SKIP","floor":18},{"not_picked":["construct:ScrapCannon","PokerPlayerMod:ClubShade"],"picked":"blackbeard:CloakAndCannonball","floor":21},{"not_picked":["Replay:Undeath\u0027s Touch+1","DTMod:Inferno"],"picked":"blackbeard:RemoveScurvy","floor":24},{"not_picked":["HollowMod:SharpenedShadows+1","LeisurelyOfLord","Ball Lightning"],"picked":"SKIP","floor":27},{"not_picked":["theMarked:ChannelForce","animator:TukaLunaMarceau","animator:Kazuma"],"picked":"SKIP","floor":30},{"not_picked":["theForsaken:ScorchingSunlight+1","PokerPlayerMod:Fold","blackbeard:GoldenStrike+1"],"picked":"SKIP","floor":31},{"not_picked":["PrismaMod:MiyuDefendChannelDefend","HandOfGreed+1"],"picked":"theForsaken:SacredOath","floor":33},{"not_picked":["blackbeard:GoldenStrike+1","RobotSpaceExplorer:BigMissile+1","PrismaMod:MiyuCheapStrBuff+1"],"picked":"SKIP","floor":35},{"not_picked":["EndlessAdversity+1","HollowMod:HowlingWraiths+1","blazmod:Valiance"],"picked":"SKIP","floor":36},{"not_picked":["PrismaMod:IllyaUncommonEvoke+1","animator:Shinoa","PrismaMod:IllyaBride+1"],"picked":"SKIP","floor":39},{"not_picked":["Barrage+1","ReplayTheSpireMod:Muscle Training+1"],"picked":"Stop_Heart+1","floor":41},{"not_picked":["hierophant:MirrorShield","NonDirectionalLaser+1"],"picked":"animator:Mikaela+1","floor":45},{"not_picked":["Bone_Shift","animator:Mitsurugi+1"],"picked":"Secret Weapon","floor":47},{"not_picked":["Parity+1","hermit:HighCaliber+1","Headbutt+1"],"picked":"SKIP","floor":48},{"not_picked":["animator:YaoHaDucy+1","LockedAnchor"],"picked":"Quick Slash+1","floor":54}],"player_experience":983567,"relics_obtained":[{"floor":6,"key":"ReplayFunnel"},{"floor":7,"key":"Odd Mushroom"},{"floor":8,"key":"conspire:Flyswatter"},{"floor":14,"key":"Replay:Bottled Steam"},{"floor":24,"key":"Dream Catcher"},{"floor":26,"key":"Incense Burner"},{"floor":27,"key":"Juzu Bracelet"},{"floor":31,"key":"Molten Egg 2"},{"floor":43,"key":"Snack Pack"},{"floor":45,"key":"White Beast Statue"},{"floor":54,"key":"conspire:Boomerang"}],"event_choices":[{"damage_healed":0,"gold_gain":0,"player_choice":"Leave","damage_taken":0,"max_hp_gain":0,"max_hp_loss":0,"event_name":"The Cleric","floor":5,"gold_loss":0},{"damage_healed":0,"gold_gain":0,"player_choice":"Fought Mushrooms","damage_taken":0,"max_hp_gain":0,"max_hp_loss":0,"event_name":"Mushrooms","floor":7,"gold_loss":0},{"damage_healed":0,"gold_gain":0,"cards_transformed":["Strike_W"],"player_choice":"Transformed","damage_taken":0,"max_hp_gain":0,"max_hp_loss":0,"event_name":"Transmorgrifier","floor":19,"gold_loss":0,"cards_obtained":["Acid_Javelin"]},{"cards_removed":["Defend_W"],"damage_healed":0,"gold_gain":0,"player_choice":"Purged","damage_taken":0,"max_hp_gain":0,"max_hp_loss":0,"event_name":"Purifier","floor":22,"gold_loss":0},{"damage_healed":0,"gold_gain":218,"player_choice":"RE RE GO GO ","damage_taken":64,"relics_obtained":["Oddly Smooth Stone","Lantern"],"max_hp_gain":0,"max_hp_loss":0,"event_name":"betterSkull:BetterSkull","floor":37,"gold_loss":0,"cards_upgraded":[]},{"damage_healed":0,"gold_gain":100,"player_choice":"Pray","damage_taken":0,"max_hp_gain":0,"max_hp_loss":0,"event_name":"Golden Shrine","floor":46,"gold_loss":0},{"damage_healed":0,"gold_gain":0,"player_choice":"Got Potions","damage_taken":0,"max_hp_gain":0,"max_hp_loss":0,"event_name":"Lab","floor":49,"gold_loss":0}],"is_beta":false,"boss_relics":[{"not_picked":["aspiration:SilentSkillbook","Fusion Hammer"],"picked":"theForsaken:PaleLantern"},{"not_picked":["Astrolabe","Sozu"],"picked":"hubris:VirtuousBlindfold"}],"items_purged_floors":[13,38],"is_endless":false,"potions_floor_spawned":[1,2,14,16,24,27,41,47,48,54],"ascension_level":1}}