{"host":"h1qktzcccqnez8tx","time":1611666725,"event":{"mods":["AchievementEnabler","BaseMod","Bestiary","Better Note","Block Reminder","Colored Map","Colored Powertips","Curses Come First","Highlight Path","Minty Spire (QoL Compilation)","Permanent Neow","Quick Restart","Relic Stats","StSLib","UnlockEverythingMod"],"gold_per_floor":[113,73,73,83,83,83,111,134,158,175,185,216,216,248,248,350,350,360,370,370,385,385,418,418,431,431,356,47,47,71,113,113,113,113],"floor_reached":33,"language":"ENG","playtime":1409,"items_purged":["Anger"],"score":441,"play_id":"3d7b5097-dedc-4daf-a3f5-8fa64a38c85b","local_time":"20210126141205","daily_mods":["Draft"],"is_ascension_mode":true,"campfire_choices":[{"data":"Whirlwind","floor":6,"key":"SMITH"},{"data":"Shockwave","floor":13,"key":"SMITH"},{"data":"Dropkick","floor":15,"key":"SMITH"},{"data":"Berserk","floor":24,"key":"SMITH"},{"data":"Barricade","floor":29,"key":"SMITH"},{"floor":32,"key":"REST"}],"circlet_count":0,"master_deck":["Metallicize","Clothesline","Cleave","Shockwave+1","Twin Strike","Shrug It Off","Flex","Shrug It Off","Metallicize","Blood for Blood","Flex","Pommel Strike","Dual Wield","Flame Barrier","Whirlwind+1","Clothesline","Shrug It Off","Bloodletting","Dropkick+1","Berserk+1","Metallicize","Barricade+1","Armaments","Feed","Pommel Strike+1","Dark Shackles","Impatience","Flex+1"],"relics":["Burning Blood","Oddly Smooth Stone","Art of War","Odd Mushroom","Red Skull","Boot","Champion Belt","Velvet Choker","Happy Flower","CeramicFish","PrismaticShard","Bottled Lightning"],"acts_visited":["Exordium","TheCity"],"potions_floor_usage":[7,16,16,25,31],"damage_taken":[{"damage":0,"enemies":"Small Slimes","floor":1,"turns":4},{"damage":9,"enemies":"Jaw Worm","floor":4,"turns":3},{"damage":11,"enemies":"Lagavulin","floor":7,"turns":7},{"damage":29,"enemies":"The Mushroom Lair","floor":8,"turns":2},{"damage":1,"enemies":"Cultist","floor":10,"turns":3},{"damage":5,"enemies":"Looter","floor":11,"turns":4},{"damage":1,"enemies":"3 Sentries","floor":12,"turns":2},{"damage":18,"enemies":"Lagavulin","floor":14,"turns":6},{"damage":6,"enemies":"Slime Boss","floor":16,"turns":7},{"damage":4,"enemies":"Chosen","floor":18,"turns":2},{"damage":17,"enemies":"2 Thieves","floor":19,"turns":3},{"damage":18,"enemies":"Cultist and Chosen","floor":21,"turns":6},{"damage":11,"enemies":"Book of Stabbing","floor":23,"turns":6},{"damage":27,"enemies":"Snake Plant","floor":25,"turns":4},{"damage":3,"enemies":"3 Cultists","floor":30,"turns":4},{"damage":36,"enemies":"Gremlin Leader","floor":31,"turns":6},{"damage":40,"enemies":"Automaton","floor":33,"turns":6}],"seed_played":"-216554410257629625","potions_obtained":[{"floor":1,"key":"PowerPotion"},{"floor":4,"key":"Energy Potion"},{"floor":12,"key":"AttackPotion"},{"floor":14,"key":"SneckoOil"},{"floor":16,"key":"Weak Potion"},{"floor":21,"key":"BloodPotion"},{"floor":25,"key":"Dexterity Potion"}],"is_trial":true,"path_per_floor":["M","$","?","M","T","R","E","?","T","M","M","E","R","E","R","B",null,"M","M","?","M","?","E","R","M","T","?","$","R","M","E","R","B"],"character_chosen":"IRONCLAD","items_purchased":["Flame Barrier","PrismaticShard","Dark Shackles"],"campfire_rested":1,"item_purchase_floors":[2,28,28],"current_hp_per_floor":[80,80,80,77,77,77,72,49,49,54,55,60,60,48,48,48,72,74,63,63,51,51,46,46,41,41,41,41,41,44,14,38,0,0],"gold":113,"neow_bonus":"","is_daily":false,"chose_seed":false,"campfire_upgraded":5,"win_rate":0.0,"timestamp":1611666725,"path_taken":["M","$","?","M","?","R","E","?","T","M","M","E","R","E","R","BOSS","M","M","?","M","?","E","R","M","T","?","$","R","M","E","R","BOSS"],"items_purchased_type":["Card","Relic","Card"],"build_version":"2020-12-22","purchased_purges":1,"victory":false,"max_hp_per_floor":[80,80,80,80,80,80,80,80,80,80,80,80,80,80,80,80,80,80,80,80,80,80,80,80,80,80,80,80,80,80,80,80,80,80],"relic_stats":{"Happy Flower":[6],"counters":[17,75],"CeramicFish":27,"Art of War":[6],"Champion Belt":[15],"Boot":[11],"obtain_stats":[{"Happy Flower":23,"CeramicFish":26,"Oddly Smooth Stone":5,"Velvet Choker":17,"Art of War":7,"Champion Belt":14,"Bottled Lightning":31,"Odd Mushroom":8,"Boot":12,"PrismaticShard":28,"Burning Blood":0,"Red Skull":9},{"Happy Flower":13,"CeramicFish":14,"Oddly Smooth Stone":2,"Velvet Choker":9,"Art of War":3,"Champion Belt":8,"Bottled Lightning":16,"Odd Mushroom":4,"Boot":7,"PrismaticShard":14,"Burning Blood":0,"Red Skull":4},{"Happy Flower":55,"CeramicFish":59,"Oddly Smooth Stone":7,"Velvet Choker":38,"Art of War":14,"Champion Belt":31,"Bottled Lightning":69,"Odd Mushroom":16,"Boot":25,"PrismaticShard":59,"Burning Blood":0,"Red Skull":16}],"Burning Blood":90},"card_choices":[{"not_picked":["Iron Wave","Carnage"],"picked":"Metallicize","floor":0},{"not_picked":["Headbutt","Evolve"],"picked":"Clothesline","floor":0},{"not_picked":["Shrug It Off","Ghostly Armor"],"picked":"Fire Breathing","floor":0},{"not_picked":["Twin Strike","Sword Boomerang"],"picked":"Cleave","floor":0},{"not_picked":["Anger","Twin Strike"],"picked":"Shockwave","floor":0},{"not_picked":["Blood for Blood","Perfected Strike"],"picked":"Twin Strike","floor":0},{"not_picked":["Thunderclap","Body Slam"],"picked":"Shrug It Off","floor":0},{"not_picked":["Sword Boomerang","Havoc"],"picked":"Flex","floor":0},{"not_picked":["Rage","Combust"],"picked":"Shrug It Off","floor":0},{"not_picked":["Bloodletting","True Grit"],"picked":"Body Slam","floor":0},{"not_picked":["Carnage","Burning Pact"],"picked":"Metallicize","floor":0},{"not_picked":["Shockwave","Clash"],"picked":"Blood for Blood","floor":0},{"not_picked":["Warcry","Infernal Blade"],"picked":"Flex","floor":0},{"not_picked":["Wild Strike","Seeing Red"],"picked":"Body Slam","floor":0},{"not_picked":["True Grit","Iron Wave"],"picked":"Pommel Strike","floor":0},{"not_picked":["Heavy Blade","Second Wind"],"picked":"Dual Wield","floor":1},{"not_picked":["Rupture","Flex"],"picked":"Whirlwind","floor":4},{"not_picked":["Feel No Pain","Reaper"],"picked":"Clothesline","floor":7},{"not_picked":["Pommel Strike","Feel No Pain"],"picked":"Shrug It Off","floor":8},{"not_picked":["Feel No Pain","Warcry","Rupture"],"picked":"SKIP","floor":10},{"not_picked":["Warcry","Thunderclap","Headbutt"],"picked":"SKIP","floor":11},{"not_picked":["Iron Wave","Second Wind"],"picked":"Bloodletting","floor":12},{"not_picked":["Corruption","Wild Strike"],"picked":"Dropkick","floor":14},{"not_picked":["Demon Form","Fiend Fire"],"picked":"Berserk","floor":16},{"not_picked":["Carnage","Clothesline+1"],"picked":"Metallicize","floor":18},{"not_picked":["Sword Boomerang","Flex"],"picked":"Barricade","floor":19},{"not_picked":["Clash","Perfected Strike","Body Slam"],"picked":"SKIP","floor":21},{"not_picked":["Clash+1","Shockwave"],"picked":"Feed","floor":23},{"not_picked":["Bloodletting+1","True Grit"],"picked":"Pommel Strike+1","floor":25},{"not_picked":["Expertise","Choke"],"picked":"Impatience","floor":30},{"not_picked":["Prostrate","Backflip"],"picked":"Flex+1","floor":31}],"player_experience":178161,"relics_obtained":[{"floor":5,"key":"Oddly Smooth Stone"},{"floor":7,"key":"Art of War"},{"floor":8,"key":"Odd Mushroom"},{"floor":9,"key":"Red Skull"},{"floor":12,"key":"Boot"},{"floor":14,"key":"Champion Belt"},{"floor":23,"key":"Happy Flower"},{"floor":26,"key":"CeramicFish"},{"floor":31,"key":"Bottled Lightning"}],"event_choices":[{"damage_healed":0,"gold_gain":0,"player_choice":"Ignored","damage_taken":0,"max_hp_gain":0,"max_hp_loss":0,"event_name":"Liars Game","floor":3,"gold_loss":0},{"damage_healed":0,"gold_gain":0,"player_choice":"Fought Mushrooms","damage_taken":0,"max_hp_gain":0,"max_hp_loss":0,"event_name":"Mushrooms","floor":8,"gold_loss":0},{"cards_removed":["Berserk"],"damage_healed":0,"gold_gain":0,"player_choice":"Give","damage_taken":0,"max_hp_gain":0,"max_hp_loss":0,"event_name":"betterNote:BetterNote","floor":20,"gold_loss":0,"cards_obtained":["Inflame"]},{"damage_healed":0,"gold_gain":0,"cards_transformed":["Body Slam","Body Slam"],"player_choice":"Became Test Subject","damage_taken":0,"max_hp_gain":0,"max_hp_loss":0,"event_name":"Drug Dealer","floor":22,"gold_loss":0,"cards_obtained":["Anger","Armaments"]},{"cards_removed":["Fire Breathing"],"damage_healed":0,"gold_gain":0,"player_choice":"Gave Gold","damage_taken":0,"max_hp_gain":0,"max_hp_loss":0,"event_name":"Beggar","floor":27,"gold_loss":75}],"is_beta":false,"boss_relics":[{"not_picked":["Mark of Pain","Tiny House"],"picked":"Velvet Choker"}],"items_purged_floors":[28],"is_endless":false,"potions_floor_spawned":[1,4,12,14,16,21,25,30],"killed_by":"Automaton","ascension_level":5}}