{"host":"yyfz7fpozqrhk2m1","time":1611700570,"event":{"mods":["BaseMod","Minty Spire (QoL Compilation)"],"gold_per_floor":[114,130,144,156,65,65,94,106,106,135,60,60,72,104,104,202,202,222,236,236,250,266,266,296,296,296,330,330,340,340,360,360,461,461,478,184,202,25,35,35,70,70,70,82,108,122,135,135,135,135],"floor_reached":51,"language":"ENG","playtime":8559,"items_purged":["Strike_B","Strike_B"],"score":889,"play_id":"1cc8957e-a4d4-45d1-957f-b3becff2bec8","local_time":"20210126173610","is_ascension_mode":true,"campfire_choices":[{"data":"Streamline","floor":6.0,"key":"SMITH"},{"data":"White Noise","floor":12.0,"key":"SMITH"},{"floor":15,"key":"REST"},{"data":"Zap","floor":23,"key":"SMITH"},{"floor":25,"key":"REST"},{"data":"Reinforced Body","floor":28,"key":"SMITH"},{"data":"Defragment","floor":30,"key":"SMITH"},{"floor":32,"key":"REST"},{"data":"Defragment","floor":40,"key":"SMITH"},{"floor":42,"key":"REST"},{"floor":49,"key":"REST"}],"circlet_count":0,"master_deck":["Strike_B","Defend_B","Defend_B","Defend_B","Zap+1","Dualcast","Leap","Undo","Streamline+1","Cold Snap","Dark Shackles","White Noise+1","Hologram","Capacitor","Echo Form","Hologram+1","Double Energy","Recycle+1","Tempest+1","Core Surge","Writhe","Reinforced Body+1","Defragment+1","Amplify","Darkness","Defragment+1","Seek","Decay","Doubt","Chaos+1","Double Energy"],"relics":["Cracked Core","DataDisk","Boot","Blue Candle","Oddly Smooth Stone","Dead Branch","Cursed Key","Vajra","Symbiotic Virus","Cables","SlaversCollar","Unceasing Top","Blood Vial","Incense Burner","Bronze Scales"],"acts_visited":["TheCity","TheBeyond"],"potions_floor_usage":[16,33,33,37,46,50,50,50,50],"damage_taken":[{"damage":0.0,"enemies":"2 Louse","floor":1.0,"turns":1.0},{"damage":1.0,"enemies":"Cultist","floor":2.0,"turns":3.0},{"damage":3.0,"enemies":"Jaw Worm","floor":3.0,"turns":4.0},{"damage":4.0,"enemies":"Large Slime","floor":4.0,"turns":4.0},{"damage":4.0,"enemies":"Lagavulin","floor":7.0,"turns":6.0},{"damage":8.0,"enemies":"Looter","floor":8.0,"turns":3.0},{"damage":4.0,"enemies":"Gremlin Nob","floor":10.0,"turns":3.0},{"damage":0.0,"enemies":"2 Fungi Beasts","floor":13.0,"turns":3.0},{"damage":11.0,"enemies":"3 Sentries","floor":14.0,"turns":5.0},{"damage":14,"enemies":"Hexaghost","floor":16,"turns":9},{"damage":3,"enemies":"Chosen","floor":18,"turns":6},{"damage":0,"enemies":"Shell Parasite","floor":19,"turns":7},{"damage":12,"enemies":"Centurion and Healer","floor":21,"turns":10},{"damage":13,"enemies":"Snake Plant","floor":22,"turns":4},{"damage":15,"enemies":"Slavers","floor":24,"turns":7},{"damage":24,"enemies":"Book of Stabbing","floor":27,"turns":4},{"damage":1,"enemies":"Snecko","floor":29,"turns":3},{"damage":3,"enemies":"Cultist and Chosen","floor":31,"turns":4},{"damage":15,"enemies":"Champ","floor":33,"turns":7},{"damage":4,"enemies":"3 Shapes","floor":35,"turns":4},{"damage":0,"enemies":"Orb Walker","floor":37,"turns":3},{"damage":24,"enemies":"Jaw Worm Horde","floor":39,"turns":4},{"damage":43,"enemies":"Nemesis","floor":41,"turns":5},{"damage":1,"enemies":"3 Darklings","floor":44,"turns":5},{"damage":7,"enemies":"Transient","floor":46,"turns":5},{"damage":1,"enemies":"Maw","floor":47,"turns":5},{"damage":36,"enemies":"Time Eater","floor":50,"turns":8}],"seed_played":"6092589667728962293","potions_obtained":[{"floor":2.0,"key":"Dexterity Potion"},{"floor":3.0,"key":"ColorlessPotion"},{"floor":7.0,"key":"LiquidBronze"},{"floor":14,"key":"SmokeBomb"},{"floor":18,"key":"FocusPotion"},{"floor":24,"key":"EntropicBrew"},{"floor":33,"key":"SpeedPotion"},{"floor":35,"key":"Fruit Juice"},{"floor":37,"key":"Strength Potion"}],"is_trial":false,"path_per_floor":["M","M","M","M","$","R","E","M","T","E","$","R","M","E","R","B",null,"M","M","?","M","M","R","E","R","T","E","R","M","R","M","R","B",null,"M","$","M","$","M","R","E","R","T","M","T","M","M","?","R","B",null],"character_chosen":"DEFECT","items_purchased":["Dark Shackles","Unceasing Top","Defragment"],"campfire_rested":5,"item_purchase_floors":[5,36,38],"current_hp_per_floor":[75,74,71,67,67,67,63,55,55,51,51,51,51,40,62,48,75,72,72,72,60,47,47,32,54,54,30,30,29,29,26,48,33,75,71,71,76,76,52,52,9,33,33,34,34,29,30,30,54,20],"gold":135,"neow_bonus":"RANDOM_COMMON_RELIC","is_daily":false,"chose_seed":false,"campfire_upgraded":6,"win_rate":0.0,"timestamp":1611700570,"path_taken":["M","M","M","M","$","R","E","M","T","E","$","R","M","E","R","BOSS","M","M","?","M","?","R","E","R","T","E","R","M","R","M","R","BOSS","M","$","M","$","M","R","E","R","T","M","?","M","M","?","R","BOSS"],"items_purchased_type":["Card","Relic","Card"],"build_version":"2020-12-22","purchased_purges":2,"victory":true,"max_hp_per_floor":[75,75,75,75,75,75,75,75,75,75,75,75,75,75,75,75,75,75,75,75,75,75,75,75,75,75,75,75,75,75,75,75,75,75,75,75,80,80,80,80,80,80,80,80,80,80,80,80,80,80],"card_choices":[{"not_picked":["Redo","Tempest"],"picked":"Leap","floor":1.0},{"not_picked":["Barrage","Rip and Tear"],"picked":"Undo","floor":2.0},{"not_picked":["Loop","Turbo"],"picked":"Streamline","floor":3.0},{"not_picked":["Aggregate","Self Repair"],"picked":"Cold Snap","floor":4.0},{"not_picked":["Amplify","Scrape","Stack"],"picked":"SKIP","floor":7.0},{"not_picked":["Beam Cell","Streamline","Aggregate"],"picked":"SKIP","floor":8.0},{"not_picked":["Turbo","Streamline"],"picked":"White Noise","floor":10.0},{"not_picked":["Reprogram","Hologram","Turbo"],"picked":"SKIP","floor":13.0},{"not_picked":["Reprogram","Turbo"],"picked":"Hologram","floor":13.0},{"not_picked":["Go for the Eyes","Coolheaded"],"picked":"Capacitor","floor":14},{"not_picked":["Reboot","Buffer"],"picked":"Echo Form","floor":16},{"not_picked":["Cold Snap","Coolheaded+1"],"picked":"Hologram+1","floor":18},{"not_picked":["Turbo","Hologram+1"],"picked":"Double Energy","floor":19},{"not_picked":["Streamline","Hologram"],"picked":"Recycle+1","floor":21},{"not_picked":["Reprogram","Gash"],"picked":"Tempest+1","floor":22},{"not_picked":["Rebound","FTL+1"],"picked":"Core Surge","floor":24},{"not_picked":["Barrage","Streamline+1"],"picked":"Reinforced Body","floor":27},{"not_picked":["Force Field","Beam Cell"],"picked":"Defragment","floor":29},{"not_picked":["Rebound","Barrage","Streamline"],"picked":"SKIP","floor":31},{"not_picked":["Meteor Strike","Reboot"],"picked":"Amplify","floor":33},{"not_picked":["Stack+1","Streamline+1","Steam+1"],"picked":"SKIP","floor":35},{"not_picked":["Coolheaded+1","Conserve Battery+1"],"picked":"Darkness","floor":37},{"not_picked":["Steam","Compile Driver+1","Rebound+1"],"picked":"SKIP","floor":39},{"not_picked":["Genetic Algorithm","Barrage+1"],"picked":"Seek","floor":41},{"not_picked":["Chaos","Recycle","Cold Snap+1"],"picked":"SKIP","floor":44},{"not_picked":["Reinforced Body+1","Barrage"],"picked":"Chaos+1","floor":46},{"not_picked":["Gash+1","Recycle+1"],"picked":"Double Energy","floor":47}],"player_experience":614672,"relics_obtained":[{"floor":7.0,"key":"Boot"},{"floor":9.0,"key":"Blue Candle"},{"floor":10.0,"key":"Oddly Smooth Stone"},{"floor":14,"key":"Dead Branch"},{"floor":24,"key":"Vajra"},{"floor":26,"key":"Symbiotic Virus"},{"floor":27,"key":"Cables"},{"floor":41,"key":"Blood Vial"},{"floor":43,"key":"Incense Burner"},{"floor":45,"key":"Bronze Scales"}],"event_choices":[{"cards_removed":["Strike_B"],"damage_healed":0,"gold_gain":0,"player_choice":"Purged","damage_taken":0,"max_hp_gain":0,"max_hp_loss":0,"event_name":"Purifier","floor":20,"gold_loss":0},{"cards_removed":["Defend_B"],"damage_healed":0,"gold_gain":0,"player_choice":"Removed Skill","damage_taken":0,"max_hp_gain":0,"max_hp_loss":0,"event_name":"Falling","floor":48,"gold_loss":0}],"is_beta":false,"boss_relics":[{"not_picked":["Coffee Dripper","Astrolabe"],"picked":"Cursed Key"},{"not_picked":["Runic Pyramid","Runic Dome"],"picked":"SlaversCollar"}],"items_purged_floors":[11,38],"is_endless":false,"potions_floor_spawned":[2,3,7,14,18,24,29,33,35,37],"ascension_level":4}}