{"host":"vumwfieg2b2mnrfl","time":1611625311,"event":{"mods":["AchievementEnabler","BaseMod","Minty Spire (QoL Compilation)","Rare Cards Sparkle","Relic Stats"],"gold_per_floor":[116,135,135,152,164,191,191,208,208,208,26,39,66,93,93,93,93],"floor_reached":16,"language":"ENG","playtime":458,"items_purged":[],"score":213,"play_id":"c81aa3dc-b9b5-4fa1-aca6-11bc53dc8ea4","local_time":"20210125194151","is_ascension_mode":true,"campfire_choices":[{"data":"The Bomb","floor":10,"key":"SMITH"},{"data":"Mayhem","floor":15,"key":"SMITH"}],"circlet_count":0,"master_deck":["AscendersBane","Strike_R","Strike_R","Strike_R","Strike_R","Defend_R","Defend_R","Defend_R","Defend_R","Bash","Writhe","The Bomb+1","Armaments+1","Spot Weakness","Shrug It Off","Shrug It Off","Entrench","Reaper","Shrug It Off","Mayhem+1","Rampage","Double Tap"],"relics":["Burning Blood","Bag of Marbles","Sundial","Thread and Needle","Blood Vial"],"acts_visited":["Exordium"],"potions_floor_usage":[13,16,16],"damage_taken":[{"damage":10,"enemies":"2 Louse","floor":1,"turns":3},{"damage":9,"enemies":"Cultist","floor":2,"turns":5},{"damage":0,"enemies":"Jaw Worm","floor":4,"turns":4},{"damage":24,"enemies":"Exordium Wildlife","floor":5,"turns":5},{"damage":20,"enemies":"3 Sentries","floor":6,"turns":3},{"damage":20,"enemies":"3 Louse","floor":8,"turns":3},{"damage":53,"enemies":"Lots of Slimes","floor":12,"turns":6},{"damage":1,"enemies":"Lagavulin","floor":13,"turns":7},{"damage":78,"enemies":"Slime Boss","floor":16,"turns":8}],"seed_played":"3225675825222020973","potions_obtained":[{"floor":5,"key":"HeartOfIron"},{"floor":8,"key":"BloodPotion"},{"floor":13,"key":"Swift Potion"}],"is_trial":false,"path_per_floor":["M","M","?","M","M","E","?","M","T","R","$","M","E","T","R","B"],"character_chosen":"IRONCLAD","items_purchased":["Mayhem"],"campfire_rested":0,"item_purchase_floors":[11],"current_hp_per_floor":[64,61,61,67,49,35,35,51,51,51,51,28,42,42,42,0,0],"gold":93,"neow_bonus":"RANDOM_COLORLESS_2","is_daily":false,"chose_seed":false,"campfire_upgraded":2,"win_rate":0.0,"timestamp":1611625311,"path_taken":["M","M","?","?","?","E","?","M","T","R","$","M","E","?","R","BOSS"],"items_purchased_type":["Card"],"build_version":"2020-12-22","purchased_purges":0,"victory":false,"max_hp_per_floor":[75,75,75,75,75,75,75,75,75,75,75,75,75,75,75,75,75],"relic_stats":{"Blood Vial":2,"counters":[9,44],"Sundial":[2],"obtain_stats":[{"Blood Vial":14,"Sundial":9,"Thread and Needle":13,"Bag of Marbles":6,"Burning Blood":0},{"Blood Vial":8,"Sundial":6,"Thread and Needle":8,"Bag of Marbles":5,"Burning Blood":0},{"Blood Vial":36,"Sundial":23,"Thread and Needle":36,"Bag of Marbles":20,"Burning Blood":0}],"Burning Blood":48},"card_choices":[{"not_picked":["Secret Technique","Thinking Ahead"],"picked":"The Bomb","floor":0},{"not_picked":["Warcry","Pommel Strike"],"picked":"Armaments","floor":1},{"not_picked":["Cleave","Sentinel"],"picked":"Spot Weakness","floor":2},{"not_picked":["Dark Embrace","Armaments"],"picked":"Shrug It Off","floor":4},{"not_picked":["Anger","Rupture"],"picked":"Shrug It Off","floor":5},{"not_picked":["Clash","Cleave"],"picked":"Entrench","floor":6},{"not_picked":["Heavy Blade","Wild Strike"],"picked":"Shrug It Off","floor":8},{"not_picked":["Thunderclap","Feel No Pain"],"picked":"Rampage","floor":12},{"not_picked":["Perfected Strike","Warcry"],"picked":"Double Tap","floor":13}],"player_experience":465473,"relics_obtained":[{"floor":6,"key":"Bag of Marbles"},{"floor":9,"key":"Sundial"},{"floor":13,"key":"Thread and Needle"},{"floor":14,"key":"Blood Vial"}],"event_choices":[{"damage_healed":0,"gold_gain":0,"player_choice":"Upgraded","damage_taken":0,"max_hp_gain":0,"max_hp_loss":0,"event_name":"Upgrade Shrine","floor":3,"gold_loss":0,"cards_upgraded":["Armaments"]},{"damage_healed":0,"gold_gain":0,"cards_transformed":["Strike_R"],"player_choice":"Change","damage_taken":0,"max_hp_gain":0,"max_hp_loss":0,"event_name":"Living Wall","floor":7,"gold_loss":0,"cards_obtained":["Reaper"]}],"is_beta":false,"boss_relics":[],"items_purged_floors":[],"is_endless":false,"potions_floor_spawned":[5,8,13],"killed_by":"Slime Boss","ascension_level":18}}