{"host":"a5lz0e76zb3fcwkm","time":1611632874,"event":{"mods":["AchievementEnabler","BaseMod","Colored Map","Colored Powertips","Minty Spire (QoL Compilation)","StSLib","SuperFastMode"],"gold_per_floor":[114,114,125,143,143,143,175,175,175,185,185,185,71,90,90,168,168,181,181,197,97,111,111,111,111],"floor_reached":24,"language":"KOR","playtime":585,"items_purged":["Strike_G","Strike_G"],"score":396,"play_id":"724541e0-33ce-439e-b36d-d48d92a45280","local_time":"20210126124754","is_ascension_mode":true,"campfire_choices":[{"data":"Deadly Poison","floor":6.0,"key":"SMITH"},{"data":"Burst","floor":8.0,"key":"SMITH"},{"data":"Well Laid Plans","floor":15.0,"key":"SMITH"},{"data":"Strike_G","floor":23.0,"key":"PURGE"}],"circlet_count":0,"master_deck":["AscendersBane","Defend_G","Defend_G","Defend_G","Defend_G","Survivor","Neutralize","Deadly Poison+1","Burst+1","Well Laid Plans+1","PiercingWail","Venomology","Deadly Poison"],"relics":["Ring of the Snake","Happy Flower","Ninja Scroll","Peace Pipe","Coffee Dripper"],"acts_visited":["Exordium","TheCity"],"potions_floor_usage":[24,24,24],"damage_taken":[{"damage":4.0,"enemies":"Cultist","floor":1.0,"turns":5.0},{"damage":4.0,"enemies":"Jaw Worm","floor":3.0,"turns":7.0},{"damage":1.0,"enemies":"2 Louse","floor":4.0,"turns":4.0},{"damage":0.0,"enemies":"Lots of Slimes","floor":5.0,"turns":1.0},{"damage":16.0,"enemies":"Lagavulin","floor":7.0,"turns":8.0},{"damage":0.0,"enemies":"3 Louse","floor":10.0,"turns":4.0},{"damage":0.0,"enemies":"Exordium Wildlife","floor":14.0,"turns":2.0},{"damage":6.0,"enemies":"Hexaghost","floor":16.0,"turns":9.0},{"damage":4.0,"enemies":"Spheric Guardian","floor":18.0,"turns":6.0},{"damage":17.0,"enemies":"Shell Parasite","floor":20.0,"turns":4.0},{"damage":8.0,"enemies":"Shelled Parasite and Fungi","floor":22.0,"turns":6.0},{"damage":27,"enemies":"Book of Stabbing","floor":24,"turns":5}],"seed_played":"-1651068554717052117","potions_obtained":[{"floor":1.0,"key":"Energy Potion"},{"floor":4.0,"key":"SmokeBomb"},{"floor":16.0,"key":"EntropicBrew"},{"floor":20.0,"key":"EssenceOfSteel"}],"is_trial":false,"path_per_floor":["M","?","M","M","M","R","E","R","T","M","T","?","$","M","R","B",null,"M","?","M","$","M","R","E"],"character_chosen":"THE_SILENT","items_purchased":["Well Laid Plans"],"campfire_rested":0,"item_purchase_floors":[13],"current_hp_per_floor":[40,40,36,35,35,35,19,19,19,19,19,19,19,19,19,13,53,49,49,32,32,24,24,0,0],"gold":111,"neow_bonus":"REMOVE_TWO","is_daily":false,"chose_seed":false,"campfire_upgraded":3,"win_rate":0.0,"timestamp":1611632874,"path_taken":["M","?","M","M","?","R","E","R","T","M","?","?","$","M","R","BOSS","M","?","M","$","M","R","E"],"items_purchased_type":["Card"],"build_version":"2020-12-22","purchased_purges":2,"victory":false,"max_hp_per_floor":[66,66,66,66,66,66,66,66,66,66,66,66,66,66,66,66,66,66,66,66,66,66,66,66,66],"card_choices":[{"not_picked":["Leg Sweep","Flying Knee","Bane"],"picked":"SKIP","floor":1.0},{"not_picked":["Caltrops","Dodge and Roll"],"picked":"Deadly Poison","floor":3.0},{"not_picked":["Dagger Throw","Deflect","Dagger Spray"],"picked":"SKIP","floor":4.0},{"not_picked":["Deadly Poison","Blur"],"picked":"Burst","floor":7.0},{"not_picked":["Sucker Punch","Dagger Throw","Dodge and Roll"],"picked":"SKIP","floor":10.0},{"not_picked":["Caltrops","Flying Knee"],"picked":"PiercingWail","floor":14.0},{"not_picked":["Night Terror","Bullet Time"],"picked":"Venomology","floor":16.0},{"not_picked":["Infinite Blades","PiercingWail+1"],"picked":"Deadly Poison","floor":18.0},{"not_picked":["Leg Sweep","Underhanded Strike","Masterful Stab"],"picked":"SKIP","floor":20.0},{"not_picked":["Sucker Punch","Dagger Spray","Expertise"],"picked":"SKIP","floor":22.0}],"player_experience":1805687,"relics_obtained":[{"floor":7.0,"key":"Happy Flower"},{"floor":11.0,"key":"Ninja Scroll"},{"floor":12.0,"key":"Peace Pipe"}],"event_choices":[{"cards_removed":["Strike_G"],"damage_healed":0.0,"max_hp_gain":0.0,"max_hp_loss":0.0,"gold_gain":0.0,"event_name":"Purifier","player_choice":"Purged","floor":2.0,"gold_loss":0.0,"damage_taken":0.0},{"damage_healed":0.0,"max_hp_gain":0.0,"max_hp_loss":0.0,"gold_gain":0.0,"event_name":"Wheel of Change","player_choice":"Relic","floor":12.0,"gold_loss":0.0,"damage_taken":0.0},{"damage_healed":0.0,"max_hp_gain":0.0,"max_hp_loss":0.0,"gold_gain":0.0,"event_name":"Ghosts","player_choice":"Ignored","floor":19.0,"gold_loss":0.0,"damage_taken":0.0}],"is_beta":false,"boss_relics":[{"not_picked":["Cursed Key","Runic Pyramid"],"picked":"Coffee Dripper"}],"items_purged_floors":[13,21],"is_endless":false,"potions_floor_spawned":[1,4,16,20,22],"killed_by":"Book of Stabbing","ascension_level":20}}