{"host":"n605f8gctjc87d7h","time":1611704372,"event":{"mods":["Aspiration","Bard","BaseMod","Better Match","Better Note","Better Skull","Better Third Choice","Conspire","Halation","Hermit","Infinite Spire","Minty Spire (QoL Compilation)","Replay The Spire","Retaliation","Shade Mod","Spicy Shops","StS++","StSLib","The IronCluck"],"gold_per_floor":[118,128,140,140,140,140,172,184,211,227,227,261,114,44,44,44,44],"floor_reached":16,"language":"ENG","playtime":955,"items_purged":[],"score":182,"play_id":"d03e4ffa-cb63-4154-bc39-60ac45081680","local_time":"20210126153932","is_ascension_mode":true,"campfire_choices":[{"data":"Flame Barrier","floor":6,"key":"SMITH"},{"data":"Pommel Strike","floor":11,"key":"SMITH"},{"floor":15,"key":"REST"}],"circlet_count":0,"master_deck":["AscendersBane","Strike_R","Strike_R","Strike_R","Strike_R","Strike_R","Defend_R","Defend_R","Defend_R","Defend_R+1","Bash","Flame Barrier+1","Pommel Strike+1","Seeing Red+1","Shrug It Off"],"relics":["Burning Blood","aspiration:Nostalgia","PureWater","HornCleat","aspiration:Lifesprig","infinitespire:Lucky Rock","conspire:DecoderRing","War Paint"],"acts_visited":["Exordium"],"potions_floor_usage":[7],"damage_taken":[{"damage":7,"enemies":"2 Louse","floor":1,"turns":3},{"damage":5,"enemies":"conspire:RoseBush","floor":2,"turns":8},{"damage":0,"enemies":"Cultist","floor":3,"turns":3},{"damage":45,"enemies":"3 Sentries","floor":7,"turns":15},{"damage":0,"enemies":"Red Slaver","floor":8,"turns":3},{"damage":1,"enemies":"conspire:2 RoseBushes","floor":10,"turns":7},{"damage":27,"enemies":"Gremlin Nob","floor":12,"turns":4},{"damage":71,"enemies":"Slime Boss","floor":16,"turns":16}],"seed_played":"4167716036853492233","potions_obtained":[{"floor":1,"key":"Regen Potion"},{"floor":3,"key":"ColorlessPotion"}],"is_trial":false,"path_per_floor":["M","M","M","?","?","R","E","M","T","M","R","E","$","$","R","B"],"character_chosen":"IRONCLAD","items_purchased":["War Paint","Shrug It Off"],"campfire_rested":1,"item_purchase_floors":[13,14],"current_hp_per_floor":[71,72,78,78,78,78,54,60,60,65,65,44,44,44,68,0,0],"gold":44,"neow_bonus":"NOSTALGIA","is_daily":false,"chose_seed":false,"campfire_upgraded":2,"win_rate":0.0,"timestamp":1611704372,"path_taken":["M","M","M","?","?","R","E","?","T","M","R","E","?","$","R","BOSS"],"items_purchased_type":["Relic","Card"],"build_version":"2020-12-22","purchased_purges":0,"victory":false,"max_hp_per_floor":[80,80,80,80,80,80,80,80,80,80,80,80,80,80,80,80,80],"card_choices":[{"not_picked":["StSpp:MuscleMemory","Battle Trance"],"picked":"Flame Barrier","floor":1},{"not_picked":["Heavy Blade","StSpp:CounterStrike","Bloodletting"],"picked":"SKIP","floor":2},{"not_picked":["Replay:Undeath\u0027s Touch","DDmod:CallousedSkill"],"picked":"Pommel Strike","floor":3},{"not_picked":["Corruption","ReplayTheSpireMod:Corrosion Curse","Cleave"],"picked":"SKIP","floor":7},{"not_picked":["Whirlwind","StSpp:Vengeance","DDmod:CallousedSkill"],"picked":"SKIP","floor":8},{"not_picked":["Body Slam","Clash"],"picked":"Seeing Red","floor":10},{"not_picked":["Barricade","Iron Wave","Carnage"],"picked":"SKIP","floor":12}],"player_experience":657613,"relics_obtained":[{"floor":7,"key":"aspiration:Lifesprig"},{"floor":9,"key":"infinitespire:Lucky Rock"},{"floor":12,"key":"conspire:DecoderRing"}],"event_choices":[{"damage_healed":0,"gold_gain":0,"player_choice":"Gave Potion","damage_taken":0,"relics_obtained":["HornCleat"],"max_hp_gain":0,"max_hp_loss":0,"event_name":"WeMeetAgain","floor":5,"gold_loss":0}],"is_beta":false,"boss_relics":[],"items_purged_floors":[],"is_endless":false,"potions_floor_spawned":[1,3],"killed_by":"Slime Boss","ascension_level":13}}