{"host":"y5l5jq411zt8gv60","time":1611626561,"event":{"mods":["BaseMod","BetterRewards","Colored Powertips","Highlight Path","Infinite Spire","Minty Spire (QoL Compilation)","Shop Mod","StSLib","The Servant 0.9.4"],"gold_per_floor":[110,127,145,145,161,161,189,189,237,237,247,247,147,158,158,260,260,260],"floor_reached":17,"language":"ENG","playtime":1263,"items_purged":["Strike_S"],"score":157,"play_id":"c0a59835-253b-414d-9f4e-8c5e12446568","local_time":"20210125210241","is_ascension_mode":false,"campfire_choices":[{"floor":6,"key":"REST"},{"floor":8,"key":"REST"},{"floor":10,"key":"REST"},{"data":"TimeWarp","floor":15,"key":"SMITH"}],"circlet_count":0,"master_deck":["Strike_S","Strike_S","Strike_S","Defend_S","Defend_S","Defend_S","Defend_S","KidneyShot","Exchange","MoonPhase","BottledTime","ShatteredReality","Potential","Luminosity","ShiftingGears","Ricochet","Starlight","FastForward","TimeWarp+1","MurderousAura"],"relics":["Cracked Core","Bird Faced Urn","Lizard Tail","MerchantsRug","infinitespire:Cubic Diamond","infinitespire:Eraser","Tiny Chest","Strawberry"],"acts_visited":["Exordium","TheCity"],"potions_floor_usage":[],"damage_taken":[{"damage":2,"enemies":"Small Slimes","floor":1,"turns":4},{"damage":0,"enemies":"2 Louse","floor":2,"turns":3},{"damage":11,"enemies":"Jaw Worm","floor":3,"turns":2},{"damage":16,"enemies":"3 Louse","floor":5,"turns":3},{"damage":31,"enemies":"Gremlin Nob","floor":7,"turns":5},{"damage":16,"enemies":"Lots of Slimes","floor":11,"turns":4},{"damage":0,"enemies":"Looter","floor":14,"turns":3},{"damage":39,"enemies":"Slime Boss","floor":16,"turns":10}],"seed_played":"-6688934508407713031","potions_obtained":[{"floor":2,"key":"FearPotion"},{"floor":5,"key":"DistilledChaos"},{"floor":7,"key":"GamblersBrew"},{"floor":14,"key":"Block Potion"}],"is_trial":false,"path_per_floor":["M","M","M","?","M","R","E","R","T","R","M","?","$","M","R","B",null],"character_chosen":"THE_SERVANT","items_purchased":["MoonPhase","BottledTime","MerchantsRug","FastForward"],"campfire_rested":3,"item_purchase_floors":[0,0,0,13],"current_hp_per_floor":[34,36,27,27,15,34,7,26,26,45,33,37,37,41,41,6,72,72],"gold":260,"neow_bonus":"","is_daily":false,"chose_seed":false,"campfire_upgraded":1,"win_rate":0.0,"timestamp":1611626561,"path_taken":["M","M","M","?","M","R","E","R","T","R","M","?","$","M","R","BOSS"],"items_purchased_type":["Card","Card","Relic","Card"],"build_version":"2020-12-22","purchased_purges":1,"victory":false,"max_hp_per_floor":[65,65,65,65,65,65,65,65,65,65,65,72,72,72,72,72,72,72],"card_choices":[{"not_picked":["Sabotage","Rewind"],"picked":"ShatteredReality","floor":1},{"not_picked":["Rearm","Replace"],"picked":"Potential","floor":2},{"not_picked":["TimeWarp","Unruled"],"picked":"Luminosity","floor":3},{"not_picked":["MurderousAura","Defy"],"picked":"ShiftingGears","floor":5},{"not_picked":["Revamp","InstantArmor"],"picked":"Ricochet","floor":7},{"not_picked":["DoubleEdge","StarChef"],"picked":"Starlight","floor":11},{"not_picked":["Luminosity","FanOfKnives"],"picked":"TimeWarp","floor":14},{"not_picked":["FlawlessForm","LightFlow"],"picked":"MurderousAura","floor":16}],"player_experience":152965,"relics_obtained":[{"floor":7,"key":"infinitespire:Eraser"},{"floor":9,"key":"Tiny Chest"}],"event_choices":[{"damage_healed":0,"gold_gain":0,"player_choice":"Success","damage_taken":3,"relics_obtained":["Strawberry"],"max_hp_gain":0,"max_hp_loss":0,"event_name":"Scrap Ooze","floor":12,"gold_loss":0}],"is_beta":false,"boss_relics":[{"not_picked":[]}],"items_purged_floors":[13],"is_endless":true,"potions_floor_spawned":[2,5,7,14],"ascension_level":0}}