{"host":"m4zn6rtsd36lrr22","time":1611656065,"event":{"mods":["2.2 Compatiblity","Act Like it!","BaseMod","Better Synergies","BetterRewards","CapriCore","Colored Map","Custom Start","FoggyMod","Gensokyo","GungeonMod","HololiveMod","Ironclad Rager","Lobotomy","LobotomyExtend","Luminous","Minty Spire (QoL Compilation)","Permanent Neow","Poor People Problems","Prisma Mod","Quick Restart","Reimu（博丽灵梦）","Relic Filter Mod","Relic Stats","Remilia（蕾米莉亚）","Remove Card Discount Mod","Replay The Spire","RumiaBox-露米娅的神秘盒子","Shop Mod","Spicy Shops","StSLib","The Alterego","The Animator","The Immortal","WarShipGirlsR/战舰少女R mod","Yakumo Yukari mod","noobMod","【功能Mod】混沌之环修复补丁","【遗物卡牌】REMEMod"],"gold_per_floor":[109,109,39,59,59,59,88,7,55,72,72,152,152,252,252,356,356,376,336,336,361,361,361,393,393,393,419,117,117,117,117,117,221,221,237,43,43,43,43,77,77,111,111,111,91,91,111,111,111,111,111,111,111,23,51,51],"floor_reached":57,"language":"ZHS","playtime":1887,"items_purged":[],"score":1384,"play_id":"85474983-e2bb-4641-b188-61500b2604a0","local_time":"20210126181425","is_ascension_mode":false,"campfire_choices":[{"floor":6.0,"key":"RECALL"},{"data":"Hello World","floor":11.0,"key":"SMITH"},{"data":"REME_FearOfPain","floor":13.0,"key":"SMITH"},{"data":"Corruption","floor":23.0,"key":"SMITH"},{"data":"Exhume","floor":32.0,"key":"SMITH"},{"data":"Barricade","floor":41,"key":"SMITH"},{"data":"Limit Break","floor":49,"key":"SMITH"},{"data":"Juggernaut","floor":53,"key":"SMITH"}],"circlet_count":0,"master_deck":["Corruption+1","Barricade+1","Feel No Pain+1","Juggernaut+1","Creative AI+1","REME_FearOfPain+1","Warcry+1","Dual Wield","Impervious","REME_SingleHolding","Exhume","Exhume+1","Armaments+1","Feel No Pain+1","Limit Break+1","Chrysalis"],"relics":["Black Blood","REME_ComplimentaryCards","ice","Dead Branch","LetterFromLob","Strawberry","Lantern","Mummified Hand","Replay:PocketPolymizer","Strawberry","Pear","Chameleon Ring","Gremlin Food","Membership Card","ZombieArmy","OrangePellets","Medical Kit","Blue Candle","Gensokyo:SongOfSouls","Medical Kit","Bronze Scales","Onion Ring","Question Card","DemoMod:PinkGuonStone"],"acts_visited":["Gensokyo:Gensokyo","Gensokyo:Gensokyoer","Gensokyo:Gensokyoest","TheEnding"],"potions_floor_usage":[],"damage_taken":[{"damage":16.0,"enemies":"Gensokyo:Gryphon","floor":1.0,"turns":4.0},{"damage":43.0,"enemies":"Gensokyo:3_Fairies","floor":4.0,"turns":6.0},{"damage":56.0,"enemies":"Gensokyo:Aya","floor":7.0,"turns":8.0},{"damage":8.0,"enemies":"Gensokyo:Python","floor":10.0,"turns":3.0},{"damage":24.0,"enemies":"Gensokyo:Yukari","floor":16.0,"turns":4.0},{"damage":12.0,"enemies":"Gensokyo:CosmicMonolith","floor":18.0,"turns":2.0},{"damage":37.0,"enemies":"Gensokyo:Tenshi","floor":24.0,"turns":3.0},{"damage":0.0,"enemies":"Gensokyo:Koishi","floor":27.0,"turns":4.0},{"damage":10.0,"enemies":"Gensokyo:AngelMirror","floor":29.0,"turns":2.0},{"damage":18,"enemies":"Gensokyo:Kaguya","floor":33,"turns":2},{"damage":12,"enemies":"Gensokyo:3_Boulders","floor":35,"turns":4},{"damage":63,"enemies":"Gensokyo:Kasen","floor":40,"turns":4},{"damage":7,"enemies":"Gensokyo:Doremy","floor":42,"turns":3},{"damage":20,"enemies":"Gensokyo:AncientGuardian","floor":47,"turns":4},{"damage":37,"enemies":"Gensokyo:Shinki","floor":50,"turns":6},{"damage":28,"enemies":"Shield and Spear","floor":55,"turns":2},{"damage":13,"enemies":"The Heart","floor":56,"turns":5}],"seed_played":"-3815009752627790336","potions_obtained":[{"floor":4.0,"key":"Block Potion"},{"floor":24.0,"key":"Milkshake"},{"floor":35,"key":"Regen Potion"}],"is_trial":false,"path_per_floor":["M","?","?","M","?","R","E","$","T","M","R","?","R","?","R_BF","B",null,"M","?","?","T","COS","R","E","?","T","E","$","M","?","?","R","B",null,"M","COS","?","$","?","E","R","E","T","?","?","$","M","?","R_BF","B",null,null,"R","$","E","B",null],"character_chosen":"IRONCLAD","items_purchased":["Dual Wield","Membership Card","ZombieArmy","OrangePellets","Chrysalis"],"campfire_rested":0,"item_purchase_floors":[8,28,28,28,54],"current_hp_per_floor":[70,67,67,30,30,30,20,20,20,18,18,18,18,18,44,26,87,87,87,87,94,94,94,79,79,79,91,91,93,93,93,93,87,104,104,104,104,104,104,56,56,61,61,61,61,61,53,53,53,28,28,107,107,107,98,97],"gold":51,"neow_bonus":"REMOVE_CARD","is_daily":false,"chose_seed":false,"campfire_upgraded":7,"win_rate":0.0,"timestamp":1611656065,"path_taken":["M","?","?","?","?","R","E","$","T","?","R","?","R","?","R_BF","BOSS","M","?","?","?","COS","R","E","?","T","E","$","?","?","?","R","BOSS","M","COS","?","?","?","E","R","E","T","?","?","$","?","?","R_BF","BOSS","R","$","E","BOSS"],"items_purchased_type":["Card","Relic","Relic","Relic","Card"],"build_version":"2020-12-22","purchased_purges":0,"victory":true,"max_hp_per_floor":[80,87,87,87,87,87,87,87,87,87,87,87,87,87,87,87,87,87,87,87,94,94,94,104,104,104,104,104,104,104,104,104,104,104,104,104,104,104,104,107,107,107,107,107,107,107,107,107,107,107,107,107,107,107,114,114],"relic_stats":{"OrangePellets":[10],"counters":[17,66],"Mummified Hand":[191],"Dead Branch":[233],"Blue Candle":[2],"Bronze Scales":[66],"Black Blood":174,"Medical Kit":[12],"Question Card":3,"obtain_stats":[{"Lantern":3,"Replay:PocketPolymizer":7,"Black Blood":17,"DemoMod:GlassGuonStoneRelic":16,"ice":0,"Burning Blood":0,"Frozen Eye":27,"Chameleon Ring":26,"Mummified Hand":0,"Strawberry":2,"ZombieArmy":28,"Gensokyo:SongOfSouls":29,"Gremlin Food":27,"Pear":24,"Dead Branch":0,"DemoMod:WeirdEgg":3,"Blue Candle":0,"DemoMod:PinkGuonStone":55,"Medical Kit":0,"Question Card":43,"OrangePellets":28,"Bronze Scales":40,"Onion Ring":42,"LetterFromLob":1,"Membership Card":28,"REME_ComplimentaryCards":0},{"Lantern":1,"Replay:PocketPolymizer":3,"Black Blood":5,"DemoMod:GlassGuonStoneRelic":5,"ice":0,"Burning Blood":0,"Frozen Eye":7,"Chameleon Ring":7,"Mummified Hand":0,"Strawberry":1,"ZombieArmy":8,"Gensokyo:SongOfSouls":9,"Gremlin Food":8,"Pear":7,"Dead Branch":0,"DemoMod:WeirdEgg":1,"Blue Candle":0,"DemoMod:PinkGuonStone":16,"Medical Kit":0,"Question Card":13,"OrangePellets":8,"Bronze Scales":12,"Onion Ring":13,"LetterFromLob":1,"Membership Card":8,"REME_ComplimentaryCards":0},{"Lantern":4,"Replay:PocketPolymizer":18,"Black Blood":25,"DemoMod:GlassGuonStoneRelic":25,"ice":0,"Burning Blood":0,"Frozen Eye":30,"Chameleon Ring":30,"Mummified Hand":0,"Strawberry":4,"ZombieArmy":34,"Gensokyo:SongOfSouls":36,"Gremlin Food":34,"Pear":30,"Dead Branch":0,"DemoMod:WeirdEgg":4,"Blue Candle":0,"DemoMod:PinkGuonStone":61,"Medical Kit":0,"Question Card":49,"OrangePellets":34,"Bronze Scales":46,"Onion Ring":49,"LetterFromLob":4,"Membership Card":34,"REME_ComplimentaryCards":0}]},"card_choices":[{"not_picked":["REME_Cut","Cleave"],"picked":"REME_FearOfPain","floor":1.0},{"not_picked":["Run Through","Headbutt"],"picked":"Warcry","floor":4.0},{"not_picked":["True Grit","Twin Strike","Run Through"],"picked":"SKIP","floor":7.0},{"not_picked":["Clash","Headbutt"],"picked":"Warcry","floor":10.0},{"not_picked":["Replay:Many Hands","Feed"],"picked":"Impervious","floor":16.0},{"not_picked":["Rupture","ReplayTheSpireMod:Muscle Training","Iron Wave"],"picked":"SKIP","floor":18.0},{"not_picked":["Flex","Replay:Undeath\u0027s Touch"],"picked":"REME_SingleHolding","floor":24.0},{"not_picked":["Anger","Armaments","Pommel Strike"],"picked":"SKIP","floor":27.0},{"not_picked":["ReplayTheSpireMod:LeadingStrike+1","Perfected Strike"],"picked":"Armaments+1","floor":35},{"not_picked":["Metallicize","ReplayTheSpireMod:Strike From Hell"],"picked":"Feel No Pain+1","floor":40},{"not_picked":["Body Slam+1","Run Through+1","Thunderclap+1"],"picked":"SKIP","floor":40},{"not_picked":["Hemokinesis+1","Cleave+1"],"picked":"Limit Break","floor":42},{"not_picked":["Iron Wave","Replay:Undeath\u0027s Touch+1","REME_Cut+1","ReplayTheSpireMod:Muscle Training"],"picked":"SKIP","floor":47},{"not_picked":["Bloodletting+1","Twin Strike","Second Wind","Uppercut"],"picked":"SKIP","floor":55}],"player_experience":348561,"relics_obtained":[{"floor":1.0,"key":"LetterFromLob"},{"floor":7.0,"key":"Replay:PocketPolymizer"},{"floor":21.0,"key":"Strawberry"},{"floor":24.0,"key":"Pear"},{"floor":26.0,"key":"Chameleon Ring"},{"floor":27.0,"key":"Gremlin Food"},{"floor":40,"key":"Bronze Scales"},{"floor":42,"key":"Onion Ring"},{"floor":43,"key":"Question Card"},{"floor":55,"key":"DemoMod:PinkGuonStone"}],"event_choices":[],"is_beta":false,"boss_relics":[{"not_picked":["Hololive_ChaosS","AddBug"],"picked":"Black Blood"},{"not_picked":["Replay:Bronze Core","Replay:Ancient Bell","Painkiller Herb"]}],"items_purged_floors":[],"is_endless":false,"potions_floor_spawned":[4,24,29,35,40,42,55],"ascension_level":0}}