{"host":"kcbs4jemksave2x4","time":1611651384,"event":{"mods":["Arknights The Spire","BaseMod","Minty Spire (QoL Compilation)","StSLib"],"gold_per_floor":[13,13,13,13,32,32,67,67,91,91,91,109,40,59,59,158,158,168,368,40,40,51,51,51,78,133,133,133,14,14,43,43,146,146,164,164,164,214,15,50,50,60,60,72,72,122,141,169,169,169,169,169,0,25,25],"floor_reached":56,"language":"ZHS","playtime":3394,"items_purged":["ats:Defend","ats:Composite Medical Shells","Shame"],"score":1185,"play_id":"57f8aab8-c9a7-430c-a6a7-a8dbb201fe30","local_time":"20210126165624","is_ascension_mode":false,"campfire_choices":[{"data":"ats:Armor Crushing Shot","floor":6.0,"key":"SMITH"},{"data":"ats:Composite Medical Shells","floor":8.0,"key":"SMITH"},{"data":"ats:Shell Defense","floor":10.0,"key":"SMITH"},{"data":"ats:Healing Strengthening","floor":15.0,"key":"SMITH"},{"data":"ats:Sword Rain","floor":23,"key":"SMITH"},{"data":"ats:Counter Healing Mode","floor":28,"key":"SMITH"},{"data":"ats:Part Time Job","floor":32,"key":"SMITH"},{"data":"Mayhem","floor":41,"key":"SMITH"},{"data":"Pain","floor":45,"key":"PURGE"},{"floor":49,"key":"RECALL"},{"data":"ats:Nebulous Foxfire","floor":52,"key":"SMITH"}],"circlet_count":0,"master_deck":["ats:Strike C+1","ats:Strike G","ats:Strike S","ats:Armor Crushing Shot+1","ats:Defend","ats:Defend","ats:Emotion Absorption","ats:Wolf Pack","ats:Closed Bolt Burst Fire+1","ats:Shell Defense+1","ats:Composite Medical Shells+1","ats:Guard Mode","ats:Healing Strengthening+1","ats:Shell Defense","ats:Nebulous Foxfire+1","ats:Sword Rain+1","ats:Sword Rain+1","ats:Counter Healing Mode+1","ats:Part Time Job+1","ats:Apocalypse+1","ats:Calcification","The Bomb","Mayhem+1","ats:Apocalypse","ats:Revitalization+1","ats:Directed Diagnosis+1","ats:Rat Pack","ats:Blood Oath","ats:Revitalization","ats:Encircling Forest+1","ats:Thorns+1","ats:Apocalypse","Flash of Steel","ats:Chain Hook+1"],"relics":["ats:Sanity","ats:Originium","InkBottle","Juzu Bracelet","ats:Bonebreaker","ats:Omniscience","Gremlin Horn","Bag of Marbles","ats:Hidden Killer","Smiling Mask","Darkstone Periapt","Cursed Key","Calipers","Medical Kit","Prayer Wheel","Peace Pipe","Pocketwatch","Bottled Flame","Bronze Scales"],"acts_visited":["Exordium","TheCity","TheBeyond","TheEnding"],"potions_floor_usage":[18,25,31,40,55,55,55],"damage_taken":[{"damage":18.0,"enemies":"Cultist","floor":1.0,"turns":6.0},{"damage":0.0,"enemies":"2 Louse","floor":5.0,"turns":3.0},{"damage":22.0,"enemies":"Lagavulin","floor":7.0,"turns":7.0},{"damage":5.0,"enemies":"Small Slimes","floor":12.0,"turns":7.0},{"damage":0.0,"enemies":"3 Louse","floor":14.0,"turns":11.0},{"damage":29,"enemies":"Slime Boss","floor":16,"turns":14},{"damage":15,"enemies":"2 Thieves","floor":18,"turns":6},{"damage":21,"enemies":"Spheric Guardian","floor":22,"turns":9},{"damage":5,"enemies":"Slavers","floor":25,"turns":4},{"damage":75,"enemies":"Book of Stabbing","floor":31,"turns":9},{"damage":138,"enemies":"Automaton","floor":33,"turns":13},{"damage":23,"enemies":"3 Darklings","floor":35,"turns":6},{"damage":24,"enemies":"Mind Bloom Boss Battle","floor":38,"turns":8},{"damage":61,"enemies":"Reptomancer","floor":40,"turns":6},{"damage":12,"enemies":"3 Shapes","floor":42,"turns":4},{"damage":38,"enemies":"Maw","floor":44,"turns":8},{"damage":92,"enemies":"2 Orb Walkers","floor":46,"turns":7},{"damage":61,"enemies":"Writhing Mass","floor":47,"turns":7},{"damage":11,"enemies":"Nemesis","floor":48,"turns":7},{"damage":154,"enemies":"Donu and Deca","floor":50,"turns":9},{"damage":115,"enemies":"Shield and Spear","floor":54,"turns":9},{"damage":147,"enemies":"The Heart","floor":55,"turns":11}],"seed_played":"5836809163916603435","potions_obtained":[{"floor":1.0,"key":"Fruit Juice"},{"floor":5.0,"key":"FairyPotion"},{"floor":7.0,"key":"PowerPotion"},{"floor":18,"key":"ats:Emergency Sanity Potion"},{"floor":25,"key":"Energy Potion"},{"floor":33,"key":"SkillPotion"},{"floor":40,"key":"AttackPotion"},{"floor":42,"key":"Fire Potion"},{"floor":44,"key":"Strength Potion"},{"floor":46,"key":"Block Potion"},{"floor":54,"key":"DuplicationPotion"}],"is_trial":false,"path_per_floor":["M","$","?","?","M","R","E","R","T","R","?","M","$","M","R","B",null,"M","?","$","?","M","R","?","E","T","T","R","$","?","E","R","B",null,"M","?","?","?","$","E","R","M","T","M","R","?","M","E","R","B",null,"R","$","E","B",null],"character_chosen":"DOCTOR_CLASS","items_purchased":["ats:Healing Strengthening","Gremlin Horn","ats:Sword Rain","ats:Part Time Job","Medical Kit","ats:Apocalypse","Flash of Steel"],"campfire_rested":0,"item_purchase_floors":[13,20,20,29,39,53,53],"current_hp_per_floor":[59,59,44,37,37,37,23,23,23,23,20,20,20,33,33,60,77,69,69,69,69,77,77,77,76,76,76,76,76,76,47,47,31,77,77,72,72,77,77,54,54,77,83,80,80,49,83,75,75,70,83,83,83,83,83],"gold":25,"neow_bonus":"THREE_RARE_CARDS","is_daily":false,"chose_seed":false,"campfire_upgraded":9,"win_rate":0.0,"timestamp":1611651384,"path_taken":["M","?","?","?","M","R","E","R","T","R","?","M","$","M","R","BOSS","M","?","?","?","M","R","?","E","T","?","R","$","?","E","R","BOSS","M","?","?","?","$","E","R","M","T","M","R","?","M","E","R","BOSS","R","$","E","BOSS"],"items_purchased_type":["Card","Relic","Card","Card","Relic","Card","Card"],"build_version":"2020-12-22","purchased_purges":3,"victory":true,"max_hp_per_floor":[77,77,77,77,77,77,77,77,77,77,77,77,77,77,77,77,77,77,77,77,77,77,77,77,77,77,77,77,77,77,77,77,77,77,77,77,77,77,77,77,77,77,83,83,83,83,83,83,83,83,83,83,83,83,83],"card_choices":[{"not_picked":["ats:Nebulous Foxfire","ats:Fractured Body"],"picked":"ats:Wolf Pack","floor":0.0},{"not_picked":["ats:Defend Order","ats:Cat Scratch"],"picked":"ats:Closed Bolt Burst Fire","floor":1.0},{"not_picked":["ats:Ignite","ats:LN2 Cannon"],"picked":"ats:Shell Defense","floor":5.0},{"not_picked":["ats:Flame Of Heaven","ats:Counter Healing Mode"],"picked":"ats:Composite Medical Shells","floor":7.0},{"not_picked":["ats:Rapid Magazine","ats:Absolute Focus"],"picked":"ats:Guard Mode","floor":12.0},{"not_picked":["ats:Poison Spread","ats:Guardian Obelisk"],"picked":"ats:Shell Defense","floor":14.0},{"not_picked":["ats:Disruption Kick","ats:Echo Reverb"],"picked":"ats:Nebulous Foxfire","floor":16},{"not_picked":["ats:Automatic Cover+1","ats:LN2 Cannon+1"],"picked":"ats:Composite Medical Shells","floor":18},{"not_picked":["ats:Ignite","ats:Blood Oath+1"],"picked":"ats:Sword Rain","floor":22},{"not_picked":["ats:Phantom","ats:Closed Bolt Burst Fire+1"],"picked":"ats:Counter Healing Mode","floor":25},{"not_picked":["ats:Flexible Camouflage","ats:Leaping Hammer"],"picked":"ats:Apocalypse+1","floor":31},{"not_picked":["ats:Ambush","ats:Volcano"],"picked":"ats:Calcification","floor":33},{"not_picked":["ats:Leaping Hammer","ats:Flexible Camouflage+1","ats:Ignite"],"picked":"SKIP","floor":35},{"not_picked":["Purity","Swift Strike"],"picked":"The Bomb","floor":36},{"not_picked":["Transmutation","Dark Shackles"],"picked":"Mayhem","floor":36},{"not_picked":["ats:Blood Oath","ats:Defend Order"],"picked":"ats:Apocalypse","floor":38},{"not_picked":["ats:Ignite","ats:Closed Bolt Burst Fire+1"],"picked":"ats:Revitalization+1","floor":40},{"not_picked":["ats:Guard Mode","ats:Sunburst"],"picked":"ats:Directed Diagnosis+1","floor":42},{"not_picked":["ats:Revitalization","ats:Literary Storm"],"picked":"ats:Rat Pack","floor":42},{"not_picked":["ats:Red Shift","ats:LN2 Cannon"],"picked":"ats:Blood Oath","floor":44},{"not_picked":["ats:Very Hot Blade","ats:Poison Spread+1","ats:Defend Order"],"picked":"SKIP","floor":44},{"not_picked":["ats:Absolute Focus","ats:Spore Proliferation+1"],"picked":"ats:Revitalization","floor":46},{"not_picked":["ats:Poison Spread+1","ats:Absolute Focus+1"],"picked":"ats:Encircling Forest+1","floor":47},{"not_picked":["ats:Absolute Focus","ats:Flexible Camouflage+1","ats:Cat Scratch+1"],"picked":"SKIP","floor":47},{"not_picked":["ats:Cat Scratch+1","ats:Rat Pack"],"picked":"ats:Thorns+1","floor":48},{"not_picked":["ats:Roar Of Ursus","ats:Blood Oath+1"],"picked":"ats:Chain Hook+1","floor":54}],"player_experience":680665,"relics_obtained":[{"floor":7.0,"key":"ats:Originium"},{"floor":7.0,"key":"InkBottle"},{"floor":9.0,"key":"Juzu Bracelet"},{"floor":25,"key":"ats:Originium"},{"floor":25,"key":"ats:Hidden Killer"},{"floor":26,"key":"Smiling Mask"},{"floor":31,"key":"ats:Originium"},{"floor":31,"key":"Darkstone Periapt"},{"floor":38,"key":"Calipers"},{"floor":40,"key":"ats:Originium"},{"floor":40,"key":"Prayer Wheel"},{"floor":43,"key":"Peace Pipe"},{"floor":46,"key":"Pocketwatch"},{"floor":48,"key":"Bottled Flame"},{"floor":54,"key":"Bronze Scales"}],"event_choices":[{"damage_healed":0.0,"max_hp_gain":0.0,"max_hp_loss":0.0,"gold_gain":0.0,"event_name":"Shining Light","player_choice":"Entered Light","floor":3.0,"gold_loss":0.0,"damage_taken":15.0,"cards_upgraded":["ats:Closed Bolt Burst Fire","ats:Strike C"]},{"cards_removed":["ats:Strike V"],"damage_healed":0.0,"max_hp_gain":0.0,"max_hp_loss":0.0,"gold_gain":0.0,"event_name":"Golden Wing","player_choice":"Card Removal","floor":4.0,"gold_loss":0.0,"damage_taken":7.0},{"damage_healed":0.0,"max_hp_gain":0.0,"max_hp_loss":0.0,"gold_gain":0.0,"event_name":"Scrap Ooze","player_choice":"Success","floor":11.0,"gold_loss":0.0,"damage_taken":3.0,"relics_obtained":["ats:Bonebreaker"]},{"damage_healed":0,"gold_gain":200,"player_choice":"Gold","damage_taken":0,"max_hp_gain":0,"max_hp_loss":0,"event_name":"Wheel of Change","floor":19,"gold_loss":0},{"damage_healed":0,"gold_gain":0,"player_choice":"Stole Relic","damage_taken":0,"relics_obtained":["Bag of Marbles"],"max_hp_gain":0,"max_hp_loss":0,"event_name":"Addict","floor":21,"gold_loss":0,"cards_obtained":["Shame"]},{"damage_healed":0,"gold_gain":0,"player_choice":"Upgraded","damage_taken":0,"max_hp_gain":0,"max_hp_loss":0,"event_name":"Upgrade Shrine","floor":24,"gold_loss":0,"cards_upgraded":["ats:Sword Rain"]},{"damage_healed":0,"gold_gain":0,"player_choice":"Ignored","damage_taken":0,"max_hp_gain":0,"max_hp_loss":0,"event_name":"Vampires","floor":30,"gold_loss":0},{"damage_healed":0,"gold_gain":0,"player_choice":"Memory 2","damage_taken":5,"max_hp_gain":0,"max_hp_loss":0,"event_name":"SensoryStone","floor":36,"gold_loss":0},{"cards_removed":["ats:Defend"],"damage_healed":0,"gold_gain":0,"player_choice":"Removed Skill","damage_taken":0,"max_hp_gain":0,"max_hp_loss":0,"event_name":"Falling","floor":37,"gold_loss":0},{"damage_healed":0,"gold_gain":0,"player_choice":"Fight","damage_taken":0,"max_hp_gain":0,"max_hp_loss":0,"event_name":"MindBloom","floor":38,"gold_loss":0},{"damage_healed":0,"gold_gain":0,"player_choice":"Fight","damage_taken":0,"max_hp_gain":0,"max_hp_loss":0,"event_name":"Mysterious Sphere","floor":46,"gold_loss":0}],"is_beta":false,"boss_relics":[{"not_picked":["Velvet Choker","ats:Tactical Delivery"],"picked":"ats:Omniscience"},{"not_picked":["Astrolabe","Tiny House"],"picked":"Cursed Key"}],"items_purged_floors":[29,39,53],"is_endless":false,"potions_floor_spawned":[1,5,7,18,25,33,40,42,44,46,48,54],"ascension_level":0}}