{"host":"l4am8ae7vj09bp0g","time":1611664217,"event":{"mods":["Act Like it!","BaseMod","Colored Powertips","Conspire","LagranYue(¿≠∏Ò¿ °§‘¬)","Minty Spire (QoL Compilation)","Quick Restart","Relic Filter","Replay The Spire","Shop Mod","StSLib","SuperFastMode","TestMod"],"gold_per_floor":[113,129,145,145,70,102,102,120,120,51,81,81,93,105,105,207,207,226,137,137,37,37],"floor_reached":21,"language":"ZHS","playtime":718,"items_purged":["Regret"],"score":381,"play_id":"cad5273b-7a33-4823-9f1b-144a55cbc08e","local_time":"20210126203017","daily_mods":["Heirloom","Flight","DeadlyEvents","Uncertain Future"],"is_ascension_mode":true,"campfire_choices":[{"data":"True Grit","floor":7,"key":"SMITH"},{"data":"Uppercut","floor":12,"key":"SMITH"},{"data":"Barricade","floor":15,"key":"SMITH"}],"circlet_count":0,"master_deck":["Strike_R","Strike_R","Strike_R","Strike_R","Defend_R","Defend_R","Defend_R","Defend_R","Bash","True Grit+1","Cleave","Uppercut+1","Barricade+1","Shrug It Off","Sickly","Writhe"],"relics":["Burning Blood","testmod-TestBox","LagranYue:RandomDrawCardRelic","testmod-Hope","conspire:InfiniteJournal","Pear","testmod-AssaultLearning","Bag of Preparation","Blue Candle","Mango","MerchantsRug","CeramicFish"],"acts_visited":["Exordium","TheCity"],"potions_floor_usage":[6,16,16,16],"damage_taken":[{"damage":8,"enemies":"Small Slimes","floor":1,"turns":3},{"damage":13,"enemies":"Jaw Worm","floor":2,"turns":3},{"damage":0,"enemies":"2 Louse","floor":3,"turns":3},{"damage":27,"enemies":"Gremlin Nob","floor":6,"turns":4},{"damage":10,"enemies":"Looter","floor":8,"turns":3},{"damage":36,"enemies":"Lagavulin","floor":11,"turns":6},{"damage":3,"enemies":"Red Slaver","floor":13,"turns":4},{"damage":5,"enemies":"3 Louse","floor":14,"turns":2},{"damage":0,"enemies":"Slime Boss","floor":16,"turns":9},{"damage":4,"enemies":"3 Byrds","floor":18,"turns":2},{"damage":107,"enemies":"Gremlin Leader","floor":21,"turns":7}],"seed_played":"8886653517024854713","potions_obtained":[{"floor":2,"key":"AttackPotion"},{"floor":11,"key":"Fire Potion"},{"floor":13,"key":"DistilledChaos"},{"floor":14,"key":"Dexterity Potion"},{"floor":18,"key":"ElixirPotion"}],"is_trial":true,"path_per_floor":["M","M","M","?","$","E","R","M","T","$","E","R","M","M","R","B",null,"M","$","?","E"],"character_chosen":"IRONCLAD","items_purchased":["Uppercut","MerchantsRug","CeramicFish"],"campfire_rested":0,"item_purchase_floors":[10,19,19],"current_hp_per_floor":[78,71,77,87,87,66,66,62,62,62,32,32,35,36,36,42,104,104,104,104,0,0],"gold":37,"neow_bonus":"","is_daily":false,"chose_seed":false,"campfire_upgraded":3,"win_rate":0.0,"timestamp":1611664217,"path_taken":["M","M","M","?","$","E","R","M","T","?","E","R","M","?","R","BOSS","M","$","?","?"],"items_purchased_type":["Card","Relic","Relic"],"build_version":"2020-12-22","purchased_purges":1,"victory":false,"max_hp_per_floor":[80,80,80,90,90,90,90,90,90,90,90,90,90,90,90,90,104,104,104,104,104,104],"card_choices":[{"not_picked":["Flex","ReplayTheSpireMod:Muscle Training"],"picked":"True Grit","floor":1},{"not_picked":["Warcry","Iron Wave","Wild Strike"],"picked":"SKIP","floor":2},{"not_picked":["ReplayTheSpireMod:Stacked","Ghostly Armor"],"picked":"Cleave","floor":3},{"not_picked":["Cleave","Seeing Red","True Grit"],"picked":"SKIP","floor":6},{"not_picked":["Dual Wield","Headbutt","Perfected Strike"],"picked":"SKIP","floor":8},{"not_picked":["Pummel","Wild Strike","Heavy Blade"],"picked":"SKIP","floor":11},{"not_picked":["ReplayTheSpireMod:Limb From Limb","Clash"],"picked":"Barricade","floor":13},{"not_picked":["Replay:Undeath\u0027s Touch","Clash"],"picked":"Shrug It Off","floor":14},{"not_picked":["Replay:Hysterical Blindness","Overencumbered"],"picked":"Sickly","floor":17},{"not_picked":["Normality","Pain"],"picked":"ReplayTheSpireMod:IOU","floor":17},{"not_picked":["Spreading Infection","Replay:Hysterical Blindness"],"picked":"Writhe","floor":17},{"not_picked":["Armaments","Warcry+1","Clash"],"picked":"SKIP","floor":18}],"player_experience":54932,"relics_obtained":[{"floor":6,"key":"Mercury Hourglass"},{"floor":11,"key":"testmod-AssaultLearning"}],"event_choices":[{"damage_healed":0,"gold_gain":0,"player_choice":"Box","damage_taken":0,"relics_obtained":["Pear"],"max_hp_gain":0,"max_hp_loss":0,"event_name":"Big Fish","floor":4,"gold_loss":0,"cards_obtained":["Regret"]},{"cards_removed":["Strike_R"],"damage_healed":0,"gold_gain":0,"player_choice":"Purged","damage_taken":0,"max_hp_gain":0,"max_hp_loss":0,"event_name":"Purifier","floor":20,"gold_loss":0}],"is_beta":false,"boss_relics":[{"not_picked":["testmod-KeyOfTheVoid","ReplayTheSpireMod:DimensionalGlitch"],"picked":"Replay:Ancient Bell"},{"not_picked":["War Paint","MealTicket"],"picked":"Bag of Preparation"},{"not_picked":["Question Card","Meat on the Bone"],"picked":"Blue Candle"},{"not_picked":["testmod-HeartOfStrike","Unceasing Top"],"picked":"Mango"}],"items_purged_floors":[5],"is_endless":true,"potions_floor_spawned":[2,11,13,14,18],"killed_by":"Gremlin Leader","ascension_level":1}}