{"host":"ws1rigs6jhqnf67d","time":1611670152,"event":{"mods":["100% Spire Juice","BaseMod","Friendly Minions","KinomotoSakuraMod(ƒæ÷Æ±æ”£)","Kiyohime£®«Âºß£©","Lobotomy","LobotomyExtend","Marisa£®ÏF”Í°°ƒß¿Ì…≥£©","Minty Spire (QoL Compilation)","Remilia£®¿Ÿ√◊¿Ú—«£©","StSLib","The Bug Knight","The Senshi","Youmu£®ªÍ∆«—˝√Œ£©","[IsaacMod]“‘»ˆº‚À˛"],"gold_per_floor":[116,134,157,70,87,115,127,127,127,154,154,172,88,106,106,183,183,203,203,203,203,218,247,247,263,263,263,263,297,297,330,330,407,407,420,420,436,452,452,452,465,482,508,536,550,550,583,593,593,593,593,593,593,593,627,627],"floor_reached":57,"language":"ZHS","playtime":1630,"items_purged":[],"score":2743,"play_id":"8638fd19-f0b5-4bbf-8f58-e2f150d8493d","local_time":"20210126220912","is_ascension_mode":true,"campfire_choices":[{"data":"ClowCardTheFight","floor":8,"key":"SMITH"},{"floor":15,"key":"REST"},{"floor":27,"key":"REST"},{"floor":32,"key":"RECALL"},{"floor":40,"key":"REST"},{"floor":49,"key":"REST"},{"floor":53,"key":"REST"}],"circlet_count":0,"master_deck":["SakuraCardTheMove+","SakuraCardTheShield+","SakuraCardTheSword+","AscendersBane","ClowCardTheSword","ClowCardTheSword","ClowCardTheSword","ClowCardTheShield","ClowCardTheShield","ClowCardTheShield","SpellCardSeal","SpellCardRelease","ClowCardTheThrough","ClowCardTheFight+1","ClowCardTheLight","ClowCardTheFreeze","ClowCardTheTwin","ClowCardTheMove+1","ClowCardTheDash","BloodyBrimstone"],"relics":["KSMOD_SealedBook","KSMOD_SealedWand","HushsDoor","NeowsBlessing","SteamSale","LetterFromLob","BloodDonationMachine","Orrery","theSenshi:SuperSailorFukuRelic","Smiling Mask","TheBean","Bag of Marbles","Membership Card","KSMOD_RollerSkates","theSenshi:SailorFukuRelic","Fusion Hammer","Bag of Preparation","OrangePellets","SharpPlug","BookOfRevelations","KSMOD_Compass","Sundial","Lantern","Sling","HollowMod:LifeEnderRelic","Vajra","Philosopher\u0027s Stone","Strawberry","Bottled Flame","Juzu Bracelet","Chemical X","Ginger","HandDrill","White Beast Statue","GuppysTail","Omamori","Pen Nib","FossilizedHelix","Centennial Puzzle","HollowMod:JonisBlessing","KSMOD_TeddyBear","Bottled Lightning"],"acts_visited":["Exordium","TheCity","TheBeyond","TheEnding"],"potions_floor_usage":[16,50,50,56,56,56,56],"damage_taken":[{"damage":0,"enemies":"Cultist","floor":1,"turns":1},{"damage":0,"enemies":"2 Louse","floor":2,"turns":3},{"damage":0,"enemies":"Jaw Worm","floor":5,"turns":1},{"damage":21,"enemies":"Lagavulin","floor":6,"turns":6},{"damage":12,"enemies":"Lots of Slimes","floor":7,"turns":4},{"damage":0,"enemies":"Gremlin Nob","floor":10,"turns":2},{"damage":0,"enemies":"Exordium Wildlife","floor":12,"turns":2},{"damage":0,"enemies":"Large Slime","floor":14,"turns":2},{"damage":17,"enemies":"The Guardian","floor":16,"turns":6},{"damage":0,"enemies":"2 Thieves","floor":18,"turns":3},{"damage":0,"enemies":"Chosen","floor":22,"turns":1},{"damage":0,"enemies":"Gremlin Leader","floor":23,"turns":3},{"damage":11,"enemies":"Centurion and Healer","floor":25,"turns":3},{"damage":0,"enemies":"Book of Stabbing","floor":29,"turns":1},{"damage":0,"enemies":"Slavers","floor":31,"turns":1},{"damage":2,"enemies":"Collector","floor":33,"turns":4},{"damage":1,"enemies":"3 Shapes","floor":35,"turns":4},{"damage":0,"enemies":"Orb Walker","floor":37,"turns":2},{"damage":0,"enemies":"Jaw Worm Horde","floor":38,"turns":1},{"damage":0,"enemies":"Maw","floor":41,"turns":1},{"damage":0,"enemies":"Transient","floor":42,"turns":3},{"damage":0,"enemies":"Reptomancer","floor":44,"turns":2},{"damage":0,"enemies":"Writhing Mass","floor":45,"turns":1},{"damage":0,"enemies":"Giant Head","floor":47,"turns":2},{"damage":0,"enemies":"3 Darklings","floor":48,"turns":1},{"damage":0,"enemies":"Time Eater","floor":50,"turns":3},{"damage":0,"enemies":"Shield and Spear","floor":55,"turns":1},{"damage":24,"enemies":"The Heart","floor":56,"turns":5}],"seed_played":"-1157283385443804644","potions_obtained":[{"floor":5,"key":"Regen Potion"},{"floor":7,"key":"Dexterity Potion"},{"floor":14,"key":"Fire Potion"},{"floor":18,"key":"LiquidMemories"},{"floor":22,"key":"KSMOD_MagickBottle"},{"floor":48,"key":"FearPotion"}],"is_trial":false,"path_per_floor":["M","M","T","$","M","E","M","R","T","E","?","M","$","M","R","B",null,"M","M","?","$","M","E","$","M","T","R","?","E","?","E","R","B",null,"M","$","M","M","$","R","M","M","T","E","M","$","E","M","R","B",null,null,"R","$","E","B",null],"character_chosen":"KINOMOTOSAKURA","items_purchased":["Orrery","Membership Card","KSMOD_RollerSkates","theSenshi:SailorFukuRelic","OrangePellets","SharpPlug","BookOfRevelations","ChaosCard","Sundial","Lantern","Sling","ClowCardTheTwin","Bottled Flame","Juzu Bracelet","Chemical X","Ginger","HandDrill","White Beast Statue","ClowCardTheDash","ChaosCard","Pen Nib","FossilizedHelix","HollowMod:JonisBlessing","KSMOD_TeddyBear","BloodyBrimstone","Block Potion","EntropicBrew"],"campfire_rested":5,"item_purchase_floors":[4,13,13,13,21,21,21,21,24,24,24,24,36,36,36,39,39,39,39,39,46,46,54,54,54,54,54],"current_hp_per_floor":[59,59,59,59,59,38,26,26,26,26,26,26,26,26,45,43,60,60,60,60,60,60,60,60,49,49,65,65,65,65,65,65,63,65,71,71,71,71,71,72,72,72,72,72,72,72,72,72,72,72,72,72,72,72,72,48],"gold":627,"neow_bonus":"THREE_ENEMY_KILL","is_daily":false,"chose_seed":false,"campfire_upgraded":1,"win_rate":0.0,"timestamp":1611670152,"path_taken":["M","M","?","$","M","E","?","R","T","E","?","?","$","?","R","BOSS","M","M","?","$","M","E","$","M","T","R","?","E","?","E","R","BOSS","M","$","M","M","$","R","M","M","T","E","M","$","E","M","R","BOSS","R","$","E","BOSS"],"items_purchased_type":["Relic","Relic","Relic","Relic","Relic","Relic","Relic","Card","Relic","Card","Relic","Card","Relic","Relic","Relic","Relic","Relic","Relic","Card","Card","Relic","Relic","Relic","Relic","Card","Potion","Potion"],"build_version":"2020-12-22","purchased_purges":0,"victory":true,"max_hp_per_floor":[65,65,65,65,65,65,65,65,65,65,65,65,65,65,65,65,65,65,65,65,65,65,65,65,65,65,65,65,65,65,65,65,65,65,72,72,72,72,72,72,72,72,72,72,72,72,72,72,72,72,72,72,72,72,72,69],"card_choices":[{"not_picked":["ClowCardTheArrow","ClowCardTheMaze","ClowCardTheErase"],"picked":"SKIP","floor":1},{"not_picked":["ClowCardTheIllusion","ClowCardTheFloat"],"picked":"ClowCardTheThrough","floor":2},{"not_picked":["ClowCardTheLock","ClowCardTheVoice"],"picked":"ClowCardTheCreate","floor":4},{"not_picked":["ClowCardTheBig","ClowCardTheStorm"],"picked":"ClowCardTheFight","floor":4},{"not_picked":["ClowCardTheMirror","ClowCardTheThrough"],"picked":"Bomb","floor":4},{"not_picked":["ClowCardTheWatery","ClowCardTheDream","ClowCardTheLibra"],"picked":"SKIP","floor":5},{"not_picked":["ClowCardTheMist","ClowCardTheWindy","ClowCardTheArrow"],"picked":"SKIP","floor":6},{"not_picked":["ClowCardTheFloat","ClowCardTheJump"],"picked":"Bomb","floor":7},{"not_picked":["ClowCardTheRain","ClowCardTheBig"],"picked":"ClowCardTheLight","floor":10},{"not_picked":["ClowCardTheMirror","ClowCardTheWood","ClowCardTheErase"],"picked":"SKIP","floor":12},{"not_picked":["ClowCardTheFloat","ClowCardTheSilent","ClowCardTheSnow"],"picked":"SKIP","floor":14},{"not_picked":["ClowCardTheThunder","ClowCardTheDash"],"picked":"ClowCardTheCreate","floor":16},{"not_picked":["ClowCardTheRain","ClowCardTheVoice","ClowCardTheFly+1"],"picked":"SKIP","floor":18},{"not_picked":["ClowCardTheArrow","ClowCardTheRain"],"picked":"ClowCardTheFreeze","floor":22},{"not_picked":["ClowCardTheWatery","ClowCardTheShot","ClowCardTheWood"],"picked":"SKIP","floor":23},{"not_picked":["ClowCardTheSnow","ClowCardTheEarthy","ClowCardTheErase"],"picked":"SKIP","floor":25},{"not_picked":["ClowCardTheErase","ClowCardTheSweet","ClowCardTheLight"],"picked":"SKIP","floor":29},{"not_picked":["ClowCardTheVoice","ClowCardTheErase","ClowCardTheWood+1"],"picked":"SKIP","floor":31},{"not_picked":["ClowCardTheFight","ClowCardTheDash"],"picked":"ClowCardTheCreate","floor":33},{"not_picked":["ClowCardTheDream","ClowCardTheMaze","ClowCardTheRain"],"picked":"SKIP","floor":35},{"not_picked":["ClowCardTheWatery","ClowCardTheLibra"],"picked":"ClowCardTheMove+1","floor":37},{"not_picked":["ClowCardTheSweet","ClowCardTheLock","ClowCardThePower"],"picked":"SKIP","floor":38},{"not_picked":["ClowCardTheChange","ClowCardTheRain","ClowCardTheSand"],"picked":"SKIP","floor":41},{"not_picked":["ClowCardTheDream","ClowCardTheFly+1","ClowCardTheFlower"],"picked":"SKIP","floor":42},{"not_picked":["ClowCardTheLock","ClowCardTheSilent","ClowCardTheSand"],"picked":"SKIP","floor":44},{"not_picked":["ClowCardTheSong+1","ClowCardTheLibra","ClowCardTheGlow"],"picked":"SKIP","floor":45},{"not_picked":["ClowCardTheTime","ClowCardTheVoice","ClowCardTheLoop"],"picked":"SKIP","floor":47},{"not_picked":["ClowCardTheArrow","ClowCardTheRain","ClowCardTheSilent"],"picked":"SKIP","floor":48},{"not_picked":["ClowCardTheMaze","ClowCardTheSnow","ClowCardTheBig"],"picked":"SKIP","floor":55}],"player_experience":892306,"relics_obtained":[{"floor":1,"key":"LetterFromLob"},{"floor":3,"key":"BloodDonationMachine"},{"floor":6,"key":"theSenshi:SuperSailorFukuRelic"},{"floor":7,"key":"Smiling Mask"},{"floor":9,"key":"TheBean"},{"floor":10,"key":"Bag of Marbles"},{"floor":18,"key":"Bag of Preparation"},{"floor":23,"key":"KSMOD_Compass"},{"floor":29,"key":"HollowMod:LifeEnderRelic"},{"floor":31,"key":"Vajra"},{"floor":35,"key":"Strawberry"},{"floor":43,"key":"GuppysTail"},{"floor":44,"key":"Omamori"},{"floor":47,"key":"Centennial Puzzle"},{"floor":55,"key":"Bottled Lightning"}],"event_choices":[{"damage_healed":0,"gold_gain":0,"player_choice":"Fled","damage_taken":0,"max_hp_gain":0,"max_hp_loss":0,"event_name":"Scrap Ooze","floor":11,"gold_loss":0},{"damage_healed":0,"gold_gain":0,"player_choice":"Read","damage_taken":0,"max_hp_gain":0,"max_hp_loss":0,"event_name":"The Library","floor":28,"gold_loss":0,"cards_obtained":["ClowCardTheMove"]},{"damage_healed":0,"gold_gain":0,"player_choice":"Ignored","damage_taken":0,"max_hp_gain":0,"max_hp_loss":0,"event_name":"Cursed Tome","floor":30,"gold_loss":0}],"is_beta":false,"boss_relics":[{"not_picked":["Velvet Choker","Tiny House"],"picked":"Fusion Hammer"},{"not_picked":[]},{"not_picked":["Runic Dome","Busted Crown"],"picked":"Philosopher\u0027s Stone"},{"not_picked":[]}],"items_purged_floors":[],"is_endless":false,"potions_floor_spawned":[5,7,10,14,18,22,23,37,41,42,44,45,47,48,55],"ascension_level":18}}