{"host":"mi0eibewekhugwl1","time":1611675487,"event":{"mods":["AchievementEnabler","BaseMod","Colored Map","Colored Powertips","DeckTracker","Keyboard Shortcuts","Minty Spire (QoL Compilation)","Quick Restart","Rare Cards Sparkle","Relic Stats","StSLib","SuperFastMode","everything is the same but u backflip on backflip"],"gold_per_floor":[115,115,1,1,14,14,37,37,37],"floor_reached":8,"language":"KOR","playtime":191,"items_purged":[],"score":92,"play_id":"bb83e9f8-837e-4934-8b72-5ae9d51c3aca","local_time":"20210127003807","is_ascension_mode":true,"campfire_choices":[{"data":"Sword Boomerang","floor":6,"key":"SMITH"}],"circlet_count":0,"master_deck":["AscendersBane","Strike_R","Strike_R","Strike_R","Strike_R","Strike_R","Defend_R","Defend_R","Defend_R","Defend_R","Bash","Mind Blast","Fire Breathing","Shrug It Off","Sword Boomerang+1","Twin Strike"],"relics":["Burning Blood","Golden Idol"],"acts_visited":["Exordium"],"potions_floor_usage":[8],"damage_taken":[{"damage":13,"enemies":"Cultist","floor":1,"turns":5},{"damage":13,"enemies":"Jaw Worm","floor":5,"turns":6},{"damage":4,"enemies":"2 Louse","floor":7,"turns":2},{"damage":65,"enemies":"Lagavulin","floor":8,"turns":8}],"seed_played":"-6711546385341836765","potions_obtained":[{"floor":1,"key":"LiquidBronze"},{"floor":7,"key":"BloodPotion"}],"is_trial":false,"path_per_floor":["M","?","$","?","M","R","M","E"],"character_chosen":"IRONCLAD","items_purchased":["Fire Breathing","Shrug It Off"],"campfire_rested":0,"item_purchase_floors":[3,3],"current_hp_per_floor":[61,61,61,61,54,54,56,0,0],"gold":37,"neow_bonus":"RANDOM_COLORLESS","is_daily":false,"chose_seed":false,"campfire_upgraded":1,"win_rate":0.0,"timestamp":1611675487,"path_taken":["M","?","$","?","M","R","M","E"],"items_purchased_type":["Card","Card"],"build_version":"2020-12-22","purchased_purges":0,"victory":false,"max_hp_per_floor":[75,68,68,68,68,68,68,68,68],"relic_stats":{"counters":[4,21],"Golden Idol":8,"obtain_stats":[{"Golden Idol":2,"Burning Blood":0},{"Golden Idol":1,"Burning Blood":0},{"Golden Idol":5,"Burning Blood":0}],"Burning Blood":18},"card_choices":[{"not_picked":["Panacea","Dark Shackles"],"picked":"Mind Blast","floor":0},{"not_picked":["Warcry","Bloodletting","Thunderclap"],"picked":"SKIP","floor":1},{"not_picked":["Heavy Blade","Iron Wave"],"picked":"Sword Boomerang","floor":5},{"not_picked":["Perfected Strike","Exhume"],"picked":"Twin Strike","floor":7}],"player_experience":1763576,"relics_obtained":[],"event_choices":[{"damage_healed":0,"gold_gain":0,"player_choice":"Lose Max HP","damage_taken":0,"relics_obtained":["Golden Idol"],"max_hp_gain":0,"max_hp_loss":7,"event_name":"Golden Idol","floor":2,"gold_loss":0},{"damage_healed":0,"gold_gain":0,"player_choice":"Ignored","damage_taken":0,"max_hp_gain":0,"max_hp_loss":0,"event_name":"Liars Game","floor":4,"gold_loss":0}],"is_beta":false,"boss_relics":[],"items_purged_floors":[],"is_endless":false,"potions_floor_spawned":[1,7],"killed_by":"Lagavulin","ascension_level":20}}