{"host":"0ricjaa7rfq9v76t","time":1611657098,"event":{"mods":["AchievementEnabler","Aspiration","BaseMod","Better Vampires","BetterRewards","Colored Powertips","Downfall","Highlight Path","Hubris","Infinite Spire","Minty Spire (QoL Compilation)","Quick Restart","Rare Cards Sparkle","Relic Sorter","Reliquary","Replay The Spire","StSLib","SuperFastMode","Synergy Search","The Cursed","The Disciple","The Jungle","The Marked","Uncapped"],"gold_per_floor":[110,110,120,137,137,137,170,190,190,223,234,309,111,133,133,235,235,248,248,248,248,263,263,263,263,263,290,290,290,303,270,270,270,270],"floor_reached":33,"language":"ENG","playtime":2379,"items_purged":["Strike_B","Defend_B"],"score":273,"play_id":"e42bb4a0-3588-44a9-bf92-93d7de61e79f","local_time":"20210126183138","is_ascension_mode":false,"campfire_choices":[{"data":"Turbo","floor":6,"key":"SMITH"},{"floor":15,"key":"REST"},{"data":"Electrodynamics","floor":23,"key":"SMITH"},{"data":"Turbo","floor":25,"key":"SMITH"},{"floor":32,"key":"REST"},{"data":"Creative AI","floor":32,"key":"SMITH"}],"circlet_count":0,"master_deck":["Strike_B","Strike_B","Strike_B","Defend_B","Defend_B","Defend_B","Zap","Dualcast","Streamline","Double Energy","Ball Lightning","Turbo+1","Conserve Battery","Electrodynamics+1","Turbo+1","Heatsinks","Gash","Gash","Biased Cognition","RitualDagger","Time Bomb","Pain","Creative AI+1"],"relics":["Cracked Core","hubris:Reverence","hubris:Icosahedron","infinitespire:Magic Flask","reliquary:Aerogel","Odd Mushroom","reliquary:RedPaperclip","Unceasing Top","ReplayTheSpireMod:Ring of Exchange","Ring of Peace","Emotion Chip","WarpedTongs"],"acts_visited":["Exordium","TheCity"],"potions_floor_usage":[7,7,7,7,7,10,10,16,22,33,33,33],"damage_taken":[{"damage":3,"enemies":"Small Slimes","floor":1,"turns":3},{"damage":6,"enemies":"Jaw Worm","floor":3,"turns":3},{"damage":1,"enemies":"Cultist","floor":4,"turns":3},{"damage":5,"enemies":"Gremlin Nob","floor":7,"turns":3},{"damage":0,"enemies":"Large Slime","floor":8,"turns":4},{"damage":14,"enemies":"Lagavulin","floor":10,"turns":4},{"damage":2,"enemies":"Blue Slaver","floor":11,"turns":3},{"damage":2,"enemies":"The Mushroom Lair","floor":14,"turns":2},{"damage":56,"enemies":"Fading Forest","floor":16,"turns":11},{"damage":0,"enemies":"Chosen","floor":18,"turns":4},{"damage":23,"enemies":"2 Thieves","floor":22,"turns":4},{"damage":7,"enemies":"Book of Stabbing","floor":27,"turns":4},{"damage":20,"enemies":"Centurion and Healer","floor":30,"turns":5},{"damage":17,"enemies":"Snake Plant","floor":31,"turns":2},{"damage":51,"enemies":"Champ","floor":33,"turns":8}],"seed_played":"-3038643022580861771","potions_obtained":[{"floor":3,"key":"Dexterity Potion"},{"floor":5,"key":"SkillPotion"},{"floor":5,"key":"hexamod:SoulburnPotion"},{"floor":7,"key":"Fire Potion"},{"floor":16,"key":"hexamod:SoulburnPotion"},{"floor":18,"key":"Elixir"},{"floor":27,"key":"Doom Potion"},{"floor":31,"key":"Reflective Coating"}],"is_trial":false,"path_per_floor":["M","?","M","M","?","R","E","M","T","E","M","?","$","?","R","B",null,"M","AVR","?","?","M","R","T","R","T","E","?","?","M","M","R","B"],"character_chosen":"DEFECT","items_purchased":["Streamline","Heatsinks","Gash"],"campfire_rested":2,"item_purchase_floors":[0,13,13],"current_hp_per_floor":[72,72,66,65,65,65,60,60,60,46,44,33,33,31,53,7,75,75,75,75,69,59,59,59,59,59,52,52,52,32,15,37,0,0],"gold":270,"neow_bonus":"","is_daily":false,"chose_seed":false,"campfire_upgraded":4,"win_rate":0.0,"timestamp":1611657098,"path_taken":["M","?","M","M","?","R","E","?","T","E","M","?","$","?","R","BOSS","M","AVR","?","?","M","R","?","R","T","E","?","?","?","M","R","BOSS"],"items_purchased_type":["Card","Card","Card"],"build_version":"2020-12-22","purchased_purges":2,"victory":false,"max_hp_per_floor":[75,75,75,75,75,75,75,75,75,75,75,75,75,75,75,75,75,75,75,75,75,75,75,75,75,75,75,75,75,75,75,75,75,75],"card_choices":[{"not_picked":["Compile Driver","Genetic Algorithm"],"picked":"Double Energy","floor":1},{"not_picked":["FIFO Queue","Sweeping Beam"],"picked":"Ball Lightning","floor":3},{"not_picked":["Rebound","hubris:SpecializedCircuitry"],"picked":"Turbo","floor":4},{"not_picked":["Rebound","Compile Driver"],"picked":"Conserve Battery","floor":7},{"not_picked":["Hello World","aspiration:Polymerization"],"picked":"Electrodynamics","floor":8},{"not_picked":["Ball Lightning","ReplayTheSpireMod:GoodbyeWorld"],"picked":"Turbo","floor":10},{"not_picked":["ReplaySolidLightProjector","BootSequence","aspiration:Polymerization"],"picked":"SKIP","floor":11},{"not_picked":["Panic Button","Coolheaded"],"picked":"Gash","floor":14},{"not_picked":["Electrodynamics","Hyperbeam"],"picked":"Biased Cognition","floor":16},{"not_picked":["Conserve Battery","Panic Button","Cold Snap"],"picked":"SKIP","floor":18},{"not_picked":["Recycle+1","Cold Snap","Sweeping Beam"],"picked":"SKIP","floor":22},{"not_picked":["Barrage","Turbo+1"],"picked":"Time Bomb","floor":27},{"not_picked":["Redo","Reprogram","Chaos+1"],"picked":"SKIP","floor":30},{"not_picked":["Coolheaded+1","Stack+1"],"picked":"Creative AI","floor":31}],"player_experience":215139,"relics_obtained":[{"floor":7,"key":"reliquary:BoilingFlask"},{"floor":9,"key":"Replay:Bottled Steam"},{"floor":10,"key":"reliquary:Aerogel"},{"floor":14,"key":"Odd Mushroom"},{"floor":20,"key":"ReplayTheSpireMod:Ring of Exchange"},{"floor":20,"key":"Ring of Peace"},{"floor":24,"key":"Emotion Chip"},{"floor":26,"key":"hubris:Reverence"},{"floor":27,"key":"infinitespire:Magic Flask"}],"event_choices":[{"damage_healed":0,"gold_gain":0,"player_choice":"Got Potions","damage_taken":0,"max_hp_gain":0,"max_hp_loss":0,"event_name":"Lab","floor":5,"gold_loss":0},{"damage_healed":0,"gold_gain":75,"player_choice":"Gather Gold","damage_taken":11,"max_hp_gain":0,"max_hp_loss":0,"event_name":"World of Goop","floor":12,"gold_loss":0},{"damage_healed":0,"gold_gain":0,"player_choice":"Fought Mushrooms","damage_taken":0,"max_hp_gain":0,"max_hp_loss":0,"event_name":"Mushrooms","floor":14,"gold_loss":0},{"damage_healed":0,"gold_gain":0,"player_choice":"Joined the Cult","damage_taken":6,"max_hp_gain":0,"max_hp_loss":0,"event_name":"Nest","floor":21,"gold_loss":0,"cards_obtained":["RitualDagger"]},{"damage_healed":0,"gold_gain":0,"player_choice":"Ignored","damage_taken":0,"max_hp_gain":0,"max_hp_loss":0,"event_name":"Vampires","floor":28,"gold_loss":0},{"damage_healed":0,"gold_gain":0,"player_choice":"Rummage","damage_taken":0,"relics_obtained":["WarpedTongs"],"max_hp_gain":0,"max_hp_loss":0,"event_name":"Accursed Blacksmith","floor":29,"gold_loss":0,"cards_obtained":["Pain"]}],"is_beta":false,"boss_relics":[{"not_picked":["hubris:BlackHole","Philosopher\u0027s Stone"],"picked":"reliquary:RedPaperclip"}],"items_purged_floors":[13,19],"is_endless":false,"potions_floor_spawned":[3,7,16,18,27,31],"killed_by":"Champ","ascension_level":0}}