{"host":"c97twqu0op5dg8i4","time":1611697039,"event":{"mods":["AchievementEnabler","BaseMod","Colored Map","Minty Spire (QoL Compilation)","Permanent Neow"],"gold_per_floor":[114,114,124,138,138,138,169,179,179,179],"floor_reached":9,"language":"ENG","playtime":267,"items_purged":[],"score":85,"play_id":"713b79fa-39aa-4a47-8d91-b31225a85b31","local_time":"20210126163719","is_ascension_mode":true,"campfire_choices":[{"data":"Eruption","floor":6,"key":"SMITH"}],"circlet_count":0,"master_deck":["Strike_P","Strike_P","Strike_P","Strike_P","Defend_P","Defend_P","Defend_P","Defend_P","Eruption+1","Vigilance","FlyingSleeves","Forethought","EmptyFist","ThirdEye","Halt"],"relics":["PureWater","Ancient Tea Set","Pear"],"acts_visited":["Exordium"],"potions_floor_usage":[7],"damage_taken":[{"damage":9,"enemies":"2 Louse","floor":1,"turns":4},{"damage":0,"enemies":"Cultist","floor":3,"turns":3},{"damage":0,"enemies":"Small Slimes","floor":4,"turns":2},{"damage":15,"enemies":"Lagavulin","floor":7,"turns":5},{"damage":0,"enemies":"2 Fungi Beasts","floor":8,"turns":3},{"damage":0,"enemies":"3 Sentries","floor":9,"turns":1}],"seed_played":"5311856030495126254","potions_obtained":[{"floor":1,"key":"ColorlessPotion"},{"floor":4,"key":"Ancient Potion"},{"floor":7,"key":"Explosive Potion"}],"is_trial":false,"path_per_floor":["M","?","M","M","?","R","E","M","E"],"character_chosen":"WATCHER","items_purchased":[],"campfire_rested":0,"item_purchase_floors":[],"current_hp_per_floor":[56,56,56,56,56,56,51,51,51,51],"gold":179,"neow_bonus":"RANDOM_COMMON_RELIC","is_daily":false,"chose_seed":false,"campfire_upgraded":1,"win_rate":0.0,"timestamp":1611697039,"path_taken":["M","?","?","M","?","R","E","M","E"],"items_purchased_type":[],"build_version":"2020-12-22","purchased_purges":0,"victory":false,"max_hp_per_floor":[72,72,72,72,72,72,82,82,82,82],"card_choices":[{"not_picked":["Vengeance","SignatureMove"],"picked":"FlyingSleeves","floor":1},{"not_picked":["Worship","Meditate"],"picked":"EmptyFist","floor":3},{"not_picked":["Nirvana","Worship"],"picked":"ThirdEye","floor":4},{"not_picked":["FollowUp","CrushJoints"],"picked":"Halt","floor":7},{"not_picked":["SashWhip","Halt","CrushJoints"],"picked":"SKIP","floor":8}],"player_experience":309656,"relics_obtained":[{"floor":7,"key":"Pear"}],"event_choices":[{"damage_healed":0,"gold_gain":0,"player_choice":"1 cards matched","damage_taken":0,"max_hp_gain":0,"max_hp_loss":0,"event_name":"Match and Keep!","floor":2,"gold_loss":0,"cards_obtained":["Forethought"]},{"damage_healed":0,"gold_gain":0,"player_choice":"Ignored","damage_taken":0,"max_hp_gain":0,"max_hp_loss":0,"event_name":"Liars Game","floor":5,"gold_loss":0}],"is_beta":false,"boss_relics":[],"items_purged_floors":[],"is_endless":false,"potions_floor_spawned":[1,4,7],"killed_by":"3 Sentries","ascension_level":7}}