{"host":"jeza3f7qwapecycc","time":1611651076,"event":{"mods":["BaseMod","Downfall","Minty Spire (QoL Compilation)","Relic Stats","StSLib"],"gold_per_floor":[99,24,43,104,121,71,94,128,78,91,91,102,5,19,30,132,432,382,395,395,395,409,359,383,402,415,430,441,26,61,11,21,122,122,72,72,87,187,200,150,150,150,150,183,200,255,274,274,286,286,286,286],"floor_reached":50,"language":"ZHS","playtime":2709,"items_purged":[],"score":548,"play_id":"2c1838ad-6f45-47be-a4db-ec9c94dae144","local_time":"20210126165116","is_ascension_mode":false,"campfire_choices":[{"data":"Slimebound:Split","floor":1.0,"key":"SMITH"},{"floor":6.0,"key":"REST"},{"data":"Slimebound:SplitLeeching","floor":9.0,"key":"SMITH"},{"data":"Slimebound:LevelUp","floor":18.0,"key":"SMITH"},{"floor":23.0,"key":"REST"},{"data":"Slimebound:DuplicatedForm","floor":35.0,"key":"SMITH"},{"data":"expansioncontent:DashGenerateEvil","floor":40.0,"key":"SMITH"}],"circlet_count":0,"master_deck":["Slimebound:Strike_Slimebound","Slimebound:Strike_Slimebound","Slimebound:Tackle","Slimebound:Defend_Slimebound","Slimebound:Defend_Slimebound","Slimebound:Defend_Slimebound","Slimebound:Defend_Slimebound","Slimebound:Split+1","Slimebound:CorrosiveSpit","Slimebound:SplitMire","Slimebound:SplitLeeching+1","Slimebound:Grow","Slimebound:SlimeBarrage","Slimebound:SplitMire","Slimebound:SplitBruiser","Slimebound:SplitBruiser","Slimebound:LeadByExample","Slimebound:SplitBruiser","Slimebound:LevelUp+1","Slimebound:DuplicatedForm+1","CurseOfTheBell","Slimebound:ForwardTackle","Slimebound:MegaLick+1","Slimebound:GoopTackle","Slimebound:Teamwork+1","Slimebound:LeadByExample","Slimebound:Prepare+1","Slimebound:RainOfGoop+1","expansioncontent:DashGenerateEvil+1","expansioncontent:AwakenDeath","expansioncontent:AwakenDeath","Slimebound:SlimeSpikes+1","Slimebound:SpikyOuterGoop","Slimebound:OneTwoCombo","Slimebound:LevelUp+1","Slimebound:Split+1","Slimebound:HauntingLick+1","Slimebound:Dissolve+1","Slimebound:DouseInSlime+1","Jack Of All Trades+1","downfall:Malfunctioning","Slimebound:GoopSpray+1","Slimebound:LivingWall+1","expansioncontent:AwakenDeath","expansioncontent:Chronoboost","expansioncontent:YouAreMine+1","Slimebound:SplitLeeching+1","Slimebound:RejuvenatingLick+1","Slimebound:Equalize","Slimebound:LivingWall+1","Doubt","Slimebound:SlimeSpikes+1"],"relics":["Slimebound:AbsorbEndCombatUpgraded","Unceasing Top","Slimebound:GreedOozeRelic","Bag of Marbles","PreservedInsect","TungstenRod","CultistMask","Calling Bell","Toy Ornithopter","White Beast Statue","Old Coin","Toxic Egg 2","Nunchaku","DollysMirror","Sling","Bag of Preparation","downfall:GremlinSack","The Courier","FossilizedHelix"],"acts_visited":["Exordium","TheCity","TheBeyond"],"potions_floor_usage":[50,50,50],"damage_taken":[{"damage":3.0,"enemies":"Small Slimes","floor":3.0,"turns":3.0},{"damage":23.0,"enemies":"Gremlin Nob","floor":4.0,"turns":4.0},{"damage":1.0,"enemies":"2 Louse","floor":5.0,"turns":4.0},{"damage":10.0,"enemies":"Lagavulin","floor":8.0,"turns":6.0},{"damage":0.0,"enemies":"Cultist","floor":10.0,"turns":2.0},{"damage":1.0,"enemies":"Red Slaver","floor":12.0,"turns":3.0},{"damage":1.0,"enemies":"downfall:FleeingMerchant","floor":13.0,"turns":4.0},{"damage":9.0,"enemies":"Lots of Slimes","floor":14.0,"turns":4.0},{"damage":15.0,"enemies":"Exordium Thugs","floor":15.0,"turns":4.0},{"damage":24.0,"enemies":"WA_ARCHETYPE_RETAIN","floor":16.0,"turns":6.0},{"damage":9.0,"enemies":"Shell Parasite","floor":19.0,"turns":5.0},{"damage":33.0,"enemies":"Cultist and Chosen","floor":22.0,"turns":6.0},{"damage":32.0,"enemies":"Snake Plant","floor":25.0,"turns":5.0},{"damage":25.0,"enemies":"3 Cultists","floor":26.0,"turns":4.0},{"damage":25.0,"enemies":"Centurion and Healer","floor":27.0,"turns":5.0},{"damage":33.0,"enemies":"Shelled Parasite and Fungi","floor":28.0,"turns":5.0},{"damage":0.0,"enemies":"downfall:FleeingMerchant","floor":29.0,"turns":4.0},{"damage":14.0,"enemies":"downfall:FleeingMerchant","floor":30.0,"turns":4.0},{"damage":30.0,"enemies":"Cultist and Chosen","floor":32.0,"turns":6.0},{"damage":25.0,"enemies":"IC_MUSHROOM_ARCHETYPE","floor":33.0,"turns":7.0},{"damage":20.0,"enemies":"Orb Walker","floor":37.0,"turns":4.0},{"damage":0.0,"enemies":"Orb Walker","floor":38.0,"turns":2.0},{"damage":18.0,"enemies":"3 Darklings","floor":39.0,"turns":5.0},{"damage":6,"enemies":"4 Shapes","floor":44,"turns":4},{"damage":23,"enemies":"Sphere and 2 Shapes","floor":45,"turns":4},{"damage":28,"enemies":"2 Orb Walkers","floor":46,"turns":4},{"damage":19,"enemies":"3 Darklings","floor":47,"turns":4},{"damage":46,"enemies":"Jaw Worm Horde","floor":49,"turns":5},{"damage":192,"enemies":"DF_ARCHETYPE_ORBS","floor":50,"turns":11}],"seed_played":"-6958067986477054963","potions_obtained":[{"floor":4.0,"key":"Block Potion"},{"floor":8.0,"key":"SneckoOil"},{"floor":10.0,"key":"CultistPotion"},{"floor":12.0,"key":"Slimebound:SpawnSlimePotion"},{"floor":15.0,"key":"SpeedPotion"},{"floor":19.0,"key":"bronze:BurnAndBuffPotion"},{"floor":22.0,"key":"Regen Potion"},{"floor":25.0,"key":"SneckoOil"},{"floor":26.0,"key":"Guardian:BlockOnCardUsePotion"},{"floor":27.0,"key":"champ:CounterPotion"},{"floor":28.0,"key":"Fire Potion"},{"floor":29.0,"key":"Fire Potion"},{"floor":30.0,"key":"Swift Potion"},{"floor":33.0,"key":"SkillPotion"},{"floor":37.0,"key":"Fire Potion"},{"floor":38.0,"key":"Ancient Potion"},{"floor":49,"key":"LiquidMemories"}],"is_trial":false,"path_per_floor":["R","?","M","?","M","R","T","E","R","M","?","M","$","M","M","B",null,"R","M","T","?","M","R","T","M","M","M","M","$","$","?","M","B",null,"R","$","M","?","M","R","T","?","?","M","M","?","M","?","M","B"],"character_chosen":"SLIMEBOUND","items_purchased":["Slimebound:LeadByExample","expansioncontent:DashGenerateEvil","expansioncontent:AwakenDeath","DollysMirror","Sling","Bag of Preparation"],"campfire_rested":2,"item_purchase_floors":[13,29,29,29,30,30],"current_hp_per_floor":[47,47,48,31,32,51,51,45,45,49,49,50,55,48,35,17,65,65,60,60,60,33,52,52,39,61,55,31,31,26,52,26,19,65,65,65,48,56,53,53,53,44,44,53,33,14,26,65,48,0,0,0],"gold":286,"neow_bonus":"ONE_RARE_RELIC","is_daily":false,"chose_seed":false,"campfire_upgraded":5,"win_rate":0.0,"timestamp":1611651076,"path_taken":["R","?","M","?","M","R","T","E","R","M","?","?","$","M","M","BOSS","R","M","?","?","M","R","T","?","M","M","M","?","$","?","M","BOSS","R","$","M","?","?","R","T","?","?","?","M","?","M","?","M","BOSS"],"items_purchased_type":["Card","Card","Card","Relic","Relic","Relic"],"build_version":"2020-12-22","purchased_purges":0,"victory":false,"max_hp_per_floor":[65,65,65,65,65,65,65,65,65,65,65,65,65,65,65,65,65,65,65,65,65,65,65,65,65,65,65,65,65,65,65,65,65,65,65,65,65,65,65,65,65,65,65,65,65,65,65,65,65,65,65,65],"relic_stats":{"Nunchaku":[8],"counters":[29,127],"PreservedInsect":153,"Bag of Preparation":[22],"obtain_stats":[{"PreservedInsect":7,"The Courier":41,"Bag of Preparation":30,"Sling":30,"White Beast Statue":17,"Old Coin":17,"Slimebound:GreedOozeRelic":2,"Calling Bell":17,"Nunchaku":24,"downfall:GremlinSack":38,"DollysMirror":29,"CultistMask":11,"Slimebound:AbsorbEndCombat":0,"Bag of Marbles":4,"Toxic Egg 2":20,"Slimebound:AbsorbEndCombatUpgraded":34,"Unceasing Top":0,"TungstenRod":8,"Toy Ornithopter":17,"FossilizedHelix":46},{"PreservedInsect":3,"The Courier":23,"Bag of Preparation":18,"Sling":18,"White Beast Statue":10,"Old Coin":10,"Slimebound:GreedOozeRelic":0,"Calling Bell":10,"Nunchaku":12,"downfall:GremlinSack":22,"DollysMirror":17,"CultistMask":5,"Slimebound:AbsorbEndCombat":0,"Bag of Marbles":2,"Toxic Egg 2":11,"Slimebound:AbsorbEndCombatUpgraded":20,"Unceasing Top":0,"TungstenRod":4,"Toy Ornithopter":10,"FossilizedHelix":26},{"PreservedInsect":9,"The Courier":96,"Bag of Preparation":73,"Sling":73,"White Beast Statue":36,"Old Coin":36,"Slimebound:GreedOozeRelic":0,"Calling Bell":36,"Nunchaku":46,"downfall:GremlinSack":91,"DollysMirror":69,"CultistMask":17,"Slimebound:AbsorbEndCombat":0,"Bag of Marbles":6,"Toxic Egg 2":41,"Slimebound:AbsorbEndCombatUpgraded":85,"Unceasing Top":0,"TungstenRod":15,"Toy Ornithopter":36,"FossilizedHelix":108}],"Unceasing Top":[1],"TungstenRod":94,"Toy Ornithopter":55},"card_choices":[{"not_picked":["Slimebound:ComboTackle","Slimebound:LeechingTouch"],"picked":"Slimebound:SplitMire","floor":3.0},{"not_picked":["Slimebound:Grow","Slimebound:FlameTackle"],"picked":"Slimebound:SplitLeeching","floor":4.0},{"not_picked":["Slimebound:GrowthPunch","Slimebound:Repurpose"],"picked":"Slimebound:Grow","floor":5.0},{"not_picked":["Slimebound:PressTheAttack","Slimebound:RejuvenatingLick"],"picked":"Slimebound:SlimeBarrage","floor":8.0},{"not_picked":["Slimebound:SamplingLick","Slimebound:DisruptingSlam"],"picked":"Slimebound:SplitMire","floor":10.0},{"not_picked":["Slimebound:GoopSpray","Slimebound:LeechEnergy"],"picked":"Slimebound:SplitBruiser","floor":12.0},{"not_picked":["Slimebound:WasteNot","Slimebound:SplitMire"],"picked":"Slimebound:SplitBruiser","floor":13.0},{"not_picked":["Slimebound:LivingWall","Slimebound:ItLooksTasty"],"picked":"Slimebound:SplitBruiser","floor":14.0},{"not_picked":["Slimebound:Schlurp","Slimebound:Replication"],"picked":"Slimebound:LevelUp","floor":15.0},{"not_picked":["Slimebound:Teamwork","Slimebound:SlimeSlap"],"picked":"Slimebound:DuplicatedForm","floor":16.0},{"not_picked":["Slimebound:SplitBruiser","Slimebound:LivingWall+1"],"picked":"Slimebound:ForwardTackle","floor":19.0},{"not_picked":["Slimebound:Nibble","Slimebound:TongueLash"],"picked":"Slimebound:GoopTackle","floor":22.0},{"not_picked":["Slimebound:SlimeBarrage+1","Slimebound:SplitAcid+1"],"picked":"Slimebound:Teamwork+1","floor":25.0},{"not_picked":["Slimebound:RollThrough","Slimebound:ItLooksTasty"],"picked":"Slimebound:LeadByExample","floor":26.0},{"not_picked":["Slimebound:FinishingTackle","Slimebound:ItLooksTasty+1"],"picked":"Slimebound:Prepare+1","floor":27.0},{"not_picked":["Slimebound:GoopSpray+1","Slimebound:Prepare+1"],"picked":"Slimebound:Grow+1","floor":28.0},{"not_picked":["Slimebound:MassFeed","Slimebound:SplitMire+1"],"picked":"Slimebound:RainOfGoop+1","floor":29.0},{"not_picked":["Slimebound:FlameTackle","Slimebound:GrowthPunch"],"picked":"Slimebound:SlimeSpikes+1","floor":30.0},{"not_picked":["Slimebound:GoopSpray+1","Slimebound:SamplingLick+1"],"picked":"Slimebound:SpikyOuterGoop","floor":32.0},{"not_picked":["Slimebound:SelfFormingGoo","Slimebound:OozeBath+1"],"picked":"Slimebound:OneTwoCombo","floor":33.0},{"not_picked":["Slimebound:GoopSpray+1","Slimebound:SplitBruiser+1"],"picked":"Slimebound:LevelUp+1","floor":37.0},{"not_picked":["Slimebound:LeechingTouch+1","Slimebound:SplitLeeching+1"],"picked":"Slimebound:GoopSpray+1","floor":38.0},{"not_picked":["Slimebound:FinishingTackle","Slimebound:Schlurp+1"],"picked":"Slimebound:LivingWall+1","floor":39.0},{"not_picked":["expansioncontent:PolyBeam","expansioncontent:LastStand"],"picked":"expansioncontent:AwakenDeath","floor":42},{"not_picked":["expansioncontent:HyperBeam","expansioncontent:Hexaburn"],"picked":"expansioncontent:Chronoboost","floor":42},{"not_picked":["expansioncontent:Hexaburn","expansioncontent:Chronoboost"],"picked":"expansioncontent:YouAreMine+1","floor":42},{"not_picked":["Slimebound:LeechEnergy+1","Slimebound:ItLooksTasty+1"],"picked":"Slimebound:SplitLeeching+1","floor":44},{"not_picked":["Slimebound:FinishingTackle+1","Slimebound:LeechEnergy+1"],"picked":"Slimebound:RejuvenatingLick+1","floor":45},{"not_picked":["Slimebound:LeechingTouch","Slimebound:ComboTackle+1"],"picked":"Slimebound:Equalize","floor":46},{"not_picked":["Slimebound:ViciousTackle+1","Slimebound:SpikyOuterGoop"],"picked":"Slimebound:LivingWall+1","floor":47},{"not_picked":["Slimebound:ItLooksTasty+1","Slimebound:ComboTackle+1"],"picked":"Slimebound:SlimeSpikes+1","floor":49}],"player_experience":786126,"relics_obtained":[{"floor":4.0,"key":"Bag of Marbles"},{"floor":7.0,"key":"PreservedInsect"},{"floor":8.0,"key":"TungstenRod"},{"floor":17.0,"key":"Toy Ornithopter"},{"floor":17.0,"key":"White Beast Statue"},{"floor":17.0,"key":"Old Coin"},{"floor":20.0,"key":"Toxic Egg 2"},{"floor":24.0,"key":"Nunchaku"},{"floor":38.0,"key":"downfall:GremlinSack"},{"floor":41.0,"key":"The Courier"},{"floor":46,"key":"FossilizedHelix"}],"event_choices":[{"damage_healed":0.0,"max_hp_gain":0.0,"max_hp_loss":0.0,"gold_gain":0.0,"event_name":"FaceTrader","player_choice":"Trade","floor":11.0,"gold_loss":0.0,"damage_taken":0.0,"relics_obtained":["CultistMask"]},{"cards_removed":["Slimebound:Grow"],"damage_healed":0,"gold_gain":0,"player_choice":"Removed Power","damage_taken":0,"max_hp_gain":0,"max_hp_loss":0,"event_name":"Falling","floor":43,"gold_loss":0},{"damage_healed":0,"gold_gain":0,"player_choice":"Fight","damage_taken":0,"max_hp_gain":0,"max_hp_loss":0,"event_name":"Mysterious Sphere","floor":46,"gold_loss":0}],"is_beta":false,"boss_relics":[{"not_picked":["SacredBark","Pandora\u0027s Box"],"picked":"Calling Bell"},{"not_picked":["Black Star","Cursed Key"],"picked":"Slimebound:AbsorbEndCombatUpgraded"}],"items_purged_floors":[],"is_endless":false,"potions_floor_spawned":[4,8,10,12,15,19,22,25,26,27,28,29,30,32,33,37,38,39,44,45,46,47,49],"killed_by":"DF_ARCHETYPE_ORBS","ascension_level":0}}