{"host":"na09lpbrez4gbfiz","time":1611702875,"event":{"mods":["Act Like it!","BaseMod","BetterRewards","Colored Map","Colored Powertips","DeckTracker","Googly Eyes","Highlight Path","Minty Spire (QoL Compilation)","Quick Restart","Spicy Shops","StSLib","SuperFastMode","Synergy Search"],"gold_per_floor":[112,15,26,26,38,38,63,77,126,157,185,222,234,302,314,429,441,466,478,478],"floor_reached":19,"language":"ENG","playtime":603,"items_purged":["Strike_R","Strike_R"],"score":363,"play_id":"2c71329d-0210-4b02-9487-258d7eee000a","local_time":"20210127001435","is_ascension_mode":true,"campfire_choices":[{"floor":6.0,"key":"REST"},{"floor":13,"key":"REST"},{"floor":15,"key":"REST"}],"circlet_count":0,"master_deck":["Strike_R","Strike_R","Defend_R","Defend_R","Defend_R","Bash","Metallicize","Demon Form","Uppercut","Limit Break","Sword Boomerang"],"relics":["Burning Blood","Charon\u0027s Ashes","Sling","Ornamental Fan","Oddly Smooth Stone","MawBank","Singing Bowl","PreservedInsect","Empty Cage"],"acts_visited":["TheCity"],"potions_floor_usage":[11,11,16,19],"damage_taken":[{"damage":7.0,"enemies":"Small Slimes","floor":1.0,"turns":3.0},{"damage":1.0,"enemies":"Cultist","floor":3.0,"turns":3.0},{"damage":14.0,"enemies":"Jaw Worm","floor":5.0,"turns":5.0},{"damage":19.0,"enemies":"Gremlin Nob","floor":7.0,"turns":4.0},{"damage":15.0,"enemies":"Red Slaver","floor":8.0,"turns":6.0},{"damage":7.0,"enemies":"Blue Slaver","floor":10.0,"turns":7.0},{"damage":4,"enemies":"Exordium Thugs","floor":11,"turns":4},{"damage":11,"enemies":"Lagavulin","floor":12,"turns":7},{"damage":35,"enemies":"Lagavulin Event","floor":14,"turns":7},{"damage":28,"enemies":"The Guardian","floor":16,"turns":13},{"damage":49,"enemies":"Spheric Guardian","floor":18,"turns":8},{"damage":75,"enemies":"Masked Bandits","floor":19,"turns":3}],"seed_played":"-6197531012802258913","potions_obtained":[{"floor":3.0,"key":"Fruit Juice"},{"floor":7.0,"key":"DuplicationPotion"},{"floor":10.0,"key":"SteroidPotion"},{"floor":14,"key":"Energy Potion"},{"floor":16,"key":"DistilledChaos"},{"floor":18,"key":"LiquidBronze"}],"is_trial":false,"path_per_floor":["M","$","M","?","M","R","E","M","T","M","M","E","R","?","R","B",null,"M","?"],"character_chosen":"IRONCLAD","items_purchased":["Sling","FairyPotion"],"campfire_rested":3,"item_purchase_floors":[0,2],"current_hp_per_floor":[38,38,48,36,28,53,40,31,31,30,32,29,55,28,54,32,75,32,0,0],"gold":478,"neow_bonus":"","is_daily":false,"chose_seed":false,"campfire_upgraded":0,"win_rate":0.0,"timestamp":1611702875,"path_taken":["M","$","M","?","M","R","E","M","T","M","M","E","R","?","R","BOSS","M","?"],"items_purchased_type":["Relic","Potion"],"build_version":"2020-12-22","purchased_purges":2,"victory":false,"max_hp_per_floor":[80,80,85,85,85,85,85,85,85,85,85,87,87,89,89,89,89,89,89,89],"card_choices":[{"not_picked":["Havoc","Headbutt","Pommel Strike"],"picked":"SKIP","floor":1.0},{"not_picked":["Warcry","Seeing Red","Twin Strike"],"picked":"SKIP","floor":3.0},{"not_picked":["Clash","Pommel Strike","Battle Trance"],"picked":"SKIP","floor":5.0},{"not_picked":["Armaments","Entrench"],"picked":"Metallicize","floor":7.0},{"not_picked":["Wild Strike","Combust"],"picked":"Demon Form","floor":8.0},{"not_picked":["Dual Wield","Intimidate"],"picked":"Uppercut","floor":10.0},{"not_picked":["Spot Weakness","Evolve","Thunderclap"],"picked":"SKIP","floor":11},{"not_picked":["Clash","Perfected Strike","Cleave"],"picked":"Singing Bowl","floor":12},{"not_picked":["Pommel Strike","Reckless Charge","Searing Blow"],"picked":"Singing Bowl","floor":14},{"not_picked":["Immolate","Juggernaut"],"picked":"Limit Break","floor":16},{"not_picked":["Reckless Charge","Twin Strike"],"picked":"Sword Boomerang","floor":18}],"player_experience":167985,"relics_obtained":[{"floor":7.0,"key":"Oddly Smooth Stone"},{"floor":9.0,"key":"MawBank"},{"floor":12,"key":"Singing Bowl"}],"event_choices":[{"damage_healed":0.0,"max_hp_gain":0.0,"max_hp_loss":0.0,"gold_gain":0.0,"event_name":"Scrap Ooze","player_choice":"Success","floor":4.0,"gold_loss":0.0,"damage_taken":12.0,"relics_obtained":["Ornamental Fan"]},{"damage_healed":0,"gold_gain":0,"player_choice":"Searched \u00272\u0027 times","damage_taken":0,"relics_obtained":["PreservedInsect"],"max_hp_gain":0,"max_hp_loss":0,"event_name":"Dead Adventurer","floor":14,"gold_loss":0},{"damage_healed":0,"gold_gain":0,"player_choice":"Fought Bandits","damage_taken":0,"max_hp_gain":0,"max_hp_loss":0,"event_name":"Masked Bandits","floor":19,"gold_loss":0}],"is_beta":false,"boss_relics":[{"not_picked":["Runic Cube","Mark of Pain"],"picked":"Empty Cage"}],"items_purged_floors":[0,0],"is_endless":false,"potions_floor_spawned":[3,7,10,14,16,18],"killed_by":"Masked Bandits","ascension_level":6}}