{"host":"1c17lcvl7acx821p","time":1611623383,"event":{"mods":["AchievementEnabler","BaseMod","Colored Map","Minty Spire (QoL Compilation)","Quick Restart","Relic Sorter","StSLib"],"gold_per_floor":[119,69,69,85,96,129,129,157,181,181,69,88,88,123,123,225,225,239,239,54,54,67,96,109,129,207,207,12,12,37,37,37,37,133,133,144,6,24,24,44,44,44,44],"floor_reached":42,"language":"ENG","playtime":1517,"items_purged":["Strike_P"],"score":739,"play_id":"af3342a2-6530-455c-96e8-0ca133255a75","local_time":"20210126030943","is_ascension_mode":true,"campfire_choices":[{"floor":7.0,"key":"REST"},{"floor":10.0,"key":"REST"},{"floor":15.0,"key":"REST"},{"floor":29.0,"key":"REST"},{"data":"Vault","floor":31,"key":"SMITH"},{"data":"DevaForm","floor":33,"key":"SMITH"},{"floor":41,"key":"REST"}],"circlet_count":0,"master_deck":["AscendersBane","Strike_P","Strike_P","Defend_P","Defend_P","Defend_P","Eruption","Vigilance","FlurryOfBlows","FollowUp","DevaForm+1","WindmillStrike","Tantrum+1","Prostrate","EmptyFist","Vault+1","Conclude+1","Wallop","DeceiveReality","Writhe","FlurryOfBlows","EmptyBody","Prostrate","ClearTheMind+1","SpiritShield+1","Halt+1","Enlightenment+1","Evaluate+1","InnerPeace+1"],"relics":["PureWater","NeowsBlessing","Bronze Scales","Boot","Toy Ornithopter","Turnip","Runic Pyramid","Potion Belt","WingedGreaves","Pantograph","Du-Vu Doll","HandDrill","Toxic Egg 2","SlaversCollar"],"acts_visited":["Exordium","TheCity","TheBeyond"],"potions_floor_usage":[30,34],"damage_taken":[{"damage":0.0,"enemies":"Small Slimes","floor":1.0,"turns":1.0},{"damage":0.0,"enemies":"Jaw Worm","floor":4.0,"turns":1.0},{"damage":0.0,"enemies":"Cultist","floor":5.0,"turns":1.0},{"damage":34.0,"enemies":"3 Sentries","floor":6.0,"turns":9.0},{"damage":26.0,"enemies":"Gremlin Nob","floor":8.0,"turns":4.0},{"damage":7.0,"enemies":"Gremlin Gang","floor":12.0,"turns":3.0},{"damage":25.0,"enemies":"3 Sentries","floor":14.0,"turns":5.0},{"damage":23.0,"enemies":"The Guardian","floor":16.0,"turns":10.0},{"damage":5.0,"enemies":"3 Byrds","floor":18.0,"turns":3.0},{"damage":4.0,"enemies":"Chosen","floor":22.0,"turns":3.0},{"damage":4.0,"enemies":"Book of Stabbing","floor":23.0,"turns":4.0},{"damage":19.0,"enemies":"Snake Plant","floor":24.0,"turns":5.0},{"damage":5.0,"enemies":"3 Cultists","floor":25.0,"turns":3.0},{"damage":6,"enemies":"Gremlin Leader","floor":30,"turns":6},{"damage":37,"enemies":"Automaton","floor":34,"turns":9},{"damage":17,"enemies":"3 Darklings","floor":36,"turns":6},{"damage":16,"enemies":"3 Shapes","floor":38,"turns":5},{"damage":2,"enemies":"Sphere and 2 Shapes","floor":40,"turns":4},{"damage":68,"enemies":"Reptomancer","floor":42,"turns":5}],"seed_played":"-591713874972744496","potions_obtained":[{"floor":1.0,"key":"StancePotion"},{"floor":6.0,"key":"Dexterity Potion"},{"floor":12.0,"key":"Explosive Potion"},{"floor":18.0,"key":"SpeedPotion"},{"floor":24.0,"key":"EssenceOfSteel"},{"floor":34,"key":"Energy Potion"},{"floor":40,"key":"Fire Potion"}],"is_trial":false,"path_per_floor":["M","?","?","M","M","E","R","E","T","R","$","M","?","E","R","B",null,"M","?","$","?","M","E","M","M","T","T","$","R","E","R","?","R","B",null,"M","$","M","?","M","R","E"],"character_chosen":"WATCHER","items_purchased":["Tantrum","Adaptation","Wallop","DeceiveReality","HandDrill","PowerPotion","Enlightenment+1","Evaluate+1"],"campfire_rested":5,"item_purchase_floors":[11,20,20,20,28,28,37,37],"current_hp_per_floor":[65,65,65,65,65,31,52,26,26,47,47,40,40,20,41,18,59,54,54,54,54,50,46,27,22,22,22,22,43,42,42,72,72,35,63,46,46,30,30,28,49,0,0],"gold":44,"neow_bonus":"THREE_ENEMY_KILL","is_daily":false,"chose_seed":false,"campfire_upgraded":2,"win_rate":0.0,"timestamp":1611623383,"path_taken":["M","?","?","?","?","E","R","E","T","R","$","M","?","E","R","BOSS","M","?","$","?","M","E","M","M","T","T","?","R","E","R","?","R","BOSS","M","$","?","?","M","R","E"],"items_purchased_type":["Card","Card","Card","Card","Relic","Potion","Card","Card"],"build_version":"2020-12-22","purchased_purges":1,"victory":false,"max_hp_per_floor":[72,72,72,72,72,72,72,72,72,72,72,72,72,72,72,72,72,72,72,72,72,72,72,72,72,72,72,72,72,72,72,72,72,72,72,72,72,72,72,72,72,72,72],"card_choices":[{"not_picked":["Study","ClearTheMind"],"picked":"FlurryOfBlows","floor":1.0},{"not_picked":["Consecrate","JustLucky"],"picked":"FollowUp","floor":4.0},{"not_picked":["ClearTheMind","Wireheading"],"picked":"FlyingSleeves","floor":5.0},{"not_picked":["Indignation","WreathOfFlame"],"picked":"DevaForm","floor":6.0},{"not_picked":["Crescendo","PathToVictory"],"picked":"WindmillStrike","floor":8.0},{"not_picked":["Crescendo","Evaluate"],"picked":"Prostrate","floor":12.0},{"not_picked":["Wallop","Halt"],"picked":"EmptyFist","floor":14.0},{"not_picked":["Ragnarok","Omniscience"],"picked":"Vault","floor":16.0},{"not_picked":["Crescendo","EmptyFist"],"picked":"Conclude+1","floor":18.0},{"not_picked":["CrushJoints+1","Vengeance+1"],"picked":"FlurryOfBlows","floor":22.0},{"not_picked":["Evaluate","FlyingSleeves","CrushJoints"],"picked":"SKIP","floor":23.0},{"not_picked":["Adaptation","Evaluate"],"picked":"EmptyBody","floor":24.0},{"not_picked":["Perseverance","PathToVictory"],"picked":"Prostrate","floor":25.0},{"not_picked":["LikeWater","Fasting2"],"picked":"ClearTheMind+1","floor":30},{"not_picked":["Omniscience+1","Wish+1"],"picked":"SpiritShield+1","floor":34},{"not_picked":["EmptyFist+1","CrushJoints+1"],"picked":"Halt+1","floor":36},{"not_picked":["Study+1","ClearTheMind+1"],"picked":"InnerPeace+1","floor":38},{"not_picked":["CutThroughFate","Study+1","ClearTheMind+1"],"picked":"SKIP","floor":40}],"player_experience":212884,"relics_obtained":[{"floor":6.0,"key":"Bronze Scales"},{"floor":8.0,"key":"Boot"},{"floor":9.0,"key":"Toy Ornithopter"},{"floor":14.0,"key":"Turnip"},{"floor":23.0,"key":"WingedGreaves"},{"floor":26.0,"key":"Pantograph"},{"floor":27.0,"key":"Du-Vu Doll"},{"floor":30,"key":"Toxic Egg 2"}],"event_choices":[{"cards_removed":["Strike_P"],"damage_healed":0.0,"max_hp_gain":0.0,"max_hp_loss":0.0,"gold_gain":0.0,"event_name":"The Cleric","player_choice":"Card Removal","floor":2.0,"gold_loss":50.0,"damage_taken":0.0},{"cards_removed":["Defend_P"],"damage_healed":0.0,"max_hp_gain":0.0,"max_hp_loss":0.0,"gold_gain":0.0,"event_name":"Purifier","player_choice":"Purged","floor":3.0,"gold_loss":0.0,"damage_taken":0.0},{"damage_healed":0.0,"max_hp_gain":0.0,"max_hp_loss":0.0,"gold_gain":0.0,"event_name":"Living Wall","player_choice":"Grow","floor":13.0,"gold_loss":0.0,"damage_taken":0.0,"cards_upgraded":["Tantrum"]},{"damage_healed":0.0,"max_hp_gain":0.0,"max_hp_loss":0.0,"gold_gain":0.0,"event_name":"Beggar","player_choice":"Ignored","floor":19.0,"gold_loss":0.0,"damage_taken":0.0},{"damage_healed":0.0,"max_hp_gain":0.0,"max_hp_loss":0.0,"gold_gain":0.0,"event_name":"The Mausoleum","player_choice":"Opened","floor":21.0,"gold_loss":0.0,"damage_taken":0.0,"relics_obtained":["Potion Belt"],"cards_obtained":["Writhe"]},{"cards_removed":["Adaptation"],"damage_healed":30,"gold_gain":0,"player_choice":"Offered Uncommon","damage_taken":0,"max_hp_gain":0,"max_hp_loss":0,"event_name":"Bonfire Elementals","floor":32,"gold_loss":0},{"cards_removed":["FlyingSleeves"],"damage_healed":0,"gold_gain":0,"player_choice":"Removed Attack","damage_taken":0,"max_hp_gain":0,"max_hp_loss":0,"event_name":"Falling","floor":39,"gold_loss":0}],"is_beta":false,"boss_relics":[{"not_picked":["Snecko Eye","SacredBark"],"picked":"Runic Pyramid"},{"not_picked":["Philosopher\u0027s Stone","Runic Dome"],"picked":"SlaversCollar"}],"items_purged_floors":[11],"is_endless":false,"potions_floor_spawned":[1,6,12,18,24,34,40],"killed_by":"Reptomancer","ascension_level":11}}