{"host":"y56d1fjpgcjsodvy","time":1611646665,"event":{"mods":["2.2 Compatiblity","Arknights The Spire","Aspiration","Astrologer","BaseMod","Colored Powertips","GifTheSpireLib","Halation","Hermit","Highlight Path","Hubris","Infinite Spire","Keyboard Shortcuts","Marisa£¨Ùöéë¡¡Øª×âÞÞ£©","Minty Spire (QoL Compilation)","Random Character Button","Rare Cards Sparkle","Relic Stats","Replay The Spire","SOS£¨ÞÙ÷é?ñýí­£©","StSLib","Stuff the Spire","SuperFastMode","The Blackbeard","The Blue Laboratory","The Dragon Tamer","The Poker Player","The Runesmith","TheBandit","Wandering Minibosses","everything is the same but u backflip on backflip"],"gold_per_floor":[113,113,113,133,65,65,398,418,418,451,451,477,19,34,34,133,133,149,161,81,95,110,110,110,110],"floor_reached":24,"language":"KOR","playtime":1583,"items_purged":[],"score":265,"play_id":"88a10caf-33c7-4531-8210-17b2deb500b8","local_time":"20210126163745","is_ascension_mode":true,"campfire_choices":[{"data":"astrologer:ShiningStar","floor":6,"key":"SMITH"},{"data":"astrologer:Shine","floor":11,"key":"SMITH"},{"data":"astrologer:Stardust","floor":15,"key":"SMITH"},{"data":"astrologer:TheWorld","floor":15,"key":"SMITH"},{"floor":23,"key":"REST"}],"circlet_count":0,"master_deck":["astrologer:Strike","astrologer:Strike","astrologer:Strike","astrologer:Defend","astrologer:Defend","astrologer:Defend","astrologer:Defend","astrologer:NorthStar","astrologer:TheFool","astrologer:ShootingStar","astrologer:FrozenStar+1","astrologer:ShiningStar+1","astrologer:ShootingStar","astrologer:TheWorld+1","astrologer:Shine+1","astrologer:Nova","astrologer:Stardust+1","PokerPlayerMod:FlyingCard+1","Flash of Steel+1","StuffTheSpire:Innocence","astrologer:Glimpse+1"],"relics":["astrologer:SkyMirror","aspiration:DSix","Old Coin","Smiling Mask","Molten Egg 2","PrismaticShard","halation:PenCase","Replay:Bronze Core"],"acts_visited":["Exordium","TheCity"],"potions_floor_usage":[12,19,21,22,22],"damage_taken":[{"damage":1,"enemies":"Cultist","floor":1,"turns":4},{"damage":1,"enemies":"Jaw Worm","floor":4,"turns":4},{"damage":20,"enemies":"Lagavulin","floor":7,"turns":8},{"damage":4,"enemies":"Small Slimes","floor":8,"turns":4},{"damage":0,"enemies":"Replay:BlueRogue","floor":10,"turns":7},{"damage":23,"enemies":"3 Sentries","floor":12,"turns":8},{"damage":3,"enemies":"Blue Slaver","floor":14,"turns":7},{"damage":26,"enemies":"Fading Forest","floor":16,"turns":11},{"damage":24,"enemies":"Shell Parasite","floor":18,"turns":7},{"damage":7,"enemies":"3 Byrds","floor":19,"turns":4},{"damage":35,"enemies":"Centurion and Healer","floor":21,"turns":8},{"damage":0,"enemies":"Snake Plant","floor":22,"turns":5},{"damage":45,"enemies":"Snecko","floor":24,"turns":6}],"seed_played":"4245102666517607231","potions_obtained":[{"floor":10,"key":"ColorlessPotion"},{"floor":12,"key":"blueLaboratory:BottleOfRum"},{"floor":16,"key":"Milkshake"},{"floor":18,"key":"PowerPotion"},{"floor":19,"key":"blueLaboratory:NullPotion"}],"is_trial":false,"path_per_floor":["M","?","?","M","$","R","E","M","T","E","R","E","$","M","R","B",null,"M","M","?","M","M","R","M"],"character_chosen":"ASTROLOGER","items_purchased":["astrologer:ShootingStar","PrismaticShard","halation:PenCase"],"campfire_rested":1,"item_purchase_floors":[5,13,13],"current_hp_per_floor":[69,69,69,68,68,68,48,44,44,44,44,21,21,18,18,2,70,46,39,39,4,4,25,0,0],"gold":110,"neow_bonus":"DSIX","is_daily":false,"chose_seed":false,"campfire_upgraded":4,"win_rate":0.0,"timestamp":1611646665,"path_taken":["M","?","?","?","?","R","E","M","T","E","R","E","$","M","R","BOSS","M","M","?","M","M","R","M"],"items_purchased_type":["Card","Relic","Relic"],"build_version":"2020-12-22","purchased_purges":0,"victory":false,"max_hp_per_floor":[70,70,70,70,70,70,70,70,70,70,70,70,70,70,70,70,70,70,70,70,70,70,70,70,70],"relic_stats":{"counters":[13,83],"Smiling Mask":0,"obtain_stats":[{"Replay:Bronze Core":17,"halation:PenCase":13,"Molten Egg 2":12,"astrologer:SkyMirror":0,"aspiration:DSix":0,"Smiling Mask":10,"PrismaticShard":13,"Old Coin":7},{"Replay:Bronze Core":8,"halation:PenCase":6,"Molten Egg 2":6,"astrologer:SkyMirror":0,"aspiration:DSix":0,"Smiling Mask":5,"PrismaticShard":6,"Old Coin":3},{"Replay:Bronze Core":53,"halation:PenCase":35,"Molten Egg 2":35,"astrologer:SkyMirror":0,"aspiration:DSix":0,"Smiling Mask":27,"PrismaticShard":35,"Old Coin":16}]},"card_choices":[{"not_picked":["astrologer:Stardust","astrologer:Radiance"],"picked":"astrologer:ShootingStar","floor":1},{"not_picked":["astrologer:TheEmpress","astrologer:Strength"],"picked":"astrologer:ShiningStar","floor":4},{"not_picked":["astrologer:GlassStar","astrologer:Radiance"],"picked":"astrologer:TheWorld","floor":7},{"not_picked":["astrologer:ReadTheStars","astrologer:TheTower"],"picked":"astrologer:Shine","floor":8},{"not_picked":["astrologer:CometStrike","astrologer:Stardust"],"picked":"astrologer:Nova","floor":10},{"not_picked":["astrologer:TheHighPriestess","astrologer:Eclipse+1"],"picked":"astrologer:Stardust","floor":12},{"not_picked":["ats:Thorns","wariomod:SmackSlam+1"],"picked":"PokerPlayerMod:FlyingCard+1","floor":14},{"not_picked":["PathToVictory","StuffTheSpire:Shiver","DC+1"],"picked":"SKIP","floor":18},{"not_picked":["PathToVictory","Hologram"],"picked":"Flash of Steel+1","floor":19},{"not_picked":["FlurryOfBlows+1","Armaments"],"picked":"astrologer:Glimpse+1","floor":21},{"not_picked":["blackbeard:ArmorUp+1","DTMod:Weaken","blackbeard:FieryDefense+1"],"picked":"SKIP","floor":22}],"player_experience":1264549,"relics_obtained":[{"floor":7,"key":"Old Coin"},{"floor":10,"key":"Smiling Mask"},{"floor":12,"key":"Molten Egg 2"}],"event_choices":[{"damage_healed":0,"gold_gain":0,"player_choice":"Ignored","damage_taken":0,"max_hp_gain":0,"max_hp_loss":0,"event_name":"Liars Game","floor":3,"gold_loss":0}],"is_beta":false,"boss_relics":[{"not_picked":["Empty Cage","Replay:Grab Bag"],"picked":"Replay:Bronze Core"}],"items_purged_floors":[],"is_endless":false,"potions_floor_spawned":[10,12,16,18,19],"killed_by":"Snecko","ascension_level":2}}