{"host":"a4ifeplrx8vfq4u5","time":1611690447,"event":{"mods":["BaseMod","Beaked The Cultist","Better Third Choice","Colored Map","Conspire","Downfall","Marisa????????","Minty Spire (QoL Compilation)","Random Character Button","Rare Cards Sparkle","Replay The Spire","StSLib","The Servant 0.9.4"],"gold_per_floor":[115,125,50,50,66,66,84,84,111,124,224,238,238,250,250,345,345,355,399,399,437,468,468,283,283,332,332,382,382,382,102,102,214,214,261,111,31,64,64,64,99,147,147,247,283,320,365,397,397,415],"floor_reached":51,"language":"ENG","playtime":4878,"items_purged":["Strike_S","Strike_S","Defend_S","Defend_S"],"score":719,"play_id":"a67b9887-633e-44d6-8b61-d50fd3a26a8e","local_time":"20210126194727","is_ascension_mode":false,"campfire_choices":[{"data":"Defy","floor":6.0,"key":"SMITH"},{"data":"SilverBlades","floor":8.0,"key":"SMITH"},{"data":"WasteNot","floor":15.0,"key":"SMITH"},{"data":"KillingDoll","floor":23.0,"key":"SMITH"},{"data":"Luminosity","floor":25.0,"key":"SMITH"},{"data":"FanOfKnives","floor":30.0,"key":"SMITH"},{"data":"Contraction","floor":32.0,"key":"SMITH"},{"data":"SurpressingFire","floor":40,"key":"SMITH"},{"floor":49,"key":"REST"}],"circlet_count":0,"master_deck":["Strike_S","Strike_S","Defend_S","Defend_S","KidneyShot","Exchange","FanOfKnives+1","Defy+1","SilverBlades+1","Contraction+1","WasteNot+1","BottledTime","KillingDoll+1","Moonlight+1","Rearm+1","Ricochet","Rewind+1","Luminosity+1","Sunlight","SurpressingFire+1","Replay:Sssssssssshield","BottledTime","Parasite","GearUp"],"relics":["SplendidAttire","Garlic","Omamori","ReplayTheSpireMod:DimensionalGlitch","Replay:Bandana","ReplayTheSpireMod:CursedCoin","Nunchaku","MealTicket","Red Mask","Centennial Puzzle","Blood Vial","Bag of Preparation","Replay:Towering Pillar of Hats","Art of War"],"acts_visited":["Exordium","TheCity","TheBeyond"],"potions_floor_usage":[50,50],"damage_taken":[{"damage":5.0,"enemies":"Cultist","floor":1.0,"turns":5.0},{"damage":6.0,"enemies":"2 Louse","floor":2.0,"turns":3.0},{"damage":2.0,"enemies":"Small Slimes","floor":5.0,"turns":4.0},{"damage":5.0,"enemies":"Exordium Thugs","floor":7.0,"turns":5.0},{"damage":3.0,"enemies":"Blue Slaver","floor":10.0,"turns":5.0},{"damage":1.0,"enemies":"2 Fungi Beasts","floor":12.0,"turns":4.0},{"damage":8.0,"enemies":"Lots of Slimes","floor":14.0,"turns":5.0},{"damage":7.0,"enemies":"The Guardian","floor":16.0,"turns":22.0},{"damage":0.0,"enemies":"Shell Parasite","floor":18.0,"turns":10.0},{"damage":19.0,"enemies":"conspire:MimicChest","floor":19.0,"turns":8.0},{"damage":0.0,"enemies":"Chosen","floor":21.0,"turns":4.0},{"damage":15.0,"enemies":"Sentry and Sphere","floor":22.0,"turns":6.0},{"damage":9.0,"enemies":"Masked Bandits","floor":28.0,"turns":5.0},{"damage":28.0,"enemies":"conspire:MysteriousRune","floor":33.0,"turns":6.0},{"damage":0,"enemies":"3 Darklings","floor":35,"turns":5},{"damage":0,"enemies":"Orb Walker","floor":38,"turns":3},{"damage":2,"enemies":"3 Darklings","floor":41,"turns":5},{"damage":8,"enemies":"Reptomancer","floor":42,"turns":6},{"damage":0,"enemies":"Writhing Mass","floor":45,"turns":8},{"damage":34,"enemies":"4 Shapes","floor":46,"turns":7},{"damage":4,"enemies":"Jaw Worm Horde","floor":47,"turns":3},{"damage":1,"enemies":"Sphere and 2 Shapes","floor":48,"turns":6},{"damage":0,"enemies":"Time Eater","floor":50,"turns":7}],"seed_played":"7882777744773091065","potions_obtained":[{"floor":2.0,"key":"SteroidPotion"},{"floor":5.0,"key":"BlessingOfTheForge"},{"floor":12.0,"key":"Weak Potion"},{"floor":16.0,"key":"ColorlessPotion"},{"floor":19.0,"key":"SteroidPotion"},{"floor":33.0,"key":"Flashbang"},{"floor":42,"key":"Energy Potion"}],"is_trial":false,"path_per_floor":["M","M","$","T","M","R","M","R","T","M","?","M","?","M","R","B",null,"M","?","?","M","M","R","$","R","T","?","?","?","R","$","R","B",null,"M","$","?","M","?","R","M","E","T","?","M","M","M","M","R","B",null],"character_chosen":"THE_SERVANT","items_purchased":["Luminosity","ReplayTheSpireMod:CursedCoin","Nunchaku","Blood Vial"],"campfire_rested":1,"item_purchase_floors":[24,24,24,31],"current_hp_per_floor":[66,60,60,60,58,58,53,53,53,50,50,49,49,41,41,34,71,71,52,52,52,37,37,37,37,37,37,28,28,28,43,43,16,71,71,71,71,71,71,71,69,62,62,62,63,30,27,27,48,49],"gold":415,"neow_bonus":"TEN_PERCENT_HP_BONUS","is_daily":false,"chose_seed":false,"campfire_upgraded":8,"win_rate":0.0,"timestamp":1611690447,"path_taken":["M","M","$","?","M","R","?","R","T","M","?","?","?","?","R","BOSS","M","?","?","?","M","R","$","R","T","?","?","?","R","$","R","BOSS","M","$","?","?","?","R","M","E","T","?","M","M","M","M","R","BOSS"],"items_purchased_type":["Card","Relic","Relic","Relic"],"build_version":"2020-12-22","purchased_purges":4,"victory":true,"max_hp_per_floor":[71,71,71,71,71,71,71,71,71,71,71,71,71,71,71,71,71,71,71,71,71,71,71,71,71,71,71,71,71,71,71,71,71,71,71,71,71,71,71,71,71,71,71,71,71,71,71,71,71,71],"card_choices":[{"not_picked":["DoubleEdge","Alleviate","Comet"],"picked":"SKIP","floor":1.0},{"not_picked":["Spin","Snipe"],"picked":"FanOfKnives","floor":2.0},{"not_picked":["TimeWarp","RealityMarble"],"picked":"Defy","floor":5.0},{"not_picked":["Alleviate","Comet"],"picked":"SilverBlades","floor":7.0},{"not_picked":["TimeWarp","Spin"],"picked":"Contraction","floor":10.0},{"not_picked":["Replace","Unruled","Revamp"],"picked":"SKIP","floor":12.0},{"not_picked":["Revamp","Barrier"],"picked":"BottledTime","floor":14.0},{"not_picked":["Initiator","ForgedInTime"],"picked":"KillingDoll","floor":16.0},{"not_picked":["Alleviate+1","Starlight+1"],"picked":"Moonlight+1","floor":18.0},{"not_picked":["Replace","InstantArmor"],"picked":"Rearm+1","floor":19.0},{"not_picked":["ShatteredReality+1","Starlight","ShiftingGears"],"picked":"SKIP","floor":21.0},{"not_picked":["Spin","FastForward+1"],"picked":"Rewind+1","floor":22.0},{"not_picked":["LightFlow","FloweringNight"],"picked":"Sunlight","floor":33.0},{"not_picked":["Moonlight","FastForward","Unruled+1"],"picked":"SKIP","floor":35},{"not_picked":["Ricochet+1","Shuttle"],"picked":"SurpressingFire","floor":38},{"not_picked":["Trip","Dark Shackles"],"picked":"Replay:Sssssssssshield","floor":39},{"not_picked":["Alleviate+1","Read","Defy"],"picked":"SKIP","floor":41},{"not_picked":["SpecialFormula","Solidify"],"picked":"BottledTime","floor":42},{"not_picked":["Rearm+1","TimeWarp+1","Snipe"],"picked":"SKIP","floor":45},{"not_picked":["Moondial","ReturningBlade+1","Defy"],"picked":"SKIP","floor":46},{"not_picked":["Replace+1","Comet"],"picked":"GearUp","floor":47},{"not_picked":["Advance","Comet+1","Starlight+1"],"picked":"SKIP","floor":48}],"player_experience":402744,"relics_obtained":[{"floor":4.0,"key":"Garlic"},{"floor":9.0,"key":"Omamori"},{"floor":19.0,"key":"Replay:Bandana"},{"floor":26.0,"key":"MealTicket"},{"floor":28.0,"key":"Red Mask"},{"floor":42,"key":"Replay:Towering Pillar of Hats"},{"floor":43,"key":"Art of War"}],"event_choices":[{"damage_healed":0.0,"max_hp_gain":0.0,"max_hp_loss":0.0,"gold_gain":100.0,"event_name":"Golden Shrine","player_choice":"Pray","floor":11.0,"gold_loss":0.0,"damage_taken":0.0},{"damage_healed":0.0,"max_hp_gain":0.0,"max_hp_loss":0.0,"gold_gain":0.0,"event_name":"Match and Keep!","player_choice":"1 cards matched","floor":13.0,"gold_loss":0.0,"damage_taken":0.0,"cards_obtained":["WasteNot"]},{"damage_healed":0.0,"max_hp_gain":0.0,"max_hp_loss":0.0,"gold_gain":0.0,"event_name":"Match and Keep!","player_choice":"1 cards matched","floor":20.0,"gold_loss":0.0,"damage_taken":0.0,"cards_obtained":["Ricochet"]},{"damage_healed":0.0,"max_hp_gain":0.0,"max_hp_loss":0.0,"gold_gain":0.0,"event_name":"Ghosts","player_choice":"Ignored","floor":27.0,"gold_loss":0.0,"damage_taken":0.0},{"damage_healed":0.0,"max_hp_gain":0.0,"max_hp_loss":0.0,"gold_gain":0.0,"event_name":"Masked Bandits","player_choice":"Fought Bandits","floor":28.0,"gold_loss":0.0,"damage_taken":0.0},{"damage_healed":0,"gold_gain":0,"player_choice":"Paid Gold","damage_taken":0,"relics_obtained":["Bag of Preparation"],"max_hp_gain":0,"max_hp_loss":0,"event_name":"WeMeetAgain","floor":37,"gold_loss":80},{"damage_healed":0,"gold_gain":0,"player_choice":"Memory 1","damage_taken":0,"max_hp_gain":0,"max_hp_loss":0,"event_name":"SensoryStone","floor":39,"gold_loss":0},{"damage_healed":0,"gold_gain":100,"player_choice":"Pray","damage_taken":0,"max_hp_gain":0,"max_hp_loss":0,"event_name":"Golden Shrine","floor":44,"gold_loss":0}],"is_beta":false,"boss_relics":[{"not_picked":["Runic Dome","conspire:SpecialSausage"],"picked":"ReplayTheSpireMod:DimensionalGlitch"},{"not_picked":["Black Star","Kintsugi"],"picked":"SplendidAttire"}],"items_purged_floors":[3,24,31,36],"is_endless":false,"potions_floor_spawned":[2,5,12,14,16,19,33,42,46,47,48],"ascension_level":0}}