{"host":"56d873i5r3uhle0q","time":1611647872,"event":{"mods":["100% Spire Juice","Act Like it!","Aspiration","BaseMod","Block Reminder","Conspire","Dota2Spire","Downfall","Gensokyo","Hermit","Hubris","Infinite Spire","Jedi Mod","Lobotomy","LobotomyExtend","Marisa????????","Marked Mod","Minty Spire (QoL Compilation)","Reliquary","Replay The Spire","StSLib","The Animator","The Bug Knight","The Cursed","The Marked","The Servant 0.9.4","everything is the same but u backflip on backflip","??????REMEMod"],"gold_per_floor":[112,40,56,56,68,68,81,81,104,118,118,118,136,147,147,147,147],"floor_reached":16,"language":"ENG","playtime":1169,"items_purged":[],"score":94,"play_id":"873a7102-8c34-4f91-9a0c-11dc991f24cf","local_time":"20210126005752","is_ascension_mode":false,"campfire_choices":[{"data":"Replay:ManipulateFuture","floor":6.0,"key":"SMITH"},{"floor":8.0,"key":"REST"},{"floor":15.0,"key":"REST"}],"circlet_count":0,"master_deck":["Strike_P","Strike_P","Strike_P","Strike_P","Defend_P","Defend_P","Defend_P","Defend_P","Eruption","Vigilance","animator:Saitama","Devotion","Replay:AtTheReady","Collect","Replay:AtTheReady","Replay:ManipulateFuture+1"],"relics":["PureWater","REME_ComplimentaryCards","Dota2Spire:Vanguard"],"acts_visited":["Gensokyo:Gensokyo"],"potions_floor_usage":[16],"damage_taken":[{"damage":15.0,"enemies":"Gensokyo:Gryphon","floor":1.0,"turns":7.0},{"damage":0.0,"enemies":"Gensokyo:Python","floor":3.0,"turns":9.0},{"damage":0.0,"enemies":"Gensokyo:2_Kodama","floor":5.0,"turns":10.0},{"damage":7.0,"enemies":"Gensokyo:CorruptedTreant","floor":7.0,"turns":15.0},{"damage":23.0,"enemies":"Gensokyo:VengefulSpirit","floor":10.0,"turns":8.0},{"damage":21.0,"enemies":"Gensokyo:2_Rabbits","floor":13.0,"turns":10.0},{"damage":17.0,"enemies":"Gensokyo:Python_and_Kodama","floor":14.0,"turns":10.0},{"damage":39,"enemies":"Gensokyo:Reimu","floor":16,"turns":13}],"seed_played":"-9217297646177978423","potions_obtained":[{"floor":5.0,"key":"hexamod:SoulburnPotion"},{"floor":10.0,"key":"Dexterity Potion"},{"floor":14.0,"key":"champ:CounterPotion"}],"is_trial":false,"path_per_floor":["M","$","M","COS","M","R","M","R","T","M","?","?","M","M","R","B"],"character_chosen":"WATCHER","items_purchased":["Collect"],"campfire_rested":2,"item_purchase_floors":[2],"current_hp_per_floor":[50,50,50,50,50,50,43,62,62,39,39,46,25,8,27,0,0],"gold":147,"neow_bonus":"THREE_RARE_CARDS","is_daily":false,"chose_seed":false,"campfire_upgraded":1,"win_rate":0.0,"timestamp":1611647872,"path_taken":["M","?","M","COS","M","R","M","R","T","?","?","?","M","?","R","BOSS"],"items_purchased_type":["Card"],"build_version":"2020-12-22","purchased_purges":0,"victory":false,"max_hp_per_floor":[65,65,65,65,65,65,65,65,65,65,65,65,65,65,65,65,65],"card_choices":[{"not_picked":["MarkedMod:NorthStar","Blasphemy"],"picked":"Devotion","floor":0.0},{"not_picked":["BowlingBash","Replay:Battleflow"],"picked":"Replay:AtTheReady","floor":1.0},{"not_picked":["EmptyBody","Halt"],"picked":"Replay:AtTheReady","floor":3.0},{"not_picked":["ClearTheMind","Halt"],"picked":"Replay:ManipulateFuture","floor":5.0},{"not_picked":["Protect","FlyingSleeves","Replay:AtTheReady"],"picked":"SKIP","floor":7.0},{"not_picked":["ClearTheMind","MarkedMod:FirstStrike","Blasphemy"],"picked":"SKIP","floor":10.0},{"not_picked":["CrushJoints","Indignation","Replay:Cycle"],"picked":"SKIP","floor":13.0},{"not_picked":["BowlingBash","CrushJoints","Crescendo"],"picked":"SKIP","floor":14.0}],"player_experience":649236,"relics_obtained":[{"floor":9.0,"key":"Dota2Spire:Vanguard"}],"event_choices":[],"is_beta":false,"boss_relics":[],"items_purged_floors":[],"is_endless":false,"potions_floor_spawned":[5,10,14],"killed_by":"Gensokyo:Reimu","ascension_level":0}}