{"host":"4rvakrj1idbgia3f","time":1611689778,"event":{"mods":["BaseMod","Colored Map","Colored Powertips","DeckTracker","Highlight Path","Minty Spire (QoL Compilation)","Random Character Button","StSLib"],"gold_per_floor":[110,35,51,51,65,65,83,83,83,108,108,133,133,150,150,225,225,244,258,258,173,184,184,214,214,214,214,228,228,228,248,248,248,248],"floor_reached":33,"language":"JPN","playtime":1431,"items_purged":[],"score":550,"play_id":"d6923804-daec-4331-a2db-3688772c1710","local_time":"20210127043618","is_ascension_mode":true,"campfire_choices":[{"data":"Quick Slash","floor":6,"key":"SMITH"},{"data":"Dash","floor":8,"key":"SMITH"},{"data":"Doppelganger","floor":11,"key":"SMITH"},{"data":"Flying Knee","floor":13,"key":"SMITH"},{"data":"Blur","floor":15,"key":"SMITH"},{"data":"Storm of Steel","floor":23,"key":"SMITH"},{"data":"Eviscerate","floor":25,"key":"SMITH"},{"data":"Dagger Throw","floor":29,"key":"SMITH"},{"floor":32,"key":"REST"}],"circlet_count":0,"master_deck":["AscendersBane","Strike_G","Strike_G","Defend_G","Defend_G+1","Defend_G","Survivor","Neutralize","Cloak And Dagger+1","Flying Knee+1","Quick Slash+1","Dash+1","Doppelganger+1","Blur+1","Storm of Steel+1","Quick Slash+1","Dagger Throw+1","Eviscerate+1","Bane","Leg Sweep+1","Backstab+1","Catalyst","Wraith Form v2","Venomology"],"relics":["Philosopher\u0027s Stone","Gremlin Horn","Ornamental Fan","War Paint","HoveringKite","Regal Pillow","PreservedInsect","Singing Bowl"],"acts_visited":["Exordium","TheCity"],"potions_floor_usage":[10,33,33],"damage_taken":[{"damage":0.0,"enemies":"2 Louse","floor":1.0,"turns":5.0},{"damage":3,"enemies":"Jaw Worm","floor":3,"turns":4},{"damage":1,"enemies":"Small Slimes","floor":5,"turns":3},{"damage":8,"enemies":"3 Louse","floor":7,"turns":4},{"damage":11,"enemies":"Lagavulin","floor":10,"turns":7},{"damage":7,"enemies":"3 Sentries","floor":12,"turns":9},{"damage":0,"enemies":"Large Slime","floor":14,"turns":3},{"damage":6,"enemies":"The Guardian","floor":16,"turns":15},{"damage":0,"enemies":"Shell Parasite","floor":18,"turns":7},{"damage":13,"enemies":"Spheric Guardian","floor":19,"turns":5},{"damage":0,"enemies":"Cultist and Chosen","floor":22,"turns":5},{"damage":27,"enemies":"Book of Stabbing","floor":24,"turns":7},{"damage":0,"enemies":"Shelled Parasite and Fungi","floor":28,"turns":5},{"damage":0,"enemies":"Snecko","floor":31,"turns":5},{"damage":67,"enemies":"Collector","floor":33,"turns":16}],"seed_played":"-4092206889981126414","potions_obtained":[{"floor":3,"key":"Regen Potion"},{"floor":7,"key":"SteroidPotion"},{"floor":14,"key":"Explosive Potion"},{"floor":31,"key":"Dexterity Potion"}],"is_trial":false,"path_per_floor":["M","?","M","?","M","R","M","R","T","E","R","E","R","M","R","B",null,"M","M","?","?","M","R","E","R","T","?","M","R","?","M","R","B"],"character_chosen":"THE_SILENT","items_purchased":[],"campfire_rested":1,"item_purchase_floors":[],"current_hp_per_floor":[59,59,56,56,55,55,47,47,47,36,36,29,29,29,29,23,55,55,42,42,42,42,42,15,15,15,15,15,15,15,15,49,0,0],"gold":248,"neow_bonus":"BOSS_RELIC","is_daily":false,"chose_seed":false,"campfire_upgraded":8,"win_rate":0.0,"timestamp":1611689778,"path_taken":["M","?","M","?","?","R","M","R","T","E","R","E","R","M","R","BOSS","M","M","?","?","M","R","E","R","T","?","M","R","?","M","R","BOSS"],"items_purchased_type":[],"build_version":"2020-12-22","purchased_purges":0,"victory":false,"max_hp_per_floor":[66,66,66,66,66,66,66,66,66,66,66,66,66,66,66,66,66,66,66,66,66,66,66,66,66,66,66,66,66,66,66,66,66,66],"card_choices":[{"not_picked":["Acrobatics","Outmaneuver"],"picked":"Cloak And Dagger","floor":1.0},{"not_picked":["Bane","Terror"],"picked":"Flying Knee","floor":3},{"not_picked":["Prepared","Cloak And Dagger"],"picked":"Quick Slash","floor":5},{"not_picked":["Sucker Punch","PiercingWail"],"picked":"Dash","floor":7},{"not_picked":["Backflip","Noxious Fumes"],"picked":"Doppelganger","floor":10},{"not_picked":["Underhanded Strike","Quick Slash","Endless Agony"],"picked":"SKIP","floor":12},{"not_picked":["Outmaneuver","PiercingWail"],"picked":"Blur","floor":14},{"not_picked":["Die Die Die","Venomology"],"picked":"Storm of Steel","floor":16},{"not_picked":["Deflect","Slice"],"picked":"Quick Slash+1","floor":18},{"not_picked":["Tactician","Noxious Fumes"],"picked":"Dagger Throw","floor":19},{"not_picked":["Distraction","Expertise"],"picked":"Leg Sweep+1","floor":22},{"not_picked":["Poisoned Stab","Flying Knee+1"],"picked":"Backstab+1","floor":24},{"not_picked":["Bane","Prepared"],"picked":"Catalyst","floor":28},{"not_picked":["Flying Knee","Dodge and Roll"],"picked":"Venomology","floor":31}],"player_experience":2123762,"relics_obtained":[{"floor":9,"key":"Gremlin Horn"},{"floor":10,"key":"Ornamental Fan"},{"floor":12,"key":"War Paint"},{"floor":24,"key":"PreservedInsect"},{"floor":26,"key":"Singing Bowl"}],"event_choices":[{"cards_removed":["Defend_G"],"damage_healed":0.0,"max_hp_gain":0.0,"max_hp_loss":0.0,"gold_gain":0.0,"event_name":"The Cleric","player_choice":"Card Removal","floor":2.0,"gold_loss":75.0,"damage_taken":0.0},{"cards_removed":["Strike_G"],"damage_healed":0,"gold_gain":0,"player_choice":"Forget","damage_taken":0,"max_hp_gain":0,"max_hp_loss":0,"event_name":"Living Wall","floor":4,"gold_loss":0},{"damage_healed":0,"gold_gain":0,"cards_transformed":["Strike_G","Defend_G"],"player_choice":"Became Test Subject","damage_taken":0,"max_hp_gain":0,"max_hp_loss":0,"event_name":"Drug Dealer","floor":20,"gold_loss":0,"cards_obtained":["Eviscerate","Bane"]},{"damage_healed":0,"gold_gain":0,"player_choice":"Obtained Relic","damage_taken":0,"relics_obtained":["Regal Pillow"],"max_hp_gain":0,"max_hp_loss":0,"event_name":"Addict","floor":21,"gold_loss":85},{"cards_removed":["Strike_G"],"damage_healed":0,"gold_gain":0,"player_choice":"Elegance","damage_taken":0,"max_hp_gain":0,"max_hp_loss":0,"event_name":"Back to Basics","floor":27,"gold_loss":0},{"damage_healed":0,"gold_gain":0,"player_choice":"Read","damage_taken":0,"max_hp_gain":0,"max_hp_loss":0,"event_name":"The Library","floor":30,"gold_loss":0,"cards_obtained":["Wraith Form v2"]}],"is_beta":false,"boss_relics":[{"not_picked":["Cursed Key","Tiny House"],"picked":"HoveringKite"}],"items_purged_floors":[],"is_endless":false,"potions_floor_spawned":[3,7,14,22,31],"killed_by":"Collector","ascension_level":20}}