{"host":"bhbf7zxbh2qxgvbr","time":1611649587,"event":{"mods":["BaseMod","Chen","Friendly Minions","Marisa£®ÏF”Í°°ƒß¿Ì…≥£©","Minty Spire (QoL Compilation)","Quick Restart","Reimu£®≤©¿ˆ¡È√Œ£©","Remilia£®¿Ÿ√◊¿Ú—«£©","StSLib","The Administrix","The Servant 0.9.4","Youmu£®ªÍ∆«—˝√Œ£©"],"gold_per_floor":[119,119,44,44,58,92,92,92,92,92,112,12,12,31,31,151,151,174,49,49,65,85,128,153,153,153,177,193,193,237,250,250,370,370,388,451,475,277,295,336,336,94,94,94,125,145,165,196,196,196,196,196,79,123,123],"floor_reached":56,"language":"ZHS","playtime":2598,"items_purged":["Defend_MRS","Strike_MRS","Defend_MRS","Defend_MRS"],"score":1796,"play_id":"470399a0-b167-440c-a24a-f74e595b7687","local_time":"20210126162627","is_ascension_mode":true,"campfire_choices":[{"data":"StarBarrage","floor":8,"key":"SMITH"},{"data":"6A","floor":10,"key":"SMITH"},{"data":"MilkyWay","floor":15,"key":"SMITH"},{"data":"6A","floor":25,"key":"SMITH"},{"floor":29,"key":"RECALL"},{"data":"UltimateShortwave","floor":32,"key":"SMITH"},{"data":"Purity","floor":41,"key":"SMITH"},{"data":"UltimateShortwave","floor":49,"key":"SMITH"},{"data":"TreasureHunter","floor":52,"key":"SMITH"}],"circlet_count":0,"master_deck":["Strike_MRS+1","Defend_MRS+1","MasterSpark","UpSweep","6A+1","StarBarrage+1","MilkyWay+1","6A+1","MagicChant+1","UltimateShortwave+1","UltimateShortwave+1","BlazeAway+1","MilkyWay+1","Purity+1","TreasureHunter+1","Acceleration+1","Acceleration+1","ManaConvection+1","ManaConvection+1"],"relics":["MiniHakkero","NeowsBlessing","Gambling Chip","Golden Idol","Ornamental Fan","Eternal Feather","Runic Pyramid","FaceOfCleric","The Courier","Bottled Flame","Coffee Dripper","StoneCalendar","Frozen Egg 2","Vajra","Bag of Preparation","InkBottle","Toxic Egg 2","Happy Flower","Question Card","Nunchaku","DollysMirror","Letter Opener"],"acts_visited":["Exordium","TheCity","TheBeyond","TheEnding"],"potions_floor_usage":[40,40,40],"damage_taken":[{"damage":0,"enemies":"2 Louse","floor":1,"turns":1},{"damage":0,"enemies":"Jaw Worm","floor":5,"turns":1},{"damage":0,"enemies":"Lagavulin","floor":6,"turns":1},{"damage":0,"enemies":"Small Slimes","floor":11,"turns":3},{"damage":0,"enemies":"Blue Slaver","floor":14,"turns":2},{"damage":14,"enemies":"Hexaghost","floor":16,"turns":7},{"damage":0,"enemies":"Chosen","floor":18,"turns":3},{"damage":6,"enemies":"2 Thieves","floor":21,"turns":3},{"damage":0,"enemies":"Centurion and Healer","floor":22,"turns":4},{"damage":7,"enemies":"Gremlin Leader","floor":23,"turns":4},{"damage":0,"enemies":"3 Cultists","floor":24,"turns":4},{"damage":0,"enemies":"Cultist and Chosen","floor":27,"turns":4},{"damage":5,"enemies":"Centurion and Healer","floor":28,"turns":4},{"damage":0,"enemies":"Book of Stabbing","floor":30,"turns":4},{"damage":2,"enemies":"Chosen and Byrds","floor":31,"turns":4},{"damage":2,"enemies":"Champ","floor":33,"turns":5},{"damage":0,"enemies":"Orb Walker","floor":35,"turns":3},{"damage":29,"enemies":"Mind Bloom Boss Battle","floor":36,"turns":5},{"damage":17,"enemies":"3 Shapes","floor":37,"turns":4},{"damage":0,"enemies":"Maw","floor":39,"turns":4},{"damage":35,"enemies":"Nemesis","floor":40,"turns":7},{"damage":0,"enemies":"Giant Head","floor":45,"turns":6},{"damage":0,"enemies":"Spire Growth","floor":46,"turns":3},{"damage":1,"enemies":"Jaw Worm Horde","floor":47,"turns":3},{"damage":0,"enemies":"Reptomancer","floor":48,"turns":3},{"damage":0,"enemies":"Awakened One","floor":50,"turns":3},{"damage":0,"enemies":"Shield and Spear","floor":54,"turns":3},{"damage":56,"enemies":"The Heart","floor":55,"turns":5}],"seed_played":"-1764261262868852789","potions_obtained":[{"floor":5,"key":"FearPotion"},{"floor":11,"key":"SkillPotion"},{"floor":18,"key":"Swift Potion"},{"floor":27,"key":"Block Potion"},{"floor":30,"key":"Fire Potion"},{"floor":45,"key":"DuplicationPotion"},{"floor":47,"key":"DuplicationPotion"}],"is_trial":false,"path_per_floor":["M","?","$","?","M","E","?","R","T","R","M","$","T","M","R","B",null,"M","$","?","M","M","E","M","R","T","M","M","R","E","M","R","B",null,"M","?","M","$","M","E","R","$","T","?","E","M","M","E","R","B",null,"R","$","E","B",null],"character_chosen":"MARISA","items_purchased":["Purity","Vajra","Bag of Preparation","DollysMirror"],"campfire_rested":0,"item_purchase_floors":[38,42,42,53],"current_hp_per_floor":[75,68,68,53,53,53,35,35,35,35,35,35,35,35,41,27,63,63,63,63,58,59,53,54,60,60,61,57,63,64,63,69,68,80,81,53,37,37,38,4,13,13,13,13,14,15,15,16,25,26,77,86,86,87,32],"gold":123,"neow_bonus":"THREE_ENEMY_KILL","is_daily":false,"chose_seed":false,"campfire_upgraded":8,"win_rate":0.0,"timestamp":1611649587,"path_taken":["M","?","$","?","M","E","?","R","T","R","M","?","?","M","R","BOSS","M","$","?","M","?","E","M","R","T","M","M","R","E","?","R","BOSS","M","?","M","$","M","E","R","$","T","?","E","M","M","E","R","BOSS","R","$","E","BOSS"],"items_purchased_type":["Card","Relic","Relic","Relic"],"build_version":"2020-12-22","purchased_purges":4,"victory":true,"max_hp_per_floor":[75,75,75,75,75,75,75,75,75,75,75,75,75,75,75,75,75,75,75,75,76,77,78,79,79,79,80,81,81,82,83,83,84,84,85,86,87,87,88,89,89,89,89,89,90,91,92,93,93,94,94,94,94,95,96],"card_choices":[{"not_picked":["WitchLeyline","MysteriousBeam"],"picked":"6A","floor":1},{"not_picked":["MysteriousBeam","GasGiant","DC"],"picked":"SKIP","floor":5},{"not_picked":["MagicChant","DarkSpark"],"picked":"StarBarrage","floor":6},{"not_picked":["Robbery","DarkSpark","WitchOfGreed"],"picked":"SKIP","floor":11},{"not_picked":["DarkMatter","WitchOfGreed"],"picked":"MilkyWay","floor":14},{"not_picked":["AsteroidBelt","GravityBeat+1"],"picked":"6A","floor":18},{"not_picked":["MysteriousBeam+1","LuminesStrike","NonDirectionalLaser"],"picked":"SKIP","floor":21},{"not_picked":["Orbital+1","NonDirectionalLaser"],"picked":"MagicChant+1","floor":22},{"not_picked":["WitchLeyline","SuperPerseids+1","DoubleSpark"],"picked":"SKIP","floor":23},{"not_picked":["MysteriousBeam","DeepEcoloBomb+1","WitchOfGreed+1"],"picked":"SKIP","floor":24},{"not_picked":["GasGiant","OpenUniverse","OneTimeOff+1"],"picked":"SKIP","floor":27},{"not_picked":["DarkSpark+1","ShootingEcho","PropBag+1"],"picked":"SKIP","floor":28},{"not_picked":["WitchLeyline","MysteriousBeam+1","LuminesStrike"],"picked":"SKIP","floor":30},{"not_picked":["WitchLeyline","MysteriousBeam+1","LuminesStrike"],"picked":"SKIP","floor":30},{"not_picked":["6A+1","WitchOfGreed"],"picked":"UltimateShortwave","floor":31},{"not_picked":["BlazingStar","ManaRampage"],"picked":"UltimateShortwave","floor":33},{"not_picked":["NonDirectionalLaser+1","BlazeAway+1","FairyDestructionRay"],"picked":"SKIP","floor":35},{"not_picked":["NonDirectionalLaser+1","FairyDestructionRay"],"picked":"BlazeAway+1","floor":35},{"not_picked":["OneTimeOff+1","SuperPerseids+1"],"picked":"MilkyWay+1","floor":37},{"not_picked":["6A","WitchOfGreed","GalacticHalo"],"picked":"SKIP","floor":39},{"not_picked":["LuminesStrike+1","SprinkleStarSeal+1","GrandCross"],"picked":"SKIP","floor":40},{"not_picked":["ChargeUpSpray","GalacticHalo+1"],"picked":"Acceleration+1","floor":45},{"not_picked":["SuperPerseids+1","Occultation+1","6A"],"picked":"SKIP","floor":46},{"not_picked":["EarthLightRay+1","WitchLeyline+1"],"picked":"Acceleration+1","floor":47},{"not_picked":["Orbital+1","SporeBomb+1"],"picked":"ManaConvection+1","floor":48},{"not_picked":["DoubleSpark","MeteoricShower","MaximisePower+1","SuperPerseids+1"],"picked":"SKIP","floor":54}],"player_experience":377422,"relics_obtained":[{"floor":6,"key":"Gambling Chip"},{"floor":9,"key":"Ornamental Fan"},{"floor":13,"key":"Eternal Feather"},{"floor":23,"key":"The Courier"},{"floor":30,"key":"Bottled Flame"},{"floor":36,"key":"StoneCalendar"},{"floor":40,"key":"Frozen Egg 2"},{"floor":43,"key":"InkBottle"},{"floor":45,"key":"Toxic Egg 2"},{"floor":45,"key":"Happy Flower"},{"floor":48,"key":"Question Card"},{"floor":48,"key":"Nunchaku"},{"floor":54,"key":"Letter Opener"}],"event_choices":[{"cards_removed":["Strike_MRS"],"damage_healed":0,"gold_gain":0,"player_choice":"Card Removal","damage_taken":7,"max_hp_gain":0,"max_hp_loss":0,"event_name":"Golden Wing","floor":2,"gold_loss":0},{"damage_healed":0,"gold_gain":0,"player_choice":"Entered Light","damage_taken":15,"max_hp_gain":0,"max_hp_loss":0,"event_name":"Shining Light","floor":4,"gold_loss":0,"cards_upgraded":["Defend_MRS","Strike_MRS"]},{"damage_healed":0,"gold_gain":0,"player_choice":"Take Damage","damage_taken":18,"relics_obtained":["Golden Idol"],"max_hp_gain":0,"max_hp_loss":0,"event_name":"Golden Idol","floor":7,"gold_loss":0},{"damage_healed":0,"gold_gain":0,"player_choice":"Trade","damage_taken":0,"relics_obtained":["FaceOfCleric"],"max_hp_gain":0,"max_hp_loss":0,"event_name":"FaceTrader","floor":20,"gold_loss":0},{"damage_healed":0,"gold_gain":0,"player_choice":"Fight","damage_taken":0,"max_hp_gain":0,"max_hp_loss":0,"event_name":"MindBloom","floor":36,"gold_loss":0},{"damage_healed":0,"gold_gain":0,"cards_transformed":["Strike_MRS"],"player_choice":"Transformed","damage_taken":0,"max_hp_gain":0,"max_hp_loss":0,"event_name":"Transmorgrifier","floor":44,"gold_loss":0,"cards_obtained":["TreasureHunter"]}],"is_beta":false,"boss_relics":[{"not_picked":["SlaversCollar","Astrolabe"],"picked":"Runic Pyramid"},{"not_picked":["Calling Bell","BewitchedHakkero"],"picked":"Coffee Dripper"}],"items_purged_floors":[3,12,19,38],"is_endless":false,"potions_floor_spawned":[5,11,18,21,27,28,30,33,36,37,45,47],"ascension_level":5}}