{"host":"tkinv8gv6hgcc58b","time":1611693665,"event":{"mods":["AchievementEnabler","BaseMod","BetterRewards","Colored Map","Downfall","Googly Eyes","Hermit","Minty Spire (QoL Compilation)","READ ME - Guardian Mod","Relic Filter","StSLib","The Cursed","The Disciple"],"gold_per_floor":[115,115,65,65,40,40,56,75,75,105,115,115,115],"floor_reached":12,"language":"ENG","playtime":316,"items_purged":[],"score":126,"play_id":"32c2f816-2977-4a37-afec-8f8cea860aa1","local_time":"20210126154105","is_ascension_mode":true,"campfire_choices":[{"floor":6.0,"key":"REST"}],"circlet_count":0,"master_deck":["AscendersBane","Strike_G","Strike_G","Strike_G","Strike_G","Strike_G","Defend_G","Defend_G","Defend_G","Defend_G","Defend_G","Survivor","Neutralize","Mayhem","Noxious Fumes","Heel Hook","Deadly Poison","Catalyst"],"relics":["Ring of the Snake","Girya","Membership Card","Turnip","Pantograph","Tingsha"],"acts_visited":["Exordium"],"potions_floor_usage":[12,12],"damage_taken":[{"damage":7.0,"enemies":"Jaw Worm","floor":1.0,"turns":5.0},{"damage":1.0,"enemies":"2 Louse","floor":7.0,"turns":3.0},{"damage":11.0,"enemies":"Small Slimes","floor":8.0,"turns":5.0},{"damage":12,"enemies":"3 Louse","floor":11,"turns":4},{"damage":19,"enemies":"Gremlin Nob","floor":12,"turns":3}],"seed_played":"-94267236429060762","potions_obtained":[{"floor":1.0,"key":"hexamod:SoulburnPotion"},{"floor":8.0,"key":"FearPotion"}],"is_trial":false,"path_per_floor":["M","?","?","?","$","R","M","M","T","?","M","E"],"character_chosen":"THE_SILENT","items_purchased":["Membership Card","Turnip","Mayhem","Noxious Fumes","Deadly Poison"],"campfire_rested":1,"item_purchase_floors":[0,0,0,0,5],"current_hp_per_floor":[22,11,11,11,11,30,29,18,18,18,6,0,0],"gold":115,"neow_bonus":"","is_daily":false,"chose_seed":false,"campfire_upgraded":0,"win_rate":0.0,"timestamp":1611693665,"path_taken":["M","?","?","?","$","R","M","?","T","?","M","E"],"items_purchased_type":["Relic","Relic","Card","Card","Card"],"build_version":"2020-12-22","purchased_purges":0,"victory":false,"max_hp_per_floor":[66,66,66,66,66,66,66,66,66,66,66,66,66],"card_choices":[{"not_picked":["Predator","Outmaneuver"],"picked":"Heel Hook","floor":1.0},{"not_picked":["Deflect","Dagger Throw","Outmaneuver"],"picked":"SKIP","floor":7.0},{"not_picked":["Acrobatics","Expertise","Quick Slash"],"picked":"SKIP","floor":8.0},{"not_picked":["Outmaneuver","Acrobatics"],"picked":"Catalyst","floor":11}],"player_experience":1074445,"relics_obtained":[{"floor":9.0,"key":"Tingsha"}],"event_choices":[{"damage_healed":0.0,"max_hp_gain":0.0,"max_hp_loss":0.0,"gold_gain":0.0,"event_name":"Scrap Ooze","player_choice":"Success","floor":2.0,"gold_loss":0.0,"damage_taken":11.0,"relics_obtained":["Pantograph"]},{"damage_healed":0.0,"max_hp_gain":0.0,"max_hp_loss":0.0,"gold_gain":0.0,"event_name":"World of Goop","player_choice":"Left Gold","floor":3.0,"gold_loss":50.0,"damage_taken":0.0},{"damage_healed":0.0,"max_hp_gain":0.0,"max_hp_loss":0.0,"gold_gain":0.0,"event_name":"Shining Light","player_choice":"Ignored","floor":4.0,"gold_loss":0.0,"damage_taken":0.0},{"damage_healed":0,"gold_gain":30,"player_choice":"Searched \u00271\u0027 times","damage_taken":0,"max_hp_gain":0,"max_hp_loss":0,"event_name":"Dead Adventurer","floor":10,"gold_loss":0}],"is_beta":false,"boss_relics":[],"items_purged_floors":[],"is_endless":false,"potions_floor_spawned":[1,8],"killed_by":"Gremlin Nob","ascension_level":17}}