{"host":"opyh6vr790e42ffe","time":1611698972,"event":{"mods":["BaseMod","Bestiary","Colored Map","Downfall","Highlight Path","Minty Spire (QoL Compilation)","Relic Stats","StSLib"],"gold_per_floor":[99,112,125,85,97,97,123,30,47,47,57,85,85,85,103,205,205,5,25,39,50,50,84,84,84,101,101,127,127,127,141,157,157,157,157],"floor_reached":33,"language":"ENG","playtime":1934,"items_purged":[],"score":314,"play_id":"24ea5032-7461-4ecf-ad25-9ded32775489","local_time":"20210126140932","is_ascension_mode":false,"campfire_choices":[{"floor":1,"key":"RECALL"},{"data":"bronze:GetLatest","floor":6,"key":"SMITH"},{"data":"bronze:Assembly","floor":18,"key":"SMITH"},{"data":"bronze:Fortify","floor":25,"key":"SMITH"},{"data":"bronze:BronzeOrb","floor":27,"key":"SMITH"},{"floor":30,"key":"REST"}],"circlet_count":0,"master_deck":["bronze:Strike","bronze:Strike","bronze:Defend","bronze:Defend","bronze:Defend","bronze:Defend","bronze:Replicate","bronze:Goto","bronze:GetLatest+1","bronze:CloningBeam","bronze:FineTuning","bronze:Deprecate","bronze:Flail","bronze:BuggyMess","bronze:Optimize","bronze:Fortify+1","bronze:Iterate","bronze:FindAndReplace","downfall:Haunted","downfall:Haunted","downfall:Haunted","bronze:HardenedForm","Decay","bronze:Assembly+1","bronze:BronzeOrb+1","bronze:HardenedForm","bronze:FineTuning","bronze:Break","bronze:BronzeOrb+1","bronze:Frontload+1","bronze:Assembly","bronze:BuggyMess+1","bronze:Iterate+1"],"relics":["bronze:BronzeCore","Orichalcum","PreservedInsect","Mummified Hand","Snecko Eye","downfall:HeartBlessingRed","downfall:HeartBlessingGreen","bronze:BottledCode","Tiny Chest","Kunai","Gambling Chip"],"acts_visited":["Exordium","TheCity"],"potions_floor_usage":[8,21,33,33],"damage_taken":[{"damage":4,"enemies":"Jaw Worm","floor":2,"turns":4},{"damage":1,"enemies":"2 Louse","floor":3,"turns":4},{"damage":4,"enemies":"downfall:FleeingMerchant","floor":4,"turns":4},{"damage":3,"enemies":"Cultist","floor":5,"turns":4},{"damage":4,"enemies":"downfall:FleeingMerchant","floor":8,"turns":4},{"damage":6,"enemies":"3 Louse","floor":9,"turns":4},{"damage":5,"enemies":"Exordium Wildlife","floor":11,"turns":4},{"damage":5,"enemies":"3 Sentries","floor":12,"turns":2},{"damage":4,"enemies":"Blue Slaver","floor":15,"turns":3},{"damage":27,"enemies":"IC_STATUS_ARCHETYPE","floor":16,"turns":6},{"damage":0,"enemies":"3 Byrds","floor":19,"turns":5},{"damage":0,"enemies":"Chosen","floor":20,"turns":3},{"damage":0,"enemies":"Shelled Parasite and Fungi","floor":21,"turns":2},{"damage":31,"enemies":"Gremlin Leader","floor":23,"turns":8},{"damage":6,"enemies":"Centurion and Healer","floor":26,"turns":6},{"damage":12,"enemies":"Book of Stabbing","floor":28,"turns":4},{"damage":0,"enemies":"Snake Plant","floor":31,"turns":2},{"damage":4,"enemies":"Shelled Parasite and Fungi","floor":32,"turns":3},{"damage":70,"enemies":"DF_ARCHETYPE_CLAW","floor":33,"turns":8}],"seed_played":"6150847823580244394","potions_obtained":[{"floor":2,"key":"GamblersBrew"},{"floor":11,"key":"Fire Potion"},{"floor":15,"key":"Ancient Potion"},{"floor":16,"key":"GamblersBrew"},{"floor":21,"key":"sneckomod:MuddlingPotion"}],"is_trial":false,"path_per_floor":["R","M","M","$","M","R","T","$","M","?","M","E","?","?","M","B",null,"R","M","M","M","?","E","T","R","M","R","E","?","R","M","M","B"],"character_chosen":"THE_AUTOMATON","items_purchased":["bronze:Deprecate","bronze:Optimize"],"campfire_rested":1,"item_purchase_floors":[4,8],"current_hp_per_floor":[70,66,65,61,58,58,58,54,48,48,43,38,67,67,63,36,99,99,99,99,99,89,58,58,58,52,52,40,40,66,66,62,0,0,0],"gold":157,"neow_bonus":"RANDOM_COMMON_RELIC","is_daily":false,"chose_seed":false,"campfire_upgraded":4,"win_rate":0.0,"timestamp":1611698972,"path_taken":["R","M","M","$","M","R","T","$","M","?","M","E","?","?","M","BOSS","R","M","M","?","?","E","T","R","M","R","E","?","R","M","M","BOSS"],"items_purchased_type":["Card","Card"],"build_version":"2020-12-22","purchased_purges":0,"victory":false,"max_hp_per_floor":[70,70,70,70,70,70,70,70,70,70,70,70,99,99,99,99,99,99,99,99,99,89,89,89,89,89,89,89,89,89,89,89,89,89,89],"relic_stats":{"counters":[19,80],"Mummified Hand":[45],"Gambling Chip":[15],"Snecko Eye":[59,62,45,78],"Tiny Chest":0,"PreservedInsect":147,"Kunai":[10],"Orichalcum":[156],"obtain_stats":[{"Darkstone Periapt":13,"bronze:BottledCode":22,"bronze:BronzeCore":0,"downfall:HeartBlessingRed":18,"Mummified Hand":12,"Gambling Chip":28,"Snecko Eye":17,"downfall:HeartBlessingGreen":18,"Tiny Chest":23,"PreservedInsect":7,"Kunai":24,"Orichalcum":0},{"Darkstone Periapt":8,"bronze:BottledCode":13,"bronze:BronzeCore":0,"downfall:HeartBlessingRed":10,"Mummified Hand":8,"Gambling Chip":16,"Snecko Eye":10,"downfall:HeartBlessingGreen":10,"Tiny Chest":14,"PreservedInsect":4,"Kunai":14,"Orichalcum":0},{"Darkstone Periapt":30,"bronze:BottledCode":49,"bronze:BronzeCore":0,"downfall:HeartBlessingRed":39,"Mummified Hand":30,"Gambling Chip":67,"Snecko Eye":39,"downfall:HeartBlessingGreen":39,"Tiny Chest":57,"PreservedInsect":16,"Kunai":57,"Orichalcum":0}]},"card_choices":[{"not_picked":["bronze:FollowUp","bronze:Return"],"picked":"bronze:GetLatest","floor":2},{"not_picked":["bronze:Invalidate","bronze:Iterate"],"picked":"bronze:CloningBeam","floor":3},{"not_picked":["bronze:Iterate","bronze:Shell"],"picked":"bronze:FineTuning","floor":4},{"not_picked":["bronze:Invalidate","bronze:BugBarrage"],"picked":"bronze:Flail","floor":5},{"not_picked":["bronze:Backtrace","bronze:NullPointer"],"picked":"bronze:BuggyMess","floor":8},{"not_picked":["bronze:Invalidate","bronze:BugBarrage"],"picked":"bronze:Fortify","floor":9},{"not_picked":["bronze:CutThrough","bronze:Shield"],"picked":"bronze:Iterate","floor":11},{"not_picked":["bronze:BugBarrage","bronze:NullPointer"],"picked":"bronze:FindAndReplace","floor":12},{"not_picked":["bronze:BugBarrage","bronze:ForceShield"],"picked":"bronze:BronzeOrb","floor":15},{"not_picked":["bronze:CleanCode","bronze:BurnOut"],"picked":"bronze:HardenedForm","floor":16},{"not_picked":["bronze:ForceShield","bronze:DelayedSlice+1"],"picked":"bronze:FineTuning","floor":19},{"not_picked":["bronze:ForceShield","bronze:Deprecate+1"],"picked":"bronze:Break","floor":20},{"not_picked":["bronze:BitShift","bronze:Branch","bronze:WildBeam"],"picked":"SKIP","floor":21},{"not_picked":["bronze:BuggyMess","bronze:CloningBeam+1"],"picked":"bronze:BronzeOrb+1","floor":23},{"not_picked":["bronze:Optimize+1","bronze:Shield"],"picked":"bronze:Frontload+1","floor":26},{"not_picked":["bronze:Invalidate","bronze:Overheat"],"picked":"bronze:Assembly","floor":28},{"not_picked":["bronze:WhirlingStrike","bronze:Iterate"],"picked":"bronze:BuggyMess+1","floor":31},{"not_picked":["bronze:BuggyMess","bronze:WhirlingStrike"],"picked":"bronze:Iterate+1","floor":32}],"player_experience":2642546,"relics_obtained":[{"floor":7,"key":"PreservedInsect"},{"floor":12,"key":"Mummified Hand"},{"floor":23,"key":"Tiny Chest"},{"floor":24,"key":"Kunai"},{"floor":28,"key":"Gambling Chip"}],"event_choices":[],"is_beta":false,"boss_relics":[{"not_picked":["Cursed Key","Sozu"],"picked":"Snecko Eye"}],"items_purged_floors":[],"is_endless":false,"potions_floor_spawned":[2,11,15,16,21,23,26,28],"killed_by":"DF_ARCHETYPE_CLAW","ascension_level":0}}