{"host":"bc298c4gavna5tx2","time":1611675324,"event":{"mods":["ATMod(阿瑾Mod)","Act Like it!","BaseMod","Challenge The Spire","Lobotomy","LobotomyExtend","Minty Spire (QoL Compilation)","MostiFishMod","Quarter Circle Forward PUNCH!","Quick Restart","Replay The Spire","Spicy Shops","StSLib","【功能Mod】混沌之环修复补丁","【功能Mod】聪明的最终Boss","【遗物卡牌】REMEMod"],"gold_per_floor":[119,137,137,137,154,185,185,198,198,148,166,21,52,52,16,16,43,218,249,259,270,270,371,371,388,388,180,180,191,191,191,205,230,250,263,279,293,304,304,304],"floor_reached":34,"language":"ZHS","playtime":1900,"items_purged":["Doubt","Strike_R"],"score":1223,"play_id":"ef7b39f8-122b-484c-9eed-6ac392556e9f","local_time":"20210126233524","is_ascension_mode":true,"campfire_choices":[{"data":"AT_FamilyPortrait","floor":7.0,"key":"SMITH"},{"data":"AT_BodySlamDance","floor":7.0,"key":"SMITH"},{"floor":15,"key":"RECALL"},{"data":"Pummel","floor":23,"key":"SMITH"},{"floor":32,"key":"DIG"}],"circlet_count":0,"master_deck":["AscendersBane","Strike_R","Strike_R","Strike_R+1","Defend_R+1","Defend_R+1","Defend_R+1","Defend_R","Bash+1","Brutality+1","AT_FamilyPortrait+1","ShyLook","Amnesia","Pummel+1","QueenOfHatred","MostiFishMod:OrdinaryWorld+1","AT_BodySlamDance+1","BlackArmy","Reaper+1","REME_MagicPocketWatch+1","Parasite","REME_TheLastStrike+1"],"relics":["Burning Blood","AT_ATBox","DaveBox","REME_ComplimentaryCards","BirthdayGift-Tetrahedron","CogitoBucket","RabbitCall","SynthV:TestCard","Unceasing Top","Ring of Panic","Singing Bowl","SynthV:TestCard","LetterFromLob","Prayer Wheel","HellTrain","Membership Card","Bottled Flame","OrangePellets","Golden Egg","AT_SeraphEmbrace","Omamori","FeatherPendant","ReplayTheSpireMod:CursedCoin","qcfpunch:Necklace_of_Skulls","Technique","SynthV:C4","MagicBullet_r","Moonlight_r","InspiredRelic","ShedSkin_r","AtMidnight","Ancient Tea Set","War Paint","MawBank"],"acts_visited":["Exordium","TheBeyond"],"potions_floor_usage":[14,16,33,33,33,34,34,34,34,34,34,34],"damage_taken":[{"damage":2.0,"enemies":"Small Slimes","floor":1.0,"turns":2.0},{"damage":3.0,"enemies":"2 Louse","floor":2.0,"turns":2.0},{"damage":8.0,"enemies":"Jaw Worm","floor":5.0,"turns":2.0},{"damage":9.0,"enemies":"3 Sentries","floor":6.0,"turns":3.0},{"damage":2.0,"enemies":"Jaw Worm","floor":1.0,"turns":2.0},{"damage":24.0,"enemies":"Cultist","floor":4.0,"turns":3.0},{"damage":3.0,"enemies":"Gremlin Nob","floor":6.0,"turns":2.0},{"damage":0,"enemies":"Lagavulin","floor":10,"turns":1},{"damage":6,"enemies":"Gremlin Nob","floor":12,"turns":3},{"damage":2,"enemies":"2 Louse","floor":13,"turns":2},{"damage":6,"enemies":"Blue Slaver","floor":14,"turns":3},{"damage":86,"enemies":"Fading Forest","floor":16,"turns":6},{"damage":0,"enemies":"3 Darklings","floor":18,"turns":1},{"damage":0,"enemies":"Orb Walker","floor":22,"turns":1},{"damage":6,"enemies":"Maw","floor":25,"turns":3},{"damage":4,"enemies":"4 Shapes","floor":27,"turns":2},{"damage":4,"enemies":"Sphere and 2 Shapes","floor":28,"turns":2},{"damage":0,"enemies":"Spire Growth","floor":29,"turns":1},{"damage":12,"enemies":"Transient","floor":30,"turns":4},{"damage":28,"enemies":"Maw","floor":31,"turns":3},{"damage":67,"enemies":"Donu and Deca","floor":33,"turns":3},{"damage":36,"enemies":"Malkuth","floor":34,"turns":3},{"damage":8,"enemies":"Netzach","floor":34,"turns":3},{"damage":128,"enemies":"Tiphereth","floor":34,"turns":6},{"damage":26,"enemies":"Hokma","floor":34,"turns":7}],"seed_played":"4639648204477833381","potions_obtained":[{"floor":1.0,"key":"Languid Potion"},{"floor":6.0,"key":"HeartOfIron"},{"floor":4.0,"key":"Strength Potion"},{"floor":10,"key":"AttackPotion"},{"floor":13,"key":"EssenceOfSteel"},{"floor":16,"key":"Block Potion"},{"floor":30,"key":"Doom Potion"}],"is_trial":false,"path_per_floor":["M","M","?","?","M","E","R","E","M","?","?","M","$","E","R","$","T","E","?","E","M","M","R","B",null,"M","?","$","?","M","R","E","M","T","M","M","M","M","M","R","B",null],"character_chosen":"IRONCLAD","items_purchased":["Membership Card","OrangePellets","ReplayTheSpireMod:CursedCoin","qcfpunch:Necklace_of_Skulls","Technique","SynthV:C4"],"campfire_rested":0,"item_purchase_floors":[5,8,20,20,20,20],"current_hp_per_floor":[76,79,61,61,59,58,58,80,80,80,68,68,79,79,79,79,86,86,88,92,96,96,44,83,100,100,100,95,99,99,19,49,49,87,91,95,97,101,101,101],"gold":368,"neow_bonus":"","is_daily":false,"chose_seed":false,"campfire_upgraded":3,"win_rate":0.0,"timestamp":1611675324,"path_taken":["M","M","?","?","M","E","R","E","M","?","?","M","$","E","R","$","T","E","?","E","M","M","R","BOSS","M","?","$","?","M","R","E","M","T","M","M","M","M","M","R","BOSS"],"items_purchased_type":["Relic","Relic","Relic","Relic","Relic","Relic"],"build_version":"2020-12-22","purchased_purges":2,"victory":true,"max_hp_per_floor":[80,80,80,80,80,82,82,82,82,82,82,82,84,84,84,84,86,86,88,92,96,96,96,96,100,100,100,95,99,99,79,83,83,87,91,95,97,101,101,101],"card_choices":[{"not_picked":["Scorched","GalaxyChild"],"picked":"ShyLook","floor":1.0},{"not_picked":["Perfected Strike","Feel No Pain","Havoc"],"picked":"SKIP","floor":1.0},{"not_picked":["Run Through","Shrug It Off","AT_DrawKnifeCut","Bludgeon","Replay:Undeath\u0027s Touch"],"picked":"SKIP","floor":2.0},{"not_picked":["ReplayTheSpireMod:Strike From Hell","Evolve","MostiFishMod:#F4004","Twin Strike"],"picked":"Pummel","floor":5.0},{"not_picked":["Shrug It Off","Burning Pact","Second Wind","Demon Form","Pommel Strike"],"picked":"Singing Bowl","floor":6.0},{"not_picked":["LittlePrince","BeautyBeast"],"picked":"QueenOfHatred","floor":1.0},{"not_picked":["Armaments","Life Link","Flex","Warcry","Headbutt"],"picked":"SKIP","floor":1.0},{"not_picked":["Body Slam","Flex","Searing Blow","Sword Boomerang","Sever Soul","ReplayTheSpireMod:Limb From Limb"],"picked":"MostiFishMod:OrdinaryWorld","floor":4.0},{"not_picked":["Warcry","Run Through","Havoc","Flex","Heavy Blade","Cleave"],"picked":"AT_BodySlamDance","floor":4.0},{"not_picked":["Run Through","AT_DiedThrough","MostiFishMod:ChineseTea","Flex","Replay:Undeath\u0027s Touch","Pommel Strike","Immolate"],"picked":"Singing Bowl","floor":6.0},{"not_picked":["Massacre","MostiFishMod:404NotFound","Thunderclap","Fire Breathing","Flex","Spot Weakness","AT_DrawKnifeCut"],"picked":"Singing Bowl","floor":10},{"not_picked":["UniverseFragment","LittleHelper"],"picked":"BlackArmy","floor":10},{"not_picked":["Wild Strike","AT_IchimonjiDouble","Spot Weakness","Rupture","Flex","AT_DiedThrough","MostiFishMod:UltimateDefense"],"picked":"Singing Bowl","floor":12},{"not_picked":["Intimidate","Wild Strike","ReplayTheSpireMod:Strike From Hell","Body Slam","Seeing Red","Fire Breathing","Pommel Strike"],"picked":"Singing Bowl","floor":13},{"not_picked":["Feel No Pain","Searing Blow","Flex","Replay:Undeath\u0027s Touch","Intimidate","Demon Form","Disarm"],"picked":"Singing Bowl","floor":13},{"not_picked":["Shrug It Off","Dark Embrace","Carnage","Flex","Warcry","Heavy Blade","Thunderclap"],"picked":"Singing Bowl","floor":14},{"not_picked":["Disarm","AT_ManFootWork","Clash","Cleave","Intimidate","AT_IchimonjiDouble","REME_FearOfPain"],"picked":"Singing Bowl","floor":14},{"not_picked":["MostiFishMod:FireWorks","Feed","MostiFishMod:FlyOverUtopia","REME_TheLastStrike","Juggernaut","Berserk"],"picked":"Reaper","floor":16},{"not_picked":["Thunderclap+1","ReplayTheSpireMod:Stacked+1","Metallicize","Flame Barrier+1","Seeing Red+1","REME_SingleHolding+1","Perfected Strike"],"picked":"Singing Bowl","floor":18},{"not_picked":["Whirlwind","True Grit+1","Dual Wield+1","Cleave","Blood for Blood+1","Run Through","Second Wind"],"picked":"Singing Bowl","floor":18},{"not_picked":["REME_WheelOfFate","AT_Homeward","REME_TwoStrings","Flash of Steel","Dark Shackles","Enlightenment"],"picked":"REME_MagicPocketWatch","floor":19},{"not_picked":["Scorched","SilentOrchestra","OldLady"],"picked":"Singing Bowl","floor":22},{"not_picked":["Wild Strike","Spot Weakness","Headbutt+1","Flex","Reckless Charge","Flame Barrier+1","Run Through+1"],"picked":"Singing Bowl","floor":22},{"not_picked":["AT_BodySlamDance","Headbutt+1","Heavy Blade","Shockwave","Flame Barrier+1","ReplayTheSpireMod:Strike From Hell+1","Corruption"],"picked":"Singing Bowl","floor":22},{"not_picked":["Defy Death+1","Anger","Shrug It Off+1","Pommel Strike","Perfected Strike+1","Run Through+1","True Grit"],"picked":"Singing Bowl","floor":25},{"not_picked":["Spot Weakness","Warcry","Headbutt+1","Sever Soul+1","Second Wind+1","REME_SingleHolding","Cleave"],"picked":"Singing Bowl","floor":25},{"not_picked":["Twin Strike+1","ReplayReversal","Pommel Strike+1","AT_ManFootWork","Flame Barrier+1","MostiFishMod:UltimateDefense","Heavy Blade+1"],"picked":"Singing Bowl","floor":27},{"not_picked":["Shockwave+1","Whirlwind+1","Headbutt+1","Life Link+1","Flex","Perfected Strike","MostiFishMod:NewArrival"],"picked":"Singing Bowl","floor":27},{"not_picked":["AT_IchimonjiDouble+1","Abandon","Body Slam","Twin Strike+1","Flex+1","Hemogenesis","Power Through+1"],"picked":"Singing Bowl","floor":28},{"not_picked":["Sword Boomerang","Inflame","Twin Strike+1","Headbutt+1","Warcry+1","Intimidate+1","Dual Wield+1"],"picked":"Singing Bowl","floor":28},{"not_picked":["Clothesline+1","Defy Death+1","Sword Boomerang","Heavy Blade","Shrug It Off+1","Wild Strike","Battle Trance+1"],"picked":"Singing Bowl","floor":29},{"not_picked":["Twin Strike","Thunderclap","Whirlwind","Shrug It Off+1","Demonic Infusion","Clash","Run Through+1"],"picked":"Singing Bowl","floor":29},{"not_picked":["Heavy Blade+1","AT_IchimonjiDouble","Clash+1","Pommel Strike+1","Disarm+1","Sever Soul","Uppercut+1"],"picked":"Singing Bowl","floor":30},{"not_picked":["Clash+1","AT_DiedThrough","REME_Cut","Heavy Blade","ReplayTheSpireMod:Corrosion Curse","Burning Pact"],"picked":"REME_TheLastStrike","floor":30},{"not_picked":["Burning Pact+1","Armaments+1","AT_IchimonjiDouble","True Grit","Twin Strike+1","ReplayTheSpireMod:Stacked","MostiFishMod:BrandingRite+1"],"picked":"Singing Bowl","floor":31},{"not_picked":["AT_IchimonjiDouble","Flex","Sever Soul","Massacre+1","Iron Wave+1","Run Through+1","Shrug It Off"],"picked":"Singing Bowl","floor":31}],"player_experience":134286,"relics_obtained":[{"floor":1.0,"key":"SynthV:TestCard"},{"floor":1.0,"key":"LetterFromLob"},{"floor":4.0,"key":"Ring of Panic"},{"floor":6.0,"key":"Singing Bowl"},{"floor":1.0,"key":"SynthV:TestCard"},{"floor":1.0,"key":"LetterFromLob"},{"floor":6.0,"key":"Bottled Flame"},{"floor":9,"key":"Golden Egg"},{"floor":10,"key":"AT_ArchangelStaff"},{"floor":12,"key":"Omamori"},{"floor":27,"key":"AtMidnight"},{"floor":32,"key":"Ancient Tea Set"}],"event_choices":[{"damage_healed":0.0,"max_hp_gain":0.0,"max_hp_loss":0.0,"gold_gain":0.0,"event_name":"Scrap Ooze","player_choice":"Success","floor":3.0,"gold_loss":0.0,"damage_taken":18.0,"relics_obtained":["Unceasing Top"]},{"cards_removed":["Strike_R"],"damage_healed":0.0,"max_hp_gain":0.0,"max_hp_loss":0.0,"gold_gain":0.0,"event_name":"The Cleric","player_choice":"Card Removal","floor":3.0,"gold_loss":50.0,"damage_taken":0.0},{"damage_healed":0,"gold_gain":175,"player_choice":"AGREE","damage_taken":0,"max_hp_gain":0,"max_hp_loss":0,"event_name":"Liars Game","floor":11,"gold_loss":0,"cards_obtained":["Doubt"]},{"damage_healed":0,"gold_gain":0,"player_choice":"Memory 1","damage_taken":0,"max_hp_gain":0,"max_hp_loss":0,"event_name":"SensoryStone","floor":19,"gold_loss":0},{"damage_healed":0,"gold_gain":0,"player_choice":"Max HP","damage_taken":0,"max_hp_gain":0,"max_hp_loss":5,"event_name":"Winding Halls","floor":21,"gold_loss":0}],"is_beta":false,"boss_relics":[{"not_picked":["Replay:Ancient Bell","Runic Cube"],"picked":"FeatherPendant"}],"items_purged_floors":[20,20],"is_endless":false,"potions_floor_spawned":[1,6,4,10,13,16,25,30,31],"ascension_level":10}}