{"host":"yq2wmfr0u0wuvxc0","time":1611638911,"event":{"mods":["Act Like it!","Aspiration","BaseMod","Curses Come First","Downfall","Friendly Minions","Gensokyo","Hero for Fun","Hubris","Infinite Spire","Marisa????????","Minty Spire (QoL Compilation)","Pale of the Ancients","Remilia??????","Shop Mod","Spicy Shops","StSLib","The Jungle","The Servant 0.9.4","Wide Potions"],"gold_per_floor":[10,10,10,34,34,61,61,74,74,74,94,32,32,44,44,147,147,163,163,213,61,75,75,75],"floor_reached":23,"language":"ZHS","playtime":752,"items_purged":["Strike_B+1"],"score":243,"play_id":"b3e42d0a-4203-4741-98c0-3c3d1f3977e5","local_time":"20210125212831","is_ascension_mode":true,"campfire_choices":[{"floor":7,"key":"REST"},{"data":"Zap","floor":10,"key":"SMITH"},{"data":"Lockon","floor":13,"key":"SMITH"},{"data":"Recycle","floor":15,"key":"SMITH"}],"circlet_count":0,"master_deck":["Strike_B+1","Strike_B+1","Defend_B","Defend_B","Defend_B","Zap+1","Dualcast+1","Recycle+1","hubris:Ukulele","Lockon+1","Parasite","Steam","Reboot","CurseOfTheBell","Chaos","Double Energy+1"],"relics":["Cracked Core","hubris:SoftwareUpdate","Whetstone","infinitespire:PuzzleCube","hubris:GlazedTorus","DataDisk","Calling Bell","Ancient Tea Set","Question Card","infinitespire:Magic Flask","Oddly Smooth Stone","Happy Flower"],"acts_visited":["Exordium","theJungle:Jungle"],"potions_floor_usage":[16,22,23,23],"damage_taken":[{"damage":1,"enemies":"Cultist","floor":1,"turns":3},{"damage":35,"enemies":"Lagavulin","floor":6,"turns":6},{"damage":0,"enemies":"2 Louse","floor":8,"turns":1},{"damage":2,"enemies":"Jaw Worm","floor":11,"turns":2},{"damage":3,"enemies":"Blue Slaver","floor":14,"turns":2},{"damage":9,"enemies":"The Guardian","floor":16,"turns":10},{"damage":14,"enemies":"theJungle:GiantWrat","floor":18,"turns":5},{"damage":26,"enemies":"theJungle:5_Spyders","floor":22,"turns":8},{"damage":17,"enemies":"theJungle:Cassacara","floor":23,"turns":5}],"seed_played":"7967413952956883439","potions_obtained":[{"floor":6,"key":"EssenceOfSteel"},{"floor":11,"key":"bronze:BurnAndBuffPotion"},{"floor":14,"key":"Dexterity Potion"},{"floor":18,"key":"Weak Potion"}],"is_trial":false,"path_per_floor":["M","T","?","T","$","E","R","M","T","R","M","$","R","M","R","B",null,"M","AVR","?","$","M","E"],"character_chosen":"DEFECT","items_purchased":["DataDisk","Happy Flower"],"campfire_rested":1,"item_purchase_floors":[12,21],"current_hp_per_floor":[67,67,52,52,52,17,39,39,39,39,37,37,37,34,34,25,63,49,49,39,39,13,0,0],"gold":75,"neow_bonus":"REMOVE_TWO","is_daily":false,"chose_seed":false,"campfire_upgraded":3,"win_rate":0.0,"timestamp":1611638911,"path_taken":["M","?","?","?","?","E","R","?","T","R","M","?","R","M","R","BOSS","M","AVR","?","$","?","E"],"items_purchased_type":["Relic","Relic"],"build_version":"2020-12-22","purchased_purges":1,"victory":false,"max_hp_per_floor":[75,75,75,75,75,75,75,75,75,75,75,75,75,75,75,75,75,75,75,75,75,75,75,75],"card_choices":[{"not_picked":["Go for the Eyes","Static Discharge"],"picked":"Recycle","floor":1},{"not_picked":["Coolheaded","Go for the Eyes"],"picked":"hubris:Ukulele","floor":6},{"not_picked":["Rebound","Skim"],"picked":"Lockon","floor":8},{"not_picked":["Darkness","Gash","Turbo"],"picked":"SKIP","floor":11},{"not_picked":["BootSequence","Sunder"],"picked":"Steam","floor":14},{"not_picked":["Biased Cognition","Hyperbeam"],"picked":"Reboot","floor":16},{"not_picked":["Cold Snap","Rebound+1","Coolheaded"],"picked":"Chaos","floor":18},{"not_picked":["Turbo","Ball Lightning","Barrage"],"picked":"Double Energy+1","floor":22}],"player_experience":260811,"relics_obtained":[{"floor":2,"key":"hubris:SoftwareUpdate"},{"floor":4,"key":"Whetstone"},{"floor":6,"key":"infinitespire:PuzzleCube"},{"floor":9,"key":"hubris:GlazedTorus"},{"floor":17,"key":"Ancient Tea Set"},{"floor":17,"key":"Question Card"},{"floor":17,"key":"infinitespire:Magic Flask"}],"event_choices":[{"damage_healed":0,"gold_gain":0,"player_choice":"Entered Light","damage_taken":15,"max_hp_gain":0,"max_hp_loss":0,"event_name":"Shining Light","floor":3,"gold_loss":0,"cards_upgraded":["Dualcast","Strike_B"]}],"is_beta":false,"boss_relics":[{"not_picked":["FrozenCore","hubris:TerracottaHorce"],"picked":"Calling Bell"}],"items_purged_floors":[19],"is_endless":false,"potions_floor_spawned":[6,11,14,18],"killed_by":"theJungle:Cassacara","ascension_level":6}}