{"host":"vfg9szunmpjwj08o","time":1611699645,"event":{"mods":["Act Like it!","BaseMod","Challenge The Spire","Colored Map","Colored Powertips","Conspire","Dark Map","Minty Spire (QoL Compilation)","Relic Stats","StSLib","Waifu the Spire"],"gold_per_floor":[111,125,200,200,9,9,43,43,66,66,66,78,78,149,149,244,244,264,274,274,199,212,212,239,239,239,239,258,269,269,16,16,115,115,128,128,144,144,144],"floor_reached":38,"language":"ENG","playtime":2648,"items_purged":["SandsOfTime","Decay"],"score":644,"play_id":"b15a7c3b-11dc-4b56-a892-0989eeaad19c","local_time":"20210126232045","is_ascension_mode":true,"campfire_choices":[{"data":"Eruption","floor":6,"key":"SMITH"},{"floor":8,"key":"REST"},{"data":"Meditate","floor":10,"key":"SMITH"},{"data":"Adaptation","floor":15,"key":"SMITH"},{"floor":23,"key":"REST"},{"floor":25,"key":"RECALL"},{"floor":30,"key":"REST"},{"data":"PathToVictory","floor":32,"key":"SMITH"}],"circlet_count":0,"master_deck":["conspire:GhostlyStrike","conspire:GhostlyStrike","conspire:GhostlyDefend","conspire:GhostlyDefend","conspire:GhostlyDefend","conspire:GhostlyDefend","Eruption+1","Vigilance","Prostrate","Meditate+1","EmptyBody","PathToVictory","Adaptation+1","PathToVictory+1","Prostrate","EmptyBody","Scrawl","Nirvana","Wireheading","Vengeance","Pray+1","Perseverance","ThirdEye","Establishment"],"relics":["PureWater","Oddly Smooth Stone","Prayer Wheel","conspire:SpecialSausage","Enchiridion","Ornamental Fan","Yang","SacredBark"],"acts_visited":["Exordium","TheCity","TheBeyond"],"potions_floor_usage":[14,29],"damage_taken":[{"damage":2,"enemies":"Jaw Worm","floor":1,"turns":3},{"damage":0,"enemies":"Small Slimes","floor":2,"turns":2},{"damage":51,"enemies":"3 Sentries","floor":7,"turns":12},{"damage":0,"enemies":"2 Louse","floor":12,"turns":2},{"damage":0,"enemies":"Gremlin Gang","floor":14,"turns":5},{"damage":0,"enemies":"The Guardian","floor":16,"turns":6},{"damage":11,"enemies":"3 Byrds","floor":18,"turns":4},{"damage":3,"enemies":"Spheric Guardian","floor":19,"turns":4},{"damage":2,"enemies":"Snecko","floor":22,"turns":5},{"damage":26,"enemies":"conspire:SneckoGhost","floor":24,"turns":6},{"damage":3,"enemies":"Snake Plant","floor":28,"turns":5},{"damage":0,"enemies":"Cultist and Chosen","floor":29,"turns":7},{"damage":4,"enemies":"Collector","floor":33,"turns":9},{"damage":16,"enemies":"Orb Walker","floor":35,"turns":5},{"damage":31,"enemies":"3 Darklings","floor":37,"turns":8},{"damage":0,"enemies":"Jaw Worm Horde","floor":38,"turns":1}],"seed_played":"1874566529824857401","potions_obtained":[{"floor":7,"key":"Energy Potion"},{"floor":11,"key":"SpeedPotion"},{"floor":11,"key":"SteroidPotion"},{"floor":12,"key":"ColorlessPotion"},{"floor":22,"key":"LiquidBronze"},{"floor":28,"key":"SkillPotion"}],"is_trial":false,"path_per_floor":["M","M","?","?","$","R","E","R","T","R","?","M","T","M","R","B",null,"M","M","?","$","M","R","E","R","T","?","M","M","R","$","R","B",null,"M","?","M","M"],"character_chosen":"WATCHER","items_purchased":["PathToVictory","Adaptation","Vengeance","Establishment"],"campfire_rested":3,"item_purchase_floors":[5,5,21,31],"current_hp_per_floor":[63,63,52,52,52,52,1,20,20,20,20,20,20,20,20,20,54,43,40,24,24,22,41,15,15,15,15,12,12,31,31,31,27,56,40,40,9,9,9],"gold":144,"neow_bonus":"TRANSFORM_TWO_CARDS","is_daily":false,"chose_seed":false,"campfire_upgraded":4,"win_rate":0.0,"timestamp":1611699645,"path_taken":["M","M","?","?","$","R","E","R","T","R","?","?","?","M","R","BOSS","M","M","?","$","M","R","E","R","T","?","M","M","R","$","R","BOSS","M","?","M","M"],"items_purchased_type":["Card","Card","Card","Card"],"build_version":"2020-12-22","purchased_purges":2,"victory":false,"max_hp_per_floor":[65,65,65,65,65,65,65,65,65,65,65,65,65,65,65,65,65,65,65,65,65,65,65,65,65,65,65,65,65,65,65,65,65,65,65,65,65,65,65],"relic_stats":{"counters":[16,84],"Ornamental Fan":[4],"Prayer Wheel":8,"Yang":[17],"obtain_stats":[{"Ornamental Fan":24,"SacredBark":34,"Oddly Smooth Stone":7,"Enchiridion":20,"Prayer Wheel":13,"conspire:SpecialSausage":17,"Yang":26,"PureWater":0},{"Ornamental Fan":10,"SacredBark":13,"Oddly Smooth Stone":3,"Enchiridion":8,"Prayer Wheel":4,"conspire:SpecialSausage":6,"Yang":10,"PureWater":0},{"Ornamental Fan":49,"SacredBark":70,"Oddly Smooth Stone":17,"Enchiridion":38,"Prayer Wheel":19,"conspire:SpecialSausage":30,"Yang":49,"PureWater":0}]},"card_choices":[{"not_picked":["Halt","ThirdEye"],"picked":"Meditate","floor":1},{"not_picked":["CrushJoints","Evaluate"],"picked":"EmptyBody","floor":2},{"not_picked":["Swivel","ClearTheMind"],"picked":"PathToVictory","floor":7},{"not_picked":["FlurryOfBlows","Weave"],"picked":"Prostrate","floor":12},{"not_picked":["PathToVictory","EmptyFist"],"picked":"EmptyBody","floor":14},{"not_picked":["EmptyBody","MasterReality","PathToVictory"],"picked":"SKIP","floor":14},{"not_picked":["ConjureBlade","Wish"],"picked":"Scrawl","floor":16},{"not_picked":["JustLucky","Prostrate","CrushJoints"],"picked":"SKIP","floor":18},{"not_picked":["SashWhip","FlyingSleeves","Evaluate"],"picked":"SKIP","floor":18},{"not_picked":["CrushJoints","Tantrum"],"picked":"Nirvana","floor":19},{"not_picked":["ThirdEye","JustLucky"],"picked":"Wireheading","floor":19},{"not_picked":["FollowUp","ReachHeaven"],"picked":"Pray+1","floor":22},{"not_picked":["FollowUp","Crescendo+1","Prostrate"],"picked":"SKIP","floor":22},{"not_picked":["BowlingBash+1","EmptyFist","FlyingSleeves+1"],"picked":"SKIP","floor":24},{"not_picked":["WaveOfTheHand","SashWhip"],"picked":"Perseverance","floor":28},{"not_picked":["Worship","Fasting2","Prostrate"],"picked":"SKIP","floor":28},{"not_picked":["Judgement","SashWhip"],"picked":"ThirdEye","floor":29},{"not_picked":["Crescendo","Halt+1","SashWhip"],"picked":"SKIP","floor":29},{"not_picked":["Blasphemy","Judgement"],"picked":"Devotion","floor":33},{"not_picked":["FlyingSleeves+1","Worship+1","Crescendo+1"],"picked":"SKIP","floor":35},{"not_picked":["CrushJoints+1","WheelKick","EmptyFist"],"picked":"SKIP","floor":35},{"not_picked":["TalkToTheHand","FlyingSleeves+1","EmptyFist"],"picked":"SKIP","floor":37},{"not_picked":["BowlingBash","Vengeance+1","Prostrate"],"picked":"SKIP","floor":37}],"player_experience":1081690,"relics_obtained":[{"floor":7,"key":"Oddly Smooth Stone"},{"floor":13,"key":"Prayer Wheel"},{"floor":20,"key":"Enchiridion"},{"floor":24,"key":"Ornamental Fan"},{"floor":26,"key":"Yang"}],"event_choices":[{"damage_healed":0,"gold_gain":75,"player_choice":"Gather Gold","damage_taken":11,"max_hp_gain":0,"max_hp_loss":0,"event_name":"World of Goop","floor":3,"gold_loss":0},{"damage_healed":0,"gold_gain":0,"player_choice":"Agree","damage_taken":0,"max_hp_gain":0,"max_hp_loss":0,"event_name":"conspire:LoneGhost","floor":4,"gold_loss":0},{"damage_healed":0,"gold_gain":0,"player_choice":"Got Potions","damage_taken":0,"max_hp_gain":0,"max_hp_loss":0,"event_name":"Lab","floor":11,"gold_loss":0},{"damage_healed":0,"gold_gain":0,"player_choice":"Obtained Book","damage_taken":16,"max_hp_gain":0,"max_hp_loss":0,"event_name":"Cursed Tome","floor":20,"gold_loss":0},{"damage_healed":0,"gold_gain":0,"player_choice":"Smashed Altar","damage_taken":0,"max_hp_gain":0,"max_hp_loss":0,"event_name":"Forgotten Altar","floor":27,"gold_loss":0,"cards_obtained":["Decay"]},{"cards_removed":["Devotion"],"damage_healed":0,"gold_gain":0,"player_choice":"Removed Power","damage_taken":0,"max_hp_gain":0,"max_hp_loss":0,"event_name":"Falling","floor":36,"gold_loss":0}],"is_beta":false,"boss_relics":[{"not_picked":["Tiny House","Fusion Hammer"],"picked":"conspire:SpecialSausage"},{"not_picked":["Empty Cage","Astrolabe"],"picked":"SacredBark"}],"items_purged_floors":[5,31],"is_endless":false,"potions_floor_spawned":[7,12,22,28],"killed_by":"Jaw Worm Horde","ascension_level":8}}