{"host":"5wf60zc4jjt9ov65","time":1611632312,"event":{"mods":["AchievementEnabler","BaseMod","Beaked The Cultist","Bestiary","Better Altar","Better Match","Better Note","Better Sensory Stone","Better Skull","Better Third Choice","BetterRewards","Colored Map","Colored Powertips","Downfall","Googly Eyes","Halation","Highlight Path","Hubris","Infinite Spire","Minty Spire (QoL Compilation)","Permanent Neow","Quick Restart","Replay The Spire","StSLib","The Bug Knight","The Construct"],"gold_per_floor":[119,137,157,157,167,198,198,198,198,123,157,157,157,184,184,289,289,300,312,212,225,242,277,277,310,310,310,330,358,358,371,371,470,470,486,486,361,361,361,361,395,395,395,429,429,429,279,279,291,408,420,444,456,485,523,360,360,360,369,415,415,215,215,215,241,241,344,344,356,371,381,381,395,428,428,456,532,541,541,541,556,556,556,690,690,745,745,745,794,890,976,976,976,1000,1094,1177,1177,1177,1268,1268,1448,1448,1555,1666,1783,1783,1918,2071,2071,2237,2237,2237,2397,2582,2762,2958,2958,3249,3249,3473,3710,3625,3625,3625,3887,3887,3887,3913,3913,4179,4179,4464,4766,4766,5174,5174,5525,5521,5521,5521,5521,5521,5913,6311,6311,6311,6311,6311,6735,6760,6760,7294,7294,7294,7151,7184,7752],"floor_reached":158,"language":"ENG","playtime":2652,"items_purged":["Defend_R","Strike_R","Strike_R","Defend_R","Defend_R","Strike_R","Defend_R","Inflame+1","Strike_R+1"],"score":4322,"play_id":"dfdc185c-9ef8-4668-86a4-f11f04075c52","local_time":"20210125223832","is_ascension_mode":false,"campfire_choices":[{"data":"Power Through","floor":8.0,"key":"SMITH"},{"data":"hubris:Fate","floor":13.0,"key":"SMITH"},{"data":"Inflame","floor":15.0,"key":"SMITH"},{"data":"hubris:InfiniteBlow+166","floor":24.0,"key":"SMITH"},{"data":"hubris:InfiniteBlow+167","floor":32.0,"key":"SMITH"},{"data":"hubris:InfiniteBlow+168","floor":40.0,"key":"SMITH"},{"floor":42.0,"key":"REST"},{"data":"hubris:InfiniteBlow+252","floor":57.0,"key":"SMITH"},{"data":"Strike_R","floor":64.0,"key":"SMITH"},{"floor":66.0,"key":"REST"},{"floor":75.0,"key":"REST"},{"floor":79.0,"key":"REST"},{"floor":83.0,"key":"REST"},{"floor":92.0,"key":"REST"},{"floor":98.0,"key":"REST"},{"floor":100.0,"key":"DIG"},{"floor":109.0,"key":"REST"},{"floor":112.0,"key":"REST"},{"floor":129,"key":"REST"},{"floor":131,"key":"REST"},{"floor":134,"key":"REST"},{"floor":142,"key":"REST"},{"floor":146,"key":"REST"},{"floor":148,"key":"REST"},{"floor":151,"key":"REST"},{"floor":154,"key":"REST"}],"circlet_count":0,"master_deck":["hubris:InfiniteBlow+674","hubris:Fate+1","infinitespire:SealOfDarkness+","hubris:InfiniteBlow+674"],"relics":["Black Blood","infinitespire:CursedDice","Ginger","Replay:Wax Seal","Boot","hubris:Backtick","Ice Cream","hubris:CuriousFeather","Calipers","Mirror","halation:VictoryRuler","Runic Dome","Toy Ornithopter","Golden Egg","Meat on the Bone","hubris:Icosahedron","MawBank","Busted Crown","Odd Mushroom","Replay:Towering Pillar of Hats","Fusion Hammer","Pen Nib","Potion Belt","infinitespire:Broken Mirror","infinitespire:EvilPickle","infinitespire:Burning Sword","Replay:Arrowhead","hubris:MedicalManual","infinitespire:PuzzleCube","ReplayTheSpireMod:Spearhead","Centennial Puzzle","hubris:Towel","War Paint","Smiling Mask","halation:PromiseList","Bag of Marbles","Replay:Bottled Flurry","Blood Vial","infinitespire:WardingShard","Anchor","hubris:ScarierMask","Strawberry","Iron Hammer","Lantern","construct:ClawGrip","Membership Card","TungstenRod"],"acts_visited":["Exordium","TheCity","TheBeyond","Exordium","TheCity","TheBeyond","Exordium","TheCity","TheBeyond","TheEnding"],"potions_floor_usage":[],"damage_taken":[{"damage":0.0,"enemies":"Jaw Worm","floor":1.0,"turns":1.0},{"damage":0.0,"enemies":"Small Slimes","floor":2.0,"turns":3.0},{"damage":5.0,"enemies":"2 Louse","floor":3.0,"turns":3.0},{"damage":0.0,"enemies":"Looter","floor":5.0,"turns":1.0},{"damage":0.0,"enemies":"HollowMod:MossKnight","floor":6.0,"turns":3.0},{"damage":0.0,"enemies":"Gremlin Nob","floor":11.0,"turns":1.0},{"damage":0.0,"enemies":"Lagavulin","floor":14.0,"turns":2.0},{"damage":0.0,"enemies":"Slime Boss","floor":16.0,"turns":1.0},{"damage":0.0,"enemies":"Shell Parasite","floor":18.0,"turns":1.0},{"damage":0.0,"enemies":"Spheric Guardian","floor":19.0,"turns":1.0},{"damage":0.0,"enemies":"Snecko","floor":21.0,"turns":1.0},{"damage":0.0,"enemies":"3 Cultists","floor":22.0,"turns":5.0},{"damage":0.0,"enemies":"HollowMod:Nosk","floor":23.0,"turns":3.0},{"damage":0.0,"enemies":"Nightmare","floor":25.0,"turns":1.0},{"damage":0.0,"enemies":"Centurion and Healer","floor":28.0,"turns":4.0},{"damage":0.0,"enemies":"Replay:Snechameleon","floor":29.0,"turns":1.0},{"damage":0.0,"enemies":"Sentry and Sphere","floor":31.0,"turns":2.0},{"damage":0.0,"enemies":"Collector","floor":33.0,"turns":1.0},{"damage":8.0,"enemies":"3 Darklings","floor":35.0,"turns":3.0},{"damage":0.0,"enemies":"Nightmare","floor":41.0,"turns":1.0},{"damage":0.0,"enemies":"Giant Head","floor":44.0,"turns":1.0},{"damage":0.0,"enemies":"Orb Walker","floor":45.0,"turns":1.0},{"damage":0.0,"enemies":"Reptomancer","floor":48.0,"turns":1.0},{"damage":0.0,"enemies":"Awakened One","floor":50.0,"turns":2.0},{"damage":0.0,"enemies":"Small Slimes","floor":52.0,"turns":1.0},{"damage":0.0,"enemies":"Cultist","floor":54.0,"turns":1.0},{"damage":0.0,"enemies":"The Mushroom Lair","floor":55.0,"turns":1.0},{"damage":0.0,"enemies":"2 Louse","floor":59.0,"turns":1.0},{"damage":0.0,"enemies":"Nightmare","floor":65.0,"turns":1.0},{"damage":0.0,"enemies":"Fading Forest","floor":67.0,"turns":1.0},{"damage":0.0,"enemies":"Chosen","floor":69.0,"turns":1.0},{"damage":0.0,"enemies":"Spheric Guardian","floor":70.0,"turns":1.0},{"damage":0.0,"enemies":"Chosen and Byrds","floor":71.0,"turns":1.0},{"damage":0.0,"enemies":"3 Cultists","floor":72.0,"turns":5.0},{"damage":16.0,"enemies":"Centurion and Healer","floor":73.0,"turns":2.0},{"damage":0.0,"enemies":"Nightmare_Alpha","floor":74.0,"turns":1.0},{"damage":0.0,"enemies":"Slavers","floor":76.0,"turns":1.0},{"damage":0.0,"enemies":"Shelled Parasite and Fungi","floor":78.0,"turns":1.0},{"damage":0.0,"enemies":"Snake Plant","floor":81.0,"turns":1.0},{"damage":0.0,"enemies":"Pondfish","floor":84.0,"turns":3.0},{"damage":0.0,"enemies":"Orb Walker","floor":86.0,"turns":1.0},{"damage":0.0,"enemies":"Mind Bloom Boss Battle","floor":89.0,"turns":1.0},{"damage":0.0,"enemies":"infinitespire:Three Voidlings","floor":90.0,"turns":1.0},{"damage":0.0,"enemies":"Nightmare_Alpha","floor":90.0,"turns":1.0},{"damage":0.0,"enemies":"Nightmare_Alpha","floor":91.0,"turns":1.0},{"damage":0.0,"enemies":"Giant Head","floor":95.0,"turns":1.0},{"damage":22.0,"enemies":"3 Darklings","floor":96.0,"turns":2.0},{"damage":0.0,"enemies":"Maw","floor":99.0,"turns":1.0},{"damage":0.0,"enemies":"Awakened One","floor":101.0,"turns":2.0},{"damage":0.0,"enemies":"Small Slimes","floor":103.0,"turns":1.0},{"damage":0.0,"enemies":"2 Louse","floor":104.0,"turns":2.0},{"damage":0.0,"enemies":"Jaw Worm","floor":105.0,"turns":1.0},{"damage":0.0,"enemies":"Red Slaver","floor":107.0,"turns":1.0},{"damage":0.0,"enemies":"Nightmare_Alpha","floor":108.0,"turns":1.0},{"damage":0.0,"enemies":"Gremlin Nob","floor":110.0,"turns":1.0},{"damage":0.0,"enemies":"Large Slime","floor":113.0,"turns":1.0},{"damage":0.0,"enemies":"Lagavulin","floor":114.0,"turns":1.0},{"damage":0.0,"enemies":"Looter","floor":115.0,"turns":1.0},{"damage":0.0,"enemies":"Exordium Wildlife","floor":116.0,"turns":1.0},{"damage":0.0,"enemies":"Hexaghost","floor":118.0,"turns":1.0},{"damage":0.0,"enemies":"Chosen","floor":120.0,"turns":1.0},{"damage":2.0,"enemies":"2 Thieves","floor":121.0,"turns":2.0},{"damage":0,"enemies":"Gremlin Leader","floor":125,"turns":1},{"damage":0,"enemies":"Snake Plant","floor":130,"turns":1},{"damage":0,"enemies":"Shelled Parasite and Fungi","floor":132,"turns":1},{"damage":0,"enemies":"Snecko","floor":133,"turns":1},{"damage":0,"enemies":"infinitespire:LordOfFortification","floor":135,"turns":1},{"damage":0,"enemies":"3 Shapes","floor":137,"turns":2},{"damage":0,"enemies":"3 Darklings","floor":138,"turns":2},{"damage":0,"enemies":"R_Hoarder","floor":143,"turns":1},{"damage":0,"enemies":"Maw","floor":144,"turns":1},{"damage":0,"enemies":"Writhing Mass","floor":149,"turns":1},{"damage":0,"enemies":"Nightmare_Alpha","floor":150,"turns":1},{"damage":0,"enemies":"infinitespire:LordOfFortification","floor":152,"turns":1},{"damage":0,"enemies":"Shield and Spear","floor":156,"turns":1},{"damage":0,"enemies":"The Heart","floor":157,"turns":1}],"seed_played":"2233923465087125074","potions_obtained":[{"floor":1.0,"key":"SteroidPotion"},{"floor":3.0,"key":"Ancient Potion"},{"floor":14.0,"key":"Dexterity Potion"},{"floor":16.0,"key":"infinitespire:BlackPotion"},{"floor":22.0,"key":"CultistPotion"},{"floor":23.0,"key":"PowerPotion"},{"floor":103.0,"key":"LifebloodPotion"},{"floor":113.0,"key":"bronze:BurnAndBuffPotion"},{"floor":115.0,"key":"Ancient Potion"}],"is_trial":false,"path_per_floor":["M","M","M","?","M","E","?","R","T","$","E","?","R","E","R","B",null,"M","M","$","M","M","E","R","NM","T","AVR","M","E","?","M","R","B",null,"M","?","$","?","AVR","R","NM","R","T","E","M","?","$","E","R_BF","B",null,"M","?","M","?","$","R","?","M","T","?","$","$","R","NM","R","B",null,"M","M","M","M","M","NM","R","E","T","M","R","AVR","M","?","R","B",null,"M","$","?","?","?","NM","R","?","T","E","M","?","R","M","R_BF","B",null,"M","M","M","?","M","NM","R","E","T","R","M","E","M","M","R_BF","B",null,"M","M","?","?","AVR","E","?","?","T","R","M","R","M","M","R","B",null,"M","M","?","?","?","R","E","M","T","R","$","R","M","NM","R","B",null,"R","$","E","B",null],"character_chosen":"IRONCLAD","items_purchased":["Membership Card"],"campfire_rested":17,"item_purchase_floors":[155],"current_hp_per_floor":[80,80,80,80,80,80,80,80,80,80,80,61,61,67,67,73,80,80,80,80,80,80,80,80,80,80,80,80,80,80,80,80,80,80,78,78,78,78,78,78,80,80,80,80,80,80,80,80,80,80,80,80,80,80,80,80,80,83,83,83,83,83,83,83,83,83,83,83,83,83,83,83,73,79,83,83,83,83,83,83,83,83,83,83,83,83,83,83,83,83,83,83,83,83,83,67,67,83,83,83,83,83,83,83,83,83,83,83,83,83,83,83,83,83,83,83,83,83,83,83,83,83,61,61,75,75,75,75,83,83,83,83,83,83,83,83,83,83,83,83,83,83,90,90,90,90,90,90,90,90,90,90,90,90,90,90,90],"gold":7752,"neow_bonus":"RANDOM_EVENT","is_daily":false,"chose_seed":false,"campfire_upgraded":8,"win_rate":0.0,"timestamp":1611632312,"path_taken":["M","M","M","?","M","E","?","R","T","$","E","?","R","E","R","BOSS","M","M","$","M","M","E","R","NM","T","AVR","M","E","?","M","R","BOSS","M","?","$","?","AVR","R","NM","R","T","E","M","?","$","E","R_BF","BOSS","M","?","M","?","$","R","?","M","T","?","?","$","R","NM","R","BOSS","M","M","M","M","?","NM","R","E","T","M","R","AVR","M","?","R","BOSS","M","$","?","?","?","NM","R","?","T","E","?","?","R","M","R_BF","BOSS","M","M","M","?","M","NM","R","E","T","R","M","E","M","M","R_BF","BOSS","M","M","?","?","AVR","E","?","?","T","R","M","R","M","M","R","BOSS","M","M","?","?","?","R","E","?","T","R","$","R","M","NM","R","BOSS","R","$","E","BOSS"],"items_purchased_type":["Relic"],"build_version":"2020-12-22","purchased_purges":9,"victory":true,"max_hp_per_floor":[80,80,80,80,80,80,80,80,80,80,80,80,80,80,80,80,80,80,80,80,80,80,80,80,80,80,80,80,80,80,80,80,80,80,80,80,80,80,80,80,80,80,80,80,80,80,80,80,80,80,80,80,80,80,80,80,80,83,83,83,83,83,83,83,83,83,83,83,83,83,83,83,83,83,83,83,83,83,83,83,83,83,83,83,83,83,83,83,83,83,83,83,83,83,83,83,83,83,83,83,83,83,83,83,83,83,83,83,83,83,83,83,83,83,83,83,83,83,83,83,83,83,83,83,83,83,83,83,83,83,83,83,83,83,83,83,83,83,83,83,83,83,90,90,90,90,90,90,90,90,90,90,90,90,90,90,90],"card_choices":[{"not_picked":["Warcry","Perfected Strike","Headbutt"],"picked":"SKIP","floor":1.0},{"not_picked":["Armaments","hubris:CleavingFinish"],"picked":"Inflame","floor":2.0},{"not_picked":["Fire Breathing","Replay:Undeath\u0027s Touch"],"picked":"Power Through","floor":3.0},{"not_picked":["Iron Wave","ReplayTheSpireMod:Corrosion Curse","Ghostly Armor"],"picked":"SKIP","floor":5.0},{"not_picked":["Anger","Armaments","Shrug It Off"],"picked":"SKIP","floor":6.0},{"not_picked":["Massacre","Feed","ReplayTheSpireMod:Muscle Training"],"picked":"SKIP","floor":11.0},{"not_picked":["infinitespire:Collect","infinitespire:Punishment"],"picked":"hubris:Fate","floor":12.0},{"not_picked":["Shrug It Off","ReplayTheSpireMod:Corrosion Curse","Impervious"],"picked":"SKIP","floor":14.0},{"not_picked":["Clothesline","Run Through","Dual Wield"],"picked":"SKIP","floor":18.0},{"not_picked":["Inflame","Metallicize","Iron Wave+1"],"picked":"SKIP","floor":19.0},{"not_picked":["Entrench","Cleave+1","hubris:ReadiedAction+1"],"picked":"SKIP","floor":21.0},{"not_picked":["infinitespire:OneForAll","hubris:CleavingFinish","Iron Wave"],"picked":"SKIP","floor":22.0},{"not_picked":["Warcry","Headbutt","Feel No Pain+1"],"picked":"SKIP","floor":23.0},{"not_picked":["Inflame","infinitespire:OneForAll","True Grit"],"picked":"SKIP","floor":25.0},{"not_picked":["True Grit","Flex","Clothesline"],"picked":"SKIP","floor":28.0},{"not_picked":["Flex","ReplayTheSpireMod:LeadingStrike","ReplayTheSpireMod:Strike From Hell+1"],"picked":"SKIP","floor":29.0},{"not_picked":["Sword Boomerang+1","ReplayTheSpireMod:Strike From Hell","Run Through"],"picked":"SKIP","floor":31.0},{"not_picked":["True Grit+1","Run Through+1","Warcry+1"],"picked":"SKIP","floor":35.0},{"not_picked":["Perfected Strike","True Grit+1","Pummel+1"],"picked":"SKIP","floor":41.0},{"not_picked":["Body Slam+1","True Grit+1","Reaper"],"picked":"SKIP","floor":44.0},{"not_picked":["Second Wind","Flex","True Grit+1"],"picked":"SKIP","floor":45.0},{"not_picked":["Infernal Blade","Corruption","Massacre"],"picked":"SKIP","floor":48.0},{"not_picked":["Reckless Charge"],"picked":"SKIP","floor":52.0},{"not_picked":["Ghostly Armor"],"picked":"SKIP","floor":54.0},{"not_picked":["Sever Soul"],"picked":"SKIP","floor":59.0},{"not_picked":["Flame Barrier"],"picked":"SKIP","floor":65.0},{"not_picked":["Hemokinesis"],"picked":"SKIP","floor":69.0},{"not_picked":["Replay:Undeath\u0027s Touch"],"picked":"SKIP","floor":70.0},{"not_picked":["ReplayTheSpireMod:Limb From Limb+1"],"picked":"SKIP","floor":71.0},{"not_picked":["Clothesline+1"],"picked":"SKIP","floor":72.0},{"not_picked":["Perfected Strike"],"picked":"SKIP","floor":73.0},{"not_picked":["Pommel Strike+1"],"picked":"SKIP","floor":74.0},{"not_picked":["Clothesline"],"picked":"SKIP","floor":76.0},{"not_picked":["Clothesline"],"picked":"SKIP","floor":76.0},{"not_picked":["ReplayTheSpireMod:Corrosion Curse"],"picked":"SKIP","floor":78.0},{"not_picked":["ReplayReversal"],"picked":"SKIP","floor":81.0},{"not_picked":["Power Through"],"picked":"SKIP","floor":86.0},{"not_picked":["infinitespire:UltimateForm","infinitespire:SevenWalls"],"picked":"infinitespire:SealOfDarkness+","floor":90.0},{"not_picked":["Inflame"],"picked":"SKIP","floor":91.0},{"not_picked":["Perfected Strike"],"picked":"SKIP","floor":95.0},{"not_picked":["Perfected Strike+1"],"picked":"SKIP","floor":96.0},{"not_picked":["Eclipse"],"picked":"SKIP","floor":99.0},{"not_picked":["hubris:SharpeningStone"],"picked":"SKIP","floor":103.0},{"not_picked":["ReplayTheSpireMod:Corrosion Curse"],"picked":"SKIP","floor":104.0},{"not_picked":["Perfected Strike"],"picked":"SKIP","floor":105.0},{"not_picked":["Cleave"],"picked":"SKIP","floor":107.0},{"not_picked":["infinitespire:Punishment","infinitespire:UltimateForm"],"picked":"infinitespire:SealOfDarkness+","floor":108.0},{"not_picked":["Anger"],"picked":"SKIP","floor":108.0},{"not_picked":["Second Wind"],"picked":"SKIP","floor":110.0},{"not_picked":["Twin Strike"],"picked":"SKIP","floor":113.0},{"not_picked":["Clash"],"picked":"SKIP","floor":114.0},{"not_picked":["Clothesline"],"picked":"SKIP","floor":115.0},{"not_picked":["Shrug It Off"],"picked":"SKIP","floor":116.0},{"not_picked":["ReplayTheSpireMod:Corrosion Curse"],"picked":"SKIP","floor":120.0},{"not_picked":["Clothesline"],"picked":"SKIP","floor":121.0},{"not_picked":["Body Slam+1"],"picked":"SKIP","floor":125},{"not_picked":["infinitespire:OneForAll"],"picked":"SKIP","floor":130},{"not_picked":["Impervious"],"picked":"SKIP","floor":132},{"not_picked":["Pommel Strike+1"],"picked":"SKIP","floor":133},{"not_picked":["Twin Strike+1"],"picked":"SKIP","floor":137},{"not_picked":["Shrug It Off+1"],"picked":"SKIP","floor":138},{"not_picked":["Flame Barrier+1"],"picked":"SKIP","floor":143},{"not_picked":["Flame Barrier+1"],"picked":"SKIP","floor":143},{"not_picked":["Sever Soul+1"],"picked":"SKIP","floor":144},{"not_picked":["Headbutt"],"picked":"SKIP","floor":149},{"not_picked":["Shockwave+1"],"picked":"SKIP","floor":150},{"not_picked":["ReplayReversal+1"],"picked":"SKIP","floor":156}],"player_experience":126704,"relics_obtained":[{"floor":6.0,"key":"infinitespire:CursedDice"},{"floor":9.0,"key":"Ginger"},{"floor":11.0,"key":"Replay:Wax Seal"},{"floor":14.0,"key":"Boot"},{"floor":23.0,"key":"hubris:CuriousFeather"},{"floor":25.0,"key":"Calipers"},{"floor":26.0,"key":"Mirror"},{"floor":29.0,"key":"halation:VictoryRuler"},{"floor":41.0,"key":"Toy Ornithopter"},{"floor":43.0,"key":"Golden Egg"},{"floor":44.0,"key":"Meat on the Bone"},{"floor":48.0,"key":"MawBank"},{"floor":55.0,"key":"Odd Mushroom"},{"floor":65.0,"key":"Replay:Towering Pillar of Hats"},{"floor":74.0,"key":"Pen Nib"},{"floor":76.0,"key":"Potion Belt"},{"floor":77.0,"key":"infinitespire:Broken Mirror"},{"floor":89.0,"key":"Replay:Arrowhead"},{"floor":90.0,"key":"hubris:MedicalManual"},{"floor":91.0,"key":"infinitespire:PuzzleCube"},{"floor":94.0,"key":"ReplayTheSpireMod:Spearhead"},{"floor":95.0,"key":"Centennial Puzzle"},{"floor":100.0,"key":"War Paint"},{"floor":108.0,"key":"Smiling Mask"},{"floor":110.0,"key":"halation:PromiseList"},{"floor":114.0,"key":"Bag of Marbles"},{"floor":125,"key":"infinitespire:WardingShard"},{"floor":128,"key":"Anchor"},{"floor":143,"key":"Strawberry"},{"floor":145,"key":"Iron Hammer"},{"floor":150,"key":"Lantern"},{"floor":156,"key":"TungstenRod"}],"event_choices":[{"damage_healed":0.0,"max_hp_gain":0.0,"max_hp_loss":0.0,"gold_gain":0.0,"event_name":"Living Wall","player_choice":"Grow","floor":0.0,"gold_loss":0.0,"damage_taken":0.0,"cards_upgraded":["Bash"]},{"damage_healed":0.0,"max_hp_gain":0.0,"max_hp_loss":0.0,"gold_gain":0.0,"event_name":"The Woman in Blue","player_choice":"Bought 0 Potions","floor":30.0,"gold_loss":0.0,"damage_taken":0.0},{"cards_removed":["Bash"],"damage_healed":0.0,"max_hp_gain":0.0,"max_hp_loss":0.0,"gold_gain":0.0,"event_name":"Living Wall","player_choice":"Forget","floor":53.0,"gold_loss":0.0,"damage_taken":0.0},{"damage_healed":0.0,"max_hp_gain":0.0,"max_hp_loss":0.0,"gold_gain":0.0,"event_name":"Mushrooms","player_choice":"Fought Mushrooms","floor":55.0,"gold_loss":0.0,"damage_taken":0.0},{"damage_healed":0.0,"max_hp_gain":0.0,"max_hp_loss":0.0,"gold_gain":0.0,"event_name":"Cursed Tome","player_choice":"Ignored","floor":82.0,"gold_loss":0.0,"damage_taken":0.0},{"damage_healed":0.0,"max_hp_gain":0.0,"max_hp_loss":0.0,"gold_gain":0.0,"event_name":"Tomb of Lord Red Mask","player_choice":"Ignored","floor":88.0,"gold_loss":0.0,"damage_taken":0.0},{"damage_healed":0.0,"max_hp_gain":0.0,"max_hp_loss":0.0,"gold_gain":0.0,"event_name":"MindBloom","player_choice":"Fight","floor":89.0,"gold_loss":0.0,"damage_taken":0.0},{"cards_removed":["Power Through"],"damage_healed":0.0,"max_hp_gain":0.0,"max_hp_loss":0.0,"gold_gain":0.0,"event_name":"Bonfire Elementals","player_choice":"Offered Uncommon","floor":93.0,"gold_loss":0.0,"damage_taken":0.0},{"damage_healed":0.0,"max_hp_gain":0.0,"max_hp_loss":0.0,"gold_gain":7.0,"event_name":"betterStone:BetterStone","player_choice":"1","floor":117.0,"gold_loss":0.0,"damage_taken":0.0},{"damage_healed":0.0,"max_hp_gain":0.0,"max_hp_loss":0.0,"gold_gain":0.0,"event_name":"Addict","player_choice":"Obtained Relic","floor":122.0,"gold_loss":85.0,"damage_taken":0.0,"relics_obtained":["Replay:Bottled Flurry"]},{"damage_healed":0.0,"max_hp_gain":83.0,"max_hp_loss":61.0,"gold_gain":0.0,"event_name":"betterAltar:BetterAltar","player_choice":" Vial ","floor":123.0,"potions_obtained":[],"relics_lost":[],"gold_loss":0.0,"damage_taken":22.0,"relics_obtained":["Blood Vial"]},{"damage_healed":0,"gold_gain":0,"player_choice":"Ignored","damage_taken":0,"max_hp_gain":0,"max_hp_loss":0,"event_name":"Cursed Tome","floor":126,"gold_loss":0},{"damage_healed":0,"gold_gain":0,"player_choice":"Ignored","damage_taken":0,"max_hp_gain":0,"max_hp_loss":0,"event_name":"Vampires","floor":127,"gold_loss":0},{"damage_healed":0,"gold_gain":0,"player_choice":"Ignored","damage_taken":0,"max_hp_gain":0,"max_hp_loss":0,"event_name":"Tomb of Lord Red Mask","floor":140,"gold_loss":0},{"damage_healed":0,"gold_gain":0,"player_choice":"Copied","damage_taken":0,"max_hp_gain":0,"max_hp_loss":0,"event_name":"Duplicator","floor":141,"gold_loss":0,"cards_obtained":["hubris:InfiniteBlow"]}],"is_beta":false,"boss_relics":[{"not_picked":["Abe\u0027s Treasure","beaked:SacredDeck"],"picked":"hubris:Backtick"},{"not_picked":["halation:Prosthetics","Replay:Ancient Bell"],"picked":"Runic Dome"},{"not_picked":["Replay:Wanted Poster","hubris:VirtuousBlindfold"],"picked":"Busted Crown"},{"not_picked":["halation:Risk","hubris:VirtuousBlindfold"],"picked":"Fusion Hammer"},{"not_picked":["SacredBark","infinitespire:Cupcake"],"picked":"infinitespire:Burning Sword"},{"not_picked":["halation:SmartPhone","SlaversCollar"],"picked":"Black Blood"},{"not_picked":["Ooze Armor","halation:MonkeysPaw","beaked:MawFillet"]},{"not_picked":["Runic Pyramid","halation:PinkAlligatorPlush"],"picked":"hubris:ScarierMask"},{"not_picked":["Replay:Ancient Bell","Cursed Key"],"picked":"construct:ClawGrip"}],"items_purged_floors":[10,20,27,37,39,47,56,62,80],"is_endless":true,"potions_floor_spawned":[1,3,14,16,22,23,31,33,35,45,50,52,59,65,67,73,76,78,84,89,91,95,96,103,110,113,114,115,121,132,137,149],"ascension_level":0}}