{"host":"y3h3n3f7seyagppx","time":1611700299,"event":{"mods":["AlwaysNeverKeys","BaseMod","Better Vampires","Colored Powertips","DeckTracker","Emptier Cage","Minty Spire (QoL Compilation)","Permanent Neow","Quick Restart","Rare Cards Sparkle","Relic Sorter","Relic Stats","StSLib","Transform Curses"],"gold_per_floor":[361,379,21,31,31,31,59,59,83,83,158,190,203,216,216,287,287,303,322,55,74,90,123,123,153,180,180,180,206,230,249,249,323,323,335,335,43,55,55,87,87,120,147,174,186,212,229,100,100,100,100,100,100,13,47,47],"floor_reached":57,"language":"ENG","playtime":9181,"items_purged":["Defend_G","Defend_G"],"score":3051,"play_id":"7c79d625-63d1-4cad-9ae9-489fc94bf60f","local_time":"20210126173139","is_ascension_mode":true,"campfire_choices":[{"data":"Apotheosis","floor":6.0,"key":"SMITH"},{"data":"Neutralize","floor":10.0,"key":"SMITH"},{"data":"Backstab","floor":15.0,"key":"SMITH"},{"floor":24,"key":"REST"},{"data":"Cloak And Dagger","floor":27,"key":"SMITH"},{"data":"After Image","floor":32,"key":"SMITH"},{"data":"Tools of the Trade","floor":41,"key":"SMITH"},{"data":"Burst","floor":49,"key":"SMITH"},{"floor":53,"key":"REST"}],"circlet_count":0,"master_deck":["AscendersBane","Defend_G+1","Defend_G+1","Defend_G","Survivor","Neutralize+1","Poisoned Stab+1","Dagger Spray","Apotheosis+1","Backstab+1","Tools of the Trade+1","Dash","Dagger Spray","Backflip","After Image+1","Endless Agony","Blur","Cloak And Dagger+1","Heel Hook","Bite","Bite","Bite","Bite","Burst+1","Backflip","Secret Technique","Panacea","Blind","PiercingWail+1","Cloak And Dagger","Noxious Fumes+1","PiercingWail","Dodge and Roll+1","Blade Dance+1","Leg Sweep","Accuracy"],"relics":["Ring of the Snake","Sling","Whetstone","Potion Belt","Du-Vu Doll","SacredBark","Kunai","War Paint","StrikeDummy","Vajra","Pear","Bag of Preparation","Philosopher\u0027s Stone","Membership Card","Question Card","Torii","Regal Pillow","Pen Nib","Juzu Bracelet","Cauldron","Gambling Chip"],"acts_visited":["Exordium","TheCity","TheBeyond","TheEnding"],"potions_floor_usage":[21,22,23,25,29,38,45,55,55,56,56,56],"damage_taken":[{"damage":0.0,"enemies":"2 Louse","floor":1.0,"turns":4.0},{"damage":4.0,"enemies":"Small Slimes","floor":2.0,"turns":3.0},{"damage":0.0,"enemies":"Jaw Worm","floor":4.0,"turns":5.0},{"damage":0.0,"enemies":"Gremlin Nob","floor":7.0,"turns":2.0},{"damage":7.0,"enemies":"3 Sentries","floor":12.0,"turns":6.0},{"damage":2.0,"enemies":"Exordium Wildlife","floor":13.0,"turns":3.0},{"damage":0.0,"enemies":"Exordium Thugs","floor":14.0,"turns":3.0},{"damage":24.0,"enemies":"Hexaghost","floor":16.0,"turns":11.0},{"damage":0.0,"enemies":"3 Byrds","floor":18.0,"turns":5.0},{"damage":3.0,"enemies":"2 Thieves","floor":19.0,"turns":4.0},{"damage":7,"enemies":"Centurion and Healer","floor":21,"turns":7},{"damage":1,"enemies":"Shelled Parasite and Fungi","floor":22,"turns":8},{"damage":2,"enemies":"Book of Stabbing","floor":23,"turns":5},{"damage":0,"enemies":"Slavers","floor":25,"turns":6},{"damage":29,"enemies":"Book of Stabbing","floor":29,"turns":5},{"damage":14,"enemies":"Sentry and Sphere","floor":31,"turns":6},{"damage":30,"enemies":"Champ","floor":33,"turns":26},{"damage":13,"enemies":"3 Shapes","floor":35,"turns":6},{"damage":3,"enemies":"3 Darklings","floor":38,"turns":6},{"damage":14,"enemies":"Giant Head","floor":40,"turns":11},{"damage":14,"enemies":"Nemesis","floor":42,"turns":8},{"damage":0,"enemies":"Reptomancer","floor":44,"turns":8},{"damage":1,"enemies":"Sphere and 2 Shapes","floor":45,"turns":4},{"damage":0,"enemies":"Giant Head","floor":46,"turns":8},{"damage":1,"enemies":"Writhing Mass","floor":47,"turns":8},{"damage":2,"enemies":"Awakened One","floor":50,"turns":20},{"damage":101,"enemies":"Time Eater","floor":51,"turns":17},{"damage":26,"enemies":"Shield and Spear","floor":55,"turns":6},{"damage":39,"enemies":"The Heart","floor":56,"turns":15}],"seed_played":"-8861456401540962856","potions_obtained":[{"floor":2.0,"key":"FearPotion"},{"floor":4.0,"key":"EssenceOfSteel"},{"floor":14.0,"key":"BlessingOfTheForge"},{"floor":16.0,"key":"ColorlessPotion"},{"floor":18.0,"key":"SkillPotion"},{"floor":19.0,"key":"CunningPotion"},{"floor":23,"key":"ColorlessPotion"},{"floor":38,"key":"FairyPotion"},{"floor":40,"key":"Fruit Juice"},{"floor":44,"key":"Block Potion"},{"floor":45,"key":"SpeedPotion"},{"floor":48,"key":"DistilledChaos"},{"floor":48,"key":"CunningPotion"},{"floor":55,"key":"ColorlessPotion"}],"is_trial":false,"path_per_floor":["M","M","$","M","?","R","E","?","T","R","?","E","M","M","R","B",null,"M","M","$","M","M","E","R","E","T","R","?","E","T","M","R","B",null,"M","?","$","M","?","E","R","E","T","E","M","E","M","$","R","B","B",null,"R","$","E","B",null],"character_chosen":"THE_SILENT","items_purchased":["Sling","Apotheosis","Kunai","Membership Card","FairyPotion","SkillPotion","Cauldron","SpeedPotion","Leg Sweep","Accuracy"],"campfire_rested":2,"item_purchase_floors":[3,3,20,37,37,37,48,54,54,54],"current_hp_per_floor":[59,55,55,55,55,55,55,55,55,55,44,37,35,35,35,11,48,48,45,45,38,37,35,53,53,53,53,45,30,30,26,26,55,55,54,44,44,50,65,64,64,60,60,65,75,75,75,75,75,75,39,66,75,75,50,29],"gold":47,"neow_bonus":"TWO_FIFTY_GOLD","is_daily":false,"chose_seed":false,"campfire_upgraded":7,"win_rate":0.0,"timestamp":1611700299,"path_taken":["M","M","$","M","?","R","E","?","T","R","?","E","M","?","R","BOSS","M","M","$","M","M","E","R","E","T","R","?","E","?","M","R","BOSS","M","?","$","M","?","E","R","E","T","E","M","E","M","$","R","BOSS","BOSS","R","$","E","BOSS"],"items_purchased_type":["Relic","Card","Relic","Relic","Potion","Potion","Relic","Potion","Card","Card"],"build_version":"2020-12-22","purchased_purges":2,"victory":true,"max_hp_per_floor":[60,60,60,60,60,60,60,60,60,60,60,60,60,60,60,60,60,60,60,60,60,60,60,60,60,60,60,45,55,55,55,55,55,55,55,55,55,55,65,65,65,65,65,65,75,75,75,75,75,75,75,75,75,75,75,75],"relic_stats":{"Regal Pillow":0,"Torii":58,"counters":[29,226],"Pen Nib":[27],"Bag of Preparation":[29],"Juzu Bracelet":0,"Whetstone":["Strike_G","Poisoned Stab"],"War Paint":["Defend_G","Defend_G"],"Question Card":7,"Gambling Chip":[5],"Kunai":[130],"obtain_stats":[{"Potion Belt":9,"Regal Pillow":43,"Pear":29,"Torii":42,"SacredBark":17,"Vajra":26,"Pen Nib":44,"Bag of Preparation":30,"Juzu Bracelet":46,"Whetstone":7,"War Paint":23,"Sling":3,"Question Card":40,"Du-Vu Doll":12,"Cauldron":48,"Gambling Chip":55,"Philosopher\u0027s Stone":34,"Kunai":20,"Membership Card":37,"StrikeDummy":25,"Ring of the Snake":0},{"Potion Belt":4,"Regal Pillow":21,"Pear":15,"Torii":21,"SacredBark":8,"Vajra":14,"Pen Nib":22,"Bag of Preparation":15,"Juzu Bracelet":24,"Whetstone":4,"War Paint":13,"Sling":2,"Question Card":20,"Du-Vu Doll":5,"Cauldron":25,"Gambling Chip":28,"Philosopher\u0027s Stone":17,"Kunai":10,"Membership Card":18,"StrikeDummy":14,"Ring of the Snake":0},{"Potion Belt":14,"Regal Pillow":140,"Pear":77,"Torii":140,"SacredBark":37,"Vajra":72,"Pen Nib":148,"Bag of Preparation":77,"Juzu Bracelet":160,"Whetstone":14,"War Paint":66,"Sling":7,"Question Card":132,"Du-Vu Doll":20,"Cauldron":168,"Gambling Chip":211,"Philosopher\u0027s Stone":109,"Kunai":46,"Membership Card":115,"StrikeDummy":72,"Ring of the Snake":0}],"Ring of the Snake":[61]},"card_choices":[{"not_picked":["Dagger Spray","Deflect"],"picked":"Poisoned Stab","floor":1.0},{"not_picked":["Underhanded Strike","Infinite Blades"],"picked":"Dagger Spray","floor":2.0},{"not_picked":["Escape Plan","Underhanded Strike"],"picked":"Backstab","floor":4.0},{"not_picked":["Setup","Burst"],"picked":"Tools of the Trade","floor":7.0},{"not_picked":["Reflex","Sucker Punch","Well Laid Plans"],"picked":"SKIP","floor":12.0},{"not_picked":["Bane","Deadly Poison"],"picked":"Dagger Spray","floor":13.0},{"not_picked":["Tactician","Choke"],"picked":"Backflip","floor":14.0},{"not_picked":["Burst","Die Die Die"],"picked":"After Image","floor":16.0},{"not_picked":["Sucker Punch","Flechettes"],"picked":"Endless Agony","floor":18.0},{"not_picked":["Quick Slash","Distraction","Prepared"],"picked":"SKIP","floor":19.0},{"not_picked":["Poisoned Stab","Bane"],"picked":"Blur","floor":21},{"not_picked":["Predator","Flechettes+1"],"picked":"Cloak And Dagger","floor":22},{"not_picked":["Flechettes","Dagger Spray","Flying Knee+1"],"picked":"SKIP","floor":23},{"not_picked":["Outmaneuver","Footwork"],"picked":"Heel Hook","floor":25},{"not_picked":["Heel Hook","Sucker Punch"],"picked":"Burst","floor":29},{"not_picked":["Acrobatics","Finisher"],"picked":"Backflip","floor":31},{"not_picked":["Storm of Steel","Unload"],"picked":"Bullet Time","floor":33},{"not_picked":["Outmaneuver","Finisher","Flying Knee"],"picked":"SKIP","floor":35},{"not_picked":["Secret Weapon","Jack Of All Trades"],"picked":"Secret Technique","floor":36},{"not_picked":["Madness","Trip"],"picked":"Panacea","floor":36},{"not_picked":["Forethought","Transmutation"],"picked":"Blind","floor":36},{"not_picked":["Dagger Throw","Poisoned Stab"],"picked":"PiercingWail+1","floor":38},{"not_picked":["Outmaneuver","Deflect","Slice+1"],"picked":"SKIP","floor":40},{"not_picked":["Unload","Infinite Blades","Eviscerate"],"picked":"Cloak And Dagger","floor":42},{"not_picked":["Venomology","Finisher","PiercingWail"],"picked":"Noxious Fumes+1","floor":44},{"not_picked":["Dagger Spray","PiercingWail","Quick Slash","Backstab"],"picked":"SKIP","floor":45},{"not_picked":["Dagger Spray","Quick Slash","Backstab"],"picked":"PiercingWail","floor":45},{"not_picked":["Acrobatics+1","Escape Plan","Grand Finale"],"picked":"Dodge and Roll+1","floor":46},{"not_picked":["Dash","All Out Attack","Caltrops+1"],"picked":"Blade Dance+1","floor":47},{"not_picked":["Dagger Throw","Eviscerate","Bane","Backstab"],"picked":"SKIP","floor":55}],"player_experience":21630349,"relics_obtained":[{"floor":7.0,"key":"Whetstone"},{"floor":9.0,"key":"Potion Belt"},{"floor":12.0,"key":"Du-Vu Doll"},{"floor":23,"key":"War Paint"},{"floor":25,"key":"StrikeDummy"},{"floor":26,"key":"Vajra"},{"floor":29,"key":"Pear"},{"floor":30,"key":"Bag of Preparation"},{"floor":40,"key":"Question Card"},{"floor":42,"key":"Torii"},{"floor":43,"key":"Regal Pillow"},{"floor":44,"key":"Pen Nib"},{"floor":46,"key":"Juzu Bracelet"},{"floor":55,"key":"Gambling Chip"}],"event_choices":[{"damage_healed":0.0,"max_hp_gain":0.0,"max_hp_loss":0.0,"gold_gain":0.0,"event_name":"Liars Game","player_choice":"Ignored","floor":5.0,"gold_loss":0.0,"damage_taken":0.0},{"damage_healed":0.0,"max_hp_gain":0.0,"max_hp_loss":0.0,"gold_gain":0.0,"cards_transformed":["Strike_G"],"event_name":"Living Wall","player_choice":"Change","floor":8.0,"gold_loss":0.0,"damage_taken":0.0,"cards_obtained":["Dash"]},{"damage_healed":0.0,"max_hp_gain":0.0,"max_hp_loss":0.0,"gold_gain":75.0,"event_name":"World of Goop","player_choice":"Gather Gold","floor":11.0,"gold_loss":0.0,"damage_taken":11.0},{"damage_healed":0,"gold_gain":0,"player_choice":"Became a vampire","damage_taken":0,"max_hp_gain":0,"max_hp_loss":15,"event_name":"Vampires","floor":28,"gold_loss":0,"cards_obtained":["Bite","Bite","Bite","Bite"]},{"damage_healed":0,"gold_gain":0,"player_choice":"Memory 3","damage_taken":10,"max_hp_gain":0,"max_hp_loss":0,"event_name":"SensoryStone","floor":36,"gold_loss":0},{"cards_removed":["Bullet Time"],"damage_healed":5,"gold_gain":0,"player_choice":"Offered Rare","damage_taken":0,"max_hp_gain":10,"max_hp_loss":0,"event_name":"Bonfire Elementals","floor":39,"gold_loss":0}],"is_beta":false,"boss_relics":[{"not_picked":["WristBlade","Ectoplasm"],"picked":"SacredBark"},{"not_picked":["HoveringKite","Empty Cage"],"picked":"Philosopher\u0027s Stone"}],"items_purged_floors":[37,48],"is_endless":false,"potions_floor_spawned":[2,4,14,16,18,19,23,38,40,44,45,55],"ascension_level":20}}