{"host":"oigynbtg272c19pw","time":1611663077,"event":{"mods":["BaseMod","Colored Map","Minty Spire (QoL Compilation)","Relic Stats","Slay the Relics Exporter","StSLib"],"gold_per_floor":[117,128,53,53,68,68,112,112,112,130,130,130],"floor_reached":11,"playtime":435,"items_purged":["Defend_R"],"score":146,"play_id":"b1c9f7c0-8cda-4152-8a1e-eef57303b54b","local_time":"20210126131117","is_ascension_mode":true,"campfire_choices":[{"data":"Perfected Strike","floor":6.0,"key":"SMITH"},{"data":"Bash","floor":8.0,"key":"SMITH"}],"circlet_count":0,"master_deck":["AscendersBane","Strike_R","Strike_R","Strike_R","Strike_R","Strike_R","Defend_R","Defend_R","Defend_R","Bash+1","Clash","Second Wind","Perfected Strike+1","Clash","Warcry"],"relics":["Burning Blood","FossilizedHelix","Golden Idol","Self Forming Clay","Shuriken"],"acts_visited":["Exordium"],"potions_floor_usage":[11],"damage_taken":[{"damage":0.0,"enemies":"Cultist","floor":1.0,"turns":4.0},{"damage":0.0,"enemies":"Small Slimes","floor":2.0,"turns":2.0},{"damage":2.0,"enemies":"Jaw Worm","floor":5.0,"turns":3.0},{"damage":20.0,"enemies":"3 Sentries","floor":7.0,"turns":7.0},{"damage":16.0,"enemies":"Red Slaver","floor":10.0,"turns":4.0},{"damage":26,"enemies":"Gremlin Nob","floor":11,"turns":3}],"seed_played":"-7328051977724658004","potions_obtained":[{"floor":2.0,"key":"LiquidMemories"},{"floor":5.0,"key":"Dexterity Potion"}],"is_trial":false,"path_per_floor":["M","M","$","?","M","R","E","R","T","M","E"],"character_chosen":"IRONCLAD","items_purchased":[],"campfire_rested":0,"item_purchase_floors":[],"current_hp_per_floor":[68,68,68,45,49,49,35,35,35,25,0,0],"gold":130,"neow_bonus":"ONE_RARE_RELIC","is_daily":false,"chose_seed":false,"campfire_upgraded":2,"win_rate":0.0,"timestamp":1611663077,"path_taken":["M","?","$","?","M","R","E","R","T","M","E"],"items_purchased_type":[],"build_version":"2020-12-13","purchased_purges":1,"victory":false,"max_hp_per_floor":[68,68,68,68,68,68,68,68,68,68,68,68],"relic_stats":{"counters":[6,23],"Golden Idol":16,"Self Forming Clay":[3],"Shuriken":[0],"obtain_stats":[{"Golden Idol":4,"Self Forming Clay":7,"Shuriken":9,"Burning Blood":0,"FossilizedHelix":0},{"Golden Idol":2,"Self Forming Clay":4,"Shuriken":4,"Burning Blood":0,"FossilizedHelix":0},{"Golden Idol":6,"Self Forming Clay":16,"Shuriken":16,"Burning Blood":0,"FossilizedHelix":0}],"Burning Blood":18},"card_choices":[{"not_picked":["Iron Wave","Havoc"],"picked":"Clash","floor":1.0},{"not_picked":["Headbutt","Ghostly Armor"],"picked":"Second Wind","floor":2.0},{"not_picked":["Whirlwind","Anger"],"picked":"Perfected Strike","floor":5.0},{"not_picked":["Sever Soul","Entrench"],"picked":"Clash","floor":7.0},{"not_picked":["Iron Wave","Searing Blow"],"picked":"Warcry","floor":10.0}],"player_experience":1489632,"relics_obtained":[{"floor":7.0,"key":"Self Forming Clay"},{"floor":9.0,"key":"Shuriken"}],"event_choices":[{"damage_healed":0.0,"max_hp_gain":0.0,"max_hp_loss":0.0,"gold_gain":0.0,"event_name":"Golden Idol","player_choice":"Take Damage","floor":4.0,"gold_loss":0.0,"damage_taken":23.0,"relics_obtained":["Golden Idol"]}],"is_beta":false,"boss_relics":[],"items_purged_floors":[3],"is_endless":false,"potions_floor_spawned":[2,5],"killed_by":"Gremlin Nob","ascension_level":20}}