{"host":"zqowyf7xxb4s9ib0","time":1611642022,"event":{"mods":["BaseMod","Better Note","Colored Map","Colored Powertips","Downfall","Highlight Path","Minty Spire (QoL Compilation)","Permanent Neow","Quick Restart","StSLib"],"gold_per_floor":[99,117,133,148,165,165,165,49,49,68,53,53,53,53,72,173,173,73,91,101,101,101,116,143,143,170,170,170,201,101,117,133,233,233,233,248,262,247,264,297,297,297,313,328,328,378,493,512,527,527],"floor_reached":51,"language":"ENG","playtime":3570,"items_purged":["bronze:Strike"],"score":811,"play_id":"ab4bc020-2938-4a9b-a046-524317fc85d5","local_time":"20210125222022","is_ascension_mode":false,"campfire_choices":[{"data":"bronze:SpaghettiCode","floor":1,"key":"SMITH"},{"floor":9,"key":"RECALL"},{"data":"bronze:Defend","floor":18,"key":"SMITH"},{"floor":27,"key":"REST"},{"data":"bronze:Repair","floor":30,"key":"SMITH"},{"data":"bronze:Terminator","floor":35,"key":"SMITH"}],"circlet_count":0,"master_deck":["bronze:Defend","bronze:Defend","bronze:Defend","bronze:Defend+1","bronze:Replicate","bronze:SpaghettiCode+1","bronze:ChosenStrike","bronze:FineTuning+1","bronze:FineTuning","bronze:Iterate","bronze:Branch","bronze:ForLoop","bronze:Flail+1","bronze:Terminator+1","bronze:OilSpill","bronze:FineTuning","Necronomicurse","bronze:Repair+1","bronze:Boost+1","bronze:BugBarrage+1","bronze:Repulsor"],"relics":["bronze:BronzeCore","Gremlin Horn","Pear","Runic Pyramid","downfall:HeartBlessingRed","Vajra","Orichalcum","Necronomicon","Shuriken","downfall:HeartBlessingGreen","Sozu","Eternal Feather","TungstenRod","Ice Cream","ClockworkSouvenir"],"acts_visited":["Exordium","TheCity","TheBeyond"],"potions_floor_usage":[16,16,16,26],"damage_taken":[{"damage":0,"enemies":"Cultist","floor":2,"turns":3},{"damage":5,"enemies":"Small Slimes","floor":3,"turns":2},{"damage":0,"enemies":"2 Louse","floor":4,"turns":3},{"damage":4,"enemies":"2 Fungi Beasts","floor":5,"turns":4},{"damage":3,"enemies":"downfall:FleeingMerchant","floor":8,"turns":4},{"damage":18,"enemies":"Exordium Wildlife","floor":10,"turns":4},{"damage":5,"enemies":"downfall:FleeingMerchant","floor":11,"turns":4},{"damage":5,"enemies":"3 Louse","floor":15,"turns":2},{"damage":22,"enemies":"IC_STATUS_ARCHETYPE","floor":16,"turns":9},{"damage":0,"enemies":"Chosen","floor":19,"turns":3},{"damage":13,"enemies":"Shelled Parasite and Fungi","floor":20,"turns":3},{"damage":15,"enemies":"Centurion and Healer","floor":23,"turns":4},{"damage":11,"enemies":"Slavers","floor":26,"turns":4},{"damage":12,"enemies":"Book of Stabbing","floor":29,"turns":3},{"damage":11,"enemies":"Snake Plant","floor":31,"turns":2},{"damage":0,"enemies":"Shelled Parasite and Fungi","floor":32,"turns":2},{"damage":0,"enemies":"WA_ARCHETYPE_CALM","floor":33,"turns":5},{"damage":0,"enemies":"3 Darklings","floor":36,"turns":2},{"damage":0,"enemies":"3 Shapes","floor":37,"turns":2},{"damage":0,"enemies":"downfall:FleeingMerchant","floor":38,"turns":4},{"damage":2,"enemies":"Jaw Worm Horde","floor":39,"turns":3},{"damage":14,"enemies":"Giant Head","floor":40,"turns":5},{"damage":0,"enemies":"Spire Growth","floor":43,"turns":2},{"damage":8,"enemies":"Maw","floor":44,"turns":5},{"damage":0,"enemies":"Maw","floor":46,"turns":3},{"damage":0,"enemies":"downfall:FleeingMerchant","floor":47,"turns":2},{"damage":0,"enemies":"Jaw Worm Horde","floor":48,"turns":2},{"damage":10,"enemies":"Writhing Mass","floor":49,"turns":2},{"damage":17,"enemies":"SI_POISON_ARCHETYPE","floor":50,"turns":6}],"seed_played":"-4146825633387757758","potions_obtained":[{"floor":5,"key":"EssenceOfSteel"},{"floor":10,"key":"Weak Potion"},{"floor":15,"key":"Dexterity Potion"},{"floor":19,"key":"LiquidMemories"},{"floor":26,"key":"Fire Potion"},{"floor":31,"key":"bronze:FreeFunctionsPotion"},{"floor":33,"key":"Fire Potion"}],"is_trial":false,"path_per_floor":["R","M","M","M","M","?","T","$","R","M","$","T","?","?","M","B",null,"R","M","M","?","?","M","T","?","E","R","?","E","R","M","M","B",null,"R","M","M","?","M","E","T","?","M","M","?","?","$","M","M","B",null],"character_chosen":"THE_AUTOMATON","items_purchased":["bronze:Iterate","bronze:Branch","ClockworkSouvenir"],"campfire_rested":1,"item_purchase_floors":[8,8,47],"current_hp_per_floor":[70,70,65,65,61,61,61,58,58,40,35,45,45,45,40,18,80,80,80,67,67,67,52,52,52,41,65,49,37,37,36,46,56,80,80,80,80,80,78,66,66,66,66,69,69,79,79,79,69,62],"gold":527,"neow_bonus":"TRANSFORM_CARD","is_daily":false,"chose_seed":false,"campfire_upgraded":4,"win_rate":0.0,"timestamp":1611642022,"path_taken":["R","M","M","?","M","?","T","$","R","M","$","?","?","?","M","BOSS","R","M","M","?","?","M","T","?","E","R","?","E","R","M","M","BOSS","R","M","M","?","M","E","T","?","M","?","?","?","$","M","M","BOSS"],"items_purchased_type":["Card","Card","Relic"],"build_version":"2020-12-22","purchased_purges":1,"victory":true,"max_hp_per_floor":[70,70,70,70,70,70,70,70,70,70,70,80,80,80,80,80,80,80,80,80,80,80,80,80,80,80,80,80,80,80,80,80,80,80,80,80,80,80,80,80,80,80,80,80,80,80,80,80,80,80],"card_choices":[{"not_picked":["bronze:Turbo","bronze:Deprecate","bronze:CutThrough"],"picked":"SKIP","floor":2},{"not_picked":["bronze:BuggyMess","bronze:Refactor"],"picked":"bronze:ChosenStrike","floor":3},{"not_picked":["bronze:DarkDash","bronze:DelayedGuard"],"picked":"bronze:FineTuning","floor":4},{"not_picked":["bronze:Iterate","bronze:Deprecate","bronze:DarkDash"],"picked":"SKIP","floor":5},{"not_picked":["bronze:OilSpill","bronze:Shield"],"picked":"bronze:FineTuning","floor":8},{"not_picked":["bronze:Philosophize","bronze:Shield"],"picked":"bronze:ForLoop","floor":10},{"not_picked":["bronze:Constructor","bronze:WildBeam","bronze:CutThrough"],"picked":"SKIP","floor":11},{"not_picked":["bronze:SpaghettiCode","bronze:BitShift","bronze:BronzeArmor"],"picked":"SKIP","floor":15},{"not_picked":["bronze:Safeguard","bronze:Optimize+1"],"picked":"bronze:Flail+1","floor":19},{"not_picked":["bronze:DelayedSlice+1","bronze:Invalidate"],"picked":"bronze:Terminator","floor":20},{"not_picked":["bronze:Branch","bronze:InfiniteBeams"],"picked":"bronze:FineTuning","floor":23},{"not_picked":["bronze:FineTuning+1","bronze:ForceShield+1","bronze:ShipIt"],"picked":"SKIP","floor":26},{"not_picked":["bronze:Separator+1","bronze:OilSpill"],"picked":"bronze:Repair","floor":29},{"not_picked":["bronze:WhirlingStrike","bronze:Iterate","bronze:NullPointer"],"picked":"SKIP","floor":31},{"not_picked":["bronze:WhirlingStrike","bronze:Shield"],"picked":"bronze:Boost+1","floor":32},{"not_picked":["bronze:DelayedGuard","bronze:ForLoop+1","bronze:Turbo"],"picked":"SKIP","floor":36},{"not_picked":["bronze:Allocate+1","bronze:Backtrace+1","bronze:Frontload+1"],"picked":"SKIP","floor":37},{"not_picked":["bronze:BitShift+1","bronze:Iterate","bronze:FineTuning"],"picked":"SKIP","floor":38},{"not_picked":["bronze:DelayedSlice","bronze:Turbo","bronze:ForceShield"],"picked":"SKIP","floor":39},{"not_picked":["bronze:WildBeam","bronze:Deprecate"],"picked":"bronze:BugBarrage+1","floor":40},{"not_picked":["bronze:ShipIt","bronze:Invalidate+1","bronze:Separator"],"picked":"SKIP","floor":43},{"not_picked":["bronze:BuggyMess+1","bronze:InfiniteBeams+1","bronze:ItsAFeature+1"],"picked":"SKIP","floor":44},{"not_picked":["bronze:Iterate","bronze:DelayedSlice","bronze:Virus"],"picked":"SKIP","floor":47},{"not_picked":["bronze:Constructor","bronze:DarkDash+1","bronze:WhirlingStrike"],"picked":"SKIP","floor":48},{"not_picked":["bronze:DelayedSlice+1","bronze:WhirlingStrike+1"],"picked":"bronze:Repulsor","floor":49}],"player_experience":514765,"relics_obtained":[{"floor":7,"key":"Gremlin Horn"},{"floor":12,"key":"Pear"},{"floor":24,"key":"Vajra"},{"floor":26,"key":"Orichalcum"},{"floor":28,"key":"Necronomicon"},{"floor":29,"key":"Shuriken"},{"floor":40,"key":"Eternal Feather"},{"floor":41,"key":"TungstenRod"},{"floor":46,"key":"Ice Cream"}],"event_choices":[{"damage_healed":0,"gold_gain":0,"player_choice":"Grow","damage_taken":0,"max_hp_gain":0,"max_hp_loss":0,"event_name":"Living Wall","floor":13,"gold_loss":0,"cards_upgraded":["bronze:FineTuning"]},{"damage_healed":0,"gold_gain":0,"player_choice":"Ignored","damage_taken":0,"max_hp_gain":0,"max_hp_loss":0,"event_name":"betterNote:BetterNote","floor":21,"gold_loss":0,"cards_obtained":["champ:StrikeOfGenius"]},{"damage_healed":0,"gold_gain":0,"player_choice":"Read","damage_taken":0,"max_hp_gain":0,"max_hp_loss":0,"event_name":"The Library","floor":22,"gold_loss":0,"cards_obtained":["bronze:OilSpill"]},{"damage_healed":0,"gold_gain":0,"player_choice":"Ignored","damage_taken":0,"max_hp_gain":0,"max_hp_loss":0,"event_name":"Ghosts","floor":25,"gold_loss":0},{"cards_removed":["bronze:Goto"],"damage_healed":0,"gold_gain":0,"player_choice":"Removed Skill","damage_taken":0,"max_hp_gain":0,"max_hp_loss":0,"event_name":"Falling","floor":42,"gold_loss":0}],"is_beta":false,"boss_relics":[{"not_picked":["Tiny House","SlaversCollar"],"picked":"Runic Pyramid"},{"not_picked":["Astrolabe","Fusion Hammer"],"picked":"Sozu"}],"items_purged_floors":[47],"is_endless":false,"potions_floor_spawned":[5,10,15,19,26,31,33,40,43,46,48],"ascension_level":0}}