{"host":"e4udrxcgdvpx3wcj","time":1611702465,"event":{"mods":["Act Like it!","Aspiration","Astrologer","BaseMod","Downfall","Gensokyo","Highlight Path","Infinite Spire","Koishi","Marisa????????","Minty Spire (QoL Compilation)","Replay The Spire","StSLib","SuperFastMode","The Bug Knight","The Construct","The Jungle","The Runesmith","The Servant 0.9.4","TheBandit"],"gold_per_floor":[115,129,147,147,147,174,174,199,199,199,32,32,95,50,50,142,142,168,363,363,418,456,456,517,517,517,546,600,66,66,93,93,218,218,254,254,254,254,114,114,114,156,156,180,231,273,273,289,289,311,407,407,432,453,471,207,233,241,241,241,286,310,353,353,372,399,399,458,458,470,485,508,508,514,514,536,589,589,589,589,646,687,687,687,745,745,782,802,888,888,925,925,999,999,999,999,1013,1045,1041,1041,1041,1135,1220,1220,1220,841,901,920],"floor_reached":109,"language":"ENG","playtime":6218,"items_purged":["Defend_S","Defend_S","Spreading Infection","Pot Of Greed"],"score":7646,"play_id":"7491343b-5538-484d-80e1-e9d8162ca4f4","local_time":"20210126180745","is_ascension_mode":true,"campfire_choices":[{"floor":7,"key":"REST"},{"data":"Moondial","floor":10,"key":"SMITH"},{"data":"Exchange","floor":12,"key":"SMITH"},{"data":"Manipulate","floor":15,"key":"SMITH"},{"data":"infinitespire:Punishment","floor":23,"key":"SMITH"},{"data":"Defy","floor":25,"key":"SMITH"},{"data":"Moondial","floor":30,"key":"SMITH"},{"data":"Strike_S","floor":32,"key":"PURGE"},{"data":"Solidify","floor":40,"key":"SMITH"},{"data":"infinitespire:Execution","floor":47,"key":"SMITH"},{"floor":49,"key":"RECALL"},{"data":"TheWorld","floor":59,"key":"SMITH"},{"data":"Potential","floor":64,"key":"SMITH"},{"data":"Hightail","floor":75,"key":"SMITH"},{"data":"Luminosity","floor":80,"key":"SMITH"},{"floor":84,"key":"REST"},{"data":"infinitespire:DeathsTouch","floor":92,"key":"SMITH"},{"data":"FloweringNight","floor":94,"key":"SMITH"},{"data":"SoulSculpture","floor":96,"key":"SMITH"},{"data":"Gensokyo:FourOfAKind","floor":101,"key":"SMITH"},{"data":"Luminosity","floor":105,"key":"SMITH"}],"circlet_count":0,"master_deck":["AscendersBane","Strike_S+1","Exchange+1","Desolation","Defy+1","Moondial+1","infinitespire:Punishment+1","Manipulate+1","Contraction","Luminosity+1","StarChef","Solidify+1","Rewind","Moondial+1","Gouge+1","Collapse","Moondial+1","Reset","RealityMarble+1","Rearm+1","infinitespire:Execution+1","Contraction+1","Potential+1","TheWorld+1","DualDimension","Desolation+1","ShatteredReality+1","Advance","Barrier","FloweringNight+1","Desolation","Luminosity+1","Hightail+1","Gensokyo:FourOfAKind+1","Gensokyo:FourOfAKind","Gensokyo:FourOfAKind","Gensokyo:FourOfAKind","Pot Of Greed","Pot Of Greed","Pot Of Greed","DualDimension+1","infinitespire:DeathsTouch+1","SoulSculpture+1","DoubleEdge+1","Moonlight+1","SoulSculpture","LightFlow","Replace+1","MurderousAura+1"],"relics":["Uniform","Kunai","Replay:Bandana","Lizard Tail","HollowMod:JonisBlessing","construct:FoamFinger","Busted Crown","Blue Doll","Smiling Mask","aspiration:TomeofQuesting","Pan","Pondfish Scales","SacredBark","ReplayTheSpireMod:Ring of Challenge","ReplayTheSpireMod:Ring of Collecting","aspiration:SeaSaltIceCream","Smiling Mask","Ring of Peace","Broom","Replay:Drink Me","ClockworkSouvenir","Meat on the Bone","Ring of Fury","Whetstone","Gensokyo:PerfectCherryBlossom","Black Star","Du-Vu Doll","Bottled Tornado","aspiration:FrozenJewel","Ring of Misfortune","infinitespire:Eraser","Grinning Jar","Gensokyo:MosesMiracle","bronze:MakeshiftBattery","FossilizedHelix","aspiration:ChemicalBlood","Replay:Bottled Snecko","Counterbalance","ReplayTheSpireMod:Ring of Exchange","BranchBurnRelic","Tiny Chest","Gambling Chip","Lee\u0027s Waffle","Turnip","Frozen Egg 2","Bag of Marbles","aspiration:StickyExplosives_weak"],"acts_visited":["Exordium","TheCity","Gensokyo:Gensokyoest","Gensokyo:Gensokyo","Gensokyo:Gensokyoer","TheBeyond","TheEnding"],"potions_floor_usage":[8,16,24,31,51,55,82,91,97,103,108],"damage_taken":[{"damage":6,"enemies":"Cultist","floor":1,"turns":4},{"damage":1,"enemies":"Small Slimes","floor":2,"turns":3},{"damage":1,"enemies":"Jaw Worm","floor":3,"turns":3},{"damage":16,"enemies":"Lagavulin","floor":6,"turns":5},{"damage":10,"enemies":"Gremlin Nob","floor":8,"turns":4},{"damage":0,"enemies":"3 Sentries","floor":13,"turns":5},{"damage":0,"enemies":"Slime Boss","floor":16,"turns":9},{"damage":0,"enemies":"Spheric Guardian","floor":18,"turns":6},{"damage":0,"enemies":"2 Thieves","floor":21,"turns":2},{"damage":0,"enemies":"Centurion and Healer","floor":22,"turns":6},{"damage":0,"enemies":"Gremlin Leader","floor":24,"turns":6},{"damage":0,"enemies":"Chosen and Byrds","floor":27,"turns":5},{"damage":0,"enemies":"Slavers","floor":28,"turns":3},{"damage":0,"enemies":"Snecko","floor":31,"turns":4},{"damage":0,"enemies":"Automaton","floor":33,"turns":8},{"damage":0,"enemies":"Gensokyo:3_Boulders","floor":35,"turns":4},{"damage":0,"enemies":"Gensokyo:Marisa","floor":42,"turns":5},{"damage":0,"enemies":"Gensokyo:3_Bats","floor":44,"turns":4},{"damage":0,"enemies":"Nightmare","floor":45,"turns":9},{"damage":0,"enemies":"Gensokyo:3_Boulders","floor":46,"turns":3},{"damage":0,"enemies":"Gensokyo:AtlasGolem","floor":48,"turns":5},{"damage":9,"enemies":"Gensokyo:Scarlet_Devils","floor":50,"turns":6},{"damage":0,"enemies":"Gensokyo:Yuyuko","floor":51,"turns":6},{"damage":0,"enemies":"Gensokyo:2_Kodama","floor":53,"turns":2},{"damage":0,"enemies":"Gensokyo:3_Fairies","floor":54,"turns":3},{"damage":0,"enemies":"Gensokyo:Gryphon","floor":55,"turns":3},{"damage":0,"enemies":"Gensokyo:3_Kodama","floor":57,"turns":3},{"damage":0,"enemies":"Gensokyo:Aya","floor":58,"turns":4},{"damage":0,"enemies":"Gensokyo:Gryphon_and_Rabbit","floor":62,"turns":2},{"damage":0,"enemies":"Gensokyo:Cirno","floor":63,"turns":5},{"damage":0,"enemies":"Gensokyo:LivingMonolith","floor":65,"turns":1},{"damage":0,"enemies":"Gensokyo:Mamizou","floor":66,"turns":3},{"damage":0,"enemies":"Gensokyo:Yukari","floor":68,"turns":4},{"damage":0,"enemies":"Gensokyo:CosmicMonolith","floor":70,"turns":3},{"damage":0,"enemies":"Gensokyo:Chomper","floor":71,"turns":3},{"damage":0,"enemies":"Gensokyo:Monolith_and_Dog","floor":72,"turns":3},{"damage":0,"enemies":"Gensokyo:Mirror_and_Dog","floor":74,"turns":2},{"damage":0,"enemies":"Gensokyo:Koishi","floor":76,"turns":4},{"damage":12,"enemies":"Gensokyo:Swordslinger","floor":77,"turns":3},{"damage":26,"enemies":"Gensokyo:Wraith","floor":81,"turns":2},{"damage":0,"enemies":"Gensokyo:Tenshi","floor":82,"turns":2},{"damage":0,"enemies":"Gensokyo:Eiki","floor":85,"turns":5},{"damage":0,"enemies":"3 Darklings","floor":87,"turns":4},{"damage":0,"enemies":"Orb Walker","floor":88,"turns":1},{"damage":0,"enemies":"2 Orb Walkers","floor":89,"turns":4},{"damage":5,"enemies":"Transient","floor":91,"turns":5},{"damage":0,"enemies":"Reptomancer","floor":93,"turns":2},{"damage":0,"enemies":"Writhing Mass","floor":97,"turns":2},{"damage":0,"enemies":"Sphere and 2 Shapes","floor":98,"turns":3},{"damage":0,"enemies":"Nightmare","floor":99,"turns":7},{"damage":0,"enemies":"infinitespire:MassOfShapes","floor":102,"turns":5},{"damage":0,"enemies":"Time Eater","floor":103,"turns":4},{"damage":0,"enemies":"Shield and Spear","floor":107,"turns":5},{"damage":0,"enemies":"The Heart","floor":108,"turns":9}],"seed_played":"3144548356284142552","potions_obtained":[{"floor":2,"key":"Adrenaline Potion"},{"floor":13,"key":"DistilledChaos"},{"floor":16,"key":"Toxic Potion"},{"floor":24,"key":"AttackPotion"},{"floor":27,"key":"LifebloodPotion"},{"floor":28,"key":"Block Potion"},{"floor":31,"key":"BlessingOfTheForge"},{"floor":51,"key":"PowerPotion"},{"floor":55,"key":"Fruit Juice"},{"floor":62,"key":"Cursed Concoction"},{"floor":66,"key":"LiquidMemories"},{"floor":88,"key":"sneckomod:MuddlingPotion"},{"floor":91,"key":"Fire Potion"},{"floor":97,"key":"LiquidMemories"},{"floor":102,"key":"Energy Potion"},{"floor":103,"key":"LiquidBronze"},{"floor":108,"key":"Death Potion"}],"is_trial":false,"path_per_floor":["M","M","M","?","?","E","R","E","T","R","$","R","E","$","R","B",null,"M","?","?","M","M","R","E","R","T","M","E","$","R","M","R","B",null,"M","?","?","?","$","R","?","E","T","M","NM","M","R","M","R","B","B",null,"M","M","M","$","M","E","R","?","T","M","E","R","M","E","R","B",null,"M","M","M","?","M","R","E","M","T","?","R","M","E","?","R","B",null,"M","M","?","?","M","R","E","R","T","R","M","M","NM","?","R","B","B",null,"R","$","E","B",null],"character_chosen":"THE_SERVANT","items_purchased":["HollowMod:JonisBlessing","StarChef","Pan","Pondfish Scales","Reset","RealityMarble+1","ClockworkSouvenir","Desolation+1","Turnip"],"campfire_rested":2,"item_purchase_floors":[11,14,29,29,39,39,56,56,106],"current_hp_per_floor":[48,47,46,46,31,15,33,23,23,23,23,23,23,23,23,23,51,51,27,27,27,27,27,27,27,27,27,27,27,27,27,27,27,52,52,52,52,52,52,52,52,52,52,52,52,52,52,52,52,43,43,45,45,45,55,55,55,55,55,55,55,55,69,69,69,69,69,69,69,69,69,69,69,69,69,69,57,57,45,45,19,19,19,32,32,42,42,42,42,42,37,37,37,37,37,37,37,37,37,37,37,37,37,52,52,52,52,52],"gold":920,"neow_bonus":"TRANSFORM_CARD","is_daily":false,"chose_seed":false,"campfire_upgraded":17,"win_rate":0.0,"timestamp":1611702465,"path_taken":["M","M","?","?","?","E","R","E","T","R","?","R","E","$","R","BOSS","M","?","?","M","M","R","E","R","T","?","E","$","R","M","R","BOSS","M","?","?","?","$","R","?","E","T","M","NM","M","R","M","R","BOSS","BOSS","M","M","M","$","M","E","R","?","T","?","E","R","M","E","R","BOSS","M","M","?","?","M","R","E","M","T","?","R","M","E","?","R","BOSS","M","M","?","?","M","R","E","R","T","R","M","?","NM","?","R","BOSS","BOSS","R","$","E","BOSS"],"items_purchased_type":["Relic","Card","Relic","Relic","Card","Card","Relic","Card","Relic"],"build_version":"2020-12-22","purchased_purges":4,"victory":true,"max_hp_per_floor":[60,60,60,60,60,60,60,60,60,60,60,60,60,60,60,60,60,60,60,60,60,60,60,60,60,60,60,60,60,60,60,60,60,60,60,60,60,60,60,60,60,60,60,60,60,60,60,60,60,60,60,45,45,45,55,55,55,55,55,55,55,55,69,69,69,69,69,69,69,69,69,69,69,69,69,69,69,69,45,45,45,45,45,45,45,45,45,45,45,45,45,45,45,45,45,45,45,45,45,45,45,45,45,52,52,52,52,52],"card_choices":[{"not_picked":["Replace","ShatteredReality"],"picked":"Defy","floor":1},{"not_picked":["Potential","TimeTheft"],"picked":"Moondial","floor":2},{"not_picked":["Ricochet","Replace"],"picked":"ShatteredReality","floor":3},{"not_picked":["infinitespire:FutureSight","infinitespire:Fortify"],"picked":"infinitespire:Punishment","floor":5},{"not_picked":["Alleviate","Spin"],"picked":"Manipulate","floor":6},{"not_picked":["Alleviate","Potential"],"picked":"Contraction","floor":8},{"not_picked":["ForgedInTime","Alleviate"],"picked":"Luminosity","floor":13},{"not_picked":["TheWorld","Duplication"],"picked":"Solidify","floor":16},{"not_picked":[],"picked":"Rewind","floor":18},{"not_picked":["Revamp"],"picked":"SKIP","floor":21},{"not_picked":[],"picked":"Gouge","floor":22},{"not_picked":[],"picked":"Collapse","floor":24},{"not_picked":[],"picked":"Moondial","floor":27},{"not_picked":["ShatteredReality"],"picked":"SKIP","floor":28},{"not_picked":["Starlight"],"picked":"SKIP","floor":31},{"not_picked":["Unruled"],"picked":"SKIP","floor":35},{"not_picked":[],"picked":"Rearm+1","floor":42},{"not_picked":["Ricochet"],"picked":"SKIP","floor":44},{"not_picked":["infinitespire:Starlight","infinitespire:FutureSight"],"picked":"infinitespire:Execution","floor":45},{"not_picked":["Ricochet"],"picked":"SKIP","floor":45},{"not_picked":[],"picked":"Contraction+1","floor":46},{"not_picked":[],"picked":"Potential","floor":48},{"not_picked":[],"picked":"TheWorld","floor":51},{"not_picked":["Ricochet"],"picked":"SKIP","floor":53},{"not_picked":["Potential"],"picked":"SKIP","floor":54},{"not_picked":[],"picked":"DualDimension","floor":55},{"not_picked":[],"picked":"ShatteredReality","floor":57},{"not_picked":[],"picked":"Advance","floor":58},{"not_picked":["Revamp"],"picked":"SKIP","floor":62},{"not_picked":["ForgedInTime"],"picked":"SKIP","floor":63},{"not_picked":["TimeWarp"],"picked":"SKIP","floor":65},{"not_picked":[],"picked":"Barrier","floor":66},{"not_picked":[],"picked":"FloweringNight","floor":68},{"not_picked":["Rearm"],"picked":"SKIP","floor":70},{"not_picked":["WasteNot"],"picked":"SKIP","floor":71},{"not_picked":[],"picked":"Desolation","floor":72},{"not_picked":[],"picked":"Hightail","floor":74},{"not_picked":["Rewind"],"picked":"SKIP","floor":76},{"not_picked":["TimeWarp"],"picked":"SKIP","floor":77},{"not_picked":["Replace"],"picked":"SKIP","floor":81},{"not_picked":[],"picked":"DualDimension+1","floor":82},{"not_picked":["infinitespire:Execution","infinitespire:Collect"],"picked":"infinitespire:DeathsTouch","floor":85},{"not_picked":[],"picked":"SoulSculpture","floor":85},{"not_picked":["Desolation"],"picked":"SKIP","floor":87},{"not_picked":[],"picked":"DoubleEdge+1","floor":88},{"not_picked":["Ricochet"],"picked":"SKIP","floor":91},{"not_picked":["Revamp"],"picked":"SKIP","floor":93},{"not_picked":[],"picked":"Moonlight+1","floor":97},{"not_picked":["Rewind"],"picked":"SKIP","floor":98},{"not_picked":["Rewind"],"picked":"SKIP","floor":99},{"not_picked":[],"picked":"SoulSculpture","floor":102},{"not_picked":[],"picked":"LightFlow","floor":103},{"not_picked":[],"picked":"Replace+1","floor":107},{"not_picked":[],"picked":"MurderousAura+1","floor":108}],"player_experience":2499351,"relics_obtained":[{"floor":6,"key":"Kunai"},{"floor":8,"key":"Replay:Bandana"},{"floor":9,"key":"Lizard Tail"},{"floor":13,"key":"construct:FoamFinger"},{"floor":24,"key":"Blue Doll"},{"floor":26,"key":"Smiling Mask"},{"floor":28,"key":"aspiration:TomeofQuesting"},{"floor":38,"key":"ReplayTheSpireMod:Ring of Challenge"},{"floor":38,"key":"ReplayTheSpireMod:Ring of Collecting"},{"floor":42,"key":"aspiration:SeaSaltIceCream"},{"floor":43,"key":"Ring of Peace"},{"floor":45,"key":"Broom"},{"floor":58,"key":"Meat on the Bone"},{"floor":61,"key":"Ring of Fury"},{"floor":63,"key":"Mango"},{"floor":66,"key":"Whetstone"},{"floor":76,"key":"Du-Vu Doll"},{"floor":76,"key":"Bottled Tornado"},{"floor":78,"key":"aspiration:FrozenJewel"},{"floor":78,"key":"Ring of Misfortune"},{"floor":82,"key":"infinitespire:Eraser"},{"floor":82,"key":"Grinning Jar"},{"floor":88,"key":"Gensokyo:MosesMiracle"},{"floor":89,"key":"FossilizedHelix"},{"floor":91,"key":"aspiration:ChemicalBlood"},{"floor":93,"key":"Replay:Bottled Snecko"},{"floor":93,"key":"Counterbalance"},{"floor":95,"key":"ReplayTheSpireMod:Ring of Exchange"},{"floor":95,"key":"Dead Branch"},{"floor":99,"key":"Tiny Chest"},{"floor":99,"key":"Gambling Chip"},{"floor":107,"key":"Frozen Egg 2"},{"floor":107,"key":"Bag of Marbles"},{"floor":107,"key":"aspiration:StickyExplosives_weak"}],"event_choices":[{"damage_healed":0,"gold_gain":0,"player_choice":"Copied","damage_taken":0,"max_hp_gain":0,"max_hp_loss":0,"event_name":"Duplicator","floor":20,"gold_loss":0,"cards_obtained":["Moondial"]},{"damage_healed":0,"gold_gain":0,"player_choice":"Fight","damage_taken":0,"max_hp_gain":0,"max_hp_loss":0,"event_name":"Mysterious Sphere","floor":89,"gold_loss":0},{"damage_healed":0,"gold_gain":0,"player_choice":"Ignored","damage_taken":0,"max_hp_gain":0,"max_hp_loss":0,"event_name":"Transmorgrifier","floor":90,"gold_loss":0},{"cards_removed":["Reset"],"damage_healed":0,"gold_gain":0,"player_choice":"Removed Skill","damage_taken":0,"max_hp_gain":0,"max_hp_loss":0,"event_name":"Falling","floor":100,"gold_loss":0}],"is_beta":false,"boss_relics":[{"not_picked":["Replay:Fungal Core","ReplayTheSpireMod:SealedPack"],"picked":"Busted Crown"},{"not_picked":["aspiration:WatcherSkillbook","Replay:Bronze Core"],"picked":"SacredBark"},{"not_picked":["Fusion Hammer","aspiration:MarisaSkillbook"],"picked":"Replay:Drink Me"},{"not_picked":["aspiration:RitualDagger","aspiration:PoetsPen_weak"],"picked":"Black Star"},{"not_picked":["Astrolabe","ReplayTheSpireMod:DimensionalGlitch"],"picked":"bronze:MakeshiftBattery"},{"not_picked":["aspiration:RunicSpoon","Cauldron"],"picked":"Lee\u0027s Waffle"}],"items_purged_floors":[29,39,56,106],"is_endless":true,"potions_floor_spawned":[2,13,16,24,27,28,31,45,46,51,54,55,62,63,66,72,76,81,88,91,97,98,102,103,108],"ascension_level":20}}