{"host":"0iuhrgzkozzv273x","time":1611687274,"event":{"mods":["2.2 Compatiblity","BaseMod","Colored Map","Curses Come First","Downfall","Minty Spire (QoL Compilation)","Spire Arcade","StSLib","The Construct","Unceasing Turn Reminder"],"gold_per_floor":[114,132,148,159,159,193,193,193,193],"floor_reached":8,"language":"ENG","playtime":777,"items_purged":[],"score":64,"play_id":"5fe0f8e2-8d98-407a-bfee-916e090612c2","local_time":"20210126135434","is_ascension_mode":true,"campfire_choices":[{"floor":7,"key":"REST"}],"circlet_count":0,"master_deck":["construct:Strike_Gold+1","construct:Strike_Gold","construct:Strike_Gold","construct:Strike_Gold","construct:Defend_Gold","construct:Defend_Gold","construct:Defend_Gold","construct:Defend_Gold","construct:Defend_Gold+1","construct:AttackMode","construct:DefenseMode","construct:DarkFlames","construct:Tumble","construct:Zapper","construct:SyphonStrike","construct:Failsafe"],"relics":["construct:ClockworkPhoenix","Boot"],"acts_visited":["Exordium"],"potions_floor_usage":[8],"damage_taken":[{"damage":6,"enemies":"Cultist","floor":1,"turns":4},{"damage":2,"enemies":"2 Louse","floor":2,"turns":3},{"damage":17,"enemies":"Jaw Worm","floor":3,"turns":8},{"damage":4,"enemies":"Exordium Wildlife","floor":4,"turns":4},{"damage":24,"enemies":"Gremlin Nob","floor":6,"turns":4},{"damage":41,"enemies":"3 Sentries","floor":8,"turns":13}],"seed_played":"-2475475707316054916","potions_obtained":[{"floor":4,"key":"ColorlessPotion"}],"is_trial":false,"path_per_floor":["M","M","M","M","?","E","R","E"],"character_chosen":"THE_CONSTRUCT_MOD","items_purchased":[],"campfire_rested":1,"item_purchase_floors":[],"current_hp_per_floor":[79,77,60,56,39,15,40,0,0],"gold":193,"neow_bonus":"TRANSFORM_CARD","is_daily":false,"chose_seed":false,"campfire_upgraded":0,"win_rate":0.0,"timestamp":1611687274,"path_taken":["M","M","?","M","?","E","R","E"],"items_purchased_type":[],"build_version":"2020-12-22","purchased_purges":0,"victory":false,"max_hp_per_floor":[85,85,85,85,85,85,85,85,85],"card_choices":[{"not_picked":["construct:ClusterMines","construct:ModeShift","construct:ElectricArmor"],"picked":"SKIP","floor":1},{"not_picked":["construct:Forcefield","construct:ElectricArmor"],"picked":"construct:Tumble","floor":2},{"not_picked":["construct:SaveState","construct:FlammableFog"],"picked":"construct:Zapper","floor":3},{"not_picked":["construct:Agitation","construct:ScrapCannon"],"picked":"construct:SyphonStrike","floor":4},{"not_picked":["construct:Analyze","construct:Hazardproof"],"picked":"construct:Failsafe","floor":6}],"player_experience":796181,"relics_obtained":[{"floor":6,"key":"Boot"}],"event_choices":[{"damage_healed":0,"gold_gain":0,"player_choice":"Entered Light","damage_taken":17,"max_hp_gain":0,"max_hp_loss":0,"event_name":"Shining Light","floor":5,"gold_loss":0,"cards_upgraded":["construct:Strike_Gold","construct:Defend_Gold"]}],"is_beta":false,"boss_relics":[],"items_purged_floors":[],"is_endless":false,"potions_floor_spawned":[4],"killed_by":"3 Sentries","ascension_level":2}}