{"host":"edc6wmn2qug8wnvl","time":1611655794,"event":{"mods":["AchievementEnabler","BaseMod","Colored Map","Colored Powertips","Minty Spire (QoL Compilation)","StSLib"],"gold_per_floor":[115,115,134,134,144,173,173,173,198,213,213,233,233,252,252,380,380,398,398,398],"floor_reached":19,"language":"ENG","playtime":907,"items_purged":[],"score":169,"play_id":"497d00c2-66cc-4002-aad1-c30c737dac98","local_time":"20210126020954","is_ascension_mode":false,"campfire_choices":[{"data":"Heavy Blade","floor":7,"key":"SMITH"},{"floor":15,"key":"REST"}],"circlet_count":0,"master_deck":["Strike_R","Strike_R","Strike_R+1","Strike_R","Strike_R+1","Defend_R","Defend_R","Defend_R","Defend_R","Flame Barrier","Feed","Spot Weakness","Heavy Blade+1","Searing Blow","Rupture","Injury","Inflame","Ghostly Armor","Limit Break"],"relics":["Burning Blood","NeowsBlessing","Ancient Tea Set","Orichalcum","Golden Idol","Black Star"],"acts_visited":["Exordium","TheCity"],"potions_floor_usage":[6,6,10,16,16,18,19],"damage_taken":[{"damage":0,"enemies":"2 Louse","floor":1,"turns":1},{"damage":0,"enemies":"Jaw Worm","floor":3,"turns":1},{"damage":0,"enemies":"Cultist","floor":5,"turns":1},{"damage":16,"enemies":"Gremlin Nob","floor":6,"turns":4},{"damage":0,"enemies":"Exordium Wildlife","floor":10,"turns":1},{"damage":4,"enemies":"2 Fungi Beasts","floor":12,"turns":5},{"damage":4,"enemies":"Looter","floor":14,"turns":3},{"damage":25,"enemies":"Hexaghost","floor":16,"turns":11},{"damage":53,"enemies":"3 Byrds","floor":18,"turns":7},{"damage":42,"enemies":"Masked Bandits","floor":19,"turns":4}],"seed_played":"-4368669820973235400","potions_obtained":[{"floor":1,"key":"HeartOfIron"},{"floor":3,"key":"Energy Potion"},{"floor":5,"key":"ColorlessPotion"},{"floor":8,"key":"DuplicationPotion"},{"floor":8,"key":"Block Potion"},{"floor":16,"key":"AttackPotion"},{"floor":18,"key":"Block Potion"}],"is_trial":false,"path_per_floor":["M","?","M","?","M","E","R","?","T","M","?","M","?","M","R","B",null,"M","?"],"character_chosen":"IRONCLAD","items_purchased":[],"campfire_rested":1,"item_purchase_floors":[],"current_hp_per_floor":[80,80,80,85,85,75,75,75,75,81,81,86,68,70,88,69,88,41,0,0],"gold":398,"neow_bonus":"THREE_ENEMY_KILL","is_daily":false,"chose_seed":false,"campfire_upgraded":1,"win_rate":0.0,"timestamp":1611655794,"path_taken":["M","?","M","?","M","E","R","?","T","?","?","M","?","M","R","BOSS","M","?"],"items_purchased_type":[],"build_version":"2020-12-22","purchased_purges":0,"victory":false,"max_hp_per_floor":[80,80,80,85,85,85,85,85,85,85,85,88,88,88,88,88,88,88,88,88],"card_choices":[{"not_picked":["Metallicize","Disarm"],"picked":"Flame Barrier","floor":1},{"not_picked":["Warcry","Cleave"],"picked":"Spot Weakness","floor":3},{"not_picked":["Body Slam","Flex"],"picked":"Heavy Blade","floor":5},{"not_picked":["Infernal Blade","Sword Boomerang"],"picked":"Searing Blow","floor":6},{"not_picked":["True Grit","Armaments"],"picked":"Rupture","floor":10},{"not_picked":["Flex","Pommel Strike"],"picked":"Inflame","floor":12},{"not_picked":["Infernal Blade","Headbutt"],"picked":"Ghostly Armor","floor":14},{"not_picked":["Offering","Berserk"],"picked":"Limit Break","floor":16},{"not_picked":["True Grit","Iron Wave","Sword Boomerang"],"picked":"SKIP","floor":18}],"player_experience":51137,"relics_obtained":[{"floor":6,"key":"Ancient Tea Set"},{"floor":9,"key":"Orichalcum"}],"event_choices":[{"damage_healed":0,"gold_gain":0,"cards_transformed":["Bash"],"player_choice":"Change","damage_taken":0,"max_hp_gain":0,"max_hp_loss":0,"event_name":"Living Wall","floor":2,"gold_loss":0,"cards_obtained":["Feed"]},{"damage_healed":0,"gold_gain":0,"player_choice":"Donut","damage_taken":0,"max_hp_gain":5,"max_hp_loss":0,"event_name":"Big Fish","floor":4,"gold_loss":0},{"damage_healed":0,"gold_gain":0,"player_choice":"Got Potions","damage_taken":0,"max_hp_gain":0,"max_hp_loss":0,"event_name":"Lab","floor":8,"gold_loss":0},{"damage_healed":0,"gold_gain":0,"player_choice":"Take Wound","damage_taken":0,"relics_obtained":["Golden Idol"],"max_hp_gain":0,"max_hp_loss":0,"event_name":"Golden Idol","floor":11,"gold_loss":0,"cards_obtained":["Injury"]},{"damage_healed":0,"gold_gain":0,"player_choice":"Entered Light","damage_taken":18,"max_hp_gain":0,"max_hp_loss":0,"event_name":"Shining Light","floor":13,"gold_loss":0,"cards_upgraded":["Strike_R","Strike_R"]},{"damage_healed":0,"gold_gain":0,"player_choice":"Fought Bandits","damage_taken":0,"max_hp_gain":0,"max_hp_loss":0,"event_name":"Masked Bandits","floor":19,"gold_loss":0}],"is_beta":false,"boss_relics":[{"not_picked":["SlaversCollar","Coffee Dripper"],"picked":"Black Star"}],"items_purged_floors":[],"is_endless":false,"potions_floor_spawned":[1,3,5,16,18],"killed_by":"Masked Bandits","ascension_level":0}}