{"host":"minbhrtlkaoly5f0","time":1611636521,"event":{"mods":["Act Like it!","BaseMod","Colored Map","Lobotomy","LobotomyExtend","Minty Spire (QoL Compilation)","Quick Restart","StSLib"],"gold_per_floor":[362,381,395,320,339,339,351,371,271,289,289,289,302,320,320,320,320,332,349,108,108,125,125,158,176,176,176,190,190,190],"floor_reached":12,"language":"ZHS","playtime":875,"items_purged":["SpecialBullet","SpecialBullet","CherryBlossom"],"score":98,"play_id":"5ed1a434-15d6-411a-b0a2-1478c6fc2c76","local_time":"20210126124841","is_ascension_mode":false,"campfire_choices":[],"circlet_count":0,"master_deck":["SpecialBullet","SpecialBullet","SpecialBullet","SpecialBullet","SpecialBullet","SpecialBullet","InformationCode","SecurityCode","DisciplinaryCode","FourthMatchFlame","RedEyes","Regret_ego","OldLady","Moonlight","QueenOfHatred","BlackSwan_ego","SolemnVow","DaCapo","Swift Strike","VoidDream","Hornet","CherryBlossom+1","FourthMatchFlame","CENSORED_ego","FairyFestival","WelfareCode","MHz","CentralCode","TrainingCode","Scorched"],"relics":["CogitoBucket","MagicBullet_r","BackwardClock","Frozen Egg 2","InspiredRelic","LetterFromLob","FleshIdol","Matryoshka","Bag of Marbles"],"acts_visited":["Exordium"],"potions_floor_usage":[12],"damage_taken":[{"damage":6.0,"enemies":"Cultist","floor":1.0,"turns":3.0},{"damage":0.0,"enemies":"2 Louse","floor":2.0,"turns":1.0},{"damage":0.0,"enemies":"Small Slimes","floor":3.0,"turns":2.0},{"damage":0.0,"enemies":"Gremlin Gang","floor":5.0,"turns":2.0},{"damage":36.0,"enemies":"2 Louse","floor":1.0,"turns":11.0},{"damage":23.0,"enemies":"Jaw Worm","floor":2.0,"turns":2.0},{"damage":0.0,"enemies":"Cultist","floor":4.0,"turns":2.0},{"damage":9.0,"enemies":"2 Fungi Beasts","floor":7.0,"turns":2.0},{"damage":0.0,"enemies":"Blue Slaver","floor":8.0,"turns":2.0},{"damage":20.0,"enemies":"Small Slimes","floor":1.0,"turns":2.0},{"damage":16.0,"enemies":"2 Louse","floor":2.0,"turns":4.0},{"damage":0.0,"enemies":"Cultist","floor":5.0,"turns":1.0},{"damage":2.0,"enemies":"Lagavulin","floor":7.0,"turns":2.0},{"damage":0.0,"enemies":"Lots of Slimes","floor":8.0,"turns":1.0},{"damage":0.0,"enemies":"Looter","floor":11.0,"turns":1.0},{"damage":75,"enemies":"Red Slaver","floor":12,"turns":6}],"seed_played":"1259429051875885433","potions_obtained":[{"floor":2.0,"key":"Ancient Potion"},{"floor":1.0,"key":"EssenceOfSteel"},{"floor":5.0,"key":"PowerPotion"}],"is_trial":false,"path_per_floor":["M","M","M","$","M","R","M","M","M","$","M","?","R","M","M","T","?","R","M","M","M","$","?","M","R","E","M","T","R","M","M"],"character_chosen":"Angela","items_purchased":["FourthMatchFlame","CENSORED_ego"],"campfire_rested":0,"item_purchase_floors":[3,3],"current_hp_per_floor":[70,70,70,70,70,70,46,35,35,47,64,64,67,70,70,70,70,61,60,60,60,73,73,77,77,77,77,81,0,0],"gold":190,"neow_bonus":"TWO_FIFTY_GOLD","is_daily":false,"chose_seed":false,"campfire_upgraded":0,"win_rate":0.0,"timestamp":1611636521,"path_taken":["M","M","M","$","M","R","M","M","M","$","M","?","R","M","M","T","?","R","M","M","M","$","?","M","R","E","M","T","R","M","M"],"items_purchased_type":["Card","Card"],"build_version":"2020-12-22","purchased_purges":3,"victory":false,"max_hp_per_floor":[70,70,70,70,70,70,70,70,70,70,70,70,70,70,70,70,70,69,69,69,69,73,73,77,77,77,77,81,81,81],"card_choices":[{"not_picked":["Harmony"],"picked":"FourthMatchFlame","floor":1.0},{"not_picked":["Wingbeat"],"picked":"CherryBlossom","floor":2.0},{"not_picked":["Beak"],"picked":"RedEyes","floor":3.0},{"not_picked":["Soda"],"picked":"Regret_ego","floor":5.0},{"not_picked":["PunishingBird","ShyLook"],"picked":"OldLady","floor":1.0},{"not_picked":["Soda"],"picked":"Moonlight","floor":1.0},{"not_picked":["RapturousDream","FrostShard"],"picked":"SKIP","floor":2.0},{"not_picked":["ShyLook","SnowQueen"],"picked":"QueenOfHatred","floor":4.0},{"not_picked":["TodaysExpression"],"picked":"BlackSwan_ego","floor":4.0},{"not_picked":["SomewhereSpear"],"picked":"SolemnVow","floor":7.0},{"not_picked":["CherryBlossom","Hypocrisy"],"picked":"SKIP","floor":8.0},{"not_picked":["Wellcheers","OSAHOGD"],"picked":"VoidDream","floor":1.0},{"not_picked":["TodaysExpression"],"picked":"Hornet","floor":1.0},{"not_picked":["Logging"],"picked":"CherryBlossom+1","floor":2.0},{"not_picked":["LittlePrince","MeatLantern"],"picked":"FairyFestival","floor":5.0},{"not_picked":["Hornet","RapturousDream"],"picked":"SKIP","floor":5.0},{"not_picked":["BeautyBeast","WallGazer"],"picked":"MHz","floor":7.0},{"not_picked":["Beak","TodaysExpression"],"picked":"SKIP","floor":7.0},{"not_picked":["Noise","Wingbeat"],"picked":"SKIP","floor":8.0},{"not_picked":["Wellcheers","FieryBird"],"picked":"Scorched","floor":11.0},{"not_picked":["CrimsonScar","Loneliness"],"picked":"SKIP","floor":11.0}],"player_experience":66491,"relics_obtained":[{"floor":1.0,"key":"LetterFromLob"},{"floor":1.0,"key":"LetterFromLob"},{"floor":9.0,"key":"Frozen Egg 2"},{"floor":1.0,"key":"LetterFromLob"},{"floor":7.0,"key":"Matryoshka"},{"floor":9.0,"key":"Bag of Marbles"}],"event_choices":[{"damage_healed":0.0,"max_hp_gain":0.0,"max_hp_loss":0.0,"gold_gain":0.0,"event_name":"Match and Keep!","player_choice":"2 cards matched","floor":10.0,"gold_loss":0.0,"damage_taken":0.0,"cards_obtained":["DaCapo","Swift Strike"]},{"damage_healed":0.0,"max_hp_gain":0.0,"max_hp_loss":0.0,"gold_gain":0.0,"event_name":"Shining Light","player_choice":"Ignored","floor":4.0,"gold_loss":0.0,"damage_taken":0.0}],"is_beta":false,"boss_relics":[],"items_purged_floors":[4,3,3],"is_endless":false,"potions_floor_spawned":[2,1,5,7],"killed_by":"Red Slaver","ascension_level":0}}