{"host":"yq2wmfr0u0wuvxc0","time":1611650077,"event":{"mods":["Act Like it!","Aspiration","BaseMod","Curses Come First","Downfall","Friendly Minions","Gensokyo","Hero for Fun","Hubris","Infinite Spire","Marisa????????","Minty Spire (QoL Compilation)","Pale of the Ancients","Prisma Mod","Remilia??????","Shop Mod","Spicy Shops","StSLib","The Jungle","The Servant 0.9.4","Wide Potions"],"gold_per_floor":[99,109,120,120,131,3,3,103,103,123,23,53,63,77,96,195,195,95,111,126,126,11,11,92,107,141,141,1,1,1,17,31,135,135,135,148,163,210,210,230,230,230,230,248,259,275,294,294,294,294],"floor_reached":49,"language":"ZHS","playtime":2582,"items_purged":["downfall:Malfunctioning","Pain","hexamod:Strike","hexamod:Defend"],"score":562,"play_id":"e88c2465-bb28-4a95-87b8-dc5feb4180a9","local_time":"20210126003437","is_ascension_mode":true,"campfire_choices":[{"data":"hexamod:Sear","floor":1.0,"key":"SMITH"},{"floor":9.0,"key":"REST"},{"data":"hexamod:TimeOfNeed","floor":11.0,"key":"SMITH"},{"data":"hexamod:SearingWound","floor":18.0,"key":"SMITH"},{"data":"hexamod:HeatShield","floor":27.0,"key":"SMITH"},{"data":"hexamod:Sear","floor":30.0,"key":"SMITH"},{"data":"hexamod:SearingWound","floor":35.0,"key":"SMITH"},{"floor":43.0,"key":"REST"}],"circlet_count":0,"master_deck":["hexamod:Strike","hexamod:Strike","hexamod:Strike+1","hexamod:Defend","hexamod:Defend","hexamod:Defend","hexamod:Sear+1","hexamod:Float","hexamod:Hexaguard+1","hexamod:FlamesFromBeyond+1","hexamod:AdvancingGuard+1","hexamod:ThermalTransfer+1","hexamod:HauntingEcho","hexamod:RecurringNightmare+1","hexamod:Sear+1","hexamod:AdvancingGuard+1","hexamod:FirstSeal","hexamod:TimeOfNeed+1","Bandage Up","hexamod:Incineration","hexamod:FastForward+1","hexamod:GhostflameBarrier","hexamod:RecurringNightmare+1","hexamod:SearingWound+1","hexamod:HeatShield+1","hexamod:RadiantFlame+1","hexamod:FastForward+1","hexamod:WildfireWeapon","hexamod:RetreatToShadows","hexamod:SearingWound+1","hexamod:Sear+1","hexamod:FlamesFromBeyond+1","hexamod:SixthSeal","hexamod:TimeOfNeed","hexamod:ThermalTransfer+1","hexamod:GhostflameInferno"],"relics":["aspiration:RitualDagger","downfall:GremlinSack","downfall:HeartBlessingBlue","Strawberry","Philosopher\u0027s Stone","downfall:HeartBlessingGreen","hubris:Teleporter","InkBottle","Molten Egg 2","hubris:RunicObelisk","Whetstone","Mercury Hourglass","hexamod:IceCube","downfall:TeleportStone"],"acts_visited":["Exordium","theJungle:Jungle","TheBeyond"],"potions_floor_usage":[47],"damage_taken":[{"damage":10.0,"enemies":"Jaw Worm","floor":2.0,"turns":3.0},{"damage":10.0,"enemies":"Cultist","floor":3.0,"turns":3.0},{"damage":12.0,"enemies":"Small Slimes","floor":5.0,"turns":3.0},{"damage":14.0,"enemies":"downfall:FleeingMerchant","floor":6.0,"turns":4.0},{"damage":14.0,"enemies":"downfall:FleeingMerchant","floor":8.0,"turns":3.0},{"damage":17.0,"enemies":"Red Slaver","floor":10.0,"turns":3.0},{"damage":38.0,"enemies":"Lagavulin","floor":12.0,"turns":7.0},{"damage":18.0,"enemies":"Blue Slaver","floor":13.0,"turns":3.0},{"damage":23.0,"enemies":"Exordium Thugs","floor":14.0,"turns":3.0},{"damage":21.0,"enemies":"Lots of Slimes","floor":15.0,"turns":4.0},{"damage":26.0,"enemies":"IC_STATUS_ARCHETYPE","floor":16.0,"turns":5.0},{"damage":17.0,"enemies":"Shell Parasite","floor":19.0,"turns":4.0},{"damage":17.0,"enemies":"theJungle:GiantWrat","floor":20.0,"turns":3.0},{"damage":15.0,"enemies":"downfall:FleeingMerchant","floor":22.0,"turns":4.0},{"damage":26.0,"enemies":"theJungle:Lyon","floor":25.0,"turns":5.0},{"damage":25.0,"enemies":"theJungle:2_Phrogs","floor":26.0,"turns":7.0},{"damage":23.0,"enemies":"downfall:FleeingMerchant","floor":28.0,"turns":4.0},{"damage":15.0,"enemies":"theJungle:JungleHuntersEncounter","floor":31.0,"turns":3.0},{"damage":12.0,"enemies":"theJungle:SlimyTreeVines","floor":32.0,"turns":3.0},{"damage":48.0,"enemies":"WA_ARCHETYPE_CALM","floor":33.0,"turns":9.0},{"damage":15.0,"enemies":"3 Darklings","floor":36.0,"turns":3.0},{"damage":52.0,"enemies":"Orb Walker","floor":37.0,"turns":6.0},{"damage":45.0,"enemies":"Spire Growth","floor":40.0,"turns":4.0},{"damage":52.0,"enemies":"Jaw Worm Horde","floor":45.0,"turns":5.0},{"damage":9.0,"enemies":"3 Darklings","floor":46.0,"turns":3.0},{"damage":15,"enemies":"4 Shapes","floor":47,"turns":5},{"damage":26,"enemies":"Maw","floor":48,"turns":6},{"damage":36,"enemies":"DF_ARCHETYPE_ORBS","floor":49,"turns":4}],"seed_played":"-6299079143961931395","potions_obtained":[{"floor":5.0,"key":"Fire Potion"},{"floor":8.0,"key":"Guardian:BlockOnCardUsePotion"},{"floor":10.0,"key":"Swift Potion"},{"floor":12.0,"key":"Strength Potion"},{"floor":15.0,"key":"Swift Potion"},{"floor":19.0,"key":"SteroidPotion"},{"floor":25.0,"key":"Weak Potion"},{"floor":32.0,"key":"SpeedPotion"},{"floor":33.0,"key":"bronze:BurnAndBuffPotion"},{"floor":36.0,"key":"champ:CounterPotion"},{"floor":45.0,"key":"SpeedPotion"},{"floor":46.0,"key":"hexamod:EctoCoolerPotion"}],"is_trial":false,"path_per_floor":["R","M","M","?","M","$","T","?","R","M","R","E","M","M","M","B",null,"R","M","M","?","$","T","T","M","E","R","$","?","R","M","M","B",null,"R","M","M","T","?","M","AVR","R","?","M","M","M","M","B"],"character_chosen":"THE_SPIRIT","items_purchased":["hexamod:HauntingEcho"],"campfire_rested":2,"item_purchase_floors":[6],"current_hp_per_floor":[70,60,50,50,38,24,24,10,31,25,35,15,85,76,70,59,87,87,81,83,83,76,76,76,72,73,73,65,65,65,71,71,58,87,87,74,40,40,49,13,13,39,39,9,18,26,30,0,0,0],"gold":294,"neow_bonus":"BOSS_RELIC","is_daily":false,"chose_seed":false,"campfire_upgraded":6,"win_rate":0.0,"timestamp":1611650077,"path_taken":["R","M","M","?","?","$","T","?","R","?","R","E","M","M","M","BOSS","R","M","M","?","$","?","T","?","E","R","?","?","R","M","M","BOSS","R","M","M","?","?","?","AVR","R","?","M","M","?","M","BOSS"],"items_purchased_type":["Card"],"build_version":"2020-12-22","purchased_purges":4,"victory":false,"max_hp_per_floor":[70,70,70,70,70,70,70,70,70,70,80,87,87,87,87,87,87,87,87,87,87,87,87,87,87,87,87,87,87,87,87,87,87,87,87,87,87,87,87,87,87,87,87,87,87,87,87,87,87,87],"card_choices":[{"not_picked":["hexamod:HauntingEcho","hexamod:NightmareStrike"],"picked":"hexamod:Hexaguard","floor":2.0},{"not_picked":["hexamod:FirstSeal","hexamod:StepThrough"],"picked":"hexamod:FlamesFromBeyond","floor":3.0},{"not_picked":["hexamod:SpectersWail","hexamod:GhostOfSpirePresent"],"picked":"hexamod:AdvancingGuard","floor":5.0},{"not_picked":["hexamod:SwordOfDarkness","hexamod:FlamesFromBeyond"],"picked":"hexamod:ThermalTransfer","floor":6.0},{"not_picked":["hexamod:NightmareStrike","hexamod:GhostShield"],"picked":"hexamod:RecurringNightmare","floor":8.0},{"not_picked":["hexamod:BacktrackSmack","hexamod:InspiringFlames","hexamod:ThirdSeal"],"picked":"SKIP","floor":10.0},{"not_picked":["hexamod:PowerFromBeyond","hexamod:Firestarter"],"picked":"hexamod:Incineration","floor":12.0},{"not_picked":["hexamod:FlamesFromBeyond","hexamod:GhostflameInferno"],"picked":"hexamod:FastForward","floor":13.0},{"not_picked":["hexamod:FlamesFromBeyond","hexamod:Haunt"],"picked":"hexamod:GhostflameBarrier","floor":14.0},{"not_picked":["hexamod:InspiringFlames","hexamod:EtherealExpedition"],"picked":"hexamod:RecurringNightmare","floor":15.0},{"not_picked":["hexamod:GhostflameInferno","hexamod:ParanormalForm"],"picked":"hexamod:SearingWound","floor":16.0},{"not_picked":["hexamod:AdvancingGuard","hexamod:SuperheatedStrike+1"],"picked":"hexamod:HeatShield","floor":19.0},{"not_picked":["hexamod:BacktrackSmack+1","hexamod:GhostLash"],"picked":"hexamod:RadiantFlame+1","floor":20.0},{"not_picked":["hexamod:Hexaguard+1","hexamod:HeatCrush+1"],"picked":"hexamod:FastForward","floor":22.0},{"not_picked":["hexamod:NightmareStrike","hexamod:GhostLash"],"picked":"hexamod:WildfireWeapon","floor":25.0},{"not_picked":["hexamod:FirstSeal","hexamod:FourthSeal"],"picked":"hexamod:RetreatToShadows","floor":26.0},{"not_picked":["hexamod:NightmareStrike+1","hexamod:SecondSeal"],"picked":"hexamod:SearingWound","floor":28.0},{"not_picked":["hexamod:SecondSeal","hexamod:HauntingEcho+1"],"picked":"hexamod:FlamesFromBeyond+1","floor":31.0},{"not_picked":["hexamod:NightmareStrike+1","hexamod:AdvancingGuard","hexamod:RetreatToShadows"],"picked":"SKIP","floor":32.0},{"not_picked":["hexamod:UnlimitedPower","hexamod:GiftsFromTheDead"],"picked":"hexamod:SixthSeal","floor":33.0},{"not_picked":["hexamod:NightmareStrike+1","hexamod:GhostShield+1","hexamod:HeatMetal+1"],"picked":"SKIP","floor":36.0},{"not_picked":["hexamod:Firestarter+1","hexamod:Hexaguard+1"],"picked":"hexamod:TimeOfNeed","floor":37.0},{"not_picked":["hexamod:Firestarter+1","hexamod:NightmareStrike+1","hexamod:SuperheatedStrike+1"],"picked":"SKIP","floor":40.0},{"not_picked":["hexamod:SuperheatedStrike+1","hexamod:NightmareStrike+1"],"picked":"hexamod:ThermalTransfer+1","floor":45.0},{"not_picked":["hexamod:GhostLash+1","hexamod:SuperheatedStrike+1","hexamod:NightmareStrike+1"],"picked":"SKIP","floor":46.0},{"not_picked":["hexamod:InspiringFlames","hexamod:RetreatToShadows+1"],"picked":"hexamod:GhostflameInferno","floor":47},{"not_picked":["hexamod:EmpoweredFlame","hexamod:Hexaguard+1","hexamod:FastForward+1"],"picked":"SKIP","floor":48}],"player_experience":261563,"relics_obtained":[{"floor":8.0,"key":"downfall:GremlinSack"},{"floor":12.0,"key":"Strawberry"},{"floor":23.0,"key":"hubris:Teleporter"},{"floor":24.0,"key":"InkBottle"},{"floor":26.0,"key":"Molten Egg 2"},{"floor":38.0,"key":"Whetstone"}],"event_choices":[],"is_beta":false,"boss_relics":[{"not_picked":["hubris:VirtuousBlindfold","aspiration:IroncladSkillbook"],"picked":"Philosopher\u0027s Stone"},{"not_picked":["aspiration:RunicSpoon","Snecko Eye"],"picked":"hubris:RunicObelisk"}],"items_purged_floors":[6,22,28,42],"is_endless":false,"potions_floor_spawned":[5,8,10,12,15,19,25,32,33,36,45,46],"killed_by":"DF_ARCHETYPE_ORBS","ascension_level":1}}