{"host":"6a9c3xws62y7efyw","time":1611687832,"event":{"mods":["BaseMod","Colored Map","Minty Spire (QoL Compilation)","Relic Stats","StSLib"],"gold_per_floor":[115,190,115,183,195,226,226,255,279,279,306,323,339,368,368,368,368],"floor_reached":16,"language":"ENG","playtime":607,"items_purged":[],"score":306,"play_id":"a999e7ff-f351-4dba-ab06-76d3879e1ce6","local_time":"20210126110351","is_ascension_mode":true,"campfire_choices":[{"data":"Neutralize","floor":7.0,"key":"SMITH"},{"floor":10.0,"key":"REST"},{"data":"Leg Sweep","floor":15.0,"key":"SMITH"}],"circlet_count":0,"master_deck":["AscendersBane","Strike_G","Strike_G","Strike_G","Strike_G","Defend_G","Defend_G","Defend_G","Defend_G","Defend_G","Survivor","Neutralize+1","Blade Dance","Quick Slash+1","Backflip","Predator+1","Dagger Spray+1","All Out Attack+1","Leg Sweep+1","Burst"],"relics":["Ring of the Snake","NeowsBlessing","Molten Egg 2","Smiling Mask","Sundial","Pen Nib","Tiny Chest","Art of War"],"acts_visited":["Exordium"],"potions_floor_usage":[16],"damage_taken":[{"damage":0.0,"enemies":"Jaw Worm","floor":1.0,"turns":1.0},{"damage":0.0,"enemies":"2 Louse","floor":5.0,"turns":1.0},{"damage":0.0,"enemies":"Gremlin Nob","floor":6.0,"turns":1.0},{"damage":25.0,"enemies":"3 Sentries","floor":8.0,"turns":10.0},{"damage":17.0,"enemies":"Lagavulin","floor":11.0,"turns":8.0},{"damage":0.0,"enemies":"Cultist","floor":12.0,"turns":2.0},{"damage":4.0,"enemies":"Exordium Thugs","floor":13.0,"turns":4.0},{"damage":3.0,"enemies":"Gremlin Nob","floor":14.0,"turns":3.0},{"damage":1,"enemies":"Hexaghost","floor":16,"turns":7}],"seed_played":"8176986956549684781","potions_obtained":[{"floor":6.0,"key":"SpeedPotion"},{"floor":11.0,"key":"SkillPotion"},{"floor":12.0,"key":"Fire Potion"},{"floor":14.0,"key":"Weak Potion"}],"is_trial":false,"path_per_floor":["M","?","?","T","M","E","R","E","T","R","E","M","M","E","R","B"],"character_chosen":"THE_SILENT","items_purchased":[],"campfire_rested":1,"item_purchase_floors":[],"current_hp_per_floor":[59,48,48,48,48,48,48,23,23,42,25,25,21,18,18,17,17],"gold":368,"neow_bonus":"THREE_ENEMY_KILL","is_daily":false,"chose_seed":false,"campfire_upgraded":2,"win_rate":0.0,"timestamp":1611687831,"path_taken":["M","?","?","?","M","E","R","E","T","R","E","M","M","E","R","BOSS"],"items_purchased_type":[],"build_version":"2020-12-22","purchased_purges":0,"victory":false,"max_hp_per_floor":[66,66,66,66,66,66,66,66,66,66,66,66,66,66,66,66,66],"relic_stats":{"counters":[9,37],"Sundial":[4],"Tiny Chest":0,"Pen Nib":[6],"Art of War":[0],"Smiling Mask":0,"obtain_stats":[{"NeowsBlessing":0,"Sundial":8,"Molten Egg 2":4,"Tiny Chest":11,"Pen Nib":9,"Art of War":14,"Smiling Mask":6,"Ring of the Snake":0},{"NeowsBlessing":0,"Sundial":4,"Molten Egg 2":1,"Tiny Chest":5,"Pen Nib":4,"Art of War":8,"Smiling Mask":3,"Ring of the Snake":0},{"NeowsBlessing":0,"Sundial":13,"Molten Egg 2":1,"Tiny Chest":21,"Pen Nib":13,"Art of War":30,"Smiling Mask":3,"Ring of the Snake":0}],"Ring of the Snake":[18]},"card_choices":[{"not_picked":["Deflect","Poisoned Stab"],"picked":"Blade Dance","floor":1.0},{"not_picked":["Escape Plan","Caltrops"],"picked":"Quick Slash+1","floor":5.0},{"not_picked":["Expertise","Outmaneuver"],"picked":"Backflip","floor":6.0},{"not_picked":["Flying Knee+1","Cloak And Dagger"],"picked":"Predator+1","floor":8.0},{"not_picked":["Distraction","Prepared"],"picked":"Dagger Spray+1","floor":11.0},{"not_picked":["PiercingWail","Riddle With Holes+1"],"picked":"All Out Attack+1","floor":12.0},{"not_picked":["Riddle With Holes+1","Sucker Punch+1"],"picked":"Leg Sweep","floor":13.0},{"not_picked":["Dagger Spray+1","Deflect"],"picked":"Burst","floor":14.0}],"player_experience":1417680,"relics_obtained":[{"floor":4.0,"key":"Molten Egg 2"},{"floor":6.0,"key":"Smiling Mask"},{"floor":8.0,"key":"Sundial"},{"floor":9.0,"key":"Pen Nib"},{"floor":11.0,"key":"Tiny Chest"},{"floor":14.0,"key":"Art of War"}],"event_choices":[{"damage_healed":0.0,"max_hp_gain":0.0,"max_hp_loss":0.0,"gold_gain":75.0,"event_name":"World of Goop","player_choice":"Gather Gold","floor":2.0,"gold_loss":0.0,"damage_taken":11.0},{"cards_removed":["Strike_G"],"damage_healed":0.0,"max_hp_gain":0.0,"max_hp_loss":0.0,"gold_gain":0.0,"event_name":"The Cleric","player_choice":"Card Removal","floor":3.0,"gold_loss":75.0,"damage_taken":0.0}],"is_beta":false,"boss_relics":[],"items_purged_floors":[],"is_endless":false,"potions_floor_spawned":[6,11,12,14],"killed_by":"Hexaghost","ascension_level":20}}