{"host":"w6q69c5vmy05l1mm","time":1611679210,"event":{"mods":["BaseMod","Better Third Choice","Colored Map","Colored Powertips","Minty Spire (QoL Compilation)","Replay The Spire","StSLib"],"gold_per_floor":[109,109,37,52,68,68,81,81,160,194,144,144,178,191,191,288,288,304,317,317,131,149,149,169,169,169,169,169,169,169,169,169,169,169,264,264,281,234,234,234,90,109,127,158,158,173,173,173,173,188,205,225,225,225,225],"floor_reached":54,"language":"ENG","playtime":2739,"items_purged":["Strike_P"],"score":856,"play_id":"68301048-5831-4bbd-8b59-e4a3aec470dd","local_time":"20210126184010","is_ascension_mode":true,"campfire_choices":[{"floor":6.0,"key":"REST"},{"data":"Eruption","floor":8.0,"key":"SMITH"},{"data":"Evaluate","floor":12.0,"key":"SMITH"},{"floor":15.0,"key":"REST"},{"data":"Apotheosis","floor":23.0,"key":"SMITH"},{"data":"Apotheosis","floor":25.0,"key":"SMITH"},{"floor":32,"key":"REST"},{"floor":34,"key":"DIG"},{"floor":45,"key":"REST"},{"floor":48,"key":"REST"},{"floor":53,"key":"REST"}],"circlet_count":0,"master_deck":["AscendersBane","Defend_P+1","Defend_P+1","Eruption+1","Vigilance","ReachHeaven","Evaluate+1","ClearTheMind","BowlingBash","Tantrum","Devotion","TalkToTheHand","EmptyFist","Apotheosis+1","Apotheosis+1","WindmillStrike","EmptyFist","Devotion","Devotion","TalkToTheHand","Swivel+1","Adaptation+1","Halt","BattleHymn","Indignation+1","FlurryOfBlows+1","Wallop+1"],"relics":["PureWater","Singing Bowl","Juzu Bracelet","Blue Doll","Honey Jar","Enchiridion","Mummified Hand","ReplayTheSpireMod:TigerMarble","VioletLotus","Toy Ornithopter","Bag of Preparation","Darkstone Periapt"],"acts_visited":["Exordium","TheCity","TheBeyond"],"potions_floor_usage":[35,43,51,52,54],"damage_taken":[{"damage":11.0,"enemies":"Jaw Worm","floor":1.0,"turns":2.0},{"damage":0.0,"enemies":"Cultist","floor":4.0,"turns":2.0},{"damage":0.0,"enemies":"2 Louse","floor":5.0,"turns":2.0},{"damage":0.0,"enemies":"Large Slime","floor":7.0,"turns":4.0},{"damage":9.0,"enemies":"3 Sentries","floor":10.0,"turns":5.0},{"damage":18.0,"enemies":"Replay:BlueRogue","floor":13.0,"turns":7.0},{"damage":6.0,"enemies":"Exordium Wildlife","floor":14.0,"turns":3.0},{"damage":0.0,"enemies":"Slime Boss","floor":16.0,"turns":5.0},{"damage":0.0,"enemies":"3 Byrds","floor":18.0,"turns":3.0},{"damage":14.0,"enemies":"2 Thieves","floor":19.0,"turns":3.0},{"damage":0.0,"enemies":"Snecko","floor":22.0,"turns":4.0},{"damage":4.0,"enemies":"3 Cultists","floor":24.0,"turns":4.0},{"damage":15,"enemies":"Champ","floor":35,"turns":4},{"damage":20,"enemies":"Orb Walker","floor":37,"turns":4},{"damage":9,"enemies":"3 Shapes","floor":42,"turns":2},{"damage":18,"enemies":"Spire Growth","floor":43,"turns":3},{"damage":21,"enemies":"Nemesis","floor":44,"turns":3},{"damage":0,"enemies":"3 Darklings","floor":46,"turns":2},{"damage":1,"enemies":"Maw","floor":50,"turns":5},{"damage":30,"enemies":"Sphere and 2 Shapes","floor":51,"turns":4},{"damage":19,"enemies":"Jaw Worm Horde","floor":52,"turns":3},{"damage":74,"enemies":"Awakened One","floor":54,"turns":2}],"seed_played":"-3609674723524378871","potions_obtained":[{"floor":1.0,"key":"BottledMiracle"},{"floor":5.0,"key":"DuplicationPotion"},{"floor":10.0,"key":"Strength Potion"},{"floor":16.0,"key":"SteroidPotion"},{"floor":19.0,"key":"Strength Potion"},{"floor":24.0,"key":"Swift Potion"},{"floor":37,"key":"Death Potion"},{"floor":42,"key":"StancePotion"},{"floor":46,"key":"LiquidBronze"},{"floor":51,"key":"Doom Potion"}],"is_trial":false,"path_per_floor":["M","?","$","M","M","R","M","R","T","E","?","R","E","M","R","B",null,"M","M","?","$","M","R","M","R","PTL","PTL","T","?","?","?","R","?","R_BF","B",null,"M","$","PTL","PTL","$","M","M","E","R","M","T","R","?","M","M","M","R","B"],"character_chosen":"WATCHER","items_purchased":["ReachHeaven","Apotheosis","Swivel+1","Toy Ornithopter"],"campfire_rested":6,"item_purchase_floors":[3,21,38,41],"current_hp_per_floor":[36,36,36,36,36,57,57,57,57,50,50,50,34,28,50,50,70,70,56,40,40,40,40,36,36,36,36,36,36,36,61,76,76,76,61,72,52,52,52,52,52,43,36,17,40,40,40,63,63,62,37,23,46,0,0],"gold":225,"neow_bonus":"REMOVE_TWO","is_daily":false,"chose_seed":false,"campfire_upgraded":4,"win_rate":0.0,"timestamp":1611679210,"path_taken":["M","?","$","M","M","R","M","R","T","E","?","R","E","M","R","BOSS","M","M","?","$","M","R","M","R","PTL","PTL","T","?","?","?","R","?","R_BF","BOSS","M","$","PTL","PTL","$","M","M","E","R","M","T","R","?","M","M","M","R","BOSS"],"items_purchased_type":["Card","Card","Card","Relic"],"build_version":"2020-12-22","purchased_purges":1,"victory":false,"max_hp_per_floor":[72,72,72,72,72,72,72,72,72,74,74,74,76,76,76,76,76,76,76,76,76,76,76,76,76,76,76,76,76,76,76,76,76,76,76,76,76,76,76,76,76,76,76,78,78,78,78,78,78,78,78,78,78,78,78],"card_choices":[{"not_picked":["DeceiveReality","ThirdEye"],"picked":"FlurryOfBlows","floor":1.0},{"not_picked":["EmptyBody","EmptyMind"],"picked":"Evaluate","floor":4.0},{"not_picked":["SignatureMove","WreathOfFlame"],"picked":"ClearTheMind","floor":5.0},{"not_picked":["JustLucky","FlurryOfBlows"],"picked":"BowlingBash","floor":7.0},{"not_picked":["Vengeance","Protect","Vault"],"picked":"Singing Bowl","floor":10.0},{"not_picked":["Protect","JustLucky","Replay:ManipulateFuture"],"picked":"Singing Bowl","floor":13.0},{"not_picked":["Replay:Vibes","BowlingBash"],"picked":"Tantrum","floor":14.0},{"not_picked":["Replay:AllIn","Vault"],"picked":"Devotion","floor":16.0},{"not_picked":["SignatureMove","Collect","Replay:DivineShield"],"picked":"TalkToTheHand","floor":18.0},{"not_picked":["Perseverance","DeceiveReality","CarveReality"],"picked":"EmptyFist","floor":19.0},{"not_picked":["CrushJoints","CutThroughFate","Nirvana"],"picked":"WindmillStrike","floor":22.0},{"not_picked":["Tantrum","PathToVictory","EmptyMind"],"picked":"EmptyFist","floor":24.0},{"not_picked":["DeusExMachina","Alpha","MasterReality"],"picked":"Devotion","floor":35},{"not_picked":["BowlingBash","EmptyBody","FlyingSleeves"],"picked":"TalkToTheHand","floor":37},{"not_picked":["JustLucky+1","WreathOfFlame","FlurryOfBlows+1"],"picked":"Adaptation+1","floor":42},{"not_picked":["Replay:Hum","BowlingBash+1","Fasting2+1"],"picked":"Halt","floor":43},{"not_picked":["Weave+1","CutThroughFate","ThirdEye+1","Replay:BluntJabs"],"picked":"Singing Bowl","floor":44},{"not_picked":["BowlingBash","ForeignInfluence+1","Conclude"],"picked":"BattleHymn","floor":46},{"not_picked":["Tantrum","SandsOfTime","Consecrate"],"picked":"Indignation+1","floor":50},{"not_picked":["Meditate+1","ThirdEye","Protect+1"],"picked":"FlurryOfBlows+1","floor":51},{"not_picked":["Meditate+1","EmptyMind","Ragnarok"],"picked":"Wallop+1","floor":52}],"player_experience":394116,"relics_obtained":[{"floor":9.0,"key":"Singing Bowl"},{"floor":10.0,"key":"Juzu Bracelet"},{"floor":13.0,"key":"Blue Doll"},{"floor":20.0,"key":"Enchiridion"},{"floor":28.0,"key":"Mummified Hand"},{"floor":34,"key":"ReplayTheSpireMod:TigerMarble"},{"floor":44,"key":"Bag of Preparation"},{"floor":47,"key":"Darkstone Periapt"}],"event_choices":[{"cards_removed":["Strike_P"],"damage_healed":0.0,"max_hp_gain":0.0,"max_hp_loss":0.0,"gold_gain":0.0,"event_name":"Purifier","player_choice":"Purged","floor":2.0,"gold_loss":0.0,"damage_taken":0.0},{"cards_removed":["Strike_P"],"damage_healed":0.0,"max_hp_gain":0.0,"max_hp_loss":0.0,"gold_gain":0.0,"event_name":"The Cleric","player_choice":"Card Removal","floor":11.0,"gold_loss":50.0,"damage_taken":0.0},{"damage_healed":0.0,"max_hp_gain":0.0,"max_hp_loss":0.0,"gold_gain":0.0,"event_name":"Cursed Tome","player_choice":"Obtained Book","floor":20.0,"gold_loss":0.0,"damage_taken":16.0},{"damage_healed":0.0,"max_hp_gain":0.0,"max_hp_loss":0.0,"gold_gain":0.0,"event_name":"Ghosts","player_choice":"Ignored","floor":29.0,"gold_loss":0.0,"damage_taken":0.0},{"damage_healed":0,"gold_gain":0,"player_choice":"Simplicity","damage_taken":0,"max_hp_gain":0,"max_hp_loss":3,"event_name":"betterThird:BetterWriting","floor":30,"gold_loss":0},{"damage_healed":25,"gold_gain":0,"player_choice":"Heal","damage_taken":0,"max_hp_gain":0,"max_hp_loss":0,"event_name":"The Library","floor":31,"gold_loss":0},{"damage_healed":0,"gold_gain":0,"cards_transformed":["FlurryOfBlows","Defend_P"],"player_choice":"Became Test Subject","damage_taken":0,"max_hp_gain":0,"max_hp_loss":0,"event_name":"Drug Dealer","floor":33,"gold_loss":0,"cards_obtained":["Consecrate","Devotion"]},{"cards_removed":["Consecrate"],"damage_healed":0,"gold_gain":0,"player_choice":"Removed Attack","damage_taken":0,"max_hp_gain":0,"max_hp_loss":0,"event_name":"Falling","floor":49,"gold_loss":0}],"is_beta":false,"boss_relics":[{"not_picked":["ReplayTheSpireMod:DimensionalGlitch","SlaversCollar"],"picked":"Honey Jar"},{"not_picked":["Painkiller Herb","Replay:Ancient Bell"],"picked":"VioletLotus"}],"items_purged_floors":[21],"is_endless":false,"potions_floor_spawned":[1,5,10,16,19,24,37,42,46,51],"killed_by":"Awakened One","ascension_level":11}}