{"host":"qlznacst95ifd6w5","time":1611704948,"event":{"mods":["BaseMod","Colored Map","Highlight Path","Minty Spire (QoL Compilation)","StSLib"],"gold_per_floor":[113,35,51,3,3,3,35,35,61,21,21,38,57,71,71,71,71],"floor_reached":16,"language":"ENG","playtime":366,"items_purged":[],"score":100,"play_id":"0b2b1392-10ec-45b3-bcb5-e5c1a7da11a1","local_time":"20210126184908","is_ascension_mode":false,"campfire_choices":[{"floor":6,"key":"REST"},{"data":"Crippling Poison","floor":8,"key":"SMITH"},{"floor":15,"key":"REST"}],"circlet_count":0,"master_deck":["Strike_G","Strike_G","Strike_G","Strike_G","Defend_G","Defend_G","Defend_G","Defend_G","Defend_G","Survivor","Neutralize","Crippling Poison+1","Poisoned Stab","Slice","Backflip","Poisoned Stab+1","Backstab+1","Dagger Throw+1"],"relics":["Ring of the Snake","Bag of Preparation","The Specimen","Molten Egg 2","Bronze Scales"],"acts_visited":["Exordium"],"potions_floor_usage":[7,16,16],"damage_taken":[{"damage":25,"enemies":"Jaw Worm","floor":1,"turns":4},{"damage":1,"enemies":"Cultist","floor":3,"turns":4},{"damage":22,"enemies":"3 Sentries","floor":7,"turns":7},{"damage":6,"enemies":"Small Slimes","floor":12,"turns":2},{"damage":9,"enemies":"Exordium Thugs","floor":13,"turns":2},{"damage":14,"enemies":"Large Slime","floor":14,"turns":4},{"damage":33,"enemies":"Slime Boss","floor":16,"turns":6}],"seed_played":"-1497571375028994630","potions_obtained":[{"floor":3,"key":"AttackPotion"},{"floor":10,"key":"FearPotion"},{"floor":10,"key":"Ancient Potion"},{"floor":10,"key":"Swift Potion"}],"is_trial":false,"path_per_floor":["M","?","M","$","?","R","E","R","T","?","$","M","M","M","R","B"],"character_chosen":"THE_SILENT","items_purchased":["Slice"],"campfire_rested":2,"item_purchase_floors":[4],"current_hp_per_floor":[45,45,44,44,37,58,36,36,36,36,36,30,21,7,28,0,0],"gold":71,"neow_bonus":"RANDOM_COMMON_RELIC","is_daily":false,"chose_seed":false,"campfire_upgraded":1,"win_rate":0.0,"timestamp":1611704948,"path_taken":["M","?","M","?","?","R","E","R","T","?","$","M","M","M","R","BOSS"],"items_purchased_type":["Card"],"build_version":"2020-12-22","purchased_purges":0,"victory":false,"max_hp_per_floor":[70,70,70,70,70,70,70,70,70,70,70,70,70,70,70,70,70],"card_choices":[{"not_picked":["Flying Knee","Dagger Throw"],"picked":"Crippling Poison","floor":1},{"not_picked":["Caltrops","Masterful Stab"],"picked":"Poisoned Stab","floor":3},{"not_picked":["Outmaneuver","Blur"],"picked":"Backflip","floor":7},{"not_picked":["Outmaneuver","Acrobatics"],"picked":"Poisoned Stab+1","floor":12},{"not_picked":["Dagger Throw+1","Deflect"],"picked":"Backstab+1","floor":13},{"not_picked":["Skewer+1","Footwork"],"picked":"Dagger Throw+1","floor":14}],"player_experience":994,"relics_obtained":[{"floor":7,"key":"Molten Egg 2"},{"floor":9,"key":"Bronze Scales"}],"event_choices":[{"damage_healed":0,"gold_gain":0,"player_choice":"Paid Gold","damage_taken":0,"relics_obtained":["The Specimen"],"max_hp_gain":0,"max_hp_loss":0,"event_name":"WeMeetAgain","floor":2,"gold_loss":78},{"cards_removed":["Strike_G"],"damage_healed":0,"gold_gain":0,"player_choice":"Card Removal","damage_taken":7,"max_hp_gain":0,"max_hp_loss":0,"event_name":"Golden Wing","floor":5,"gold_loss":0},{"damage_healed":0,"gold_gain":0,"player_choice":"Bought 3 Potions","damage_taken":0,"max_hp_gain":0,"max_hp_loss":0,"event_name":"The Woman in Blue","floor":10,"gold_loss":0}],"is_beta":false,"boss_relics":[],"items_purged_floors":[],"is_endless":false,"potions_floor_spawned":[3,14],"killed_by":"Slime Boss","ascension_level":0}}