{"host":"hwrdjx5eod2cxh09","time":1611668166,"event":{"mods":["AchievementEnabler","BaseMod","Bestiary","Minty Spire (QoL Compilation)","Relic Stats"],"gold_per_floor":[210,127,145,165,115,115,115,131,131,142,167,186,186,203,203,302,302,313,313,167,183,197,227,227,227,227,227,46,46,46],"floor_reached":29,"language":"ENG","playtime":1052,"items_purged":["Strike_P","Strike_P"],"score":245,"play_id":"346aafbb-d520-4fe6-a1c8-a4f84a02d398","local_time":"20210126223606","is_ascension_mode":false,"campfire_choices":[{"data":"SandsOfTime","floor":6.0,"key":"SMITH"},{"data":"Eruption","floor":13.0,"key":"SMITH"},{"data":"LikeWater","floor":15.0,"key":"SMITH"},{"data":"TalkToTheHand","floor":24.0,"key":"SMITH"}],"circlet_count":0,"master_deck":["Strike_P","Defend_P","Defend_P+1","Defend_P","Defend_P","Eruption+1","Vigilance","CutThroughFate","SandsOfTime+1","Halt","EmptyBody","ClearTheMind","FlurryOfBlows","Weave","BowlingBash","ReachHeaven","CutThroughFate","LikeWater+1","LessonLearned","DeceiveReality","Tantrum","Adaptation","TalkToTheHand+1","MentalFortress","FlurryOfBlows","Nirvana"],"relics":["PureWater"],"acts_visited":["Exordium","TheCity"],"potions_floor_usage":[],"damage_taken":[{"damage":3.0,"enemies":"Cultist","floor":1.0,"turns":4.0},{"damage":2.0,"enemies":"Small Slimes","floor":3.0,"turns":3.0},{"damage":0.0,"enemies":"Jaw Worm","floor":4.0,"turns":3.0},{"damage":9.0,"enemies":"Blue Slaver","floor":8.0,"turns":3.0},{"damage":4.0,"enemies":"2 Fungi Beasts","floor":10.0,"turns":4.0},{"damage":15.0,"enemies":"Lagavulin","floor":11.0,"turns":7.0},{"damage":5.0,"enemies":"Red Slaver","floor":12.0,"turns":4.0},{"damage":9.0,"enemies":"Lots of Slimes","floor":14.0,"turns":4.0},{"damage":11.0,"enemies":"The Guardian","floor":16.0,"turns":11.0},{"damage":3.0,"enemies":"Chosen","floor":18.0,"turns":4.0},{"damage":0.0,"enemies":"3 Byrds","floor":21.0,"turns":3.0},{"damage":5.0,"enemies":"Centurion and Healer","floor":22.0,"turns":7.0},{"damage":31.0,"enemies":"Book of Stabbing","floor":23.0,"turns":5.0},{"damage":36,"enemies":"Snake Plant","floor":29,"turns":3}],"seed_played":"-8141176107888392013","potions_obtained":[{"floor":3.0,"key":"GamblersBrew"},{"floor":8.0,"key":"FairyPotion"},{"floor":11.0,"key":"Ambrosia"}],"is_trial":false,"path_per_floor":["M","$","M","M","$","R","?","M","T","M","E","M","R","M","R","B",null,"M","?","$","M","M","E","R","?","T","?","$","M"],"character_chosen":"WATCHER","items_purchased":["SandsOfTime","Halt","FlurryOfBlows","Adaptation","Nirvana"],"campfire_rested":0,"item_purchase_floors":[2,2,5,20,28],"current_hp_per_floor":[69,69,67,67,67,67,67,58,58,54,39,34,34,25,25,14,72,69,69,69,69,64,33,33,33,33,33,33,21,21],"gold":46,"neow_bonus":"HUNDRED_GOLD","is_daily":false,"chose_seed":false,"campfire_upgraded":4,"win_rate":0.0,"timestamp":1611668166,"path_taken":["M","$","M","M","?","R","?","M","T","?","E","M","R","M","R","BOSS","M","?","$","M","M","E","R","?","T","?","$","M"],"items_purchased_type":["Card","Card","Card","Card","Card"],"build_version":"2020-12-22","purchased_purges":2,"victory":false,"max_hp_per_floor":[72,72,72,72,72,72,72,72,72,72,72,72,72,72,72,72,72,72,72,72,72,72,72,72,72,72,72,72,72,72],"relic_stats":{"counters":[14,65],"obtain_stats":[{"PureWater":0},{"PureWater":0},{"PureWater":0}]},"card_choices":[{"not_picked":["PathToVictory","Crescendo"],"picked":"CutThroughFate","floor":1.0},{"not_picked":["Prostrate","PathToVictory"],"picked":"EmptyBody","floor":3.0},{"not_picked":["Crescendo","Perseverance"],"picked":"ClearTheMind","floor":4.0},{"not_picked":["Halt","PathToVictory"],"picked":"Weave","floor":8.0},{"not_picked":["Study","EmptyBody"],"picked":"BowlingBash","floor":10.0},{"not_picked":["InnerPeace","Wish"],"picked":"ReachHeaven","floor":11.0},{"not_picked":["Consecrate","Evaluate"],"picked":"CutThroughFate","floor":12.0},{"not_picked":["JustLucky","Halt"],"picked":"LikeWater","floor":14.0},{"not_picked":["DevaForm","Establishment"],"picked":"LessonLearned","floor":16.0},{"not_picked":["WaveOfTheHand+1","SashWhip"],"picked":"DeceiveReality","floor":18.0},{"not_picked":["Prostrate","PathToVictory"],"picked":"TalkToTheHand","floor":21.0},{"not_picked":["SignatureMove","ReachHeaven"],"picked":"MentalFortress","floor":22.0},{"not_picked":["JustLucky","Halt"],"picked":"FlurryOfBlows","floor":23.0}],"player_experience":311529,"relics_obtained":[],"event_choices":[{"damage_healed":0.0,"max_hp_gain":0.0,"max_hp_loss":0.0,"gold_gain":0.0,"event_name":"Liars Game","player_choice":"Ignored","floor":7.0,"gold_loss":0.0,"damage_taken":0.0},{"damage_healed":0.0,"max_hp_gain":0.0,"max_hp_loss":0.0,"gold_gain":0.0,"event_name":"The Library","player_choice":"Read","floor":19.0,"gold_loss":0.0,"damage_taken":0.0,"cards_obtained":["Tantrum"]},{"cards_removed":["Strike_P"],"damage_healed":0.0,"max_hp_gain":0.0,"max_hp_loss":0.0,"gold_gain":0.0,"event_name":"Back to Basics","player_choice":"Elegance","floor":25.0,"gold_loss":0.0,"damage_taken":0.0}],"is_beta":false,"boss_relics":[{"not_picked":["Busted Crown","Snecko Eye","Black Star"]}],"items_purged_floors":[20,28],"is_endless":false,"potions_floor_spawned":[3,8,11,16,21],"killed_by":"Snake Plant","ascension_level":0}}