{"host":"vld99k9l4elccfy8","time":1611623938,"event":{"mods":["AchievementEnabler","BaseMod","Bestiary","Block Reminder","Colored Map","Colored Powertips","Custom Start","Highlight Path","Minty Spire (QoL Compilation)","Permanent Neow","Rare Cards Sparkle"],"gold_per_floor":[110,121,121,121,296,296,306,18,42,60,84,84,101,114,114,212,212,196,111,131,56,73,73,73,84,109,9,99,99,99,99,99,198,198,208,226,226,226,226,226,226],"floor_reached":40,"language":"ENG","playtime":2544,"items_purged":["Regret","Doubt"],"score":424,"play_id":"ecc24e45-6e35-46bb-a87f-fa58761d47b8","local_time":"20210125181858","is_ascension_mode":false,"campfire_choices":[{"data":"Infernal Blade","floor":6.0,"key":"SMITH"},{"floor":12.0,"key":"REST"},{"data":"Armaments","floor":15.0,"key":"SMITH"},{"floor":23.0,"key":"REST"},{"floor":29.0,"key":"REST"},{"floor":32.0,"key":"REST"}],"circlet_count":0,"master_deck":["Strike_R","Strike_R+1","Strike_R","Strike_R","Strike_R","Defend_R","Defend_R","Defend_R","Bash+1","Infernal Blade+1","Shockwave","Flex","Power Through","Fiend Fire","Armaments+1","Cleave","Demon Form","CurseOfTheBell","Reckless Charge","Sever Soul+1","Heavy Blade","Clash+1","Demon Form","Flex+1","Shrug It Off+1","Iron Wave","Writhe","Trip"],"relics":["Burning Blood","Turnip","Ice Cream","Toy Ornithopter","Odd Mushroom","Calling Bell","Potion Belt","InkBottle","Unceasing Top","Self Forming Clay","Oddly Smooth Stone","Juzu Bracelet","SlaversCollar"],"acts_visited":["Exordium","TheCity","TheBeyond"],"potions_floor_usage":[36],"damage_taken":[{"damage":8.0,"enemies":"2 Louse","floor":1.0,"turns":4.0},{"damage":7.0,"enemies":"Small Slimes","floor":2.0,"turns":2.0},{"damage":8.0,"enemies":"Jaw Worm","floor":7.0,"turns":4.0},{"damage":22.0,"enemies":"Blue Slaver","floor":10.0,"turns":5.0},{"damage":21.0,"enemies":"The Mushroom Lair","floor":11.0,"turns":6.0},{"damage":2.0,"enemies":"2 Fungi Beasts","floor":13.0,"turns":2.0},{"damage":0.0,"enemies":"Lots of Slimes","floor":14.0,"turns":1.0},{"damage":65.0,"enemies":"Hexaghost","floor":16.0,"turns":11.0},{"damage":38.0,"enemies":"2 Thieves","floor":18.0,"turns":4.0},{"damage":19.0,"enemies":"Shell Parasite","floor":20.0,"turns":5.0},{"damage":21.0,"enemies":"Chosen and Byrds","floor":22.0,"turns":7.0},{"damage":20.0,"enemies":"Cultist and Chosen","floor":25.0,"turns":8.0},{"damage":29.0,"enemies":"Champ","floor":33.0,"turns":11.0},{"damage":32.0,"enemies":"3 Shapes","floor":35.0,"turns":8.0},{"damage":34,"enemies":"3 Darklings","floor":36,"turns":6},{"damage":76,"enemies":"Reptomancer","floor":40,"turns":2}],"seed_played":"-8093634741151700105","potions_obtained":[{"floor":2.0,"key":"ElixirPotion"},{"floor":7.0,"key":"Dexterity Potion"},{"floor":14.0,"key":"SteroidPotion"},{"floor":18.0,"key":"ColorlessPotion"},{"floor":22.0,"key":"DistilledChaos"},{"floor":25.0,"key":"Swift Potion"},{"floor":33.0,"key":"AttackPotion"},{"floor":35.0,"key":"Energy Potion"}],"is_trial":false,"path_per_floor":["M","M","?","?","?","R","M","$","T","M","?","R","M","M","R","B",null,"M","?","M","$","M","R","?","M","T","$","?","R","?","?","R","B",null,"M","M","?","?","?","E"],"character_chosen":"IRONCLAD","items_purchased":["Ice Cream"],"campfire_rested":4,"item_purchase_floors":[8],"current_hp_per_floor":[78,77,82,65,65,65,63,63,63,47,32,57,61,67,67,8,85,53,53,40,40,25,50,50,41,41,41,29,54,54,38,65,47,90,64,41,41,64,64,0,0],"gold":226,"neow_bonus":"ONE_RARE_RELIC","is_daily":false,"chose_seed":false,"campfire_upgraded":2,"win_rate":0.0,"timestamp":1611623938,"path_taken":["M","M","?","?","?","R","M","$","T","M","?","R","M","?","R","BOSS","M","?","M","$","M","R","?","?","T","?","?","R","?","?","R","BOSS","M","M","?","?","?","E"],"items_purchased_type":["Relic"],"build_version":"2020-12-22","purchased_purges":2,"victory":false,"max_hp_per_floor":[80,80,85,85,85,85,85,85,85,85,85,85,85,85,85,85,85,85,85,85,85,85,85,85,85,85,85,85,85,85,90,90,90,90,90,90,90,90,90,90,90],"card_choices":[{"not_picked":["Whirlwind","Shrug It Off"],"picked":"Infernal Blade","floor":1.0},{"not_picked":["Wild Strike","True Grit"],"picked":"Shockwave","floor":2.0},{"not_picked":["Rage","Sword Boomerang"],"picked":"Flex","floor":7.0},{"not_picked":["Body Slam","Warcry"],"picked":"Power Through","floor":10.0},{"not_picked":["Anger","Pummel"],"picked":"Fiend Fire","floor":11.0},{"not_picked":["Headbutt","Warcry"],"picked":"Armaments","floor":13.0},{"not_picked":["Second Wind","Reckless Charge"],"picked":"Cleave","floor":14.0},{"not_picked":["Impervious","Fiend Fire"],"picked":"Demon Form","floor":16.0},{"not_picked":["True Grit","Wild Strike"],"picked":"Reckless Charge","floor":18.0},{"not_picked":["Body Slam","Dark Embrace+1"],"picked":"Sever Soul+1","floor":20.0},{"not_picked":["Disarm","Wild Strike"],"picked":"Heavy Blade","floor":22.0},{"not_picked":["Pummel","Perfected Strike+1"],"picked":"Clash+1","floor":25.0},{"not_picked":["Reaper","Fiend Fire"],"picked":"Demon Form","floor":33.0},{"not_picked":["Reckless Charge+1","Power Through"],"picked":"Flex+1","floor":35.0},{"not_picked":["Fire Breathing","Sword Boomerang+1"],"picked":"Shrug It Off+1","floor":36},{"not_picked":["Master of Strategy","Dark Shackles"],"picked":"Trip","floor":39}],"player_experience":285401,"relics_obtained":[{"floor":9.0,"key":"Toy Ornithopter"},{"floor":11.0,"key":"Odd Mushroom"},{"floor":17.0,"key":"Potion Belt"},{"floor":17.0,"key":"InkBottle"},{"floor":17.0,"key":"Unceasing Top"},{"floor":26.0,"key":"Juzu Bracelet"}],"event_choices":[{"damage_healed":0.0,"max_hp_gain":5.0,"max_hp_loss":0.0,"gold_gain":0.0,"event_name":"Big Fish","player_choice":"Donut","floor":3.0,"gold_loss":0.0,"damage_taken":0.0},{"damage_healed":0.0,"max_hp_gain":0.0,"max_hp_loss":0.0,"gold_gain":0.0,"event_name":"Shining Light","player_choice":"Entered Light","floor":4.0,"gold_loss":0.0,"damage_taken":17.0,"cards_upgraded":["Bash","Strike_R"]},{"damage_healed":0.0,"max_hp_gain":0.0,"max_hp_loss":0.0,"gold_gain":175.0,"event_name":"Liars Game","player_choice":"AGREE","floor":5.0,"gold_loss":0.0,"damage_taken":0.0,"cards_obtained":["Doubt"]},{"damage_healed":0.0,"max_hp_gain":0.0,"max_hp_loss":0.0,"gold_gain":0.0,"event_name":"Mushrooms","player_choice":"Fought Mushrooms","floor":11.0,"gold_loss":0.0,"damage_taken":0.0},{"damage_healed":0.0,"max_hp_gain":0.0,"max_hp_loss":0.0,"gold_gain":0.0,"event_name":"Addict","player_choice":"Obtained Relic","floor":19.0,"gold_loss":85.0,"damage_taken":0.0,"relics_obtained":["Self Forming Clay"]},{"damage_healed":0.0,"max_hp_gain":0.0,"max_hp_loss":0.0,"gold_gain":0.0,"event_name":"WeMeetAgain","player_choice":"Gave Potion","floor":24.0,"gold_loss":0.0,"damage_taken":0.0,"relics_obtained":["Oddly Smooth Stone"]},{"damage_healed":0.0,"max_hp_gain":0.0,"max_hp_loss":0.0,"gold_gain":90.0,"event_name":"Knowing Skull","player_choice":"GOLD ","floor":28.0,"potions_obtained":[],"gold_loss":0.0,"damage_taken":12.0,"cards_obtained":[]},{"cards_removed":["Seeing Red"],"damage_healed":0.0,"max_hp_gain":0.0,"max_hp_loss":0.0,"gold_gain":0.0,"event_name":"NoteForYourself","player_choice":"Took Card","floor":30.0,"gold_loss":0.0,"damage_taken":0.0,"cards_obtained":["Seeing Red"]},{"damage_healed":0.0,"max_hp_gain":5.0,"max_hp_loss":0.0,"gold_gain":0.0,"event_name":"Forgotten Altar","player_choice":"Shed Blood","floor":31.0,"gold_loss":0.0,"damage_taken":21.0},{"damage_healed":0,"gold_gain":0,"cards_transformed":["Defend_R"],"player_choice":"Transformed","damage_taken":0,"max_hp_gain":0,"max_hp_loss":0,"event_name":"Transmorgrifier","floor":37,"gold_loss":0,"cards_obtained":["Iron Wave"]},{"damage_healed":23,"gold_gain":0,"player_choice":"Writhe","damage_taken":0,"max_hp_gain":0,"max_hp_loss":0,"event_name":"Winding Halls","floor":38,"gold_loss":0,"cards_obtained":["Writhe"]},{"damage_healed":0,"gold_gain":0,"player_choice":"Memory 1","damage_taken":0,"max_hp_gain":0,"max_hp_loss":0,"event_name":"SensoryStone","floor":39,"gold_loss":0}],"is_beta":false,"boss_relics":[{"not_picked":["Sozu","Snecko Eye"],"picked":"Calling Bell"},{"not_picked":["Velvet Choker","Philosopher\u0027s Stone"],"picked":"SlaversCollar"}],"items_purged_floors":[21,27],"is_endless":false,"potions_floor_spawned":[2,7,14,18,22,25,33,35],"killed_by":"Reptomancer","ascension_level":0}}