{"host":"y1oqg7uy0jc6f5mb","time":1611671799,"event":{"mods":["BaseMod","Better Altar","Better Match","Better Note","Better Sensory Stone","Better Skull","Better Third Choice","Block Reminder","Colored Map","Colored Powertips","Custom Start","DeckTracker","Displayed Cursed Tome","Highlight Path","Ironclad Rager","Minty Spire (QoL Compilation)","Permanent Neow","Quick Restart","Relic Sorter","Relic Stats","Replay The Spire","Shop Mod","StSLib"],"gold_per_floor":[11,21,0,17,17,43,43,53,129,129,54,66,66,77,77,174,174,189,189,189,37,37,37,49,49,49,49,49,49,49],"floor_reached":29,"language":"ENG","playtime":6243,"items_purged":["Voices","ThirdEye"],"score":246,"play_id":"cb2333df-ab26-46c0-b961-5f63792e11d0","local_time":"20210126223639","is_ascension_mode":false,"campfire_choices":[{"floor":7.0,"key":"REST"},{"data":"Eruption","floor":10.0,"key":"SMITH"},{"data":"Apotheosis","floor":15.0,"key":"SMITH"},{"data":"Judgement","floor":23.0,"key":"SMITH"},{"data":"WreathOfFlame","floor":25,"key":"SMITH"}],"circlet_count":0,"master_deck":["Eruption+1","Vigilance","FollowUp","FollowUp","FollowUp","FollowUp","ThirdEye","ThirdEye","ThirdEye","Pray","Halt","Indignation","Replay:AtTheReady","WreathOfFlame+1","Blasphemy","Apotheosis+1","InnerPeace","Judgement+1","Prostrate","Prostrate","Wallop+1","Consecrate"],"relics":["PureWater","betterThird:SlimedRelic","StoneCalendar","Happy Flower","White Beast Statue","Philosopher\u0027s Stone","betterThird:NestCultRelic","Blood Vial","Chameleon Ring"],"acts_visited":["Exordium","TheCity"],"potions_floor_usage":[24,29,29],"damage_taken":[{"damage":0.0,"enemies":"2 Louse","floor":1.0,"turns":2.0},{"damage":4.0,"enemies":"Jaw Worm","floor":2.0,"turns":3.0},{"damage":0.0,"enemies":"Cultist","floor":4.0,"turns":3.0},{"damage":12.0,"enemies":"Gremlin Nob","floor":6.0,"turns":2.0},{"damage":4.0,"enemies":"Blue Slaver","floor":8.0,"turns":5.0},{"damage":1.0,"enemies":"Looter","floor":12.0,"turns":3.0},{"damage":0.0,"enemies":"2 Fungi Beasts","floor":14.0,"turns":3.0},{"damage":14.0,"enemies":"Fading Forest","floor":16.0,"turns":11.0},{"damage":13.0,"enemies":"2 Thieves","floor":18.0,"turns":3.0},{"damage":6,"enemies":"Chosen","floor":24,"turns":5},{"damage":35,"enemies":"Slavers","floor":29,"turns":1}],"seed_played":"-8398830856398143345","potions_obtained":[{"floor":2.0,"key":"SkillPotion"},{"floor":4.0,"key":"Death Potion"},{"floor":12.0,"key":"Ambrosia"},{"floor":14.0,"key":"Ancient Potion"},{"floor":16.0,"key":"Languid Potion"},{"floor":24,"key":"Ancient Potion"}],"is_trial":false,"path_per_floor":["M","M","?","M","?","E","R","M","T","R","$","M","?","M","R","B",null,"M","?","?","$","?","R","M","R","T","?","$","E"],"character_chosen":"WATCHER","items_purchased":["Wallop+1"],"campfire_rested":1,"item_purchase_floors":[21],"current_hp_per_floor":[47,43,32,32,25,13,32,28,28,28,28,27,27,27,27,39,65,52,52,52,52,35,35,31,31,31,31,31,0,0],"gold":49,"neow_bonus":"WATCHER_SHAOLIN","is_daily":false,"chose_seed":false,"campfire_upgraded":4,"win_rate":0.0,"timestamp":1611671799,"path_taken":["M","M","?","M","?","E","R","M","T","R","$","M","?","M","R","BOSS","M","?","?","$","?","R","M","R","T","?","$","E"],"items_purchased_type":["Card"],"build_version":"2020-12-22","purchased_purges":2,"victory":false,"max_hp_per_floor":[65,65,65,65,65,65,65,65,65,65,65,65,65,65,65,65,65,65,65,65,65,65,65,65,65,65,65,65,65,65],"relic_stats":{"Blood Vial":4,"Happy Flower":[10],"counters":[11,41],"StoneCalendar":[104],"obtain_stats":[{"Blood Vial":22,"Chameleon Ring":26,"Happy Flower":6,"betterThird:SlimedRelic":3,"StoneCalendar":5,"Philosopher\u0027s Stone":17,"betterThird:NestCultRelic":20,"PureWater":0,"White Beast Statue":9},{"Blood Vial":9,"Chameleon Ring":10,"Happy Flower":4,"betterThird:SlimedRelic":2,"StoneCalendar":3,"Philosopher\u0027s Stone":8,"betterThird:NestCultRelic":9,"PureWater":0,"White Beast Statue":5},{"Blood Vial":35,"Chameleon Ring":40,"Happy Flower":10,"betterThird:SlimedRelic":5,"StoneCalendar":8,"Philosopher\u0027s Stone":32,"betterThird:NestCultRelic":35,"PureWater":0,"White Beast Statue":15}]},"card_choices":[{"not_picked":["JustLucky","FlurryOfBlows"],"picked":"Pray","floor":1.0},{"not_picked":["Evaluate","Replay:BluntJabs"],"picked":"Halt","floor":2.0},{"not_picked":["EmptyFist","Perseverance"],"picked":"Indignation","floor":4.0},{"not_picked":["Halt","CutThroughFate"],"picked":"Replay:AtTheReady","floor":6.0},{"not_picked":["Collect","SashWhip"],"picked":"WreathOfFlame","floor":8.0},{"not_picked":["Meditate","MentalFortress"],"picked":"Blasphemy","floor":12.0},{"not_picked":["Replay:Sssssssssshield","Panacea"],"picked":"Apotheosis","floor":13.0},{"not_picked":["ThirdEye","Pray"],"picked":"InnerPeace","floor":14.0},{"not_picked":["Ragnarok","Establishment"],"picked":"Judgement","floor":16.0},{"not_picked":["CutThroughFate+1","Replay:ManipulateFuture"],"picked":"Prostrate","floor":18.0},{"not_picked":["Replay:ManipulateFuture","FlyingSleeves"],"picked":"Consecrate","floor":24}],"player_experience":219285,"relics_obtained":[{"floor":6.0,"key":"Happy Flower"},{"floor":9.0,"key":"White Beast Statue"},{"floor":26,"key":"Chameleon Ring"}],"event_choices":[{"damage_healed":0.0,"max_hp_gain":0.0,"max_hp_loss":0.0,"gold_gain":0.0,"event_name":"betterThird:BetterGoop","player_choice":"Slimed","floor":3.0,"gold_loss":21.0,"damage_taken":11.0},{"damage_healed":0.0,"max_hp_gain":0.0,"max_hp_loss":0.0,"gold_gain":0.0,"event_name":"betterThird:BetterScrap","player_choice":"Relic ","floor":5.0,"gold_loss":0.0,"damage_taken":7.0,"cards_obtained":["Impervious"]},{"damage_healed":0.0,"max_hp_gain":0.0,"max_hp_loss":0.0,"gold_gain":1.0,"event_name":"betterStone:BetterStone","player_choice":"1","floor":13.0,"gold_loss":0.0,"damage_taken":0.0},{"cards_removed":["Apotheosis"],"damage_healed":0.0,"max_hp_gain":0.0,"max_hp_loss":0.0,"gold_gain":0.0,"event_name":"betterNote:BetterNote","player_choice":"Take \u0026 Give","floor":19.0,"gold_loss":0.0,"damage_taken":0.0,"cards_obtained":["Prostrate"]},{"damage_healed":0.0,"max_hp_gain":0.0,"max_hp_loss":0.0,"gold_gain":0.0,"event_name":"betterThird:BetterNest","player_choice":"Madness","floor":20.0,"gold_loss":0.0,"damage_taken":0.0,"relics_obtained":["betterThird:NestCultRelic"]},{"damage_healed":0.0,"max_hp_gain":52.0,"max_hp_loss":35.0,"gold_gain":0.0,"event_name":"betterAltar:BetterAltar","player_choice":" Vial ","floor":22.0,"potions_obtained":[],"relics_lost":[],"gold_loss":0.0,"damage_taken":17.0,"relics_obtained":["Blood Vial"]}],"is_beta":false,"boss_relics":[{"not_picked":["Astrolabe","Replay:Grab Bag"],"picked":"Philosopher\u0027s Stone"}],"items_purged_floors":[11,21],"is_endless":false,"potions_floor_spawned":[2,4,12,14,16,18,24],"killed_by":"Slavers","ascension_level":0}}