{"host":"pmmuxs046gii331m","time":1611680967,"event":{"mods":["AchievementEnabler","BaseMod","Colored Powertips","Downfall","Gold Saver","Minty Spire (QoL Compilation)","Permanent Neow","Quick Restart","StSLib"],"gold_per_floor":[1401,1421,1433,1450,1450,1530,1530,1545,1149,1149,790,807,1134,1134,1151,1252,1252,1252,1266,1366,1435,1485,1297,1297,890,890,950,282,332,482,512,530,634,634,634,650,367,417,430,430,430,230,243,304,204,221,256,56,73,73,73,105,105,105,105,105],"floor_reached":57,"language":"ENG","playtime":9319,"items_purged":["Slimebound:Defend_Slimebound","downfall:Malfunctioning","Injury","Slimebound:Defend_Slimebound","Slimebound:Strike_Slimebound+1","Slimebound:Defend_Slimebound+1"],"score":1402,"play_id":"a25b04df-b423-455c-b054-e3a192b9fa0f","local_time":"20210126120927","is_ascension_mode":false,"campfire_choices":[{"data":"Slimebound:Split","floor":1,"key":"SMITH"},{"data":"Slimebound:RainOfGoop","floor":18,"key":"SMITH"},{"data":"Slimebound:LivingWall","floor":26,"key":"SMITH"},{"data":"Slimebound:FirmFortitude","floor":35,"key":"SMITH"},{"data":"1","floor":40,"key":"LIFT"},{"floor":45,"key":"RECALL"},{"data":"2","floor":48,"key":"LIFT"},{"floor":54,"key":"REST"}],"circlet_count":0,"master_deck":["Slimebound:Tackle","Slimebound:Split+1","Slimebound:CorrosiveSpit","Slimebound:SlimeTap+1","Slimebound:GoopSpray+1","Slimebound:SplitBruiser","Slimebound:SplitAcid","Slimebound:RainOfGoop+1","Slimebound:LeechLife","Slimebound:LivingWall+1","Slimebound:MassRepurpose+1","Slimebound:MinionMaster","Slimebound:FirmFortitude+1","Slimebound:LevelUp+1","Slimebound:ItLooksTasty+1","Slimebound:PressTheAttack+1","Slimebound:LeadByExample+1"],"relics":["Slimebound:AbsorbEndCombat","Potion Belt","Singing Bowl","Girya","Sling","ClockworkSouvenir","Old Coin","Prayer Wheel","Velvet Choker","downfall:CloakOfManyFaces","CultistMask","FaceOfCleric","NlothsMask","GremlinMask","SsserpentHead","Strange Spoon","War Paint","Oddly Smooth Stone","Toy Ornithopter","Mercury Hourglass","Blue Candle","Ice Cream","Question Card","White Beast Statue","Runic Pyramid","downfall:HeartBlessingBlue","Juzu Bracelet","downfall:HeartBlessingRed","downfall:HeartBlessingGreen","Bottled Tornado"],"acts_visited":["Exordium","TheCity","TheBeyond","TheEnding"],"potions_floor_usage":[11,11,13,16,16,16,16,16,20,25,43,47,50,56,56,56,56,56],"damage_taken":[{"damage":0,"enemies":"Cultist","floor":2,"turns":3},{"damage":3,"enemies":"2 Louse","floor":3,"turns":3},{"damage":9,"enemies":"Jaw Worm","floor":4,"turns":2},{"damage":0,"enemies":"3 Louse","floor":8,"turns":2},{"damage":0,"enemies":"downfall:FleeingMerchant","floor":9,"turns":4},{"damage":10,"enemies":"downfall:FleeingMerchant","floor":11,"turns":4},{"damage":4,"enemies":"Blue Slaver","floor":12,"turns":3},{"damage":17,"enemies":"Lagavulin","floor":13,"turns":4},{"damage":9,"enemies":"Large Slime","floor":15,"turns":4},{"damage":26,"enemies":"DF_ARCHETYPE_STREAMLINE","floor":16,"turns":9},{"damage":10,"enemies":"Spheric Guardian","floor":19,"turns":3},{"damage":21,"enemies":"downfall:FaceTrader","floor":20,"turns":8},{"damage":25,"enemies":"3 Byrds","floor":21,"turns":4},{"damage":0,"enemies":"downfall:FleeingMerchant","floor":23,"turns":4},{"damage":1,"enemies":"downfall:FleeingMerchant","floor":25,"turns":4},{"damage":7,"enemies":"Snecko","floor":27,"turns":4},{"damage":15,"enemies":"WA_ARCHETYPE_RETAIN","floor":30,"turns":6},{"damage":1,"enemies":"Book of Stabbing","floor":31,"turns":4},{"damage":0,"enemies":"Centurion and Healer","floor":32,"turns":5},{"damage":12,"enemies":"SI_MIRROR_ARCHETYPE","floor":33,"turns":12},{"damage":10,"enemies":"3 Shapes","floor":36,"turns":3},{"damage":11,"enemies":"3 Darklings","floor":39,"turns":4},{"damage":14,"enemies":"Maw","floor":43,"turns":5},{"damage":3,"enemies":"Transient","floor":44,"turns":5},{"damage":18,"enemies":"3 Darklings","floor":46,"turns":3},{"damage":38,"enemies":"Nemesis","floor":47,"turns":5},{"damage":34,"enemies":"Jaw Worm Horde","floor":49,"turns":3},{"damage":45,"enemies":"IC_BLOCK_ARCHETYPE","floor":50,"turns":7},{"damage":94,"enemies":"downfall:CharBossMerchant","floor":52,"turns":7},{"damage":44,"enemies":"downfall:NeowBoss","floor":55,"turns":13},{"damage":65,"enemies":"downfall:NeowBossFinal","floor":56,"turns":9}],"seed_played":"-8638977938001203880","potions_obtained":[{"floor":12,"key":"Regen Potion"},{"floor":13,"key":"hexamod:SoulburnPotion"},{"floor":15,"key":"champ:CounterPotion"},{"floor":16,"key":"AttackPotion"},{"floor":20,"key":"Strength Potion"},{"floor":21,"key":"Guardian:BlockOnCardUsePotion"},{"floor":30,"key":"FearPotion"},{"floor":31,"key":"DuplicationPotion"},{"floor":33,"key":"Regen Potion"},{"floor":38,"key":"CultistPotion"},{"floor":44,"key":"hexamod:SoulburnPotion"},{"floor":47,"key":"Energy Potion"},{"floor":52,"key":"hexamod:SoulburnPotion"}],"is_trial":false,"path_per_floor":["R","M","M","M","?","T","T","M","$","?","$","M","E","?","M","B",null,"R","M","?","M","?","$","T","$","R","M","$","?","?","E","M","B",null,"R","M","?","?","M","R","T","$","M","M","R","M","E","R","M","B",null,"E","$","R","B","B",null],"character_chosen":"SLIMEBOUND","items_purchased":["Fire Potion","champ:CounterPotion","champ:CounterPotion","Sling","ClockworkSouvenir","SpeedPotion","Block Potion","hexamod:SoulburnPotion","Strange Spoon","War Paint","Slimebound:MinionMaster","Oddly Smooth Stone","Toy Ornithopter","Mercury Hourglass","Slimebound:SpawnSlimePotion"],"campfire_rested":1,"item_purchase_floors":[9,9,9,9,11,11,11,23,25,25,25,25,28,28,28],"current_hp_per_floor":[65,65,65,58,40,40,40,44,50,50,46,48,39,39,38,35,77,77,71,60,64,64,87,87,90,90,95,95,90,97,101,106,97,107,107,108,124,124,127,127,127,127,128,133,143,147,151,151,126,95,157,94,94,142,115,104],"gold":105,"neow_bonus":"THREE_CARDS","is_daily":false,"chose_seed":false,"campfire_upgraded":4,"win_rate":0.0,"timestamp":1611680967,"path_taken":["R","M","?","M","?","?","T","M","$","?","?","M","E","?","M","BOSS","R","M","?","?","?","$","T","$","R","?","$","?","?","E","M","BOSS","R","M","?","?","M","R","T","$","M","?","R","M","E","R","M","BOSS","E","$","R","BOSS","BOSS"],"items_purchased_type":["Potion","Potion","Potion","Relic","Relic","Potion","Potion","Potion","Relic","Relic","Card","Relic","Relic","Relic","Potion"],"build_version":"2020-12-22","purchased_purges":6,"victory":true,"max_hp_per_floor":[65,65,65,65,65,65,65,67,69,69,71,73,75,75,77,77,77,77,79,81,84,84,87,87,90,90,95,95,95,98,101,106,107,107,107,110,124,124,127,127,127,127,128,133,143,148,151,151,156,157,157,160,160,160,161,162],"card_choices":[{"not_picked":["Slimebound:SlimeSpikes","Slimebound:AcidTongue"],"picked":"Slimebound:SlimeTap","floor":0},{"not_picked":["Slimebound:SplitAcid","Slimebound:Replication"],"picked":"Slimebound:GoopSpray","floor":2},{"not_picked":["Slimebound:AcidTongue","Slimebound:GoopSpray"],"picked":"Slimebound:SplitBruiser","floor":3},{"not_picked":["Slimebound:Grow","Slimebound:GoopSpray"],"picked":"Slimebound:SplitAcid","floor":4},{"not_picked":["Slimebound:Grow","Slimebound:Nibble","Slimebound:SplitLeeching"],"picked":"Singing Bowl","floor":8},{"not_picked":["Slimebound:FinishingTackle","Slimebound:SlimeSlap","Slimebound:ForwardTackle"],"picked":"Singing Bowl","floor":9},{"not_picked":["Slimebound:LeechEnergy","Slimebound:SlimeSlap","Slimebound:SlimeSpikes"],"picked":"Singing Bowl","floor":11},{"not_picked":["Slimebound:Replication","Slimebound:SplitBruiser","Slimebound:Dissolve"],"picked":"Singing Bowl","floor":12},{"not_picked":["Slimebound:ItLooksTasty","Slimebound:Chomp","Slimebound:BestDefense"],"picked":"Singing Bowl","floor":13},{"not_picked":["Slimebound:RollThrough","Slimebound:SplitLeeching"],"picked":"Slimebound:RainOfGoop","floor":15},{"not_picked":["Slimebound:ComboTackle","Slimebound:SplitBruiser","Slimebound:FinishingTackle"],"picked":"Singing Bowl","floor":15},{"not_picked":["Slimebound:Teamwork","Slimebound:MassFeed"],"picked":"Slimebound:LeechLife","floor":16},{"not_picked":["Slimebound:SlimeSpikes","Slimebound:FinishingTackle"],"picked":"Slimebound:LivingWall","floor":19},{"not_picked":["Slimebound:LeechingTouch","Slimebound:Schlurp","Slimebound:SlimeBrawl"],"picked":"Singing Bowl","floor":19},{"not_picked":["Slimebound:Schlurp","Slimebound:Dissolve+1","Slimebound:Grow+1"],"picked":"Singing Bowl","floor":20},{"not_picked":["Slimebound:GrowthPunch","Slimebound:PressTheAttack","Slimebound:RejuvenatingLick+1"],"picked":"Singing Bowl","floor":21},{"not_picked":["Slimebound:Replication+1","Slimebound:Prepare"],"picked":"Slimebound:MassRepurpose","floor":21},{"not_picked":["Slimebound:FlameTackle","Slimebound:BestDefense","Slimebound:PressTheAttack"],"picked":"Singing Bowl","floor":23},{"not_picked":["Slimebound:SplitMire","Slimebound:Nibble","Slimebound:FlameTackle+1"],"picked":"Singing Bowl","floor":25},{"not_picked":["Slimebound:Replication","Slimebound:SplitAcid","Slimebound:ForwardTackle+1"],"picked":"Singing Bowl","floor":27},{"not_picked":["Slimebound:SplitMire","Slimebound:Schlurp+1","Slimebound:SlimeTap+1"],"picked":"Singing Bowl","floor":27},{"not_picked":["Slimebound:SplitMire","Slimebound:GoopTackle","Slimebound:RollThrough"],"picked":"Singing Bowl","floor":30},{"not_picked":["Slimebound:Nibble","Slimebound:Schlurp+1","Slimebound:BestDefense","Slimebound:AcidTongue"],"picked":"Singing Bowl","floor":31},{"not_picked":["Slimebound:ViciousTackle","Slimebound:DisruptingSlam+1","Slimebound:OozeBath","Slimebound:FinishingTackle"],"picked":"Singing Bowl","floor":32},{"not_picked":["Slimebound:Dissolve","Slimebound:LeechEnergy+1","Slimebound:LeechingTouch+1","Slimebound:Schlurp+1"],"picked":"Singing Bowl","floor":32},{"not_picked":["Slimebound:OneTwoCombo","Slimebound:SlimeSlap","Slimebound:SelfFormingGoo"],"picked":"Slimebound:FirmFortitude","floor":33},{"not_picked":["Slimebound:Schlurp+1","Slimebound:GoopSpray+1","Slimebound:SplitBruiser","Slimebound:FinishingTackle"],"picked":"Singing Bowl","floor":36},{"not_picked":["Slimebound:LeechEnergy+1","Slimebound:PressTheAttack+1","Slimebound:FinishingTackle+1"],"picked":"Slimebound:LevelUp+1","floor":36},{"not_picked":["Slimebound:Teamwork","Slimebound:LivingWall","Slimebound:SplitAcid+1","Slimebound:SplitMire+1"],"picked":"Singing Bowl","floor":39},{"not_picked":["Slimebound:TongueLash+1","Slimebound:Schlurp","Slimebound:Grow+1"],"picked":"Slimebound:ItLooksTasty+1","floor":39},{"not_picked":["Slimebound:Grow+1","Slimebound:SplitMire","Slimebound:LevelUp"],"picked":"Slimebound:PressTheAttack+1","floor":43},{"not_picked":["Slimebound:MegaLick+1","Slimebound:ItLooksTasty","Slimebound:SlimeSlap"],"picked":"Slimebound:LeadByExample+1","floor":43},{"not_picked":["Slimebound:SplitLeeching","Slimebound:SplitMire","Slimebound:ItLooksTasty","Slimebound:HauntingLick"],"picked":"Singing Bowl","floor":44},{"not_picked":["Slimebound:Equalize+1","Slimebound:ForwardTackle","Slimebound:Grow+1","Slimebound:SplitMire"],"picked":"Singing Bowl","floor":44},{"not_picked":["Slimebound:ProtectTheBoss+1","Slimebound:LeechEnergy+1","Slimebound:SamplingLick","Slimebound:GrowthPunch+1"],"picked":"Singing Bowl","floor":46},{"not_picked":["Slimebound:Prepare","Slimebound:FinishingTackle+1","Slimebound:ComboTackle","Slimebound:LeechEnergy"],"picked":"Singing Bowl","floor":46},{"not_picked":["Slimebound:Prepare+1","Slimebound:OneTwoCombo","Slimebound:SplitMire+1","Slimebound:RollThrough"],"picked":"Singing Bowl","floor":47},{"not_picked":["Slimebound:LeechEnergy","Slimebound:Gluttony+1","Slimebound:Nibble","Slimebound:SlimeSpikes"],"picked":"Singing Bowl","floor":49},{"not_picked":["Slimebound:Replication","Slimebound:GrowthPunch","Slimebound:Chomp+1","Slimebound:GoopSpray+1"],"picked":"Singing Bowl","floor":49},{"not_picked":["Slimebound:FirmFortitude","Slimebound:FlameTackle+1","Slimebound:LeechEnergy","Slimebound:RejuvenatingLick"],"picked":"Singing Bowl","floor":52}],"player_experience":385558,"relics_obtained":[{"floor":6,"key":"Singing Bowl"},{"floor":7,"key":"Girya"},{"floor":13,"key":"Old Coin"},{"floor":20,"key":"downfall:CloakOfManyFaces"},{"floor":30,"key":"Ice Cream"},{"floor":30,"key":"Question Card"},{"floor":31,"key":"White Beast Statue"},{"floor":47,"key":"Juzu Bracelet"},{"floor":52,"key":"Bottled Tornado"}],"event_choices":[{"damage_healed":0,"gold_gain":0,"player_choice":"Success","damage_taken":18,"relics_obtained":["Potion Belt"],"max_hp_gain":0,"max_hp_loss":0,"event_name":"Scrap Ooze","floor":5,"gold_loss":0},{"damage_healed":0,"gold_gain":0,"player_choice":"Got Potions","damage_taken":0,"max_hp_gain":0,"max_hp_loss":0,"event_name":"Lab","floor":38,"gold_loss":0}],"is_beta":false,"boss_relics":[{"not_picked":["Tiny House","SlaversCollar"],"picked":"Velvet Choker"},{"not_picked":["Snecko Eye","Fusion Hammer"],"picked":"Runic Pyramid"}],"items_purged_floors":[9,11,23,25,28,42],"is_endless":false,"potions_floor_spawned":[12,13,15,16,20,21,30,31,32,33,36,39,43,44,46,47,49,52],"ascension_level":0}}