{"host":"9xv6exvwmlpefxuw","time":1611627503,"event":{"mods":["ATMod(阿瑾Mod)","AchievementEnabler","Act Like it!","Aspiration","BaseMod","Chen","Colored Powertips","Conspire","Downfall","Friendly Minions","Gensokyo","GifTheSpireLib","KinomotoSakuraMod(木之本樱)","Koishi","KomeijiMod","Lobotomy","LobotomyExtend","Marisa（F雨　魔理沙）","Minty Spire (QoL Compilation)","MostiFishMod","Pale of the Ancients","Rare Cards Sparkle","Reimu（博丽灵梦）","Remilia_Scarlet Moed（蕾米莉亚・斯卡雷特）3.3.5","Remilia（蕾米莉亚）","RumiaBox-露米娅的神秘盒子","StSLib","The Administrix","The Mystic","The Servant 0.9.4","WarShipGirlsR/战舰少女R mod","Yakumo Yukari mod","Youmu（魂魄妖梦）","Yuyuko","[IsaacMod]以撒尖塔","[功能]功能增强和修复MOD","【功能Mod】混沌之环修复补丁","【功能Mod】聪明的最终Boss","【遗物卡牌】REMEMod"],"gold_per_floor":[117,129,80,100,175,175,205,205,230,262,286,296,312,323,323,418,418,431,431,305,404,404,429,364,364,364,364,396,396,423,437,437,534,534,551,601,601,601,476,476,502,502,502,502,535,554,574,606,606,606],"floor_reached":51,"language":"ZHS","playtime":2302,"items_purged":["Strike_B","Defend_B","Strike_B","Strike_B","Strike_B","Defend_B","Defend_B","Defend_B","Capacitor+1"],"score":1122,"play_id":"01a23e8a-4473-4529-a181-20caf7a28e0e","local_time":"20210126101823","is_ascension_mode":false,"campfire_choices":[{"data":"Dualcast","floor":6,"key":"SMITH"},{"data":"MostiFishMod:ReadyAimFire","floor":15,"key":"SMITH"},{"data":"Capacitor","floor":25,"key":"SMITH"},{"data":"Double Energy","floor":27,"key":"SMITH"},{"data":"Creative AI","floor":29,"key":"SMITH"},{"data":"Genetic Algorithm","floor":32,"key":"SMITH"},{"data":"Reboot","floor":40,"key":"SMITH"},{"data":"MostiFishMod:ATRI","floor":42,"key":"SMITH"},{"data":"MostiFishMod:DawningShadow","floor":44,"key":"SMITH"},{"data":"Chaos","floor":49,"key":"SMITH"}],"circlet_count":0,"master_deck":["Zap+1","Dualcast+1","DoctorFetus","Biased Cognition","Conserve Battery","Cold Snap","Chaos+1","Barrage","Creative AI+1","MostiFishMod:ReadyAimFire+1","Cold Snap","MostiFishMod:DawningShadow+1","Coolheaded","Double Energy+1","Reboot+1","Genetic Algorithm+1","MostiFishMod:ATRI+1"],"relics":["Cracked Core","AT_ATBox","HushsDoor","REME_ComplimentaryCards","DaveBox","Chemical X","HowToJump","SynthV:TestCard","MagicDraw4","Potion Belt","conspire:DecoderRing","Odd Mushroom","conspire:SpecialSausage","GodSword6","SatanicBible","aspiration:FrozenJewel","AT_ForceNature","aspiration:MysteriousAuxiliaryCore","Anchor","Bottled Flame","ShadowXiaoBlade","GodSword4","AT_EbonyIvory","Regal Pillow","GnawedLeaf","SteamSale","GodSword1","conspire:BottledYoYo","AT_TimeSand","PunchingBag"],"acts_visited":["Exordium","TheCity","TheBeyond"],"potions_floor_usage":[13,13,13],"damage_taken":[{"damage":2,"enemies":"conspire:RoseBush","floor":1,"turns":2},{"damage":0,"enemies":"2 Louse","floor":2,"turns":3},{"damage":0,"enemies":"Cultist","floor":4,"turns":3},{"damage":6,"enemies":"Lagavulin","floor":7,"turns":5},{"damage":14,"enemies":"3 Sentries","floor":10,"turns":5},{"damage":23,"enemies":"The Mushroom Lair","floor":11,"turns":6},{"damage":12,"enemies":"3 Louse","floor":12,"turns":2},{"damage":0,"enemies":"Large Slime","floor":13,"turns":4},{"damage":2,"enemies":"Blue Slaver","floor":14,"turns":3},{"damage":3,"enemies":"The Guardian","floor":16,"turns":5},{"damage":15,"enemies":"2 Thieves","floor":18,"turns":2},{"damage":0,"enemies":"conspire:SneckoGhost","floor":23,"turns":4},{"damage":4,"enemies":"Gremlin Leader","floor":28,"turns":4},{"damage":0,"enemies":"Slavers","floor":30,"turns":2},{"damage":0,"enemies":"3 Byrds","floor":31,"turns":3},{"damage":0,"enemies":"conspire:MysteriousRune","floor":33,"turns":5},{"damage":0,"enemies":"Orb Walker","floor":35,"turns":3},{"damage":0,"enemies":"Hiden Room Battle","floor":36,"turns":5},{"damage":0,"enemies":"Reptomancer","floor":41,"turns":3},{"damage":0,"enemies":"Giant Head","floor":45,"turns":6},{"damage":0,"enemies":"3 Darklings","floor":46,"turns":1},{"damage":0,"enemies":"Transient","floor":47,"turns":5},{"damage":0,"enemies":"Reptomancer","floor":48,"turns":2},{"damage":0,"enemies":"Donu and Deca","floor":50,"turns":4}],"seed_played":"-6349570986051441796","potions_obtained":[{"floor":2,"key":"Fire Potion"},{"floor":2,"key":"AttackPotion"},{"floor":7,"key":"ZuzhouPotion:ReiMu"},{"floor":10,"key":"Regen Potion"},{"floor":16,"key":"PotionOfCapacity"},{"floor":30,"key":"Ancient Potion"},{"floor":30,"key":"AttackPotion"}],"is_trial":false,"path_per_floor":["M","M","$","M","?","R","E","?","T","E","?","M","M","M","R","B",null,"M","T","$","?","?","E","$","R","T","R","E","R","E","M","R","B",null,"M","?","?","?","$","R","E","R","T","R","E","M","M","E","R","B",null],"character_chosen":"DEFECT","items_purchased":["MagicDraw4","SatanicBible","aspiration:FrozenJewel","Capacitor","aspiration:MysteriousAuxiliaryCore","Regal Pillow","GnawedLeaf","SteamSale"],"campfire_rested":0,"item_purchase_floors":[3,20,20,24,24,39,39,39],"current_hp_per_floor":[73,73,73,73,62,62,56,56,56,42,19,7,19,17,17,14,75,60,60,60,60,75,77,77,77,77,77,73,73,73,73,73,73,90,90,90,90,90,90,90,90,90,90,90,90,90,90,90,90,90],"gold":606,"neow_bonus":"UPGRADE_CARD","is_daily":false,"chose_seed":false,"campfire_upgraded":10,"win_rate":0.0,"timestamp":1611627503,"path_taken":["M","M","$","M","?","R","E","?","T","E","?","M","?","M","R","BOSS","M","?","$","?","?","E","$","R","T","R","E","R","E","M","R","BOSS","M","?","?","?","$","R","E","R","T","R","E","M","M","E","R","BOSS"],"items_purchased_type":["Relic","Relic","Relic","Card","Relic","Relic","Relic","Relic"],"build_version":"2020-12-22","purchased_purges":9,"victory":true,"max_hp_per_floor":[75,75,75,75,75,75,75,75,75,75,75,75,75,75,75,75,75,75,75,75,75,90,90,90,90,90,90,90,90,90,90,90,90,90,90,90,90,90,90,90,90,90,90,90,90,90,90,90,90,90],"card_choices":[{"not_picked":[],"picked":"DoctorFetus","floor":0},{"not_picked":["Stack","Leap"],"picked":"Conserve Battery","floor":1},{"not_picked":["Beam Cell","Go for the Eyes","Conserve Battery","Capacitor"],"picked":"Cold Snap","floor":2},{"not_picked":["Static Discharge","Gash","Distribution","REME_DataAnalysis"],"picked":"Chaos","floor":4},{"not_picked":["MostiFishMod:ATRI","Ball Lightning","Go for the Eyes","Steam"],"picked":"Barrage","floor":7},{"not_picked":["Coolheaded","MostiFishMod:Impulse","Ball Lightning","Beam Cell"],"picked":"Creative AI","floor":10},{"not_picked":["Conserve Battery","Redo","Rip and Tear","Hologram"],"picked":"MostiFishMod:ReadyAimFire","floor":12},{"not_picked":["Steam","Leap","Streamline","Conserve Battery","Go for the Eyes"],"picked":"SKIP","floor":13},{"not_picked":["Beam Cell","REME_Whirling","Streamline","Leap"],"picked":"Cold Snap","floor":14},{"not_picked":["Amplify","MostiFishMod:Tomorrow","MostiFishMod:Exploitation","MostiFishMod:Prepare"],"picked":"MostiFishMod:DawningShadow","floor":16},{"not_picked":["Conserve Battery","Steam Power+1","Hologram","Barrage"],"picked":"Coolheaded","floor":18},{"not_picked":["AT_WarpDrive","MostiFishMod:StrandedSiren","Scrape","MostiFishMod:GatherIntelligence"],"picked":"Double Energy","floor":23},{"not_picked":["Defragment","REME_Compress","Loop","AT_WarpDrive+1","MostiFishMod:GoodWordForIt"],"picked":"SKIP","floor":28},{"not_picked":["Conserve Battery","Gash+1","Beam Cell","Coolheaded+1"],"picked":"Reboot","floor":30},{"not_picked":["AT_HeatAcrobatics","Cold Snap","Consume","Conserve Battery"],"picked":"Genetic Algorithm","floor":31},{"not_picked":["Seek","MostiFishMod:Culaccino","MostiFishMod:GoodWordForIt","MostiFishMod:DeathFromBelow"],"picked":"MostiFishMod:ATRI","floor":33},{"not_picked":["Gash+1","Compile Driver+1","Barrage+1","Beam Cell+1","AT_WarpDrive+1"],"picked":"SKIP","floor":35},{"not_picked":["Consume+1","ElectricPowerLearning","Steam+1","REME_SelfUpgrade+1","Coolheaded"],"picked":"SKIP","floor":41},{"not_picked":["Sweeping Beam+1","Fan","Go for the Eyes","Tempest","Redo"],"picked":"SKIP","floor":45},{"not_picked":["Glacier+1","Sweeping Beam","Steam+1","AT_HeatAcrobatics","Coolheaded+1"],"picked":"SKIP","floor":46},{"not_picked":["Gash+1","Beam Cell","Melter+1","Hologram","AT_HeatAcrobatics"],"picked":"SKIP","floor":47},{"not_picked":["Gash+1","BootSequence+1","MostiFishMod:Impulse","Redo+1","MostiFishMod:ActiveDefenseSystem"],"picked":"SKIP","floor":48}],"player_experience":159031,"relics_obtained":[{"floor":1,"key":"SynthV:TestCard"},{"floor":7,"key":"Potion Belt"},{"floor":10,"key":"conspire:DecoderRing"},{"floor":11,"key":"Odd Mushroom"},{"floor":19,"key":"GodSword6"},{"floor":23,"key":"AT_ForceNature"},{"floor":26,"key":"Anchor"},{"floor":30,"key":"Bottled Flame"},{"floor":36,"key":"GodSword4"},{"floor":36,"key":"AT_EbonyIvory"},{"floor":41,"key":"GodSword1"},{"floor":43,"key":"conspire:BottledYoYo"},{"floor":45,"key":"AT_TimeSand"},{"floor":48,"key":"PunchingBag"}],"event_choices":[{"damage_healed":0,"gold_gain":75,"player_choice":"Gather Gold","damage_taken":11,"max_hp_gain":0,"max_hp_loss":0,"event_name":"World of Goop","floor":5,"gold_loss":0},{"damage_healed":0,"gold_gain":0,"player_choice":"Fought Mushrooms","damage_taken":0,"max_hp_gain":0,"max_hp_loss":0,"event_name":"Mushrooms","floor":11,"gold_loss":0},{"damage_healed":0,"gold_gain":99,"player_choice":"Stole From Cult","damage_taken":0,"max_hp_gain":0,"max_hp_loss":0,"event_name":"Nest","floor":21,"gold_loss":0},{"damage_healed":0,"gold_gain":0,"player_choice":"Fight","damage_taken":0,"max_hp_gain":0,"max_hp_loss":0,"event_name":"HidenRoomEvent","floor":36,"gold_loss":0}],"is_beta":false,"boss_relics":[{"not_picked":["ChiXiaoBlade","FrozenCore"],"picked":"conspire:SpecialSausage"},{"not_picked":[]},{"not_picked":["conspire:SeveredTorchhead","Transparent"],"picked":"ShadowXiaoBlade"},{"not_picked":[]}],"items_purged_floors":[20,20,20,20,20,39,39,39,39],"is_endless":false,"potions_floor_spawned":[2,2,7,10,11,12,13,14,16,23,28,30,30,36,41,41,45],"ascension_level":0}}