{"host":"e4udrxcgdvpx3wcj","time":1611690009,"event":{"mods":["Act Like it!","Aspiration","Astrologer","BaseMod","Downfall","Gensokyo","Highlight Path","Infinite Spire","Koishi","Marisa????????","Minty Spire (QoL Compilation)","Replay The Spire","StSLib","SuperFastMode","The Bug Knight","The Construct","The Jungle","The Runesmith","The Servant 0.9.4","TheBandit"],"gold_per_floor":[367,378,378,478,497,497,84,115,115,144,144,144,144,175,175,175,175,175],"floor_reached":16,"language":"ENG","playtime":1214,"items_purged":["wariomod:Strike"],"score":163,"play_id":"ae4f26de-994c-439a-89fc-a42a404c10b3","local_time":"20210126144009","is_ascension_mode":true,"campfire_choices":[{"data":"wariomod:TempestBlasts","floor":6,"key":"SMITH"},{"data":"Magnetism","floor":11,"key":"SMITH"},{"floor":15,"key":"REST"}],"circlet_count":0,"master_deck":["AscendersBane","wariomod:Strike","wariomod:Strike","wariomod:Strike","wariomod:Defend","wariomod:Defend","wariomod:Defend","wariomod:Defend","wariomod:Step","wariomod:Leap","wariomod:Purify+1","wariomod:BoomBoom","wariomod:TempestBlasts+1","wariomod:GodlyGift","Magnetism+1","wariomod:Boomsmack","wariomod:BoomBoom"],"relics":["wariomod:TheHat","Counterbalance","Bag of Marbles","infinitespire:Bottled Soul","Unceasing Top"],"acts_visited":["Gensokyo:Gensokyo"],"potions_floor_usage":[14,16],"damage_taken":[{"damage":2,"enemies":"Gensokyo:2_Kodama","floor":1,"turns":3},{"damage":0,"enemies":"Gensokyo:Python","floor":2,"turns":6},{"damage":9,"enemies":"Gensokyo:Gryphon","floor":5,"turns":3},{"damage":4,"enemies":"Gensokyo:Mamizou","floor":8,"turns":9},{"damage":18,"enemies":"Gensokyo:Cirno","floor":10,"turns":6},{"damage":15,"enemies":"Gensokyo:Aya","floor":14,"turns":9},{"damage":29,"enemies":"Gensokyo:Reimu","floor":16,"turns":10}],"seed_played":"-5437685517351967717","potions_obtained":[{"floor":8,"key":"Energy Potion"},{"floor":14,"key":"Adrenaline Potion"}],"is_trial":false,"path_per_floor":["M","M","?","?","M","R","$","E","T","E","R","T","?","E","R","B"],"character_chosen":"THE_BANDIT","items_purchased":["wariomod:GodlyGift","Magnetism"],"campfire_rested":1,"item_purchase_floors":[7,7],"current_hp_per_floor":[49,49,49,49,40,40,40,36,36,18,18,18,18,3,27,0,0,0],"gold":175,"neow_bonus":"TWO_FIFTY_GOLD","is_daily":false,"chose_seed":false,"campfire_upgraded":2,"win_rate":0.0,"timestamp":1611690009,"path_taken":["M","?","?","?","M","R","$","E","T","E","R","?","?","E","R","BOSS"],"items_purchased_type":["Card","Card"],"build_version":"2020-12-22","purchased_purges":1,"victory":false,"max_hp_per_floor":[80,80,80,80,80,80,80,80,80,80,80,80,80,80,80,80,80,80],"card_choices":[{"not_picked":["wariomod:SpikeSlash","wariomod:Boomsmack"],"picked":"wariomod:Purify","floor":1},{"not_picked":["wariomod:SpaceSwap","wariomod:ChargeForth"],"picked":"wariomod:BoomBoom","floor":2},{"not_picked":["wariomod:ForbiddenMagic","wariomod:BoomBoom"],"picked":"wariomod:TempestBlasts","floor":5},{"not_picked":["wariomod:HastyRush","wariomod:AwfulLook","wariomod:SimpleShield"],"picked":"SKIP","floor":8},{"not_picked":["wariomod:DonateDraw","wariomod:AbandonGame"],"picked":"wariomod:Boomsmack","floor":10},{"not_picked":["wariomod:Game","wariomod:HastyRush"],"picked":"wariomod:BoomBoom","floor":14}],"player_experience":2492427,"relics_obtained":[{"floor":8,"key":"Counterbalance"},{"floor":10,"key":"Bag of Marbles"},{"floor":12,"key":"infinitespire:Bottled Soul"},{"floor":14,"key":"Unceasing Top"}],"event_choices":[],"is_beta":false,"boss_relics":[],"items_purged_floors":[7],"is_endless":false,"potions_floor_spawned":[8,14],"killed_by":"Gensokyo:Reimu","ascension_level":11}}