{"host":"qdfumeom6htv8yxl","time":1611675836,"event":{"mods":["AchievementEnabler","BaseMod","Bestiary","Block Reminder","Minty Spire (QoL Compilation)","Quick Restart","Relic Stats"],"gold_per_floor":[113,128,39,39,39,39,39,73,96,132,161,184,224,243,243,326,326,345,345,345],"floor_reached":19,"language":"ENG","playtime":786,"items_purged":[],"score":545,"play_id":"b71a1998-ce29-4431-ab4e-f423d8ffdc63","local_time":"20210126094356","is_ascension_mode":true,"campfire_choices":[{"data":"Beam Cell","floor":6.0,"key":"SMITH"},{"floor":15,"key":"REST"}],"circlet_count":0,"master_deck":["AscendersBane","Strike_B","Strike_B","Strike_B","Defend_B","Defend_B","Defend_B","Zap","Dualcast","Cold Snap","Beam Cell+1","Rip and Tear","Hologram","FTL","Echo Form","Rebound","Conserve Battery","Leap","Buffer","Rip and Tear"],"relics":["Cracked Core","Nunchaku","CeramicFish","Mercury Hourglass","Smiling Mask","Anchor","Blood Vial","Cursed Key"],"acts_visited":["Exordium","TheCity"],"potions_floor_usage":[],"damage_taken":[{"damage":5.0,"enemies":"Small Slimes","floor":1.0,"turns":4.0},{"damage":0.0,"enemies":"2 Louse","floor":2.0,"turns":3.0},{"damage":6.0,"enemies":"Gremlin Nob","floor":8.0,"turns":3.0},{"damage":21.0,"enemies":"Lagavulin","floor":10.0,"turns":5.0},{"damage":0.0,"enemies":"Cultist","floor":11.0,"turns":2.0},{"damage":0.0,"enemies":"Exordium Wildlife","floor":12.0,"turns":2.0},{"damage":8.0,"enemies":"Gremlin Nob","floor":13.0,"turns":3.0},{"damage":5,"enemies":"Gremlin Gang","floor":14,"turns":3},{"damage":5,"enemies":"The Guardian","floor":16,"turns":9},{"damage":14,"enemies":"Spheric Guardian","floor":18,"turns":4},{"damage":9,"enemies":"3 Byrds","floor":19,"turns":3}],"seed_played":"-5309921659128244489","potions_obtained":[{"floor":2.0,"key":"EntropicBrew"},{"floor":8.0,"key":"SneckoOil"},{"floor":10.0,"key":"DistilledChaos"},{"floor":11.0,"key":"Swift Potion"},{"floor":13.0,"key":"EssenceOfDarkness"}],"is_trial":false,"path_per_floor":["M","M","$","?","?","R","?","E","T","E","M","M","E","M","R","B",null,"M","M"],"character_chosen":"DEFECT","items_purchased":["Rip and Tear"],"campfire_rested":1,"item_purchase_floors":[3],"current_hp_per_floor":[59,59,59,41,41,41,41,35,35,14,14,14,6,3,24,21,59,47,40,40],"gold":345,"neow_bonus":"RANDOM_COMMON_RELIC","is_daily":false,"chose_seed":false,"campfire_upgraded":1,"win_rate":0.0,"timestamp":1611675836,"path_taken":["M","M","$","?","?","R","?","E","T","E","M","?","E","M","R","BOSS","M","M"],"items_purchased_type":["Card"],"build_version":"2020-12-22","purchased_purges":0,"victory":false,"max_hp_per_floor":[71,71,71,71,71,71,71,71,71,71,71,71,71,71,71,71,71,71,71,71],"relic_stats":{"Blood Vial":8,"Nunchaku":[8],"counters":[11,41],"CeramicFish":72,"Smiling Mask":0,"Cursed Key":0,"obtain_stats":[{"Blood Vial":13,"Nunchaku":0,"Anchor":10,"CeramicFish":4,"Cracked Core":0,"Smiling Mask":9,"Cursed Key":17,"Mercury Hourglass":8},{"Blood Vial":7,"Nunchaku":0,"Anchor":4,"CeramicFish":2,"Cracked Core":0,"Smiling Mask":3,"Cursed Key":9,"Mercury Hourglass":3},{"Blood Vial":22,"Nunchaku":0,"Anchor":15,"CeramicFish":7,"Cracked Core":0,"Smiling Mask":10,"Cursed Key":34,"Mercury Hourglass":10}],"Mercury Hourglass":[120]},"card_choices":[{"not_picked":["Turbo","Blizzard"],"picked":"Cold Snap","floor":1.0},{"not_picked":["Sweeping Beam","Go for the Eyes"],"picked":"Beam Cell","floor":2.0},{"not_picked":["Glacier","Scrape"],"picked":"Hologram","floor":8.0},{"not_picked":["Gash","Storm"],"picked":"FTL","floor":10.0},{"not_picked":["Coolheaded","Streamline"],"picked":"Echo Form","floor":11.0},{"not_picked":["Storm","Barrage"],"picked":"Rebound","floor":12.0},{"not_picked":["Barrage","Redo"],"picked":"Conserve Battery","floor":13.0},{"not_picked":["Biased Cognition","Compile Driver"],"picked":"Leap","floor":14},{"not_picked":["Fission","Rainbow"],"picked":"Buffer","floor":16},{"not_picked":["Chaos","Darkness"],"picked":"Rip and Tear","floor":18}],"player_experience":1831184,"relics_obtained":[{"floor":8.0,"key":"Mercury Hourglass"},{"floor":9.0,"key":"Smiling Mask"},{"floor":10.0,"key":"Anchor"},{"floor":13.0,"key":"Blood Vial"}],"event_choices":[{"damage_healed":0.0,"max_hp_gain":0.0,"max_hp_loss":0.0,"gold_gain":0.0,"event_name":"Scrap Ooze","player_choice":"Success","floor":4.0,"gold_loss":0.0,"damage_taken":18.0,"relics_obtained":["CeramicFish"]},{"cards_removed":["Strike_B"],"damage_healed":0.0,"max_hp_gain":0.0,"max_hp_loss":0.0,"gold_gain":0.0,"event_name":"Living Wall","player_choice":"Forget","floor":5.0,"gold_loss":0.0,"damage_taken":0.0},{"cards_removed":["Defend_B"],"damage_healed":0.0,"max_hp_gain":0.0,"max_hp_loss":0.0,"gold_gain":0.0,"event_name":"Bonfire Elementals","player_choice":"Offered Basic","floor":7.0,"gold_loss":0.0,"damage_taken":0.0}],"is_beta":false,"boss_relics":[{"not_picked":["Busted Crown","Coffee Dripper"],"picked":"Cursed Key"}],"items_purged_floors":[],"is_endless":false,"potions_floor_spawned":[2,8,10,11,13],"killed_by":"3 Byrds","ascension_level":18}}