{"host":"ydg0vn0pu4pubmdt","time":1611652205,"event":{"mods":["AchievementEnabler","BaseMod","Colored Map","Gold Saver","Minty Spire (QoL Compilation)","Quick Restart","SuperFastMode"],"gold_per_floor":[343,418,223,242,258,283,300,33,57,73,142,142,153,153,153,224,224,237,76,95,20,20,20,46,64,88,88,106,122,122,122,122,196,196,213,261,272,284,309,309,323,323,323,323,343,355,63,23,23,23],"floor_reached":51,"language":"KOR","playtime":4752,"items_purged":["Clumsy","Strike_B","Strike_B"],"score":1176,"play_id":"3cc89f5e-b8d8-46b5-bead-3578762f0e6d","local_time":"20210126181005","is_ascension_mode":true,"campfire_choices":[{"data":"Dualcast","floor":12.0,"key":"SMITH"},{"data":"Zap","floor":15.0,"key":"SMITH"},{"data":"Double Energy","floor":23,"key":"SMITH"},{"data":"Turbo","floor":30,"key":"SMITH"},{"data":"Biased Cognition","floor":32,"key":"SMITH"},{"data":"White Noise","floor":40,"key":"SMITH"},{"data":"Biased Cognition","floor":44,"key":"SMITH"},{"data":"Multi-Cast","floor":49,"key":"SMITH"}],"circlet_count":0,"master_deck":["AscendersBane","Strike_B+1","Defend_B","Defend_B","Defend_B","Zap+1","Dualcast+1","Streamline","Self Repair","BootSequence","Coolheaded+1","Ball Lightning","White Noise+1","Conserve Battery+1","Biased Cognition+1","Double Energy+1","Coolheaded+1","Multi-Cast+1","Tempest","Auto Shields","Turbo+1","Leap","Biased Cognition+1","Compile Driver+1"],"relics":["Cracked Core","Torii","Lantern","Lee\u0027s Waffle","Akabeko","Pantograph","Runic Pyramid","ClockworkSouvenir","MealTicket","Happy Flower","WingedGreaves","Nuclear Battery","Gambling Chip","FossilizedHelix","Darkstone Periapt","Runic Capacitor"],"acts_visited":["TheCity","TheBeyond"],"potions_floor_usage":[33,36,39,50],"damage_taken":[{"damage":10.0,"enemies":"Small Slimes","floor":1.0,"turns":3.0},{"damage":1.0,"enemies":"Jaw Worm","floor":4.0,"turns":2.0},{"damage":0.0,"enemies":"2 Louse","floor":5.0,"turns":2.0},{"damage":31.0,"enemies":"Lagavulin","floor":6.0,"turns":8.0},{"damage":8.0,"enemies":"Exordium Thugs","floor":7.0,"turns":4.0},{"damage":9.0,"enemies":"2 Fungi Beasts","floor":10.0,"turns":3.0},{"damage":1.0,"enemies":"Red Slaver","floor":13.0,"turns":3.0},{"damage":50.0,"enemies":"Slime Boss","floor":16.0,"turns":10.0},{"damage":15.0,"enemies":"Chosen","floor":18.0,"turns":4.0},{"damage":13.0,"enemies":"3 Byrds","floor":20.0,"turns":4.0},{"damage":3,"enemies":"Gremlin Leader","floor":24,"turns":8},{"damage":1,"enemies":"Snecko","floor":25,"turns":3},{"damage":19,"enemies":"Sentry and Sphere","floor":28,"turns":8},{"damage":0,"enemies":"Cultist and Chosen","floor":29,"turns":4},{"damage":7,"enemies":"Collector","floor":33,"turns":6},{"damage":6,"enemies":"Orb Walker","floor":35,"turns":3},{"damage":29,"enemies":"2 Orb Walkers","floor":36,"turns":4},{"damage":11,"enemies":"3 Darklings","floor":37,"turns":2},{"damage":0,"enemies":"Spire Growth","floor":38,"turns":3},{"damage":0,"enemies":"Mind Bloom Boss Battle","floor":39,"turns":4},{"damage":0,"enemies":"Jaw Worm Horde","floor":41,"turns":6},{"damage":0,"enemies":"4 Shapes","floor":45,"turns":4},{"damage":0,"enemies":"Maw","floor":46,"turns":3},{"damage":45,"enemies":"Awakened One","floor":50,"turns":6}],"seed_played":"-6254117731290972900","potions_obtained":[{"floor":7.0,"key":"ColorlessPotion"},{"floor":10.0,"key":"PotionOfCapacity"},{"floor":16.0,"key":"SteroidPotion"},{"floor":24,"key":"PowerPotion"},{"floor":25,"key":"AttackPotion"},{"floor":33,"key":"LiquidMemories"},{"floor":37,"key":"AttackPotion"},{"floor":39,"key":"Ancient Potion"},{"floor":48,"key":"Ancient Potion"}],"is_trial":false,"path_per_floor":["M","?","$","M","M","E","M","$","T","M","T","R","M","?","R","B",null,"M","$","M","?","$","R","E","M","T","?","M","M","R","T","R","B",null,"M","?","M","M","?","R","M","?","T","R","M","M","$","?","R","B",null],"character_chosen":"DEFECT","items_purchased":["Self Repair","BootSequence","Lee\u0027s Waffle","ClockworkSouvenir","Runic Capacitor"],"campfire_rested":0,"item_purchase_floors":[3,3,8,19,47],"current_hp_per_floor":[54,43,43,42,42,18,17,78,78,69,69,69,68,45,45,20,64,49,49,36,36,36,36,40,46,46,46,34,41,41,41,41,66,75,76,54,50,57,78,78,78,78,78,78,78,78,78,78,78,33],"gold":23,"neow_bonus":"ONE_RARE_RELIC","is_daily":false,"chose_seed":false,"campfire_upgraded":8,"win_rate":0.0,"timestamp":1611652205,"path_taken":["M","?","$","M","M","E","M","$","T","M","?","R","M","?","R","BOSS","M","$","M","?","?","R","E","M","T","?","?","M","R","?","R","BOSS","M","?","M","M","?","R","M","?","T","R","M","?","$","?","R","BOSS"],"items_purchased_type":["Card","Card","Relic","Relic","Relic"],"build_version":"2020-12-22","purchased_purges":3,"victory":true,"max_hp_per_floor":[71,71,71,71,71,71,71,78,78,78,78,78,78,78,78,78,78,78,78,78,78,78,78,78,78,78,78,78,78,78,78,78,78,78,78,78,78,78,78,78,78,78,78,78,78,78,78,78,78,78],"card_choices":[{"not_picked":["Compile Driver","Scrape"],"picked":"Streamline","floor":1.0},{"not_picked":["Hologram","Double Energy"],"picked":"Coolheaded","floor":4.0},{"not_picked":["Steam","Turbo"],"picked":"Ball Lightning","floor":5.0},{"not_picked":["Gash","Skim"],"picked":"White Noise","floor":6.0},{"not_picked":["Tempest","Coolheaded"],"picked":"Conserve Battery","floor":7.0},{"not_picked":["Double Energy","Gash","Redo"],"picked":"SKIP","floor":10.0},{"not_picked":["Steam","Redo","Blizzard"],"picked":"SKIP","floor":13.0},{"not_picked":["Buffer","Multi-Cast"],"picked":"Biased Cognition","floor":16.0},{"not_picked":["Double Energy","Go for the Eyes","Beam Cell"],"picked":"SKIP","floor":18.0},{"not_picked":["Go for the Eyes","Beam Cell"],"picked":"Double Energy","floor":18.0},{"not_picked":["Melter","Redo"],"picked":"Coolheaded+1","floor":20},{"not_picked":["Sunder+1","Melter","Hello World"],"picked":"SKIP","floor":24},{"not_picked":["Conserve Battery+1","Streamline","Hello World"],"picked":"SKIP","floor":25},{"not_picked":["Sweeping Beam","Ball Lightning"],"picked":"Auto Shields","floor":28},{"not_picked":["Conserve Battery","Steam"],"picked":"Turbo","floor":29},{"not_picked":["Gash","Streamline+1","Loop"],"picked":"SKIP","floor":35},{"not_picked":["Go for the Eyes","Rebound"],"picked":"Leap","floor":36},{"not_picked":["Sunder","Static Discharge","Stack"],"picked":"SKIP","floor":37},{"not_picked":["Recycle+1","Leap","Ball Lightning"],"picked":"SKIP","floor":38},{"not_picked":["Lockon","Scrape"],"picked":"Biased Cognition","floor":41},{"not_picked":["Lockon+1","Stack"],"picked":"Compile Driver+1","floor":45},{"not_picked":["Stack","Coolheaded","Go for the Eyes"],"picked":"SKIP","floor":46}],"player_experience":587777,"relics_obtained":[{"floor":6.0,"key":"Lantern"},{"floor":9.0,"key":"Akabeko"},{"floor":11.0,"key":"Pantograph"},{"floor":24,"key":"MealTicket"},{"floor":26,"key":"Happy Flower"},{"floor":31,"key":"WingedGreaves"},{"floor":36,"key":"Gambling Chip"},{"floor":39,"key":"FossilizedHelix"},{"floor":43,"key":"Darkstone Periapt"}],"event_choices":[{"damage_healed":0.0,"max_hp_gain":0.0,"max_hp_loss":0.0,"gold_gain":75.0,"event_name":"World of Goop","player_choice":"Gather Gold","floor":2.0,"gold_loss":0.0,"damage_taken":11.0},{"damage_healed":0.0,"max_hp_gain":0.0,"max_hp_loss":0.0,"gold_gain":0.0,"event_name":"Shining Light","player_choice":"Entered Light","floor":14.0,"gold_loss":0.0,"damage_taken":23.0,"cards_upgraded":["Conserve Battery","Strike_B"]},{"damage_healed":0,"gold_gain":0,"cards_transformed":["Strike_B","Defend_B"],"player_choice":"Transformed Cards","damage_taken":0,"max_hp_gain":0,"max_hp_loss":0,"event_name":"Designer","floor":21,"gold_loss":75,"cards_obtained":["Multi-Cast","Tempest"]},{"damage_healed":0,"gold_gain":0,"player_choice":"Ignored","damage_taken":0,"max_hp_gain":0,"max_hp_loss":0,"event_name":"N\u0027loth","floor":27,"gold_loss":0},{"damage_healed":0,"gold_gain":0,"player_choice":"Fight","damage_taken":0,"max_hp_gain":0,"max_hp_loss":0,"event_name":"Mysterious Sphere","floor":36,"gold_loss":0},{"damage_healed":0,"gold_gain":0,"player_choice":"Fight","damage_taken":0,"max_hp_gain":0,"max_hp_loss":0,"event_name":"MindBloom","floor":39,"gold_loss":0},{"damage_healed":0,"gold_gain":0,"player_choice":"Upgraded","damage_taken":0,"max_hp_gain":0,"max_hp_loss":0,"event_name":"Upgrade Shrine","floor":42,"gold_loss":0,"cards_upgraded":["Coolheaded"]},{"damage_healed":0,"gold_gain":0,"player_choice":"Bought 3 Potions","damage_taken":0,"max_hp_gain":0,"max_hp_loss":0,"event_name":"The Woman in Blue","floor":48,"gold_loss":0}],"is_beta":false,"boss_relics":[{"not_picked":["FrozenCore","Velvet Choker"],"picked":"Runic Pyramid"},{"not_picked":["Calling Bell","Tiny House"],"picked":"Nuclear Battery"}],"items_purged_floors":[3,8,47],"is_endless":false,"potions_floor_spawned":[7,10,16,18,24,25,33,37,38,39,41,45],"ascension_level":18}}