{"host":"b3qi48j7z53ln4gi","time":1611695516,"event":{"mods":["100% Spire Juice","2.2 Compatiblity","AchievementEnabler","Act Like it!","BaseMod","Better Note","Better Third Choice","BetterRewards","CapriCore","Colored Powertips","Curses Come First","Dota2Spire","Gensokyo","GungeonMod","Hallownest","HololiveMod","Infinite Spire","Koishi","Minty Spire (QoL Compilation)","Permanent Neow","Prisma Mod","Reimu£¨ÚÏ???£©","Remilia£¨?Ú·×é?£©","Remove Card Discount Mod","Say the Spire","Shade Mod","Shop Mod","Spicy Shops","StSLib","Td1madao Mod","The Administrix","The Animator","The Dragon Tamer","The Immortal","The Jungle","The Senshi","The Servant 0.9.4","Wandering Minibosses","¡¼?Úª?ø«¡½REMEMod"],"gold_per_floor":[118,131,306,62,72,87,162,196,196,196,214,234,244,18,18,117,117,133,146,164,178,12,46,59,59,111,111,122,150,150,150,150,246,246,263,263,274,284,284,315,83,125,125,154,154,203,265,313,313,439,439,441,441,119,49,49,49,139,139,139,17,17,66,106,174,174,264,264,320,720,724,724,0,64,64,64,132,132,132,12,37,45,45,187,187,189,189,45,0,50,50,50,161,161,161,17,15,31,100,100,180,180,225,73,73,73,82,100,100,168,168,168,183,183,183,183,183],"floor_reached":116,"language":"KOR","playtime":8970,"items_purged":["Normality","Strike_C","Defend_C","Defend_C","Strike_C","Decay","Doubt","Defend_C","Strike_C","Defend_C","Strike_C","Light Attack","Defend_Lin:ReiMu","Perfect Defend+1","Knight Kick","Injury","Sudden Beat","Three Hit+1"],"score":2664,"play_id":"9d54390f-e8f2-4b55-878a-9cd4f098af6c","local_time":"20210127061156","is_ascension_mode":false,"campfire_choices":[{"data":"Three Hit","floor":10.0,"key":"SMITH"},{"data":"Rupture","floor":15.0,"key":"SMITH"},{"data":"Black Dance","floor":25.0,"key":"SMITH"},{"data":"Here Defend Chip","floor":30.0,"key":"SMITH"},{"floor":32.0,"key":"RECALL"},{"data":"Bursts","floor":49.0,"key":"SMITH"},{"data":"Trader","floor":57.0,"key":"SMITH"},{"data":"Shockwave Tdmadao","floor":59.0,"key":"SMITH"},{"data":"Retrieval Recycling","floor":62.0,"key":"SMITH"},{"data":"Transfer Energy","floor":66.0,"key":"SMITH"},{"data":"REME_FirmDetermination","floor":76.0,"key":"SMITH"},{"data":"Floating Swing Kick","floor":79.0,"key":"SMITH"},{"data":"Cursed Blade","floor":83.0,"key":"PURGE"},{"data":"Moon Tear","floor":91.0,"key":"SMITH"},{"data":"Chip","floor":92.0,"key":"SMITH"},{"data":"Chip","floor":95.0,"key":"SMITH"},{"data":"Pod Laser","floor":100.0,"key":"SMITH"},{"data":"Furious","floor":109.0,"key":"SMITH"},{"data":"infinitespire:Oblivion","floor":114.0,"key":"SMITH"}],"circlet_count":1,"master_deck":["Chip+1","animator:GoblinSlayer+1","Black Dance+1","Here Defend Chip+2","Preloading+1","Rupture+1","Floating Swing Kick+1","Retrieval Recycling+1","Floating Even+1","Pod Laser+1","Preloading+1","Twin Teeth+1","Floating Swing Kick+1","REME_FirmDetermination+1","Preparedness+1","Overclocking+1","Bursts+1","Chip+1","infinitespire:FutureSight+1","Perfect Defend+1","Black Contract+1","Recovery Mechanism+1","Retrieval Recycling+1","Shockwave Tdmadao+1","Trader+1","Transfer Energy+1","Moon Tear+1","Furious+1","infinitespire:Oblivion+1"],"relics":["Apod","REME_ComplimentaryCards","FossilizedHelix","infinitespire:Joker Card","Dota2Spire:Vanguard","Bronze Scales","Chemical X","OrangePellets","Happy Flower","infinitespire:Bottled Soul","SlaversCollar","RuthlessExorcism:ReiMu","Peace Pipe","infinitespire:Golems Mask","Busted Crown","Prayer Wheel","Dota2Spire:HandOfMidas","Orrery","Lsj Skin","Dota2Spire:LinkenSphere","Lantern","MealTicket","Dota2Spire:Bloodstone","DemoMod:AgedBell","Dota2Spire:DrumOfEndurance","Dota2Spire:CrimsonGuard","Mango","wanderingMiniBosses:CarrionFlame","DemoMod:WhiteGuonStone","Philosopher\u0027s Stone","DemoMod:GlassGuonStoneRelic","Gensokyo:MosesMiracle","REME_HandOfSuture","Dota2Spire:RefresherOrb","Dota2Spire:AghanimScepter","Gensokyo:FoxMask","Dota2Spire:EyeOfSkadi","Black Star","Membership Card","Red Mask","WingedGreaves","Anchor","Boot","Dota2Spire:BladeMail","Blood Vial","Tiny Chest","Oddly Smooth Stone","Ice Cream","infinitespire:Magic Flask","Hallownest:DreamNailRelic","DemoMod:ClearGuonStone","infinitespire:Lucky Rock","Sundial","Dream Catcher","Circlet"],"acts_visited":["Exordium","TheCity","TheBeyond","Gensokyo:Gensokyo","Gensokyo:Gensokyoer","TheBeyond","Hallownest:Greenpath"],"potions_floor_usage":[],"damage_taken":[{"damage":0.0,"enemies":"Small Slimes","floor":1.0,"turns":3.0},{"damage":0.0,"enemies":"Jaw Worm","floor":2.0,"turns":3.0},{"damage":0.0,"enemies":"Cultist","floor":5.0,"turns":2.0},{"damage":0.0,"enemies":"Exordium Thugs","floor":6.0,"turns":2.0},{"damage":0.0,"enemies":"Gremlin Nob","floor":8.0,"turns":2.0},{"damage":0.0,"enemies":"2 Fungi Beasts","floor":11.0,"turns":3.0},{"damage":0.0,"enemies":"Large Slime","floor":12.0,"turns":3.0},{"damage":0.0,"enemies":"Lots of Slimes","floor":13.0,"turns":2.0},{"damage":50.0,"enemies":"The Guardian","floor":16.0,"turns":7.0},{"damage":0.0,"enemies":"Spheric Guardian","floor":18.0,"turns":1.0},{"damage":0.0,"enemies":"Shell Parasite","floor":19.0,"turns":5.0},{"damage":0.0,"enemies":"Centurion and Healer","floor":20.0,"turns":3.0},{"damage":0.0,"enemies":"Shelled Parasite and Fungi","floor":21.0,"turns":3.0},{"damage":0.0,"enemies":"Book of Stabbing","floor":23.0,"turns":3.0},{"damage":0.0,"enemies":"Snecko","floor":24.0,"turns":3.0},{"damage":0.0,"enemies":"Snake Plant","floor":28.0,"turns":2.0},{"damage":0.0,"enemies":"Nightmare","floor":29.0,"turns":3.0},{"damage":0.0,"enemies":"Collector","floor":33.0,"turns":3.0},{"damage":0.0,"enemies":"3 Darklings","floor":35.0,"turns":2.0},{"damage":0.0,"enemies":"Orb Walker","floor":37.0,"turns":2.0},{"damage":0.0,"enemies":"Spire Growth","floor":38.0,"turns":3.0},{"damage":0.0,"enemies":"Reptomancer","floor":40.0,"turns":3.0},{"damage":0.0,"enemies":"Writhing Mass","floor":42.0,"turns":2.0},{"damage":6.0,"enemies":"Nightmare","floor":44.0,"turns":3.0},{"damage":0.0,"enemies":"Jaw Worm Horde","floor":46.0,"turns":2.0},{"damage":39.0,"enemies":"Nemesis","floor":47.0,"turns":5.0},{"damage":0.0,"enemies":"Transient","floor":48.0,"turns":5.0},{"damage":12.0,"enemies":"Time Eater","floor":50.0,"turns":5.0},{"damage":0.0,"enemies":"Gensokyo:2_Kodama","floor":52.0,"turns":2.0},{"damage":0.0,"enemies":"Gensokyo:Python","floor":56.0,"turns":2.0},{"damage":0.0,"enemies":"Gensokyo:Aya","floor":58.0,"turns":2.0},{"damage":36.0,"enemies":"Gensokyo:3_Fairies","floor":63.0,"turns":4.0},{"damage":0.0,"enemies":"Gensokyo:3_Kodama","floor":64.0,"turns":1.0},{"damage":0.0,"enemies":"Gensokyo:Mamizou","floor":65.0,"turns":3.0},{"damage":1.0,"enemies":"Gensokyo:Yukari","floor":67.0,"turns":6.0},{"damage":0.0,"enemies":"Gensokyo:AngelMirror","floor":69.0,"turns":1.0},{"damage":0.0,"enemies":"Gensokyo:2_Gloops","floor":71.0,"turns":1.0},{"damage":15.0,"enemies":"Gensokyo:Reisen","floor":74.0,"turns":3.0},{"damage":0.0,"enemies":"Gensokyo:Tenshi","floor":81.0,"turns":1.0},{"damage":0.0,"enemies":"Gensokyo:Mirror_and_Dog","floor":82.0,"turns":1.0},{"damage":0.0,"enemies":"Gensokyo:Eiki","floor":84.0,"turns":3.0},{"damage":0.0,"enemies":"3 Darklings","floor":86.0,"turns":1.0},{"damage":6.0,"enemies":"Mind Bloom Boss Battle","floor":90.0,"turns":3.0},{"damage":0.0,"enemies":"Reptomancer","floor":93.0,"turns":4.0},{"damage":0.0,"enemies":"3 Shapes","floor":97.0,"turns":2.0},{"damage":15.0,"enemies":"Giant Head","floor":98.0,"turns":2.0},{"damage":0.0,"enemies":"Spire Growth","floor":99.0,"turns":3.0},{"damage":0.0,"enemies":"Time Eater","floor":101.0,"turns":4.0},{"damage":0.0,"enemies":"Hallownest:2_Tiktiks_and_1_Crawlid","floor":103.0,"turns":1.0},{"damage":0.0,"enemies":"Hallownest:monsterHuskGuard","floor":107.0,"turns":1.0},{"damage":0.0,"enemies":"Hallownest:eliteVengeflyKing","floor":108.0,"turns":2.0},{"damage":0.0,"enemies":"Hallownest:2_MossCreeps","floor":113.0,"turns":1.0},{"damage":0,"enemies":"Hallownest:MossCreep_and_Mosskin","floor":116,"turns":1}],"seed_played":"-4964284241049603402","potions_obtained":[{"floor":2.0,"key":"SteroidPotion"},{"floor":5.0,"key":"LiquidBronze"},{"floor":6.0,"key":"PowerPotion"},{"floor":13.0,"key":"Dota2Spire:Clarity"},{"floor":21.0,"key":"EntropicBrew"},{"floor":23.0,"key":"LiquidMemories"},{"floor":24.0,"key":"infinitespire:BlackPotion"},{"floor":40.0,"key":"AttackPotion"},{"floor":48.0,"key":"SkillPotion"},{"floor":63.0,"key":"ColorlessPotion"},{"floor":64.0,"key":"Explosive Potion"},{"floor":67.0,"key":"REME_GoldPotion"},{"floor":69.0,"key":"infinitespire:BlackPotion"},{"floor":84.0,"key":"Dexterity Potion"},{"floor":90.0,"key":"REME_GoldPotion"},{"floor":93.0,"key":"SkillPotion"},{"floor":101.0,"key":"EssenceOfSteel"},{"floor":108.0,"key":"Energy Potion"}],"is_trial":false,"path_per_floor":["M","M","?","$","M","M","?","E","T","R","M","M","M","$","R","B",null,"M","M","M","M","$","E","M","R","T","AVR","M","NM","R","?","R","B",null,"M","?","M","M","AVR","E","$","M","T","NM","?","M","E","M","R","B",null,"M","?","$","?","M","R","E","R","T","$","R","M","M","E","R","B",null,"M","?","M","?","?","E","AVR","R","T","?","R","?","E","M","R","B",null,"M","?","$","?","?","R","R","E","T","R","$","M","E","M","R","B",null,"M","$","?","?","M","E","R","T","T","?","M","R","?","M"],"character_chosen":"TD1MADAO_CLASS","items_purchased":["FossilizedHelix","Chemical X","OrangePellets","Black Dance","Here Defend Chip","Retrieval Recycling","Floating Even","REME_FirmDetermination","Preparedness","Orrery","Lsj Skin","Shockwave Tdmadao","Dota2Spire:DrumOfEndurance","Mango","Membership Card","Blood Vial","Tiny Chest","infinitespire:Magic Flask"],"campfire_rested":0,"item_purchase_floors":[0,0,0,4,4,14,14,22,22,41,41,54,54,61,88,96,96,104],"current_hp_per_floor":[70,70,70,70,70,70,59,59,59,59,59,59,59,59,59,9,70,70,70,70,70,70,70,70,70,70,70,70,70,70,70,70,70,70,70,70,70,70,70,70,70,70,70,64,64,64,25,25,25,13,70,70,56,70,70,70,70,70,70,70,84,84,48,48,48,48,47,84,84,84,84,84,84,69,69,69,69,69,69,69,74,74,74,74,89,89,89,89,89,83,83,83,83,83,83,89,89,74,76,76,78,89,89,89,67,67,69,71,71,71,71,82,84,84,84,86,86],"gold":183,"neow_bonus":"","is_daily":false,"chose_seed":false,"campfire_upgraded":17,"win_rate":0.0,"timestamp":1611695516,"path_taken":["M","M","?","$","M","M","?","E","T","R","M","M","M","$","R","BOSS","M","M","M","M","$","E","M","R","T","AVR","M","NM","R","?","R","BOSS","M","?","M","M","AVR","E","$","?","T","NM","?","M","E","M","R","BOSS","M","?","$","?","?","R","E","R","T","?","R","M","?","E","R","BOSS","M","?","M","?","?","E","AVR","R","T","?","R","?","E","M","R","BOSS","M","?","$","?","?","R","R","E","T","R","?","M","E","?","R","BOSS","M","$","?","?","M","E","R","?","T","?","M","R","?","?"],"items_purchased_type":["Relic","Relic","Relic","Card","Card","Card","Card","Card","Card","Relic","Relic","Card","Relic","Relic","Relic","Relic","Relic","Relic"],"build_version":"2020-12-22","purchased_purges":18,"victory":false,"max_hp_per_floor":[70,70,70,70,70,70,70,70,70,70,70,70,70,70,70,70,70,70,70,70,70,70,70,70,70,70,70,70,70,70,70,70,70,70,70,70,70,70,70,70,70,70,70,70,70,70,70,70,70,70,70,70,70,70,70,70,70,70,70,70,84,84,84,84,84,84,84,84,84,84,84,84,84,84,84,84,84,84,84,84,89,89,89,89,89,89,89,89,89,89,89,89,89,89,89,89,89,89,89,89,89,89,89,89,89,89,89,89,89,89,89,100,100,100,100,100,100],"card_choices":[{"not_picked":["Black Shadow","Black Execution","Reinforcement Parts"],"picked":"SKIP","floor":1.0},{"not_picked":["Black Shadow","Black Execution","Reinforcement Parts"],"picked":"SKIP","floor":1.0},{"not_picked":["Lore","Paralysis"],"picked":"Sudden Beat","floor":2.0},{"not_picked":["Fixing","Awareness"],"picked":"Light Attack","floor":5.0},{"not_picked":["Cursed Blade","White Contract"],"picked":"Three Hit","floor":6.0},{"not_picked":["White Contract","Sudden Beat"],"picked":"Preloading","floor":8.0},{"not_picked":["Afterwards","Lore"],"picked":"Rupture","floor":11.0},{"not_picked":["Ruin Defend","Three Hit"],"picked":"Floating Swing Kick","floor":12.0},{"not_picked":["Sudden Beat","Machining","Black Shadow"],"picked":"SKIP","floor":13.0},{"not_picked":["Sudden Beat","Machining","Black Shadow"],"picked":"SKIP","floor":13.0},{"not_picked":["Im Angry","Chip Synthesis"],"picked":"Pod Laser","floor":16.0},{"not_picked":["White Contract","Machining"],"picked":"Cursed Blade","floor":18.0},{"not_picked":["Lore","Fire Blade"],"picked":"Preloading","floor":19.0},{"not_picked":["Fixing","Perfect Defend"],"picked":"Twin Teeth+1","floor":20.0},{"not_picked":["Black Shadow","Fire Up"],"picked":"Floating Swing Kick+1","floor":21.0},{"not_picked":["Coercion","Here Defend Chip"],"picked":"Perfect Defend+1","floor":23.0},{"not_picked":["Twin Teeth","Weapon Shift","Sudden Beat"],"picked":"SKIP","floor":24.0},{"not_picked":["Twin Teeth","Weapon Shift","Sudden Beat"],"picked":"SKIP","floor":24.0},{"not_picked":["Fire Blade","Provocative"],"picked":"Floating Swing Kick+1","floor":28.0},{"not_picked":["Defend System+1","Reflection Mechanism+1"],"picked":"Overclocking","floor":29.0},{"not_picked":["Pod Laser","Overclocking"],"picked":"Bursts","floor":33.0},{"not_picked":["Light Attack+1"],"picked":"SKIP","floor":35.0},{"not_picked":["Rupture"],"picked":"SKIP","floor":37.0},{"not_picked":["Rupture"],"picked":"SKIP","floor":38.0},{"not_picked":["Black Hand"],"picked":"SKIP","floor":40.0},{"not_picked":["Afterwards"],"picked":"SKIP","floor":42.0},{"not_picked":["Winding Magic+1"],"picked":"SKIP","floor":42.0},{"not_picked":["Black Dance+1"],"picked":"SKIP","floor":44.0},{"not_picked":["Black Dance+1"],"picked":"SKIP","floor":44.0},{"not_picked":[],"picked":"Perfect Defend+1","floor":46.0},{"not_picked":[],"picked":"Black Contract","floor":46.0},{"not_picked":["Paralysis"],"picked":"SKIP","floor":47.0},{"not_picked":[],"picked":"Recovery Mechanism+1","floor":48.0},{"not_picked":["Machining"],"picked":"SKIP","floor":48.0},{"not_picked":[],"picked":"Retrieval Recycling","floor":50.0},{"not_picked":["Judgment"],"picked":"SKIP","floor":52.0},{"not_picked":["Preparedness"],"picked":"SKIP","floor":52.0},{"not_picked":[],"picked":"Trader","floor":56.0},{"not_picked":["Fire Up"],"picked":"SKIP","floor":56.0},{"not_picked":["Coercion"],"picked":"SKIP","floor":58.0},{"not_picked":[],"picked":"Transfer Energy","floor":63.0},{"not_picked":["Fire Blade"],"picked":"SKIP","floor":63.0},{"not_picked":["Afterwards"],"picked":"SKIP","floor":64.0},{"not_picked":["Afterwards"],"picked":"SKIP","floor":64.0},{"not_picked":["Fixing"],"picked":"SKIP","floor":65.0},{"not_picked":["Floating Swing Kick+1"],"picked":"SKIP","floor":69.0},{"not_picked":["Break Into"],"picked":"SKIP","floor":69.0},{"not_picked":["Floating Swing Kick+1"],"picked":"SKIP","floor":69.0},{"not_picked":["Break Into"],"picked":"SKIP","floor":69.0},{"not_picked":["Provocative"],"picked":"SKIP","floor":71.0},{"not_picked":["Provocative"],"picked":"SKIP","floor":71.0},{"not_picked":["Reinforcement Parts"],"picked":"SKIP","floor":74.0},{"not_picked":["Floating Swing Kick"],"picked":"SKIP","floor":81.0},{"not_picked":["Floating Swing Kick"],"picked":"SKIP","floor":81.0},{"not_picked":["Revenge"],"picked":"SKIP","floor":82.0},{"not_picked":["Light Attack+1"],"picked":"SKIP","floor":82.0},{"not_picked":["Black Execution+1"],"picked":"SKIP","floor":86.0},{"not_picked":["White Contract+1"],"picked":"SKIP","floor":86.0},{"not_picked":[],"picked":"Moon Tear","floor":90.0},{"not_picked":["Fire Up+1"],"picked":"SKIP","floor":93.0},{"not_picked":["New Defend Magic"],"picked":"SKIP","floor":97.0},{"not_picked":["Lunge"],"picked":"SKIP","floor":97.0},{"not_picked":["Paralysis"],"picked":"SKIP","floor":98.0},{"not_picked":["Black Execution+1"],"picked":"SKIP","floor":99.0},{"not_picked":["Black Shadow"],"picked":"SKIP","floor":99.0},{"not_picked":[],"picked":"Furious","floor":101.0},{"not_picked":["Provocative"],"picked":"SKIP","floor":103.0},{"not_picked":["Black Shadow"],"picked":"SKIP","floor":103.0},{"not_picked":["infinitespire:Punishment","infinitespire:TheBestDefense"],"picked":"infinitespire:Oblivion","floor":105.0},{"not_picked":["Preloading"],"picked":"SKIP","floor":107.0},{"not_picked":["New Defend Magic"],"picked":"SKIP","floor":107.0},{"not_picked":["Ruin Defend"],"picked":"SKIP","floor":108.0},{"not_picked":["Break Into"],"picked":"SKIP","floor":113.0},{"not_picked":["Reinforcement Parts"],"picked":"SKIP","floor":113.0}],"player_experience":149029,"relics_obtained":[{"floor":8.0,"key":"Happy Flower"},{"floor":9.0,"key":"infinitespire:Bottled Soul"},{"floor":23.0,"key":"RuthlessExorcism:ReiMu"},{"floor":29.0,"key":"infinitespire:Golems Mask"},{"floor":40.0,"key":"Dota2Spire:HandOfMidas"},{"floor":43.0,"key":"Dota2Spire:LinkenSphere"},{"floor":44.0,"key":"Lantern"},{"floor":47.0,"key":"MealTicket"},{"floor":58.0,"key":"Dota2Spire:CrimsonGuard"},{"floor":60.0,"key":"Torii"},{"floor":63.0,"key":"wanderingMiniBosses:CarrionFlame"},{"floor":65.0,"key":"DemoMod:WhiteGuonStone"},{"floor":74.0,"key":"REME_HandOfSuture"},{"floor":77.0,"key":"Dota2Spire:AghanimScepter"},{"floor":81.0,"key":"Dota2Spire:EyeOfSkadi"},{"floor":82.0,"key":"Gensokyo:MosesMiracle"},{"floor":90.0,"key":"WingedGreaves"},{"floor":93.0,"key":"Anchor"},{"floor":93.0,"key":"Boot"},{"floor":94.0,"key":"Dota2Spire:BladeMail"},{"floor":98.0,"key":"Oddly Smooth Stone"},{"floor":98.0,"key":"Ice Cream"},{"floor":108.0,"key":"DemoMod:ClearGuonStone"},{"floor":108.0,"key":"infinitespire:Lucky Rock"},{"floor":110.0,"key":"Sundial"},{"floor":111.0,"key":"Dream Catcher"}],"event_choices":[{"damage_healed":0.0,"max_hp_gain":0.0,"max_hp_loss":0.0,"gold_gain":175.0,"event_name":"betterThird:BetterSerpent","player_choice":"AGREE","floor":3.0,"gold_loss":0.0,"damage_taken":131.0},{"damage_healed":0.0,"max_hp_gain":0.0,"max_hp_loss":0.0,"gold_gain":75.0,"event_name":"betterThird:BetterGoop","player_choice":"Gold","floor":7.0,"gold_loss":0.0,"damage_taken":11.0},{"cards_removed":["Overclocking"],"damage_healed":0.0,"max_hp_gain":0.0,"max_hp_loss":0.0,"gold_gain":0.0,"event_name":"betterNote:BetterNote","player_choice":"Take \u0026 Give","floor":31.0,"gold_loss":0.0,"damage_taken":0.0,"cards_obtained":["Defend_Lin:ReiMu"]},{"damage_healed":0.0,"max_hp_gain":0.0,"max_hp_loss":0.0,"gold_gain":0.0,"event_name":"Match and Keep!","player_choice":"1 cards matched","floor":36.0,"gold_loss":0.0,"damage_taken":0.0,"cards_obtained":["Chip"]},{"cards_removed":["Floating Swing Kick"],"damage_healed":0.0,"max_hp_gain":0.0,"max_hp_loss":0.0,"gold_gain":0.0,"event_name":"Falling","player_choice":"Removed Attack","floor":87.0,"gold_loss":0.0,"damage_taken":0.0},{"damage_healed":0.0,"max_hp_gain":0.0,"max_hp_loss":0.0,"gold_gain":0.0,"event_name":"Tomb of Lord Red Mask","player_choice":"Paid","floor":89.0,"gold_loss":45.0,"damage_taken":0.0,"relics_obtained":["Red Mask"]},{"damage_healed":0.0,"max_hp_gain":0.0,"max_hp_loss":0.0,"gold_gain":0.0,"event_name":"MindBloom","player_choice":"Fight","floor":90.0,"gold_loss":0.0,"damage_taken":0.0}],"is_beta":false,"boss_relics":[{"not_picked":["Cursed Key","Runic Pyramid"],"picked":"SlaversCollar"},{"not_picked":["Hololive_ChaosS","Hololive_TopUpMoneyS"],"picked":"Busted Crown"},{"not_picked":["Coffee Dripper","Calling Bell"],"picked":"Dota2Spire:Bloodstone"},{"not_picked":["REME_DuelDisc","REME_LowDesire"],"picked":"Philosopher\u0027s Stone"},{"not_picked":["Foreshadowing","Hololive_Finger"],"picked":"Black Star"},{"not_picked":["Astrolabe","infinitespire:Cupcake","Velvet Choker"]}],"items_purged_floors":[0,0,0,0,0,0,4,14,14,14,14,22,41,54,54,61,61,104],"is_endless":true,"potions_floor_spawned":[2,5,6,13,21,23,24,35,40,42,48,63,64,67,69,71,82,84,90,93,99,101,108],"killed_by":"Hallownest:MossCreep_and_Mosskin","ascension_level":0}}