{"host":"2wtnvfw602ymncqx","time":1611621506,"event":{"mods":["BaseMod","Colored Map","Minty Spire (QoL Compilation)","Quick Restart"],"gold_per_floor":[115,115,126,145,162,187,212,212,239,239,258,315,350,361,361,459,459,472,492,417,437,437,464,280,280,304,304,333,353,378,389,389,389,389],"floor_reached":33,"language":"ENG","playtime":4081,"items_purged":[],"score":297,"play_id":"8f5fba36-6ba9-49e4-af5c-d567c9c26fff","local_time":"20210125183826","is_ascension_mode":false,"campfire_choices":[{"floor":8.0,"key":"REST"},{"floor":15.0,"key":"REST"},{"floor":25.0,"key":"REST"},{"floor":32.0,"key":"REST"}],"circlet_count":0,"master_deck":["Strike_G","Strike_G","Strike_G","Strike_G","Strike_G","Defend_G","Defend_G","Defend_G+1","Defend_G","Survivor","Neutralize","Crippling Poison","Slice","Dagger Spray","Predator","Deflect","PiercingWail","Dash","Caltrops","Crippling Poison","Unload","PiercingWail","Sucker Punch","Blade Dance+1","Choke","Endless Agony","Heel Hook","Deadly Poison+1","Underhanded Strike","Flying Knee"],"relics":["Ring of the Snake","NeowsBlessing","Omamori","Nunchaku","Happy Flower","Strawberry","Lizard Tail","Philosopher\u0027s Stone","Oddly Smooth Stone","Sling","Vajra","War Paint","Toy Ornithopter","Red Mask"],"acts_visited":[],"potions_floor_usage":[33],"damage_taken":[{"damage":0.0,"enemies":"Jaw Worm","floor":1.0,"turns":1.0},{"damage":0.0,"enemies":"Small Slimes","floor":3.0,"turns":1.0},{"damage":0.0,"enemies":"2 Louse","floor":4.0,"turns":1.0},{"damage":20.0,"enemies":"Large Slime","floor":5.0,"turns":6.0},{"damage":50.0,"enemies":"Gremlin Nob","floor":6.0,"turns":6.0},{"damage":3.0,"enemies":"Blue Slaver","floor":11.0,"turns":4.0},{"damage":18.0,"enemies":"3 Sentries","floor":12.0,"turns":10.0},{"damage":12.0,"enemies":"Lagavulin","floor":13.0,"turns":9.0},{"damage":8.0,"enemies":"Looter","floor":14.0,"turns":3.0},{"damage":38.0,"enemies":"Hexaghost","floor":16.0,"turns":11.0},{"damage":7.0,"enemies":"Chosen","floor":18.0,"turns":6.0},{"damage":11.0,"enemies":"3 Byrds","floor":19.0,"turns":5.0},{"damage":21.0,"enemies":"3 Cultists","floor":21.0,"turns":5.0},{"damage":22.0,"enemies":"Gremlin Leader","floor":23.0,"turns":7.0},{"damage":25.0,"enemies":"Book of Stabbing","floor":28.0,"turns":4.0},{"damage":13.0,"enemies":"Centurion and Healer","floor":29.0,"turns":5.0},{"damage":1.0,"enemies":"Masked Bandits","floor":30.0,"turns":4.0},{"damage":8.0,"enemies":"Cultist and Chosen","floor":31.0,"turns":5.0},{"damage":42,"enemies":"Collector","floor":33,"turns":5}],"seed_played":"-6165544640874257242","potions_obtained":[{"floor":4.0,"key":"SkillPotion"},{"floor":5.0,"key":"LiquidMemories"},{"floor":11.0,"key":"DistilledChaos"},{"floor":16.0,"key":"Weak Potion"},{"floor":21.0,"key":"Weak Potion"},{"floor":28.0,"key":"Weak Potion"},{"floor":30.0,"key":"GhostInAJar"}],"is_trial":false,"path_per_floor":["M","?","M","M","M","E","T","R","T","?","M","?","E","M","R","B",null,"M","M","?","M","?","E","$","R","T","?","E","M","?","M","R","B"],"character_chosen":"THE_SILENT","items_purchased":["Sling","Endless Agony"],"campfire_rested":4,"item_purchase_floors":[24,24],"current_hp_per_floor":[70,75,75,75,55,5,5,27,27,27,24,13,1,36,60,22,82,75,64,64,43,43,21,21,45,45,45,20,7,11,3,27,0,0],"gold":389,"neow_bonus":"THREE_ENEMY_KILL","is_daily":false,"chose_seed":false,"campfire_upgraded":0,"win_rate":0.0,"timestamp":1611621506,"path_taken":["M","?","M","M","M","E","?","R","T","?","M","?","E","M","R","BOSS","M","M","?","M","?","E","$","R","T","?","E","M","?","?","R","BOSS"],"items_purchased_type":["Relic","Card"],"build_version":"2020-12-22","purchased_purges":0,"victory":false,"max_hp_per_floor":[70,75,75,75,75,75,75,75,75,75,75,82,82,82,82,82,82,82,82,82,82,82,82,82,82,82,82,82,82,82,82,82,82,82],"card_choices":[{"not_picked":["Deflect","Blur"],"picked":"Crippling Poison","floor":1.0},{"not_picked":["Catalyst","Poisoned Stab"],"picked":"Slice","floor":3.0},{"not_picked":["Reflex","Calculated Gamble"],"picked":"Dagger Spray","floor":4.0},{"not_picked":["Prepared","All Out Attack"],"picked":"Predator","floor":5.0},{"not_picked":["Blur","Flying Knee"],"picked":"Deflect","floor":6.0},{"not_picked":["Dodge and Roll","Quick Slash"],"picked":"PiercingWail","floor":11.0},{"not_picked":["A Thousand Cuts","Distraction"],"picked":"Dash","floor":12.0},{"not_picked":["Unload","Quick Slash"],"picked":"Caltrops","floor":13.0},{"not_picked":["Endless Agony","Flechettes"],"picked":"Crippling Poison","floor":14.0},{"not_picked":["Glass Knife","Doppelganger"],"picked":"Unload","floor":16.0},{"not_picked":["Calculated Gamble","Quick Slash"],"picked":"PiercingWail","floor":18.0},{"not_picked":["Acrobatics","All Out Attack"],"picked":"Sucker Punch","floor":19.0},{"not_picked":["Acrobatics","Backflip"],"picked":"Blade Dance","floor":21.0},{"not_picked":["Adrenaline","Dagger Spray+1"],"picked":"Choke","floor":23.0},{"not_picked":["Acrobatics","Well Laid Plans"],"picked":"Heel Hook","floor":28.0},{"not_picked":["Blade Dance","Dash"],"picked":"Deadly Poison+1","floor":29.0},{"not_picked":["Distraction","PiercingWail"],"picked":"Underhanded Strike","floor":30.0},{"not_picked":["Expertise","Dodge and Roll"],"picked":"Flying Knee","floor":31.0}],"player_experience":64068,"relics_obtained":[{"floor":6.0,"key":"Omamori"},{"floor":7.0,"key":"Nunchaku"},{"floor":9.0,"key":"Happy Flower"},{"floor":13.0,"key":"Lizard Tail"},{"floor":23.0,"key":"Oddly Smooth Stone"},{"floor":26.0,"key":"Vajra"},{"floor":28.0,"key":"Toy Ornithopter"},{"floor":30.0,"key":"Red Mask"}],"event_choices":[{"damage_healed":0.0,"max_hp_gain":5.0,"max_hp_loss":0.0,"gold_gain":0.0,"event_name":"Big Fish","player_choice":"Donut","floor":2.0,"gold_loss":0.0,"damage_taken":0.0},{"damage_healed":0.0,"max_hp_gain":0.0,"max_hp_loss":0.0,"gold_gain":0.0,"event_name":"Liars Game","player_choice":"Ignored","floor":10.0,"gold_loss":0.0,"damage_taken":0.0},{"damage_healed":0.0,"max_hp_gain":0.0,"max_hp_loss":0.0,"gold_gain":0.0,"event_name":"Dead Adventurer","player_choice":"Searched \u00273\u0027 times","floor":12.0,"gold_loss":0.0,"damage_taken":0.0,"relics_obtained":["Strawberry"]},{"cards_removed":["Defend_G"],"damage_healed":0.0,"max_hp_gain":0.0,"max_hp_loss":0.0,"gold_gain":0.0,"event_name":"Beggar","player_choice":"Gave Gold","floor":20.0,"gold_loss":75.0,"damage_taken":0.0},{"damage_healed":0.0,"max_hp_gain":0.0,"max_hp_loss":0.0,"gold_gain":0.0,"event_name":"Ghosts","player_choice":"Ignored","floor":22.0,"gold_loss":0.0,"damage_taken":0.0},{"damage_healed":0.0,"max_hp_gain":0.0,"max_hp_loss":0.0,"gold_gain":0.0,"event_name":"The Mausoleum","player_choice":"Opened","floor":27.0,"gold_loss":0.0,"damage_taken":0.0,"relics_obtained":["War Paint"],"cards_obtained":["Writhe"]},{"damage_healed":0.0,"max_hp_gain":0.0,"max_hp_loss":0.0,"gold_gain":0.0,"event_name":"Masked Bandits","player_choice":"Fought Bandits","floor":30.0,"gold_loss":0.0,"damage_taken":0.0}],"is_beta":false,"boss_relics":[{"not_picked":["Velvet Choker","Busted Crown"],"picked":"Philosopher\u0027s Stone"}],"items_purged_floors":[],"is_endless":false,"potions_floor_spawned":[4,5,11,16,21,28,30],"killed_by":"Collector","ascension_level":0}}