{"host":"kn32u0f2pym5bozc","time":1611626948,"event":{"mods":["2.2 Compatiblity","BaseMod","Better Third Choice","Marisa????????","Minty Spire (QoL Compilation)","Permanent Neow","Relic Stats","StSLib","The Animator"],"gold_per_floor":[127,141,154,176,188,188,220,220,243,269,43,69,69,69,69,69,69],"floor_reached":16,"language":"ENG","playtime":1224,"items_purged":[],"score":126,"play_id":"9c16d68b-3aca-4d7e-80fd-43641b076b98","local_time":"20210125210908","is_ascension_mode":true,"campfire_choices":[{"data":"animator:KaguyaHouraisan","floor":6.0,"key":"SMITH"},{"floor":8.0,"key":"REST"},{"floor":13,"key":"REST"},{"data":"animator:Kaijin","floor":15,"key":"SMITH"}],"circlet_count":0,"master_deck":["animator:Strike_TouhouProject","animator:Defend_TouhouProject","animator:Strike","animator:Strike","animator:Strike","animator:Defend","animator:Defend","animator:Defend+1","animator:MarisaKirisame+1","animator:ReimuHakurei","animator:AyaShameimaru","animator:Fredrika","animator:KaguyaHouraisan+1","animator:SanaeKochiya","animator:Tetora","animator:Rider","animator:Benimaru","animator:RundelhausCode","animator:Kaijin+1","animator:YuyukoSaigyouji"],"relics":["animator:LivingPicture","animator:TheMissingPiece","animator:PurgingStone","Smiling Mask","Bag of Preparation","Membership Card","Potion Belt","animator:CursedGlyph"],"acts_visited":["Exordium"],"potions_floor_usage":[12,12],"damage_taken":[{"damage":0.0,"enemies":"Cultist","floor":1.0,"turns":3.0},{"damage":0.0,"enemies":"Small Slimes","floor":2.0,"turns":3.0},{"damage":0.0,"enemies":"2 Louse","floor":3.0,"turns":4.0},{"damage":0.0,"enemies":"Blue Slaver","floor":4.0,"turns":5.0},{"damage":1.0,"enemies":"Looter","floor":5.0,"turns":3.0},{"damage":38.0,"enemies":"Lagavulin","floor":7.0,"turns":10.0},{"damage":30.0,"enemies":"3 Sentries","floor":10.0,"turns":12.0},{"damage":13,"enemies":"Lagavulin","floor":12,"turns":6},{"damage":0,"enemies":"Slime Boss","floor":16,"turns":9}],"seed_played":"8741529672066433252","potions_obtained":[{"floor":3.0,"key":"Weak Potion"},{"floor":5.0,"key":"SteroidPotion"},{"floor":7.0,"key":"Strength Potion"}],"is_trial":false,"path_per_floor":["M","M","M","M","M","R","E","R","T","E","$","E","R","?","R","B"],"character_chosen":"THE_ANIMATOR","items_purchased":["Membership Card","animator:RundelhausCode","animator:Kaijin"],"campfire_rested":2,"item_purchase_floors":[11,11,11],"current_hp_per_floor":[66,66,67,67,66,66,28,48,48,18,18,5,23,23,23,23,23],"gold":69,"neow_bonus":"UPGRADE_CARD","is_daily":false,"chose_seed":true,"campfire_upgraded":2,"win_rate":0.0,"timestamp":1611626948,"path_taken":["M","M","M","?","M","R","E","R","T","E","$","E","R","?","R","BOSS"],"items_purchased_type":["Relic","Card","Card"],"build_version":"2020-12-22","purchased_purges":0,"victory":false,"max_hp_per_floor":[66,66,67,67,67,67,67,67,67,67,67,63,63,63,63,63,63],"relic_stats":{"counters":[9,55],"Bag of Preparation":[4],"Smiling Mask":0,"obtain_stats":[{"Potion Belt":12,"animator:CursedGlyph":12,"animator:PurgingStone":0,"animator:TheMissingPiece":0,"animator:LivingPicture":0,"Bag of Preparation":10,"Membership Card":11,"Smiling Mask":7},{"Potion Belt":8,"animator:CursedGlyph":8,"animator:PurgingStone":0,"animator:TheMissingPiece":0,"animator:LivingPicture":0,"Bag of Preparation":7,"Membership Card":7,"Smiling Mask":6},{"Potion Belt":46,"animator:CursedGlyph":46,"animator:PurgingStone":0,"animator:TheMissingPiece":0,"animator:LivingPicture":0,"Bag of Preparation":40,"Membership Card":40,"Smiling Mask":28}]},"card_choices":[{"not_picked":["animator:Shimako","animator:MeguKakizaki"],"picked":"animator:AyaShameimaru","floor":1.0},{"not_picked":["animator:AliceMargatroid","animator:Marielle"],"picked":"animator:Fredrika","floor":2.0},{"not_picked":["animator:Ain","animator:Natsumi"],"picked":"animator:KaguyaHouraisan","floor":3.0},{"not_picked":["animator:ReimuHakurei","animator:SuikaIbuki"],"picked":"animator:SanaeKochiya","floor":4.0},{"not_picked":["animator:Clownpiece","animator:Mitsuba"],"picked":"animator:Tetora","floor":5.0},{"not_picked":["animator:DolaCouronne","animator:Aisha"],"picked":"animator:Rider","floor":7.0},{"not_picked":["animator:Shuna","animator:FielNirvalen"],"picked":"animator:Benimaru","floor":10.0},{"not_picked":["animator:Clownpiece","animator:ReimuHakurei"],"picked":"animator:YuyukoSaigyouji","floor":12}],"player_experience":884749,"relics_obtained":[{"floor":7.0,"key":"Smiling Mask"},{"floor":10.0,"key":"Bag of Preparation"},{"floor":12,"key":"Potion Belt"},{"floor":12,"key":"animator:CursedGlyph"}],"event_choices":[{"damage_healed":0,"gold_gain":1,"player_choice":"LEAVE","damage_taken":0,"max_hp_gain":0,"max_hp_loss":0,"event_name":"betterThird:BetterScrap","floor":14,"gold_loss":0,"cards_obtained":["ForeignInfluence"]}],"is_beta":false,"boss_relics":[],"items_purged_floors":[],"is_endless":false,"potions_floor_spawned":[3,5,7],"killed_by":"Slime Boss","ascension_level":1}}