{"host":"f9ntswufr8mq3t4y","time":1611685503,"event":{"mods":["AchievementEnabler","BaseMod","Best Route Mod","Block Reminder","Colored Map","Colored Powertips","Curses Come First","DeckTracker","Displayed Cursed Tome","Highlight Path","Minty Spire (QoL Compilation)","Permanent Neow","Quick Restart","Slay-I","StSLib"],"gold_per_floor":[117,292,305,305,322,322,350,350,350,367,396,396,413,441,441,543,543,483,305,305,305,305,305,305,305,305,305,305,305,305,305,305,305,305,305,305,305,305,305,305,305,305,305,305,36,36,36,36,36,36],"floor_reached":51,"language":"ENG","playtime":2408,"items_purged":[],"score":1168,"play_id":"e9c14f5f-70ab-4eb2-b2f7-efe2e3cd1c8d","local_time":"20210126212503","is_ascension_mode":true,"campfire_choices":[{"data":"Accuracy","floor":6.0,"key":"SMITH"},{"data":"Neutralize","floor":8.0,"key":"SMITH"},{"floor":12.0,"key":"REST"},{"data":"Accuracy","floor":15.0,"key":"SMITH"},{"data":"Apotheosis","floor":23,"key":"SMITH"},{"data":"After Image","floor":25,"key":"SMITH"},{"data":"Footwork","floor":29,"key":"SMITH"},{"data":"Accuracy","floor":32,"key":"SMITH"},{"floor":41,"key":"REST"},{"data":"Accuracy","floor":49,"key":"SMITH"}],"circlet_count":0,"master_deck":["Strike_G","Strike_G","Strike_G","Defend_G","Defend_G","Defend_G","Defend_G","Survivor","Neutralize+1","Accuracy+1","Leg Sweep","Cloak And Dagger","Blade Dance","Blade Dance","Accuracy+1","After Image+1","Apotheosis+1","Blade Dance","Terror","Footwork+1","Accuracy+1","Cloak And Dagger+1","Parasite","Finisher+1","Accuracy+1","Secret Technique","Blur+1"],"relics":["Ring of the Serpent","Letter Opener","Juzu Bracelet","Oddly Smooth Stone","MealTicket","Ectoplasm","Strawberry","PreservedInsect","Regal Pillow","Bag of Preparation","Anchor","Orichalcum","Ginger","The Specimen"],"acts_visited":["Exordium","TheCity","TheBeyond"],"potions_floor_usage":[24,38,50,50],"damage_taken":[{"damage":0.0,"enemies":"2 Louse","floor":1.0,"turns":3.0},{"damage":3.0,"enemies":"Small Slimes","floor":3.0,"turns":4.0},{"damage":0.0,"enemies":"Cultist","floor":5.0,"turns":4.0},{"damage":7.0,"enemies":"Lagavulin","floor":7.0,"turns":6.0},{"damage":0.0,"enemies":"Large Slime","floor":10.0,"turns":3.0},{"damage":9.0,"enemies":"Gremlin Nob","floor":11.0,"turns":5.0},{"damage":0.0,"enemies":"Red Slaver","floor":13.0,"turns":3.0},{"damage":12.0,"enemies":"3 Sentries","floor":14.0,"turns":8.0},{"damage":12,"enemies":"The Guardian","floor":16,"turns":11},{"damage":4,"enemies":"2 Thieves","floor":18,"turns":4},{"damage":0,"enemies":"Spheric Guardian","floor":21,"turns":3},{"damage":11,"enemies":"Gremlin Leader","floor":24,"turns":5},{"damage":3,"enemies":"Book of Stabbing","floor":27,"turns":4},{"damage":0,"enemies":"Snecko","floor":30,"turns":3},{"damage":0,"enemies":"Snake Plant","floor":31,"turns":6},{"damage":0,"enemies":"Champ","floor":33,"turns":7},{"damage":4,"enemies":"3 Shapes","floor":35,"turns":3},{"damage":0,"enemies":"Orb Walker","floor":36,"turns":2},{"damage":0,"enemies":"Transient","floor":38,"turns":5},{"damage":13,"enemies":"Writhing Mass","floor":40,"turns":4},{"damage":0,"enemies":"Giant Head","floor":42,"turns":4},{"damage":10,"enemies":"Reptomancer","floor":44,"turns":4},{"damage":0,"enemies":"Mind Bloom Boss Battle","floor":46,"turns":2},{"damage":0,"enemies":"Nemesis","floor":47,"turns":5},{"damage":14,"enemies":"Donu and Deca","floor":50,"turns":5}],"seed_played":"4374623897307939636","potions_obtained":[{"floor":1.0,"key":"SneckoOil"},{"floor":5.0,"key":"BlessingOfTheForge"},{"floor":10.0,"key":"Weak Potion"},{"floor":13.0,"key":"Ancient Potion"},{"floor":16,"key":"LiquidMemories"},{"floor":18,"key":"Explosive Potion"},{"floor":27,"key":"SkillPotion"},{"floor":31,"key":"CunningPotion"},{"floor":42,"key":"SpeedPotion"},{"floor":46,"key":"AttackPotion"}],"is_trial":false,"path_per_floor":["M","?","M","?","M","R","E","R","T","M","E","R","M","E","R","B",null,"M","$","?","M","?","R","E","R","T","E","?","R","M","M","R","B",null,"M","M","?","M","?","M","R","E","T","E","$","?","E","?","R","B",null],"character_chosen":"THE_SILENT","items_purchased":["Apotheosis","Accuracy","Secret Technique"],"campfire_rested":2,"item_purchase_floors":[19,45,45],"current_hp_per_floor":[63,63,60,60,60,60,53,53,53,53,44,65,65,53,53,41,63,59,70,70,70,70,70,66,66,66,63,63,63,63,63,63,63,74,70,70,70,70,70,57,77,77,77,67,77,77,77,77,77,63],"gold":36,"neow_bonus":"TRANSFORM_TWO_CARDS","is_daily":false,"chose_seed":false,"campfire_upgraded":8,"win_rate":0.0,"timestamp":1611685503,"path_taken":["M","?","M","?","?","R","E","R","T","M","E","R","M","E","R","BOSS","M","$","?","M","?","R","E","R","T","E","?","R","M","M","R","BOSS","M","M","?","M","?","M","R","E","T","E","$","?","E","?","R","BOSS"],"items_purchased_type":["Card","Card","Card"],"build_version":"2020-12-22","purchased_purges":0,"victory":true,"max_hp_per_floor":[70,70,70,70,70,70,70,70,70,70,70,70,70,70,70,70,70,70,70,70,70,70,70,77,77,77,77,77,77,77,77,77,77,77,77,77,77,77,77,77,77,77,77,77,77,77,77,77,77,77],"card_choices":[{"not_picked":["Underhanded Strike","Quick Slash"],"picked":"Cloak And Dagger","floor":1.0},{"not_picked":["Riddle With Holes","Sucker Punch"],"picked":"Blade Dance","floor":3.0},{"not_picked":["Masterful Stab","Slice","Flechettes"],"picked":"SKIP","floor":5.0},{"not_picked":["Endless Agony","Heel Hook","Outmaneuver"],"picked":"SKIP","floor":7.0},{"not_picked":["Flechettes","Quick Slash","Poisoned Stab"],"picked":"SKIP","floor":10.0},{"not_picked":["Deflect","Dagger Spray","Heel Hook"],"picked":"SKIP","floor":11.0},{"not_picked":["Backflip","Acrobatics"],"picked":"Blade Dance","floor":13.0},{"not_picked":["PiercingWail","Distraction"],"picked":"Accuracy","floor":14.0},{"not_picked":["Malaise","A Thousand Cuts"],"picked":"After Image","floor":16},{"not_picked":["Reflex","Dagger Spray","Poisoned Stab"],"picked":"SKIP","floor":18},{"not_picked":["Choke","Night Terror"],"picked":"Blade Dance","floor":21},{"not_picked":["Outmaneuver+1","Poisoned Stab"],"picked":"Footwork","floor":24},{"not_picked":["Bane","All Out Attack","Underhanded Strike"],"picked":"SKIP","floor":27},{"not_picked":["Concentrate+1","Noxious Fumes"],"picked":"Accuracy","floor":30},{"not_picked":["Flying Knee","Bane+1","Crippling Poison"],"picked":"SKIP","floor":31},{"not_picked":["PiercingWail","Sucker Punch","Catalyst+1"],"picked":"SKIP","floor":35},{"not_picked":["Dodge and Roll","Dagger Throw+1"],"picked":"Cloak And Dagger+1","floor":36},{"not_picked":["Acrobatics","Escape Plan+1","Backflip"],"picked":"SKIP","floor":38},{"not_picked":["Glass Knife","Bouncing Flask"],"picked":"Finisher+1","floor":40},{"not_picked":["Dodge and Roll+1","Bane","Underhanded Strike"],"picked":"SKIP","floor":42},{"not_picked":["Dagger Throw","Catalyst+1","Outmaneuver+1"],"picked":"SKIP","floor":44},{"not_picked":["Deadly Poison+1","Catalyst"],"picked":"Blur+1","floor":46},{"not_picked":["Dash+1","Caltrops+1","Adrenaline"],"picked":"SKIP","floor":47}],"player_experience":363470,"relics_obtained":[{"floor":7.0,"key":"Letter Opener"},{"floor":9.0,"key":"Juzu Bracelet"},{"floor":11.0,"key":"Oddly Smooth Stone"},{"floor":14.0,"key":"MealTicket"},{"floor":24,"key":"Strawberry"},{"floor":26,"key":"PreservedInsect"},{"floor":27,"key":"Regal Pillow"},{"floor":42,"key":"Bag of Preparation"},{"floor":43,"key":"Anchor"},{"floor":44,"key":"Orichalcum"},{"floor":46,"key":"Ginger"},{"floor":47,"key":"The Specimen"}],"event_choices":[{"damage_healed":0.0,"max_hp_gain":0.0,"max_hp_loss":0.0,"gold_gain":175.0,"event_name":"Liars Game","player_choice":"AGREE","floor":2.0,"gold_loss":0.0,"damage_taken":0.0,"cards_obtained":["Doubt"]},{"cards_removed":["Regret"],"damage_healed":0.0,"max_hp_gain":0.0,"max_hp_loss":0.0,"gold_gain":0.0,"event_name":"Purifier","player_choice":"Purged","floor":4.0,"gold_loss":0.0,"damage_taken":0.0},{"damage_healed":0,"gold_gain":0,"player_choice":"Leave","damage_taken":0,"max_hp_gain":0,"max_hp_loss":0,"event_name":"FaceTrader","floor":20,"gold_loss":0},{"damage_healed":0,"gold_gain":0,"player_choice":"Read","damage_taken":0,"max_hp_gain":0,"max_hp_loss":0,"event_name":"The Library","floor":22,"gold_loss":0,"cards_obtained":["Terror"]},{"damage_healed":0,"gold_gain":99,"player_choice":"Stole From Cult","damage_taken":0,"max_hp_gain":0,"max_hp_loss":0,"event_name":"Nest","floor":28,"gold_loss":0},{"cards_removed":["Doubt"],"damage_healed":0,"gold_gain":0,"player_choice":"Card Removal","damage_taken":0,"max_hp_gain":0,"max_hp_loss":0,"event_name":"Wheel of Change","floor":37,"gold_loss":0},{"cards_removed":["Strike_G"],"damage_healed":0,"gold_gain":0,"player_choice":"Removed Attack","damage_taken":0,"max_hp_gain":0,"max_hp_loss":0,"event_name":"Falling","floor":39,"gold_loss":0},{"damage_healed":0,"gold_gain":0,"player_choice":"Fight","damage_taken":0,"max_hp_gain":0,"max_hp_loss":0,"event_name":"MindBloom","floor":46,"gold_loss":0},{"damage_healed":0,"gold_gain":0,"player_choice":"Ignored","damage_taken":0,"max_hp_gain":0,"max_hp_loss":0,"event_name":"Mysterious Sphere","floor":48,"gold_loss":0}],"is_beta":false,"boss_relics":[{"not_picked":["SacredBark","Fusion Hammer"],"picked":"Ectoplasm"},{"not_picked":["Cursed Key","Tiny House"],"picked":"Ring of the Serpent"}],"items_purged_floors":[],"is_endless":false,"potions_floor_spawned":[1,5,10,13,16,18,27,31,42,46,47],"ascension_level":6}}