{"host":"qdfumeom6htv8yxl","time":1611682721,"event":{"mods":["AchievementEnabler","BaseMod","Bestiary","Block Reminder","Minty Spire (QoL Compilation)","Quick Restart","Relic Stats"],"gold_per_floor":[112,262,262,272,291,291,304,332,356,356,19,49,49,49,49,142,142,182,97,97,97,136,136,136],"floor_reached":23,"language":"ENG","playtime":1666,"items_purged":["Strike_B"],"score":374,"play_id":"b85fde8a-0bfa-412a-aca7-bda3e2b78543","local_time":"20210126113841","is_ascension_mode":true,"campfire_choices":[{"data":"Genetic Algorithm","floor":6.0,"key":"SMITH"},{"floor":10.0,"key":"REST"},{"floor":15.0,"key":"REST"}],"circlet_count":0,"master_deck":["AscendersBane","Strike_B","Strike_B","Strike_B","Defend_B","Defend_B","Defend_B","Defend_B","Zap","Dualcast","Genetic Algorithm+1","Cold Snap","Gash","Sweeping Beam","Scrape","HandOfGreed","Hologram","Rip and Tear","Echo Form","Gash","Conserve Battery"],"relics":["Cracked Core","NeowsBlessing","Pen Nib","PreservedInsect","Orichalcum","Strawberry","Cursed Key","Omamori","CultistMask"],"acts_visited":["Exordium","TheCity"],"potions_floor_usage":[],"damage_taken":[{"damage":0.0,"enemies":"Small Slimes","floor":1.0,"turns":1.0},{"damage":0.0,"enemies":"2 Louse","floor":4.0,"turns":1.0},{"damage":0.0,"enemies":"Cultist","floor":5.0,"turns":1.0},{"damage":0.0,"enemies":"Lots of Slimes","floor":7.0,"turns":1.0},{"damage":30.0,"enemies":"3 Sentries","floor":8.0,"turns":7.0},{"damage":36.0,"enemies":"Lagavulin","floor":12.0,"turns":4.0},{"damage":28.0,"enemies":"The Guardian","floor":16.0,"turns":13.0},{"damage":31.0,"enemies":"3 Byrds","floor":18.0,"turns":4.0},{"damage":11.0,"enemies":"2 Thieves","floor":22.0,"turns":5.0},{"damage":17,"enemies":"Book of Stabbing","floor":23,"turns":3}],"seed_played":"7899869478169707067","potions_obtained":[{"floor":1.0,"key":"Block Potion"},{"floor":4.0,"key":"Explosive Potion"},{"floor":7.0,"key":"FocusPotion"},{"floor":18.0,"key":"PotionOfCapacity"}],"is_trial":false,"path_per_floor":["M","?","?","M","M","R","M","E","T","R","$","E","?","?","R","B",null,"M","?","$","?","M","E"],"character_chosen":"DEFECT","items_purchased":["HandOfGreed","Hologram"],"campfire_rested":2,"item_purchase_floors":[11,11],"current_hp_per_floor":[64,64,64,64,64,64,64,34,34,55,55,19,8,8,31,3,59,28,28,28,28,17,0,0],"gold":136,"neow_bonus":"THREE_ENEMY_KILL","is_daily":false,"chose_seed":false,"campfire_upgraded":1,"win_rate":0.0,"timestamp":1611682721,"path_taken":["M","?","?","?","?","R","M","E","T","R","$","E","?","?","R","BOSS","M","?","$","?","?","E"],"items_purchased_type":["Card","Card"],"build_version":"2020-12-22","purchased_purges":1,"victory":false,"max_hp_per_floor":[71,71,71,71,71,71,71,71,71,71,71,71,78,78,78,78,78,78,78,78,78,78,78,78],"relic_stats":{"counters":[10,40],"Pen Nib":[6],"PreservedInsect":70,"Orichalcum":[54],"Cursed Key":0,"obtain_stats":[{"NeowsBlessing":0,"Strawberry":13,"Pen Nib":8,"PreservedInsect":9,"CultistMask":21,"Omamori":19,"Orichalcum":12,"Cracked Core":0,"Cursed Key":17},{"NeowsBlessing":0,"Strawberry":6,"Pen Nib":5,"PreservedInsect":5,"CultistMask":8,"Omamori":8,"Orichalcum":6,"Cracked Core":0,"Cursed Key":7},{"NeowsBlessing":0,"Strawberry":15,"Pen Nib":11,"PreservedInsect":11,"CultistMask":32,"Omamori":32,"Orichalcum":15,"Cracked Core":0,"Cursed Key":28}]},"card_choices":[{"not_picked":["Beam Cell","Redo"],"picked":"Genetic Algorithm","floor":1.0},{"not_picked":["Barrage","Hello World"],"picked":"Cold Snap","floor":4.0},{"not_picked":["Sweeping Beam","Rebound"],"picked":"Gash","floor":5.0},{"not_picked":["Sunder","Chill"],"picked":"Sweeping Beam","floor":7.0},{"not_picked":["Heatsinks","Steam"],"picked":"Scrape","floor":8.0},{"not_picked":["Sweeping Beam","Biased Cognition"],"picked":"Rip and Tear","floor":12.0},{"not_picked":["Reboot","Fission"],"picked":"Echo Form","floor":16.0},{"not_picked":["Sweeping Beam","Capacitor"],"picked":"Gash","floor":18.0},{"not_picked":["Capacitor","BootSequence"],"picked":"Conserve Battery","floor":22.0}],"player_experience":1834312,"relics_obtained":[{"floor":8.0,"key":"Pen Nib"},{"floor":9.0,"key":"PreservedInsect"},{"floor":12.0,"key":"Orichalcum"}],"event_choices":[{"damage_healed":0.0,"max_hp_gain":0.0,"max_hp_loss":0.0,"gold_gain":150.0,"event_name":"Liars Game","player_choice":"AGREE","floor":2.0,"gold_loss":0.0,"damage_taken":0.0,"cards_obtained":["Doubt"]},{"cards_removed":["Doubt"],"damage_healed":0.0,"max_hp_gain":0.0,"max_hp_loss":0.0,"gold_gain":0.0,"event_name":"Fountain of Cleansing","player_choice":"Removed Curses","floor":3.0,"gold_loss":0.0,"damage_taken":0.0},{"damage_healed":0.0,"max_hp_gain":0.0,"max_hp_loss":0.0,"gold_gain":0.0,"event_name":"Scrap Ooze","player_choice":"Success","floor":13.0,"gold_loss":0.0,"damage_taken":18.0,"relics_obtained":["Strawberry"]},{"damage_healed":0.0,"max_hp_gain":0.0,"max_hp_loss":0.0,"gold_gain":0.0,"event_name":"Shining Light","player_choice":"Ignored","floor":14.0,"gold_loss":0.0,"damage_taken":0.0},{"damage_healed":0.0,"max_hp_gain":0.0,"max_hp_loss":0.0,"gold_gain":0.0,"event_name":"Addict","player_choice":"Obtained Relic","floor":19.0,"gold_loss":85.0,"damage_taken":0.0,"relics_obtained":["Omamori"]},{"damage_healed":0.0,"max_hp_gain":0.0,"max_hp_loss":0.0,"gold_gain":0.0,"event_name":"FaceTrader","player_choice":"Trade","floor":21.0,"gold_loss":0.0,"damage_taken":0.0,"relics_obtained":["CultistMask"]}],"is_beta":false,"boss_relics":[{"not_picked":["FrozenCore","Fusion Hammer"],"picked":"Cursed Key"}],"items_purged_floors":[11],"is_endless":false,"potions_floor_spawned":[1,4,7,18],"killed_by":"Book of Stabbing","ascension_level":18}}