{"host":"edc6wmn2qug8wnvl","time":1611653536,"event":{"mods":["AchievementEnabler","BaseMod","Colored Map","Colored Powertips","Minty Spire (QoL Compilation)","StSLib"],"gold_per_floor":[115,133,133,146,161,161,174,193,220,236,253,264,264,281,281,386,386,404,421,108,119,119,119,119],"floor_reached":23,"language":"ENG","playtime":1564,"items_purged":[],"score":191,"play_id":"c3973e8e-af92-4b66-9f1c-ce3240d7ead8","local_time":"20210126013216","is_ascension_mode":false,"campfire_choices":[{"floor":6,"key":"REST"},{"data":"Rage","floor":13,"key":"SMITH"},{"data":"Sword Boomerang","floor":15,"key":"SMITH"}],"circlet_count":0,"master_deck":["Strike_R","Strike_R","Strike_R","Strike_R","Strike_R+1","Defend_R","Defend_R","Defend_R","Defend_R","Bash+1","Reckless Charge","Power Through","Hemokinesis","Rage+1","Anger","Bloodletting","Body Slam","Headbutt","Shrug It Off","Sword Boomerang+1","Impervious","Flame Barrier","Cleave+1","Fire Breathing","Heavy Blade","Violence","Rupture","Writhe"],"relics":["Burning Blood","NeowsBlessing","Blood Vial","Sozu","Regal Pillow"],"acts_visited":["Exordium","TheCity"],"potions_floor_usage":[5,7,10,12,16],"damage_taken":[{"damage":0,"enemies":"2 Louse","floor":1,"turns":1},{"damage":0,"enemies":"Small Slimes","floor":2,"turns":1},{"damage":0,"enemies":"Jaw Worm","floor":4,"turns":1},{"damage":16,"enemies":"3 Louse","floor":5,"turns":4},{"damage":11,"enemies":"Large Slime","floor":7,"turns":6},{"damage":2,"enemies":"2 Fungi Beasts","floor":8,"turns":2},{"damage":4,"enemies":"3 Louse","floor":10,"turns":3},{"damage":5,"enemies":"Blue Slaver","floor":11,"turns":2},{"damage":9,"enemies":"2 Fungi Beasts","floor":12,"turns":4},{"damage":7,"enemies":"Large Slime","floor":14,"turns":4},{"damage":76,"enemies":"The Guardian","floor":16,"turns":11},{"damage":5,"enemies":"Chosen","floor":18,"turns":4},{"damage":10,"enemies":"Shell Parasite","floor":19,"turns":6},{"damage":35,"enemies":"3 Cultists","floor":21,"turns":7},{"damage":62,"enemies":"Slavers","floor":23,"turns":4}],"seed_played":"7783118265445283428","potions_obtained":[{"floor":1,"key":"PowerPotion"},{"floor":4,"key":"Strength Potion"},{"floor":7,"key":"AttackPotion"},{"floor":10,"key":"Weak Potion"},{"floor":14,"key":"Strength Potion"}],"is_trial":false,"path_per_floor":["M","M","?","M","M","R","M","M","T","M","M","M","R","M","R","B",null,"M","M","$","M","?","E"],"character_chosen":"IRONCLAD","items_purchased":["Fire Breathing","Heavy Blade","Violence"],"campfire_rested":1,"item_purchase_floors":[20,20,20],"current_hp_per_floor":[80,80,64,70,60,80,75,79,79,80,80,77,77,78,78,10,80,80,76,76,49,49,0,0],"gold":119,"neow_bonus":"THREE_ENEMY_KILL","is_daily":false,"chose_seed":false,"campfire_upgraded":2,"win_rate":0.0,"timestamp":1611653536,"path_taken":["M","M","?","M","M","R","M","M","T","M","M","M","R","M","R","BOSS","M","M","$","M","?","E"],"items_purchased_type":["Card","Card","Card"],"build_version":"2020-12-22","purchased_purges":0,"victory":false,"max_hp_per_floor":[80,80,80,80,80,80,80,80,80,80,80,80,80,80,80,80,80,80,80,80,80,80,80,80],"card_choices":[{"not_picked":["Metallicize","Pommel Strike"],"picked":"Reckless Charge","floor":1},{"not_picked":["Combust","Body Slam"],"picked":"Power Through","floor":2},{"not_picked":["Cleave","Intimidate"],"picked":"Hemokinesis","floor":4},{"not_picked":["Armaments","Pummel"],"picked":"Rage","floor":5},{"not_picked":["Corruption","Iron Wave"],"picked":"Anger","floor":7},{"not_picked":["Thunderclap","Feel No Pain"],"picked":"Bloodletting","floor":8},{"not_picked":["Reckless Charge","Ghostly Armor"],"picked":"Body Slam","floor":10},{"not_picked":["Clothesline","Flex"],"picked":"Headbutt","floor":11},{"not_picked":["True Grit","Burning Pact"],"picked":"Shrug It Off","floor":12},{"not_picked":["Flex","Seeing Red"],"picked":"Sword Boomerang","floor":14},{"not_picked":["Demon Form","Corruption"],"picked":"Impervious","floor":16},{"not_picked":["Clash+1","Pommel Strike"],"picked":"Flame Barrier","floor":18},{"not_picked":["Clothesline","Battle Trance"],"picked":"Cleave+1","floor":19},{"not_picked":["Cleave","Seeing Red+1"],"picked":"Rupture","floor":21}],"player_experience":48292,"relics_obtained":[{"floor":9,"key":"Blood Vial"}],"event_choices":[{"damage_healed":0,"gold_gain":0,"player_choice":"Entered Light","damage_taken":16,"max_hp_gain":0,"max_hp_loss":0,"event_name":"Shining Light","floor":3,"gold_loss":0,"cards_upgraded":["Strike_R","Bash"]},{"damage_healed":0,"gold_gain":0,"player_choice":"Opened","damage_taken":0,"relics_obtained":["Regal Pillow"],"max_hp_gain":0,"max_hp_loss":0,"event_name":"The Mausoleum","floor":22,"gold_loss":0,"cards_obtained":["Writhe"]}],"is_beta":false,"boss_relics":[{"not_picked":["Snecko Eye","Coffee Dripper"],"picked":"Sozu"}],"items_purged_floors":[],"is_endless":false,"potions_floor_spawned":[1,4,7,10,14,18],"killed_by":"Slavers","ascension_level":0}}