{"host":"lrlw254gqe5layub","time":1611650000,"event":{"mods":["AchievementEnabler","BaseMod","Colored Map","Colored Powertips","Minty Spire (QoL Compilation)","Rare Cards Sparkle","SuperFastMode"],"gold_per_floor":[110,110,126,126,146,166,195,370,370,393,393,421,103,114,114,214,214,228,228,243,253,8,38,38,38,38,56,69,69,89,102,102,202,202,221,271,289,289,289,289],"floor_reached":39,"language":"KOR","playtime":1769,"items_purged":["Regret"],"score":578,"play_id":"432b7147-4316-4730-b7a9-90fe936ab54e","local_time":"20210126173320","is_ascension_mode":true,"campfire_choices":[{"floor":11.0,"key":"RECALL"},{"floor":15.0,"key":"REST"},{"floor":25.0,"key":"REST"},{"floor":29.0,"key":"REST"},{"data":"White Noise","floor":32.0,"key":"SMITH"}],"circlet_count":0,"master_deck":["Dualcast","Melter","Go for the Eyes","Undo","White Noise+1","Rebound","Doubt","Barrage","Auto Shields","Beam Cell","Glacier","Consume","Rip and Tear","Go for the Eyes","FTL","Barrage","Compile Driver","Blizzard","Gash","Cold Snap","Seek","Cold Snap","Self Repair","Cold Snap","Sweeping Beam+1","Conserve Battery+1","Darkness+1","Buffer","Redo+1","Loop","Consume"],"relics":["Cracked Core","NeowsBlessing","Vajra","White Beast Statue","Odd Mushroom","Pen Nib","Runic Capacitor","Pandora\u0027s Box","Bronze Scales","Orichalcum","Bottled Flame","Cursed Key","Emotion Chip"],"acts_visited":["Exordium","TheCity","TheBeyond"],"potions_floor_usage":[36],"damage_taken":[{"damage":0.0,"enemies":"Small Slimes","floor":1.0,"turns":1.0},{"damage":0.0,"enemies":"Cultist","floor":3.0,"turns":1.0},{"damage":0.0,"enemies":"Jaw Worm","floor":5.0,"turns":1.0},{"damage":6.0,"enemies":"3 Louse","floor":6.0,"turns":3.0},{"damage":3.0,"enemies":"Lagavulin","floor":7.0,"turns":4.0},{"damage":6.0,"enemies":"The Mushroom Lair","floor":10.0,"turns":3.0},{"damage":23.0,"enemies":"Gremlin Nob","floor":12.0,"turns":4.0},{"damage":8.0,"enemies":"Large Slime","floor":14.0,"turns":3.0},{"damage":3.0,"enemies":"Hexaghost","floor":16.0,"turns":14.0},{"damage":35.0,"enemies":"2 Thieves","floor":18.0,"turns":4.0},{"damage":16.0,"enemies":"Chosen","floor":20.0,"turns":5.0},{"damage":10.0,"enemies":"Snake Plant","floor":21.0,"turns":4.0},{"damage":5.0,"enemies":"Gremlin Leader","floor":23.0,"turns":8.0},{"damage":0.0,"enemies":"Sentry and Sphere","floor":27.0,"turns":3.0},{"damage":1.0,"enemies":"Cultist and Chosen","floor":28.0,"turns":6.0},{"damage":10.0,"enemies":"Centurion and Healer","floor":30.0,"turns":5.0},{"damage":7.0,"enemies":"Snecko","floor":31.0,"turns":5.0},{"damage":6.0,"enemies":"Collector","floor":33.0,"turns":14.0},{"damage":12.0,"enemies":"3 Darklings","floor":35.0,"turns":6.0},{"damage":40,"enemies":"2 Orb Walkers","floor":36,"turns":5},{"damage":11,"enemies":"3 Shapes","floor":37,"turns":3},{"damage":28,"enemies":"3 Darklings","floor":39,"turns":2}],"seed_played":"7307352859943078698","potions_obtained":[{"floor":3.0,"key":"EntropicBrew"},{"floor":5.0,"key":"AttackPotion"},{"floor":6.0,"key":"FearPotion"},{"floor":10.0,"key":"SkillPotion"},{"floor":12.0,"key":"FocusPotion"},{"floor":14.0,"key":"Dexterity Potion"},{"floor":16.0,"key":"FocusPotion"},{"floor":21.0,"key":"ColorlessPotion"},{"floor":23.0,"key":"Strength Potion"},{"floor":27.0,"key":"Block Potion"},{"floor":30.0,"key":"FearPotion"},{"floor":33.0,"key":"PowerPotion"},{"floor":36,"key":"DuplicationPotion"}],"is_trial":false,"path_per_floor":["M","?","M","?","M","M","E","?","T","?","R","E","$","M","R","B",null,"M","?","M","M","$","E","$","R","T","M","M","R","M","M","R","B",null,"M","?","M","?","M"],"character_chosen":"DEFECT","items_purchased":["Runic Capacitor","Beam Cell","Glacier","Self Repair","Bronze Scales","Cold Snap"],"campfire_rested":3,"item_purchase_floors":[13,13,13,22,22,22],"current_hp_per_floor":[68,68,68,68,68,62,59,59,59,53,53,30,30,22,44,41,67,32,32,16,6,6,8,8,30,30,37,43,65,55,48,48,49,69,64,31,20,20,0,0],"gold":289,"neow_bonus":"THREE_ENEMY_KILL","is_daily":false,"chose_seed":false,"campfire_upgraded":1,"win_rate":0.0,"timestamp":1611650000,"path_taken":["M","?","?","?","M","M","E","?","T","?","R","E","$","M","R","BOSS","M","?","M","M","$","E","$","R","T","M","M","R","?","M","R","BOSS","M","?","M","?","M"],"items_purchased_type":["Relic","Card","Card","Card","Relic","Card"],"build_version":"2020-12-22","purchased_purges":1,"victory":false,"max_hp_per_floor":[75,75,75,75,75,75,75,75,75,75,75,75,75,75,75,75,75,75,75,75,75,75,75,75,75,75,75,75,75,75,75,75,75,75,75,75,75,75,75,75],"card_choices":[{"not_picked":["Redo","Gash"],"picked":"Melter","floor":1.0},{"not_picked":["Stack","Force Field"],"picked":"Go for the Eyes","floor":3.0},{"not_picked":["Go for the Eyes","Rebound"],"picked":"Undo","floor":5.0},{"not_picked":["Compile Driver","Streamline"],"picked":"White Noise","floor":6.0},{"not_picked":["Reprogram","Turbo"],"picked":"Rebound","floor":7.0},{"not_picked":["Gash","Compile Driver"],"picked":"Barrage","floor":10.0},{"not_picked":["Machine Learning","Beam Cell"],"picked":"Auto Shields","floor":12.0},{"not_picked":["Compile Driver","Streamline"],"picked":"Consume","floor":14.0},{"not_picked":["Aggregate","Lockon"],"picked":"Cold Snap","floor":18.0},{"not_picked":["Streamline","Redo"],"picked":"Seek","floor":20.0},{"not_picked":["Compile Driver","Auto Shields+1"],"picked":"Cold Snap","floor":21.0},{"not_picked":["Reprogram","Rainbow"],"picked":"Sweeping Beam+1","floor":23.0},{"not_picked":["Rebound","Sweeping Beam"],"picked":"Conserve Battery+1","floor":27.0},{"not_picked":["Ball Lightning","Sunder","Chaos"],"picked":"SKIP","floor":28.0},{"not_picked":["Go for the Eyes","Sunder"],"picked":"Darkness+1","floor":30.0},{"not_picked":["Storm","Rebound","Skim"],"picked":"SKIP","floor":31.0},{"not_picked":["Hyperbeam","Meteor Strike"],"picked":"Buffer","floor":33.0},{"not_picked":["Beam Cell+1","Go for the Eyes+1"],"picked":"Redo+1","floor":35.0},{"not_picked":["Cold Snap","Chaos"],"picked":"Loop","floor":36},{"not_picked":["Melter","Leap"],"picked":"Consume","floor":37}],"player_experience":461332,"relics_obtained":[{"floor":7.0,"key":"White Beast Statue"},{"floor":10.0,"key":"Odd Mushroom"},{"floor":12.0,"key":"Pen Nib"},{"floor":23.0,"key":"Orichalcum"},{"floor":26.0,"key":"Bottled Flame"},{"floor":36,"key":"Emotion Chip"}],"event_choices":[{"cards_removed":["Strike_B"],"damage_healed":0.0,"max_hp_gain":0.0,"max_hp_loss":0.0,"gold_gain":0.0,"event_name":"Purifier","player_choice":"Purged","floor":2.0,"gold_loss":0.0,"damage_taken":0.0},{"damage_healed":0.0,"max_hp_gain":0.0,"max_hp_loss":0.0,"gold_gain":0.0,"event_name":"Big Fish","player_choice":"Box","floor":4.0,"gold_loss":0.0,"damage_taken":0.0,"relics_obtained":["Vajra"],"cards_obtained":["Regret"]},{"damage_healed":0.0,"max_hp_gain":0.0,"max_hp_loss":0.0,"gold_gain":175.0,"event_name":"Liars Game","player_choice":"AGREE","floor":8.0,"gold_loss":0.0,"damage_taken":0.0,"cards_obtained":["Doubt"]},{"damage_healed":0.0,"max_hp_gain":0.0,"max_hp_loss":0.0,"gold_gain":0.0,"event_name":"Mushrooms","player_choice":"Fought Mushrooms","floor":10.0,"gold_loss":0.0,"damage_taken":0.0},{"damage_healed":0.0,"max_hp_gain":0.0,"max_hp_loss":0.0,"gold_gain":0.0,"event_name":"The Woman in Blue","player_choice":"Bought 0 Potions","floor":19.0,"gold_loss":0.0,"damage_taken":0.0},{"damage_healed":0,"gold_gain":0,"player_choice":"Fight","damage_taken":0,"max_hp_gain":0,"max_hp_loss":0,"event_name":"Mysterious Sphere","floor":36,"gold_loss":0},{"cards_removed":["Zap"],"damage_healed":0,"gold_gain":0,"player_choice":"Removed Skill","damage_taken":0,"max_hp_gain":0,"max_hp_loss":0,"event_name":"Falling","floor":38,"gold_loss":0}],"is_beta":false,"boss_relics":[{"not_picked":["Runic Pyramid","Runic Dome"],"picked":"Pandora\u0027s Box"},{"not_picked":["Tiny House","Velvet Choker"],"picked":"Cursed Key"}],"items_purged_floors":[13],"is_endless":false,"potions_floor_spawned":[3,5,6,10,12,14,16,18,20,21,23,27,28,30,31,33,35,36,37],"killed_by":"3 Darklings","ascension_level":8}}