{"host":"xmr2g8b7eju0288o","time":1611676094,"event":{"mods":["AchievementEnabler","BaseMod","Colored Map","Colored Powertips","Infinite Spire","KOR Keyword Fix","Minty Spire (QoL Compilation)","Quick Restart","Replay The Spire","Spicy Shops","StSLib","SuperFastMode"],"gold_per_floor":[114,114,133,151,163,191,191,221,244,244,277,185,22,22,22,96,96,116,116,38,38,58,87,87,112,135,135,175,196,196,196],"floor_reached":30,"language":"KOR","playtime":957,"items_purged":["Injury"],"score":608,"play_id":"a5e40c0d-4dbc-40f5-8998-429719d4d6b7","local_time":"20210127004814","daily_mods":["Heirloom","DeadlyEvents","Elite Swarm","Uncertain Future"],"is_ascension_mode":true,"campfire_choices":[{"floor":7.0,"key":"REST"},{"floor":10.0,"key":"REST"},{"data":"Bludgeon","floor":15.0,"key":"SMITH"},{"data":"Pot Of Greed","floor":24.0,"key":"SMITH"},{"data":"Pot Of Greed","floor":27.0,"key":"SMITH"}],"circlet_count":0,"master_deck":["AscendersBane","Strike_R","Strike_R","Strike_R","Strike_R","Defend_R","Defend_R","Defend_R","Defend_R","Bash","Iron Wave","Metallicize","Bludgeon+1","Pot Of Greed+1","Pot Of Greed+1","Bludgeon","Limit Break","Cleave+1","Shrug It Off","Reaper","ReplayTheSpireMod:Echoes of Time","Iron Wave+1"],"relics":["Burning Blood","Counterbalance","Question Card","PreservedInsect","Grinning Jar","Lantern","Quantum Egg","ReplayTheSpireMod:CursedCoin","Lee\u0027s Waffle","Oddly Smooth Stone","ReplayTheSpireMod:Spearhead","Painkiller Herb","Frozen Eye","Charon\u0027s Ashes","Replay:WaspNest","Another Sword","Pet Ghost","CeramicFish"],"acts_visited":["Exordium","TheCity"],"potions_floor_usage":[28],"damage_taken":[{"damage":6.0,"enemies":"Cultist","floor":1.0,"turns":3.0},{"damage":19.0,"enemies":"Jaw Worm","floor":3.0,"turns":4.0},{"damage":14.0,"enemies":"Small Slimes","floor":4.0,"turns":4.0},{"damage":19.0,"enemies":"Blue Slaver","floor":5.0,"turns":4.0},{"damage":15.0,"enemies":"Replay:BlueRogue","floor":6.0,"turns":10.0},{"damage":25.0,"enemies":"Lagavulin","floor":8.0,"turns":5.0},{"damage":12.0,"enemies":"3 Sentries","floor":11.0,"turns":6.0},{"damage":76.0,"enemies":"The Guardian","floor":16.0,"turns":9.0},{"damage":9.0,"enemies":"Chosen","floor":18.0,"turns":3.0},{"damage":0.0,"enemies":"Spheric Guardian","floor":22.0,"turns":3.0},{"damage":15.0,"enemies":"Slavers","floor":23.0,"turns":2.0},{"damage":27.0,"enemies":"Book of Stabbing","floor":25.0,"turns":4.0},{"damage":25,"enemies":"Nightmare","floor":28,"turns":5},{"damage":3,"enemies":"Snecko","floor":29,"turns":3},{"damage":24,"enemies":"Snake Plant","floor":30,"turns":1}],"seed_played":"-7119434721025938144","potions_obtained":[{"floor":1.0,"key":"Venom Potion"},{"floor":5.0,"key":"Elixir"},{"floor":8.0,"key":"SteroidPotion"},{"floor":11.0,"key":"EssenceOfSteel"},{"floor":16.0,"key":"SkillPotion"},{"floor":22.0,"key":"LiquidMemories"},{"floor":23.0,"key":"Dexterity Potion"},{"floor":25.0,"key":"GamblersBrew"},{"floor":29,"key":"GamblersBrew"}],"is_trial":true,"path_per_floor":["M","?","M","M","M","E","R","E","T","R","E","$","$","T","R","B",null,"?","?","T","AVR","?","E","T","E","T","T","NM","?","?"],"character_chosen":"IRONCLAD","items_purchased":["ReplayTheSpireMod:CursedCoin","Lee\u0027s Waffle","Oddly Smooth Stone","Frozen Eye"],"campfire_rested":2,"item_purchase_floors":[12,12,13,20],"current_hp_per_floor":[68,50,37,29,16,7,29,10,10,32,26,82,82,82,82,12,65,62,62,62,62,68,59,59,38,38,38,19,22,0,0],"gold":196,"neow_bonus":"","is_daily":false,"chose_seed":false,"campfire_upgraded":3,"win_rate":0.0,"timestamp":1611676094,"path_taken":["M","?","M","M","M","E","R","E","T","R","E","?","$","?","R","BOSS","?","?","?","AVR","?","E","T","E","T","T","NM","?","?"],"items_purchased_type":["Relic","Relic","Relic","Relic"],"build_version":"2020-12-22","purchased_purges":1,"victory":false,"max_hp_per_floor":[75,75,75,75,75,75,75,75,75,75,75,82,82,82,82,82,82,82,82,82,82,82,82,82,82,82,82,82,82,82,82],"card_choices":[{"not_picked":["Wild Strike","Clothesline","Reckless Charge"],"picked":"SKIP","floor":1.0},{"not_picked":["Flex","Perfected Strike","ReplayTheSpireMod:LeadingStrike"],"picked":"Iron Wave","floor":3.0},{"not_picked":["ReplayTheSpireMod:LeadingStrike","Uppercut","Replay:Undeath\u0027s Touch","Havoc"],"picked":"SKIP","floor":4.0},{"not_picked":["Armaments","Massacre","Infernal Blade"],"picked":"Metallicize","floor":5.0},{"not_picked":["Barricade","Offering","Demon Form"],"picked":"Bludgeon","floor":6.0},{"not_picked":["Demon Form","Hemogenesis","Offering","Brutality"],"picked":"SKIP","floor":8.0},{"not_picked":["Replay:Many Hands","Limit Break","Fiend Fire"],"picked":"Bludgeon","floor":11.0},{"not_picked":["Juggernaut","Offering","Impervious"],"picked":"Limit Break","floor":16.0},{"not_picked":["Anger+1","Heavy Blade","Havoc"],"picked":"Cleave+1","floor":18.0},{"not_picked":["Searing Blow","Heavy Blade","Headbutt"],"picked":"Shrug It Off","floor":22.0},{"not_picked":["Limit Break","Exhume","Barricade","Hemogenesis"],"picked":"SKIP","floor":23.0},{"not_picked":["Hemogenesis","Exhume","Offering"],"picked":"Reaper","floor":25.0},{"not_picked":["infinitespire:Execution","ReplayTheSpireMod:??????????????????????"],"picked":"ReplayTheSpireMod:Echoes of Time","floor":28},{"not_picked":["Barricade","Eclipse","Hemogenesis","Fiend Fire"],"picked":"SKIP","floor":28},{"not_picked":["infinitespire:OneForAll","Replay:Undeath\u0027s Touch","Evolve"],"picked":"Iron Wave+1","floor":29}],"player_experience":79035,"relics_obtained":[{"floor":6.0,"key":"PreservedInsect"},{"floor":8.0,"key":"Grinning Jar"},{"floor":9.0,"key":"Lantern"},{"floor":11.0,"key":"Quantum Egg"},{"floor":14.0,"key":"ReplayTheSpireMod:Spearhead"},{"floor":23.0,"key":"Replay:WaspNest"},{"floor":25.0,"key":"Another Sword"},{"floor":26.0,"key":"Pet Ghost"},{"floor":28,"key":"CeramicFish"}],"event_choices":[{"damage_healed":0.0,"max_hp_gain":0.0,"max_hp_loss":0.0,"gold_gain":0.0,"event_name":"Scrap Ooze","player_choice":"Success","floor":2.0,"gold_loss":0.0,"damage_taken":18.0,"relics_obtained":["Question Card"]},{"cards_removed":["Strike_R"],"damage_healed":0.0,"max_hp_gain":0.0,"max_hp_loss":0.0,"gold_gain":0.0,"event_name":"Back to Basics","player_choice":"Elegance","floor":19.0,"gold_loss":0.0,"damage_taken":0.0}],"is_beta":false,"boss_relics":[{"not_picked":["Coffee Dripper","Honey Jar"],"picked":"Painkiller Herb"}],"items_purged_floors":[12],"is_endless":false,"potions_floor_spawned":[1,5,8,11,16,22,23,25,29],"killed_by":"Snake Plant","ascension_level":20}}