{"host":"15dd7v8o90xso62x","time":1611652249,"event":{"mods":["BaseMod","Minty Spire (QoL Compilation)","Quick Restart","StSLib","SuperFastMode"],"gold_per_floor":[112,187,187,28,28,68,84,84,155,178,103,137,37,56,56,149,149,167,42,60,60,60,60,78,111,111,130,130,110,123,139,139,234,234,252,252,21,84,104,104,127,127,127],"floor_reached":42,"language":"KOR","playtime":1805,"items_purged":["Strike_B","Strike_B","Scrape","Force Field"],"score":902,"play_id":"a84fcd4e-7422-4417-aa9c-aeee65ba65ac","local_time":"20210126181049","is_ascension_mode":true,"campfire_choices":[{"data":"Zap","floor":8.0,"key":"SMITH"},{"data":"Coolheaded","floor":15.0,"key":"SMITH"},{"data":"Loop","floor":23.0,"key":"SMITH"},{"data":"Skim","floor":32,"key":"SMITH"},{"data":"Coolheaded","floor":40,"key":"SMITH"}],"circlet_count":0,"master_deck":["AscendersBane","Zap+1","Dualcast","Self Repair","Glacier","Genetic Algorithm","Ball Lightning","Coolheaded+1","Core Surge","Loop+1","FTL","Compile Driver","Skim+1","Turbo","Electrodynamics","BootSequence","Capacitor","Coolheaded+1"],"relics":["Cracked Core","NeowsBlessing","Golden Idol","Vajra","Anchor","Sundial","White Beast Statue","Pandora\u0027s Box","Enchiridion","Happy Flower","Bronze Scales","MutagenicStrength","Runic Pyramid","Prayer Wheel"],"acts_visited":["Exordium","TheCity","TheBeyond"],"potions_floor_usage":[30,38,38,41],"damage_taken":[{"damage":0.0,"enemies":"Small Slimes","floor":1.0,"turns":1.0},{"damage":0.0,"enemies":"Gremlin Nob","floor":6.0,"turns":1.0},{"damage":0.0,"enemies":"2 Louse","floor":7.0,"turns":1.0},{"damage":0.0,"enemies":"Jaw Worm","floor":10.0,"turns":5.0},{"damage":8.0,"enemies":"Lagavulin","floor":12.0,"turns":6.0},{"damage":2.0,"enemies":"3 Louse","floor":14.0,"turns":4.0},{"damage":13.0,"enemies":"The Guardian","floor":16.0,"turns":13.0},{"damage":9.0,"enemies":"2 Thieves","floor":18.0,"turns":5.0},{"damage":0.0,"enemies":"Shell Parasite","floor":20.0,"turns":6.0},{"damage":0.0,"enemies":"Snake Plant","floor":24.0,"turns":4.0},{"damage":33.0,"enemies":"Book of Stabbing","floor":25.0,"turns":7.0},{"damage":6.0,"enemies":"3 Cultists","floor":27.0,"turns":5.0},{"damage":9,"enemies":"Snecko","floor":30,"turns":4},{"damage":0,"enemies":"Cultist and Chosen","floor":31,"turns":4},{"damage":13,"enemies":"Automaton","floor":33,"turns":10},{"damage":4,"enemies":"Orb Walker","floor":35,"turns":3},{"damage":25,"enemies":"2 Orb Walkers","floor":38,"turns":4},{"damage":0,"enemies":"3 Shapes","floor":39,"turns":3},{"damage":12,"enemies":"Spire Growth","floor":41,"turns":4},{"damage":73,"enemies":"Nemesis","floor":42,"turns":8}],"seed_played":"-7814006241430428","potions_obtained":[{"floor":12.0,"key":"Energy Potion"},{"floor":14.0,"key":"PowerPotion"},{"floor":16.0,"key":"Swift Potion"},{"floor":18.0,"key":"Block Potion"},{"floor":25.0,"key":"Fruit Juice"},{"floor":27.0,"key":"Weak Potion"},{"floor":30,"key":"Fruit Juice"},{"floor":31,"key":"BlessingOfTheForge"},{"floor":35,"key":"PowerPotion"},{"floor":38,"key":"Strength Potion"},{"floor":39,"key":"FocusPotion"},{"floor":41,"key":"Energy Potion"}],"is_trial":false,"path_per_floor":["M","?","?","$","?","E","M","R","T","M","?","E","$","M","R","B",null,"M","$","M","?","?","R","M","E","T","M","?","?","M","M","R","B",null,"M","?","$","?","M","R","M","E"],"character_chosen":"DEFECT","items_purchased":["Self Repair","Capacitor"],"campfire_rested":0,"item_purchase_floors":[4,37],"current_hp_per_floor":[64,53,29,29,24,24,31,31,31,38,38,37,37,42,42,36,62,60,60,67,46,46,46,53,32,32,33,33,33,36,43,43,37,70,73,73,73,55,62,62,57,0,0],"gold":127,"neow_bonus":"THREE_ENEMY_KILL","is_daily":false,"chose_seed":false,"campfire_upgraded":5,"win_rate":0.0,"timestamp":1611652249,"path_taken":["M","?","?","$","?","E","M","R","T","M","?","E","?","M","R","BOSS","M","$","M","?","?","R","M","E","T","M","?","?","?","?","R","BOSS","M","?","$","?","M","R","M","E"],"items_purchased_type":["Card","Card"],"build_version":"2020-12-22","purchased_purges":4,"victory":false,"max_hp_per_floor":[71,71,71,71,71,71,71,71,71,71,71,71,71,71,71,71,71,71,71,71,71,71,71,71,76,76,76,76,76,81,81,81,81,81,81,81,81,81,81,81,81,81,81],"card_choices":[{"not_picked":["Barrage","Go for the Eyes"],"picked":"Cold Snap","floor":1.0},{"not_picked":["Sweeping Beam","Beam Cell"],"picked":"Glacier","floor":6.0},{"not_picked":["Go for the Eyes","Auto Shields"],"picked":"Genetic Algorithm","floor":7.0},{"not_picked":["Leap","Steam"],"picked":"Ball Lightning","floor":10.0},{"not_picked":["Beam Cell","Heatsinks"],"picked":"Coolheaded","floor":12.0},{"not_picked":["Conserve Battery","Blizzard","Heatsinks"],"picked":"SKIP","floor":14.0},{"not_picked":["Meteor Strike","Seek"],"picked":"Core Surge","floor":16.0},{"not_picked":["Steam","Reinforced Body","Loop"],"picked":"SKIP","floor":18.0},{"not_picked":["Streamline","Compile Driver","Reprogram"],"picked":"SKIP","floor":20.0},{"not_picked":["Turbo","Compile Driver","Gash"],"picked":"SKIP","floor":24.0},{"not_picked":["Stack","Steam Power","Double Energy"],"picked":"SKIP","floor":25.0},{"not_picked":["Go for the Eyes","Ball Lightning"],"picked":"Skim","floor":27.0},{"not_picked":["Conserve Battery","Doom and Gloom","Steam Power"],"picked":"SKIP","floor":30},{"not_picked":["Aggregate","Go for the Eyes"],"picked":"Turbo","floor":31},{"not_picked":["Amplify","Buffer"],"picked":"Electrodynamics","floor":33},{"not_picked":["Leap","Beam Cell"],"picked":"BootSequence","floor":35},{"not_picked":["Double Energy+1","Heatsinks+1"],"picked":"Coolheaded","floor":39},{"not_picked":["Gash+1","Double Energy+1","Cold Snap"],"picked":"SKIP","floor":39},{"not_picked":["Streamline+1","Hello World","Conserve Battery"],"picked":"SKIP","floor":41},{"not_picked":["Glacier","Ball Lightning+1","Conserve Battery+1"],"picked":"SKIP","floor":41}],"player_experience":889972,"relics_obtained":[{"floor":6.0,"key":"Anchor"},{"floor":9.0,"key":"Sundial"},{"floor":12.0,"key":"White Beast Statue"},{"floor":21.0,"key":"Enchiridion"},{"floor":25.0,"key":"Happy Flower"},{"floor":26.0,"key":"Bronze Scales"},{"floor":38,"key":"Prayer Wheel"}],"event_choices":[{"damage_healed":0.0,"max_hp_gain":0.0,"max_hp_loss":0.0,"gold_gain":75.0,"event_name":"World of Goop","player_choice":"Gather Gold","floor":2.0,"gold_loss":0.0,"damage_taken":11.0},{"damage_healed":0.0,"max_hp_gain":0.0,"max_hp_loss":0.0,"gold_gain":0.0,"event_name":"Golden Idol","player_choice":"Take Damage","floor":3.0,"gold_loss":0.0,"damage_taken":24.0,"relics_obtained":["Golden Idol"]},{"damage_healed":0.0,"max_hp_gain":0.0,"max_hp_loss":0.0,"gold_gain":0.0,"event_name":"Scrap Ooze","player_choice":"Success","floor":5.0,"gold_loss":0.0,"damage_taken":5.0,"relics_obtained":["Vajra"]},{"cards_removed":["Strike_B"],"damage_healed":0.0,"max_hp_gain":0.0,"max_hp_loss":0.0,"gold_gain":0.0,"event_name":"The Cleric","player_choice":"Card Removal","floor":11.0,"gold_loss":75.0,"damage_taken":0.0},{"damage_healed":0.0,"max_hp_gain":0.0,"max_hp_loss":0.0,"gold_gain":0.0,"event_name":"Cursed Tome","player_choice":"Obtained Book","floor":21.0,"gold_loss":0.0,"damage_taken":21.0},{"damage_healed":0.0,"max_hp_gain":0.0,"max_hp_loss":0.0,"gold_gain":0.0,"event_name":"Vampires","player_choice":"Ignored","floor":22.0,"gold_loss":0.0,"damage_taken":0.0},{"damage_healed":0,"gold_gain":0,"player_choice":"Inject Mutagens","damage_taken":0,"relics_obtained":["MutagenicStrength"],"max_hp_gain":0,"max_hp_loss":0,"event_name":"Drug Dealer","floor":28,"gold_loss":0},{"damage_healed":0,"gold_gain":0,"player_choice":"Bought 1 Potion","damage_taken":0,"max_hp_gain":0,"max_hp_loss":0,"event_name":"The Woman in Blue","floor":29,"gold_loss":0},{"cards_removed":["Cold Snap"],"damage_healed":0,"gold_gain":0,"player_choice":"Removed Attack","damage_taken":0,"max_hp_gain":0,"max_hp_loss":0,"event_name":"Falling","floor":36,"gold_loss":0},{"damage_healed":0,"gold_gain":0,"player_choice":"Fight","damage_taken":0,"max_hp_gain":0,"max_hp_loss":0,"event_name":"Mysterious Sphere","floor":38,"gold_loss":0}],"is_beta":false,"boss_relics":[{"not_picked":["FrozenCore","Ectoplasm"],"picked":"Pandora\u0027s Box"},{"not_picked":["Cursed Key","Astrolabe"],"picked":"Runic Pyramid"}],"items_purged_floors":[4,13,19,37],"is_endless":false,"potions_floor_spawned":[12,14,16,18,20,24,25,27,30,31,33,35,38,39,41],"killed_by":"Nemesis","ascension_level":20}}