{"host":"qy1e0kd24tpj3i2m","time":1611679125,"event":{"mods":["Act Like it!","Alarm Clock","BaseMod","Better Skull","Better Vampires","Colored Map","Colored Powertips","Custom Start","Faster Ascension Climbing","Friendly Minions","GifTheSpireLib","Gremlin Skip","Highlight Path","Minty Spire (QoL Compilation)","Permanent Neow","Poor People Problems","Quick Restart","Red Circlet Mod","Relic Filter Mod","Relic Sorter","Reorder Act Four","SacredBarkPlus","Shop Mod","StSLib","SuperFastMode","Transform Curses","没有小屋子和绿帽子啦"],"gold_per_floor":[119,134,59,59,71,398,398,417,417,417,417,427,427,41,41,116,116,134,134,134,134,50,50,61,80,107,127,137,137,137,164,164,164,164],"floor_reached":33,"language":"ZHS","playtime":934,"items_purged":["Bash","Pain"],"score":490,"play_id":"3fb26854-2c1f-427e-aaaa-d30ed2e65b49","local_time":"20210127013845","is_ascension_mode":true,"campfire_choices":[{"data":"Evolve","floor":7.0,"key":"SMITH"},{"floor":13.0,"key":"RECALL"},{"data":"Shrug It Off","floor":15.0,"key":"SMITH"},{"data":"Rage","floor":23.0,"key":"SMITH"},{"data":"Barricade","floor":29.0,"key":"SMITH"},{"floor":32.0,"key":"REST"}],"circlet_count":0,"master_deck":["AscendersBane","Strike_R","Strike_R","Strike_R","Strike_R","Defend_R","Defend_R","Defend_R","Shrug It Off","Evolve+1","Shrug It Off+1","Sword Boomerang+1","Uppercut+1","Barricade+1","Feel No Pain","Rage+1","Fire Breathing","Reckless Charge+1","Ghostly Armor+1","True Grit"],"relics":["Burning Blood","Charon\u0027s Ashes","Molten Egg 2","Mummified Hand","WarpedTongs","Membership Card","MerchantsRug","Lantern","Sozu","Orichalcum","Art of War"],"acts_visited":["Exordium","TheCity"],"potions_floor_usage":[],"damage_taken":[{"damage":0.0,"enemies":"Small Slimes","floor":1.0,"turns":2.0},{"damage":1.0,"enemies":"Cultist","floor":2.0,"turns":3.0},{"damage":3.0,"enemies":"2 Louse","floor":5.0,"turns":3.0},{"damage":19.0,"enemies":"3 Sentries","floor":6.0,"turns":6.0},{"damage":1.0,"enemies":"Exordium Wildlife","floor":8.0,"turns":3.0},{"damage":3.0,"enemies":"2 Fungi Beasts","floor":12.0,"turns":4.0},{"damage":9.0,"enemies":"Slime Boss","floor":16.0,"turns":8.0},{"damage":19.0,"enemies":"Shell Parasite","floor":18.0,"turns":4.0},{"damage":0.0,"enemies":"Chosen","floor":24.0,"turns":4.0},{"damage":1.0,"enemies":"Centurion and Healer","floor":25.0,"turns":8.0},{"damage":36.0,"enemies":"Snake Plant","floor":27.0,"turns":4.0},{"damage":10.0,"enemies":"Shelled Parasite and Fungi","floor":28.0,"turns":5.0},{"damage":31,"enemies":"Collector","floor":33,"turns":5}],"seed_played":"3790763981054663348","potions_obtained":[{"floor":5.0,"key":"Weak Potion"},{"floor":6.0,"key":"BloodPotion"},{"floor":12.0,"key":"Fire Potion"}],"is_trial":false,"path_per_floor":["M","M","$","?","M","E","R","M","T","?","?","M","R","$","R","B",null,"M","?","?","?","$","R","M","M","T","M","M","R","?","T","R","B"],"character_chosen":"IRONCLAD","items_purchased":["Membership Card","MerchantsRug","Lantern","Uppercut+1","Orichalcum"],"campfire_rested":1,"item_purchase_floors":[14,14,14,14,22],"current_hp_per_floor":[56,61,61,61,64,51,51,71,71,60,60,63,63,63,63,60,71,58,37,37,37,37,37,43,48,48,18,14,14,14,14,38,7,7],"gold":164,"neow_bonus":"ONE_RARE_RELIC","is_daily":false,"chose_seed":false,"campfire_upgraded":4,"win_rate":0.0,"timestamp":1611679125,"path_taken":["M","M","$","?","M","E","R","?","T","?","?","?","R","$","R","BOSS","M","?","?","?","$","R","M","M","T","M","?","R","?","?","R","BOSS"],"items_purchased_type":["Relic","Relic","Relic","Card","Relic"],"build_version":"2020-12-22","purchased_purges":2,"victory":false,"max_hp_per_floor":[75,75,75,75,75,75,75,75,75,75,75,75,75,75,75,75,75,75,80,80,80,80,80,80,80,80,80,80,80,80,80,80,80,80],"card_choices":[{"not_picked":["Twin Strike","Hemokinesis"],"picked":"Shrug It Off","floor":1.0},{"not_picked":["Sever Soul","Dual Wield","Battle Trance"],"picked":"SKIP","floor":2.0},{"not_picked":["Sever Soul","Dual Wield","Battle Trance"],"picked":"SKIP","floor":2.0},{"not_picked":["Armaments","Perfected Strike","Headbutt"],"picked":"SKIP","floor":5.0},{"not_picked":["Dual Wield","Bloodletting"],"picked":"Evolve","floor":6.0},{"not_picked":["Warcry","Sword Boomerang"],"picked":"Shrug It Off","floor":8.0},{"not_picked":["Second Wind","Carnage+1"],"picked":"Sword Boomerang+1","floor":12.0},{"not_picked":["Bludgeon+1","Impervious"],"picked":"Barricade","floor":16.0},{"not_picked":["True Grit","Dual Wield"],"picked":"Feel No Pain","floor":18.0},{"not_picked":["Heavy Blade+1","Anger+1"],"picked":"Fire Breathing","floor":24.0},{"not_picked":["Body Slam+1","Blood for Blood+1"],"picked":"Reckless Charge+1","floor":25.0},{"not_picked":["Rage","Twin Strike+1"],"picked":"Ghostly Armor+1","floor":27.0},{"not_picked":["Armaments","Heavy Blade+1"],"picked":"True Grit","floor":28.0}],"player_experience":946734,"relics_obtained":[{"floor":6.0,"key":"Old Coin"},{"floor":9.0,"key":"Molten Egg 2"},{"floor":26.0,"key":"Art of War"}],"event_choices":[{"cards_removed":["Defend_R"],"damage_healed":0.0,"max_hp_gain":0.0,"max_hp_loss":0.0,"gold_gain":0.0,"event_name":"Bonfire Elementals","player_choice":"Offered Basic","floor":4.0,"gold_loss":0.0,"damage_taken":0.0},{"damage_healed":0.0,"max_hp_gain":0.0,"max_hp_loss":0.0,"gold_gain":0.0,"event_name":"Scrap Ooze","player_choice":"Success","floor":10.0,"gold_loss":0.0,"damage_taken":11.0,"relics_obtained":["Mummified Hand"]},{"damage_healed":0.0,"max_hp_gain":0.0,"max_hp_loss":0.0,"gold_gain":0.0,"event_name":"Accursed Blacksmith","player_choice":"Rummage","floor":11.0,"gold_loss":0.0,"damage_taken":0.0,"relics_obtained":["WarpedTongs"],"cards_obtained":["Pain"]},{"damage_healed":0.0,"max_hp_gain":5.0,"max_hp_loss":0.0,"gold_gain":0.0,"event_name":"Forgotten Altar","player_choice":"Shed Blood","floor":19.0,"gold_loss":0.0,"damage_taken":26.0},{"damage_healed":0.0,"max_hp_gain":0.0,"max_hp_loss":0.0,"gold_gain":0.0,"event_name":"The Library","player_choice":"Read","floor":20.0,"gold_loss":0.0,"damage_taken":0.0,"cards_obtained":["Rage"]},{"cards_removed":["Strike_R"],"damage_healed":0.0,"max_hp_gain":0.0,"max_hp_loss":0.0,"gold_gain":0.0,"event_name":"Back to Basics","player_choice":"Elegance","floor":21.0,"gold_loss":0.0,"damage_taken":0.0},{"damage_healed":0.0,"max_hp_gain":0.0,"max_hp_loss":0.0,"gold_gain":0.0,"event_name":"Cursed Tome","player_choice":"Ignored","floor":30.0,"gold_loss":0.0,"damage_taken":0.0}],"is_beta":false,"boss_relics":[{"not_picked":["Philosopher\u0027s Stone","Busted Crown"],"picked":"Sozu"}],"items_purged_floors":[3,14],"is_endless":false,"potions_floor_spawned":[5,6,12,24,27],"killed_by":"Collector","ascension_level":20}}