{"host":"mg6qqnp83j5r6p2r","time":1611636755,"event":{"mods":["BaseMod","Colored Map","Colored Powertips","Highlight Path","Minty Spire (QoL Compilation)","Rare Cards Sparkle","Relic Sorter","Relic Stats","StSLib"],"gold_per_floor":[116,131,145,145,162,162,187,205,205,240,240,256,28,61,61,165,165,182,197,197,215,65,96,195,222,222,252,252,268,268,73,73,177,177,190,80,91,31,43,72,92,119,146,173,173,15,15,15,15,15,15,15,15,44,44,44],"floor_reached":55,"language":"ENG","playtime":2579,"items_purged":["Strike_G","Strike_G","Writhe"],"score":941,"play_id":"0e1be4c4-1160-4f70-a474-d20fbb264257","local_time":"20210125225235","is_ascension_mode":true,"campfire_choices":[{"data":"Neutralize","floor":6,"key":"SMITH"},{"floor":11,"key":"REST"},{"floor":15,"key":"RECALL"},{"floor":30,"key":"REST"},{"floor":32,"key":"REST"},{"data":"Terror","floor":45,"key":"SMITH"},{"data":"Backflip","floor":49,"key":"SMITH"},{"data":"Noxious Fumes","floor":52,"key":"SMITH"}],"circlet_count":0,"master_deck":["Strike_G","Strike_G","Strike_G","Defend_G","Defend_G","Defend_G","Defend_G","Defend_G","Survivor","Neutralize+1","Cloak And Dagger","Terror+1","Heel Hook","Leg Sweep","Dagger Spray","Skewer+1","Backflip+1","PiercingWail","Flying Knee","Noxious Fumes+1","Crippling Poison","Blade Dance","Blade Dance","Cloak And Dagger","Flying Knee+1","Accuracy","Adrenaline","Calculated Gamble","After Image","Caltrops","PiercingWail+1","PiercingWail+1","Cloak And Dagger","Sucker Punch+1","Caltrops"],"relics":["Ring of the Snake","Omamori","White Beast Statue","Pantograph","Cursed Key","Vajra","Strawberry","Blood Vial","InkBottle","The Courier","TwistedFunnel","Busted Crown","Mummified Hand","Oddly Smooth Stone","Lantern","Dream Catcher"],"acts_visited":["Exordium","TheCity","TheBeyond","TheEnding"],"potions_floor_usage":[7,14,18,19,21,21,23,23,23,25,27,27,29,40,42,44,50,55,55],"damage_taken":[{"damage":0,"enemies":"Cultist","floor":1,"turns":3},{"damage":3,"enemies":"2 Louse","floor":2,"turns":4},{"damage":2,"enemies":"Jaw Worm","floor":3,"turns":4},{"damage":0,"enemies":"Large Slime","floor":5,"turns":7},{"damage":23,"enemies":"3 Sentries","floor":7,"turns":10},{"damage":7,"enemies":"3 Louse","floor":8,"turns":3},{"damage":19,"enemies":"Gremlin Nob","floor":10,"turns":4},{"damage":1,"enemies":"Exordium Thugs","floor":12,"turns":5},{"damage":22,"enemies":"Lagavulin","floor":14,"turns":6},{"damage":4,"enemies":"Hexaghost","floor":16,"turns":13},{"damage":21,"enemies":"Spheric Guardian","floor":18,"turns":5},{"damage":10,"enemies":"2 Thieves","floor":19,"turns":4},{"damage":7,"enemies":"Chosen and Byrds","floor":21,"turns":5},{"damage":40,"enemies":"Slavers","floor":23,"turns":5},{"damage":1,"enemies":"Gremlin Leader","floor":25,"turns":8},{"damage":20,"enemies":"Slavers","floor":27,"turns":5},{"damage":0,"enemies":"3 Cultists","floor":29,"turns":5},{"damage":41,"enemies":"Champ","floor":33,"turns":10},{"damage":0,"enemies":"3 Shapes","floor":35,"turns":4},{"damage":5,"enemies":"Orb Walker","floor":37,"turns":4},{"damage":0,"enemies":"Transient","floor":39,"turns":5},{"damage":0,"enemies":"Reptomancer","floor":40,"turns":6},{"damage":0,"enemies":"Sphere and 2 Shapes","floor":41,"turns":5},{"damage":11,"enemies":"Nemesis","floor":42,"turns":5},{"damage":0,"enemies":"Reptomancer","floor":44,"turns":5},{"damage":67,"enemies":"Awakened One","floor":50,"turns":13},{"damage":5,"enemies":"Shield and Spear","floor":54,"turns":8},{"damage":101,"enemies":"The Heart","floor":55,"turns":6}],"seed_played":"-2711980358061115117","potions_obtained":[{"floor":1,"key":"Dexterity Potion"},{"floor":5,"key":"Regen Potion"},{"floor":8,"key":"CunningPotion"},{"floor":10,"key":"SkillPotion"},{"floor":14,"key":"FearPotion"},{"floor":16,"key":"SkillPotion"},{"floor":18,"key":"SpeedPotion"},{"floor":19,"key":"Fire Potion"},{"floor":21,"key":"EntropicBrew"},{"floor":23,"key":"GhostInAJar"},{"floor":25,"key":"FearPotion"},{"floor":27,"key":"CunningPotion"},{"floor":29,"key":"Ancient Potion"},{"floor":33,"key":"SneckoOil"},{"floor":35,"key":"Block Potion"},{"floor":37,"key":"FairyPotion"},{"floor":40,"key":"FearPotion"},{"floor":41,"key":"Swift Potion"},{"floor":42,"key":"Energy Potion"},{"floor":44,"key":"FearPotion"},{"floor":54,"key":"Dexterity Potion"}],"is_trial":false,"path_per_floor":["M","M","M","?","M","R","E","M","T","E","R","M","$","E","R","B",null,"M","M","?","M","$","E","?","E","T","E","?","M","R","$","R","B",null,"M","$","M","$","M","E","M","E","T","E","R","$","?","$","R","B",null,"R","$","E","B"],"character_chosen":"THE_SILENT","items_purchased":["Noxious Fumes","Crippling Poison","Vajra","TwistedFunnel","After Image","Caltrops","Caltrops"],"campfire_rested":3,"item_purchase_floors":[13,13,22,31,36,38,46],"current_hp_per_floor":[70,67,65,65,65,65,57,50,50,31,52,51,51,29,29,50,70,49,39,62,55,55,22,22,21,21,3,3,5,28,28,51,36,77,77,77,72,72,74,76,77,66,66,68,68,68,68,68,68,10,77,77,77,72,0,0],"gold":44,"neow_bonus":"THREE_CARDS","is_daily":false,"chose_seed":false,"campfire_upgraded":4,"win_rate":0.0,"timestamp":1611636755,"path_taken":["M","M","M","?","M","R","E","M","T","E","R","M","$","E","R","BOSS","M","?","?","M","$","E","?","E","T","E","?","M","R","$","R","BOSS","M","$","M","$","M","E","M","E","T","E","R","$","?","?","R","BOSS","R","$","E","BOSS"],"items_purchased_type":["Card","Card","Relic","Relic","Card","Card","Card"],"build_version":"2020-12-22","purchased_purges":3,"victory":false,"max_hp_per_floor":[70,70,70,70,70,70,70,70,70,70,70,70,70,70,70,70,70,70,70,70,70,70,77,77,77,77,77,77,77,77,77,77,77,77,77,77,77,77,77,77,77,77,77,77,77,77,77,77,77,77,77,77,77,77,77,77],"relic_stats":{"Blood Vial":17,"Dream Catcher":0,"Busted Crown":16,"counters":[28,167],"Mummified Hand":[27],"Pantograph":59,"Cursed Key":2,"obtain_stats":[{"TwistedFunnel":31,"Lantern":43,"Vajra":22,"Oddly Smooth Stone":42,"The Courier":27,"Omamori":7,"Cursed Key":17,"White Beast Statue":10,"Blood Vial":25,"Dream Catcher":44,"Busted Crown":34,"Mummified Hand":40,"Pantograph":14,"Strawberry":23,"InkBottle":26,"Ring of the Snake":0},{"TwistedFunnel":17,"Lantern":24,"Vajra":13,"Oddly Smooth Stone":24,"The Courier":16,"Omamori":5,"Cursed Key":10,"White Beast Statue":7,"Blood Vial":15,"Dream Catcher":25,"Busted Crown":18,"Mummified Hand":22,"Pantograph":9,"Strawberry":14,"InkBottle":15,"Ring of the Snake":0},{"TwistedFunnel":96,"Lantern":135,"Vajra":73,"Oddly Smooth Stone":135,"The Courier":91,"Omamori":28,"Cursed Key":59,"White Beast Statue":35,"Blood Vial":86,"Dream Catcher":140,"Busted Crown":106,"Mummified Hand":125,"Pantograph":46,"Strawberry":78,"InkBottle":86,"Ring of the Snake":0}],"InkBottle":[53],"Ring of the Snake":[56]},"card_choices":[{"not_picked":["Slice","Dagger Throw"],"picked":"Cloak And Dagger","floor":0},{"not_picked":["Deflect","Poisoned Stab"],"picked":"Terror","floor":1},{"not_picked":["Distraction","Dagger Throw"],"picked":"Heel Hook","floor":2},{"not_picked":["Slice","Flechettes"],"picked":"Leg Sweep","floor":3},{"not_picked":["Riddle With Holes","Dagger Throw"],"picked":"Dagger Spray","floor":5},{"not_picked":["Masterful Stab","Bane"],"picked":"Skewer","floor":7},{"not_picked":["Underhanded Strike","Malaise"],"picked":"Backflip","floor":8},{"not_picked":["Grand Finale","Backflip"],"picked":"PiercingWail","floor":10},{"not_picked":["Deflect","Outmaneuver"],"picked":"Flying Knee","floor":12},{"not_picked":["Prepared","Outmaneuver","Quick Slash"],"picked":"SKIP","floor":14},{"not_picked":["Acrobatics","Quick Slash","Dagger Spray"],"picked":"SKIP","floor":18},{"not_picked":["Outmaneuver","Poisoned Stab+1"],"picked":"Blade Dance","floor":19},{"not_picked":["Prepared","Bane+1"],"picked":"Blade Dance","floor":21},{"not_picked":["Prepared+1","Poisoned Stab"],"picked":"Cloak And Dagger","floor":23},{"not_picked":["Escape Plan","Underhanded Strike"],"picked":"Flying Knee+1","floor":25},{"not_picked":["Leg Sweep","Corpse Explosion"],"picked":"Accuracy","floor":27},{"not_picked":["Backflip","Underhanded Strike","Acrobatics"],"picked":"SKIP","floor":29},{"not_picked":["Wraith Form v2","Doppelganger"],"picked":"Adrenaline","floor":33},{"not_picked":[],"picked":"Calculated Gamble","floor":35},{"not_picked":["Skewer"],"picked":"SKIP","floor":37},{"not_picked":[],"picked":"PiercingWail+1","floor":39},{"not_picked":[],"picked":"PiercingWail+1","floor":40},{"not_picked":["PiercingWail"],"picked":"SKIP","floor":41},{"not_picked":[],"picked":"Cloak And Dagger","floor":42},{"not_picked":[],"picked":"Sucker Punch+1","floor":44},{"not_picked":["Calculated Gamble"],"picked":"SKIP","floor":54}],"player_experience":221051,"relics_obtained":[{"floor":7,"key":"Omamori"},{"floor":10,"key":"White Beast Statue"},{"floor":14,"key":"Pantograph"},{"floor":23,"key":"Strawberry"},{"floor":25,"key":"Blood Vial"},{"floor":26,"key":"InkBottle"},{"floor":27,"key":"The Courier"},{"floor":40,"key":"Mummified Hand"},{"floor":42,"key":"Oddly Smooth Stone"},{"floor":43,"key":"Lantern"},{"floor":44,"key":"Dream Catcher"}],"event_choices":[{"damage_healed":0,"gold_gain":0,"player_choice":"Ignored","damage_taken":0,"max_hp_gain":0,"max_hp_loss":0,"event_name":"NoteForYourself","floor":4,"gold_loss":0},{"damage_healed":23,"gold_gain":0,"player_choice":"Heal","damage_taken":0,"max_hp_gain":0,"max_hp_loss":0,"event_name":"The Library","floor":20,"gold_loss":0},{"damage_healed":0,"gold_gain":99,"player_choice":"Stole From Cult","damage_taken":0,"max_hp_gain":0,"max_hp_loss":0,"event_name":"Nest","floor":24,"gold_loss":0},{"damage_healed":0,"gold_gain":0,"player_choice":"Smashed Altar","damage_taken":0,"max_hp_gain":0,"max_hp_loss":0,"event_name":"Forgotten Altar","floor":28,"gold_loss":0,"cards_obtained":["Decay"]},{"damage_healed":0,"gold_gain":0,"player_choice":"Upgraded","damage_taken":0,"max_hp_gain":0,"max_hp_loss":0,"event_name":"Upgrade Shrine","floor":47,"gold_loss":0,"cards_upgraded":["Skewer"]}],"is_beta":false,"boss_relics":[{"not_picked":["HoveringKite","Coffee Dripper"],"picked":"Cursed Key"},{"not_picked":["Tiny House","Sozu"],"picked":"Busted Crown"}],"items_purged_floors":[13,31,46],"is_endless":false,"potions_floor_spawned":[1,5,8,10,12,14,16,18,19,21,23,25,27,29,33,35,37,39,40,41,42,44,54],"killed_by":"The Heart","ascension_level":2}}