{"host":"xp5rvh2jwe2ejyfm","time":1611630859,"event":{"mods":["BaseMod","Downfall","Duelist Mod","GifTheSpireLib","Gremlin Mod","Hermit","Hubris","Minty Spire (QoL Compilation)","Robot Space Explorer","StSLib","The Blackbeard","The Clintock","The Construct","The Cursed","The Disciple","The Forsaken","The Hierophant","The Necromancer","The Runesmith","The Servant 0.9.4"],"gold_per_floor":[112,112,126,143,153,153,182,182,182,182,193,158,7,7,7,104,104,122,137,60,60,75,110,128,140,163,163,163],"floor_reached":27,"language":"ENG","playtime":829,"items_purged":[],"score":235,"play_id":"abaf9da4-4e1e-4be8-a4f9-f3e92de20e3b","local_time":"20210125221419","is_ascension_mode":false,"campfire_choices":[{"floor":6,"key":"REST"},{"floor":10,"key":"REST"},{"floor":15,"key":"RECALL"}],"circlet_count":0,"master_deck":["RobotSpaceExplorer:Strike+1","RobotSpaceExplorer:Strike","RobotSpaceExplorer:Strike","RobotSpaceExplorer:Strike+1","RobotSpaceExplorer:Defend","RobotSpaceExplorer:Defend","RobotSpaceExplorer:Defend","RobotSpaceExplorer:Scan","RobotSpaceExplorer:MiniLasers+1","RobotSpaceExplorer:FrostMissile","RobotSpaceExplorer:StarDust","RobotSpaceExplorer:FrostMissile+1","RobotSpaceExplorer:MiniDrones","RobotSpaceExplorer:FrostMissile","Parasite","RobotSpaceExplorer:FreezingShield","RobotSpaceExplorer:Multitool","RobotSpaceExplorer:StarDust","RobotSpaceExplorer:MetalStrike","RobotSpaceExplorer:PowerGlove","RobotSpaceExplorer:Probe","RobotSpaceExplorer:Pulsar+1","RobotSpaceExplorer:GearShield+1","RobotSpaceExplorer:MiniDrones+1","RobotSpaceExplorer:MiniDrones"],"relics":["RobotSpaceExplorer:RoboCore","Bottled Flame","Sling","RobotSpaceExplorer:PlasmaHourglass","expansioncontent:StudyCardRelic","Runesmith:AutoHammer","Whetstone"],"acts_visited":["Exordium","TheCity"],"potions_floor_usage":[7,23,23,24],"damage_taken":[{"damage":0,"enemies":"Small Slimes","floor":1,"turns":3},{"damage":6,"enemies":"Jaw Worm","floor":3,"turns":2},{"damage":0,"enemies":"Cultist","floor":4,"turns":3},{"damage":17,"enemies":"Lots of Slimes","floor":5,"turns":5},{"damage":30,"enemies":"3 Sentries","floor":7,"turns":4},{"damage":3,"enemies":"Large Slime","floor":11,"turns":5},{"damage":36,"enemies":"Slime Boss","floor":16,"turns":9},{"damage":28,"enemies":"2 Thieves","floor":18,"turns":4},{"damage":0,"enemies":"3 Byrds","floor":19,"turns":4},{"damage":32,"enemies":"Snake Plant","floor":22,"turns":5},{"damage":9,"enemies":"theDuelist:KaibaA2","floor":23,"turns":3},{"damage":18,"enemies":"Centurion and Healer","floor":24,"turns":5},{"damage":11,"enemies":"Snecko","floor":25,"turns":4},{"damage":3,"enemies":"Snake Plant","floor":27,"turns":2}],"seed_played":"8517420921028447054","potions_obtained":[{"floor":4,"key":"Explosive Potion"},{"floor":19,"key":"Weak Potion"},{"floor":22,"key":"Slimebound:ThreeZeroPotion"},{"floor":23,"key":"Fire Potion"}],"is_trial":false,"path_per_floor":["M","?","M","M","M","R","E","?","T","R","M","?","$","T","R","B",null,"M","M","$","?","M","E","M","M","T","M"],"character_chosen":"RobotSpaceExplorer","items_purchased":["Sling","RobotSpaceExplorer:PowerGlove"],"campfire_rested":2,"item_purchase_floors":[13,20],"current_hp_per_floor":[75,60,54,54,37,59,29,47,47,69,66,75,75,75,75,39,75,47,47,47,47,15,6,13,2,2,0,0],"gold":163,"neow_bonus":"UPGRADE_CARD","is_daily":false,"chose_seed":false,"campfire_upgraded":0,"win_rate":0.0,"timestamp":1611630859,"path_taken":["M","?","M","M","M","R","E","?","T","R","M","?","$","?","R","BOSS","M","M","$","?","M","E","?","M","T","?"],"items_purchased_type":["Relic","Card"],"build_version":"2020-12-22","purchased_purges":0,"victory":false,"max_hp_per_floor":[75,75,75,75,75,75,75,75,75,75,75,75,75,75,75,75,75,75,75,75,75,75,75,75,75,75,75,75],"card_choices":[{"not_picked":["RobotSpaceExplorer:GlueSpray","RobotSpaceExplorer:SelfCleaning"],"picked":"RobotSpaceExplorer:FrostMissile","floor":1},{"not_picked":["RobotSpaceExplorer:ImprovisedAttack","RobotSpaceExplorer:Blitz"],"picked":"RobotSpaceExplorer:StarDust","floor":3},{"not_picked":["RobotSpaceExplorer:StunGrenade","RobotSpaceExplorer:ImprovisedAttack"],"picked":"RobotSpaceExplorer:FrostMissile","floor":4},{"not_picked":["RobotSpaceExplorer:ImprovisedAttack","RobotSpaceExplorer:Discharger"],"picked":"RobotSpaceExplorer:MiniDrones","floor":5},{"not_picked":["RobotSpaceExplorer:Fix","RobotSpaceExplorer:ShockKick"],"picked":"RobotSpaceExplorer:FrostMissile","floor":7},{"not_picked":["RobotSpaceExplorer:FranticSearch","RobotSpaceExplorer:Jetpack"],"picked":"RobotSpaceExplorer:FreezingShield","floor":11},{"not_picked":["RobotSpaceExplorer:Accelerator","RobotSpaceExplorer:Comet"],"picked":"RobotSpaceExplorer:Multitool","floor":16},{"not_picked":["RobotSpaceExplorer:SlimeMissile","RobotSpaceExplorer:Ammunition"],"picked":"RobotSpaceExplorer:StarDust","floor":18},{"not_picked":["RobotSpaceExplorer:GlueShot","RobotSpaceExplorer:FrostMissile+1"],"picked":"RobotSpaceExplorer:MetalStrike","floor":19},{"not_picked":["RobotSpaceExplorer:GlueShot","RobotSpaceExplorer:DoubleFind"],"picked":"RobotSpaceExplorer:Pulsar+1","floor":22},{"not_picked":["RobotSpaceExplorer:SurgingStrike","RobotSpaceExplorer:Discharger"],"picked":"RobotSpaceExplorer:GearShield+1","floor":23},{"not_picked":["RobotSpaceExplorer:Asteroid","RobotSpaceExplorer:MetalStrike"],"picked":"RobotSpaceExplorer:MiniDrones","floor":24},{"not_picked":["RobotSpaceExplorer:Electroshield","RobotSpaceExplorer:SurgingStrike+1"],"picked":"RobotSpaceExplorer:MiniDrones","floor":25}],"player_experience":346288,"relics_obtained":[{"floor":7,"key":"Bottled Flame"},{"floor":14,"key":"RobotSpaceExplorer:PlasmaHourglass"},{"floor":23,"key":"Runesmith:AutoHammer"},{"floor":26,"key":"Whetstone"}],"event_choices":[{"damage_healed":0,"gold_gain":0,"player_choice":"Entered Light","damage_taken":15,"max_hp_gain":0,"max_hp_loss":0,"event_name":"Shining Light","floor":2,"gold_loss":0,"cards_upgraded":["RobotSpaceExplorer:Strike","RobotSpaceExplorer:Strike"]},{"damage_healed":18,"gold_gain":0,"player_choice":"Healed and dodged fight","damage_taken":0,"max_hp_gain":0,"max_hp_loss":0,"event_name":"Mushrooms","floor":8,"gold_loss":0,"cards_obtained":["Parasite"]},{"damage_healed":18,"gold_gain":0,"player_choice":"Healed","damage_taken":0,"max_hp_gain":0,"max_hp_loss":0,"event_name":"The Cleric","floor":12,"gold_loss":35},{"damage_healed":0,"gold_gain":0,"cards_transformed":["RobotSpaceExplorer:Defend"],"player_choice":"Transformed","damage_taken":0,"max_hp_gain":0,"max_hp_loss":0,"event_name":"Transmorgrifier","floor":21,"gold_loss":0,"cards_obtained":["RobotSpaceExplorer:Probe"]}],"is_beta":false,"boss_relics":[{"not_picked":["Velvet Choker","Ectoplasm"],"picked":"expansioncontent:StudyCardRelic"}],"items_purged_floors":[],"is_endless":false,"potions_floor_spawned":[4,19,22,23],"killed_by":"Snake Plant","ascension_level":0}}