{"host":"ftwnpa9ceeptmrn1","time":1611664284,"event":{"mods":["Aspiration","BaseMod","Colored Map","Colored Powertips","Conspire","Hubris","Infinite Spire","Minty Spire (QoL Compilation)","Relic Stats","Replay The Spire","StSLib"],"gold_per_floor":[113,128,148,158,169,201,211,211,211,227,227,37,67,81,170,270,270,257,257,274,274,284,310,310,325,351,371,19,19,36,46,46,147,147,183,183,197,256,301,301,301,301],"floor_reached":41,"language":"ENG","playtime":4505,"items_purged":["Injury","Strike_P","Decay"],"score":499,"play_id":"c29dc08d-4d8f-4092-86dc-4953616c47aa","local_time":"20210126063124","is_ascension_mode":true,"campfire_choices":[{"data":"Study","floor":8.0,"key":"SMITH"},{"floor":24.0,"key":"RECALL"},{"floor":29.0,"key":"REST"},{"floor":32.0,"key":"REST"},{"floor":40.0,"key":"REST"}],"circlet_count":0,"master_deck":["Strike_P","Defend_P","Defend_P","Defend_P","Defend_P","Eruption+1","Vigilance","Wallop","Wallop+1","JustLucky","BowlingBash","ClearTheMind","Replay:Cycle","Study+1","LikeWater","Discovery+1","Nirvana+1","Protect","FlurryOfBlows","Replay:LoomingThreat+1","SashWhip+1","TalkToTheHand+1","Establishment+1","Replay:Vibes+1","FlurryOfBlows+1","Worship","LessonLearned","Crescendo","Trip","JustLucky","Pray","Wish","TalkToTheHand","Madness","Madness","Nirvana+1","Prostrate","Parasite","Replay:ManipulateFuture+1"],"relics":["PureWater","aspiration:FrozenJewel","Frozen Egg 2","aspiration:SeaSaltIceCream","WarpedTongs","Cursed Key","VioletLotus","Orichalcum","hubris:SlimyHat","Happy Flower","Empty Cage","Gremlin Food"],"acts_visited":["Exordium","TheCity","TheBeyond"],"potions_floor_usage":[41],"damage_taken":[{"damage":0.0,"enemies":"Small Slimes","floor":1.0,"turns":2.0},{"damage":0.0,"enemies":"Jaw Worm","floor":2.0,"turns":4.0},{"damage":7.0,"enemies":"Cultist","floor":3.0,"turns":3.0},{"damage":4.0,"enemies":"Looter","floor":4.0,"turns":2.0},{"damage":0.0,"enemies":"2 Fungi Beasts","floor":5.0,"turns":5.0},{"damage":4.0,"enemies":"Gremlin Nob","floor":6.0,"turns":3.0},{"damage":0.0,"enemies":"Large Slime","floor":7.0,"turns":5.0},{"damage":2.0,"enemies":"Looter","floor":10.0,"turns":2.0},{"damage":2.0,"enemies":"3 Sentries","floor":13.0,"turns":6.0},{"damage":0.0,"enemies":"Exordium Wildlife","floor":14.0,"turns":3.0},{"damage":22.0,"enemies":"Fading Forest","floor":16.0,"turns":11.0},{"damage":4.0,"enemies":"2 Thieves","floor":18.0,"turns":4.0},{"damage":5.0,"enemies":"3 Byrds","floor":20.0,"turns":3.0},{"damage":2.0,"enemies":"Cultist and Chosen","floor":22.0,"turns":7.0},{"damage":30.0,"enemies":"Gremlin Leader","floor":23.0,"turns":9.0},{"damage":0.0,"enemies":"Chosen and Byrds","floor":25.0,"turns":4.0},{"damage":21.0,"enemies":"Centurion and Healer","floor":27.0,"turns":7.0},{"damage":21.0,"enemies":"Snake Plant","floor":30.0,"turns":7.0},{"damage":1.0,"enemies":"Cultist and Chosen","floor":31.0,"turns":6.0},{"damage":17.0,"enemies":"Collector","floor":33.0,"turns":9.0},{"damage":6.0,"enemies":"Orb Walker","floor":35.0,"turns":4.0},{"damage":16.0,"enemies":"3 Darklings","floor":37.0,"turns":8.0},{"damage":11.0,"enemies":"conspire:MimicChest","floor":38.0,"turns":9.0},{"damage":22.0,"enemies":"Writhing Mass","floor":39.0,"turns":7.0},{"damage":50,"enemies":"Transient","floor":41,"turns":4}],"seed_played":"-6335827539418367107","potions_obtained":[{"floor":2.0,"key":"FearPotion"},{"floor":5.0,"key":"BlessingOfTheForge"},{"floor":6.0,"key":"Energy Potion"},{"floor":10.0,"key":"ColorlessPotion"},{"floor":14.0,"key":"Elixir"},{"floor":16.0,"key":"DistilledChaos"},{"floor":20.0,"key":"Languid Potion"},{"floor":23.0,"key":"Block Potion"},{"floor":27.0,"key":"Doom Potion"},{"floor":30.0,"key":"Languid Potion"},{"floor":38.0,"key":"BottledMiracle"}],"is_trial":false,"path_per_floor":["M","M","M","M","M","E","M","R","T","M","?","$","E","M","R_BF","B",null,"M","?","M","AVR","M","E","R","M","T","M","$","R","M","M","R","B",null,"M","?","M","?","M","R","M"],"character_chosen":"WATCHER","items_purchased":["Discovery","Nirvana+1","LessonLearned","Crescendo","Trip"],"campfire_rested":3,"item_purchase_floors":[12,12,28,28,28],"current_hp_per_floor":[79,79,72,68,68,64,64,64,64,62,62,62,60,60,60,38,79,75,75,70,70,68,38,38,38,38,17,17,40,19,18,41,24,79,73,63,47,36,14,37,0,0],"gold":301,"neow_bonus":"TEN_PERCENT_HP_BONUS","is_daily":false,"chose_seed":false,"campfire_upgraded":1,"win_rate":0.0,"timestamp":1611664284,"path_taken":["M","M","M","M","M","E","M","R","T","M","?","$","E","M","R_BF","BOSS","M","?","M","AVR","M","E","R","M","T","?","$","R","M","M","R","BOSS","M","?","M","?","M","R","M"],"items_purchased_type":["Card","Card","Card","Card","Card"],"build_version":"2020-12-22","purchased_purges":3,"victory":false,"max_hp_per_floor":[79,79,79,79,79,79,79,79,79,79,79,79,79,79,79,79,79,79,79,79,79,79,79,79,79,79,79,79,79,79,79,79,79,79,79,79,79,79,79,79,79,79],"relic_stats":{"Happy Flower":[20],"counters":[25,134],"VioletLotus":[8],"Orichalcum":[42],"Cursed Key":1,"obtain_stats":[{"Gremlin Food":38,"Happy Flower":26,"VioletLotus":21,"hubris:SlimyHat":23,"aspiration:SeaSaltIceCream":13,"PureWater":0,"Frozen Egg 2":11,"Orichalcum":21,"Cursed Key":17,"Empty Cage":34,"aspiration:FrozenJewel":6,"WarpedTongs":13},{"Gremlin Food":23,"Happy Flower":16,"VioletLotus":13,"hubris:SlimyHat":15,"aspiration:SeaSaltIceCream":9,"PureWater":0,"Frozen Egg 2":8,"Orichalcum":13,"Cursed Key":11,"Empty Cage":20,"aspiration:FrozenJewel":6,"WarpedTongs":9},{"Gremlin Food":123,"Happy Flower":73,"VioletLotus":53,"hubris:SlimyHat":69,"aspiration:SeaSaltIceCream":32,"PureWater":0,"Frozen Egg 2":26,"Orichalcum":53,"Cursed Key":46,"Empty Cage":102,"aspiration:FrozenJewel":19,"WarpedTongs":32}],"WarpedTongs":[102]},"card_choices":[{"not_picked":["WheelKick","Prostrate"],"picked":"Wallop","floor":1.0},{"not_picked":["CutThroughFate","Prostrate"],"picked":"Wallop","floor":2.0},{"not_picked":["Judgement","Replay:AtTheReady"],"picked":"JustLucky","floor":3.0},{"not_picked":["Halt","Protect"],"picked":"BowlingBash","floor":4.0},{"not_picked":["FlurryOfBlows","CrushJoints"],"picked":"ClearTheMind","floor":5.0},{"not_picked":["CrushJoints","EmptyFist"],"picked":"Replay:Cycle","floor":6.0},{"not_picked":["JustLucky","Protect"],"picked":"Study","floor":7.0},{"not_picked":["Halt","Replay:BluntJabs"],"picked":"LikeWater","floor":10.0},{"not_picked":["EmptyMind","Sanctity"],"picked":"Protect","floor":13.0},{"not_picked":["WindmillStrike","Protect"],"picked":"FlurryOfBlows","floor":14.0},{"not_picked":["Judgement","Scrawl"],"picked":"Replay:LoomingThreat+1","floor":16.0},{"not_picked":["ClearTheMind","FollowUp"],"picked":"SashWhip+1","floor":18.0},{"not_picked":["ForeignInfluence","BowlingBash"],"picked":"TalkToTheHand+1","floor":20.0},{"not_picked":["FollowUp","FlyingSleeves"],"picked":"Establishment+1","floor":22.0},{"not_picked":["Replay:ManipulateFuture","Adaptation+1"],"picked":"Replay:Vibes+1","floor":23.0},{"not_picked":["EmptyFist+1","Weave"],"picked":"FlurryOfBlows+1","floor":25.0},{"not_picked":["ClearTheMind","Protect+1"],"picked":"Worship","floor":27.0},{"not_picked":["PathToVictory","EmptyBody"],"picked":"JustLucky","floor":30.0},{"not_picked":["BowlingBash+1","EmptyBody"],"picked":"Pray","floor":31.0},{"not_picked":["Scrawl","Ragnarok"],"picked":"Wish","floor":33.0},{"not_picked":["JustLucky","MentalFortress+1"],"picked":"TalkToTheHand","floor":35.0},{"not_picked":["Swivel","Evaluate+1"],"picked":"Nirvana+1","floor":37.0},{"not_picked":["Tantrum+1","Crescendo+1"],"picked":"Prostrate","floor":38.0},{"not_picked":["Vengeance+1","CutThroughFate+1"],"picked":"Replay:ManipulateFuture+1","floor":39.0}],"player_experience":249692,"relics_obtained":[{"floor":6.0,"key":"aspiration:FrozenJewel"},{"floor":13.0,"key":"aspiration:SeaSaltIceCream"},{"floor":23.0,"key":"hubris:SlimyHat"},{"floor":26.0,"key":"Happy Flower"},{"floor":38.0,"key":"Gremlin Food"}],"event_choices":[{"damage_healed":0.0,"max_hp_gain":0.0,"max_hp_loss":0.0,"gold_gain":0.0,"event_name":"Upgrade Shrine","player_choice":"Upgraded","floor":19.0,"gold_loss":0.0,"damage_taken":0.0,"cards_upgraded":["Discovery"]},{"damage_healed":0.0,"max_hp_gain":0.0,"max_hp_loss":0.0,"gold_gain":0.0,"event_name":"Winding Halls","player_choice":"Embrace Madness","floor":36.0,"gold_loss":0.0,"damage_taken":10.0,"cards_obtained":["Madness","Madness"]}],"is_beta":false,"boss_relics":[{"not_picked":["Ring of Chaos","Tiny House"],"picked":"Cursed Key"},{"not_picked":["Sozu","Fusion Hammer"],"picked":"Empty Cage"}],"items_purged_floors":[12,21,28],"is_endless":false,"potions_floor_spawned":[2,5,6,10,14,16,20,23,27,30,38],"killed_by":"Transient","ascension_level":2}}