{"host":"ir03ki0or2g06n9x","time":1611631319,"event":{"mods":["A Magickal Journey","Act Like it!","Ascension Reborn","Aspiration","BaseMod","Conspire","Downfall","GifTheSpireLib","Hubris","Lobotomy","Minty Spire (QoL Compilation)","Pale of the Ancients","Replay The Spire","Reworked Bosses","Spikes Relics","StSLib","Stuff the Spire","The Druid","The Elementalist","The Exalted","The Gatherer","The Necromancer","Trackpad"],"gold_per_floor":[114,132,132,132,82,116,134,59,113,125,140,140,158,58,58,156,156,168,185,35,35,1,1,13,13,13,41,221,221,246,266,266,266,266],"floor_reached":33,"language":"ENG","playtime":1446,"items_purged":["theDruid:Defend_O","downfall:Malfunctioning"],"score":285,"play_id":"a18c8fe9-ebad-4075-81cc-871f477ea0e4","local_time":"20210126042159","is_ascension_mode":false,"campfire_choices":[{"data":"theDruid:FuriousSlash","floor":12,"key":"SMITH"},{"floor":15,"key":"DIG"},{"data":"theDruid:Resourcefulness","floor":23,"key":"SMITH"},{"floor":29,"key":"REST"},{"floor":32,"key":"REST"}],"circlet_count":0,"master_deck":["theDruid:Strike_O","theDruid:Strike_O","theDruid:Strike_O","theDruid:Strike_O","theDruid:Defend_O","theDruid:Defend_O+1","theDruid:BriarArmor","theDruid:WildSlash+1","theDruid:ThickHide+1","theDruid:Fortitude","theDruid:FuriousSlash+1","theDruid:Scavenge","Sickly","theDruid:Gore","theDruid:TearOpen+1","theDruid:HerbalismKit+1","theDruid:Resourcefulness+1","theDruid:IronClaw","theDruid:Entangle","theDruid:IronClaw","Looming Evil","Amnesia","theDruid:AstralShield+1","theDruid:Slingshot+1","theDruid:Guidance"],"relics":["theDruid:CrownOfTheWilds","downfall:ExtraCursedKey","hubris:Towel","aspiration:Lifesprig","Lantern","War Paint","hubris:ScarierMask","Guide Book","hubris:Metronome","The Courier","MealTicket"],"acts_visited":["Exordium","TheCity"],"potions_floor_usage":[19,27,27,30,30,30,33,33,33],"damage_taken":[{"damage":0,"enemies":"conspire:RoseBush","floor":1,"turns":4},{"damage":0,"enemies":"2 Louse","floor":2,"turns":3},{"damage":26,"enemies":"Lagavulin","floor":6,"turns":10},{"damage":0,"enemies":"Small Slimes","floor":7,"turns":3},{"damage":5,"enemies":"Blue Slaver","floor":10,"turns":4},{"damage":2,"enemies":"Looter","floor":11,"turns":3},{"damage":0,"enemies":"2 Fungi Beasts","floor":13,"turns":3},{"damage":18,"enemies":"Fading Forest","floor":16,"turns":11},{"damage":14,"enemies":"Shell Parasite","floor":18,"turns":4},{"damage":12,"enemies":"Chosen","floor":19,"turns":3},{"damage":0,"enemies":"Sentry and Sphere","floor":24,"turns":1},{"damage":21,"enemies":"Gremlin Leader","floor":27,"turns":8},{"damage":9,"enemies":"Replay:Snechameleon","floor":30,"turns":9},{"damage":3,"enemies":"Centurion and Healer","floor":31,"turns":3},{"damage":43,"enemies":"bossMod:newChamp","floor":33,"turns":12}],"seed_played":"488923761385534779","potions_obtained":[{"floor":1,"key":"Venom Potion"},{"floor":6,"key":"Milkshake"},{"floor":11,"key":"Block Potion"},{"floor":13,"key":"AttackPotion"},{"floor":24,"key":"Strength Potion"},{"floor":27,"key":"Milkshake"}],"is_trial":false,"path_per_floor":["M","M","?","?","?","E","M","$","T","M","M","R","M","$","R","B",null,"M","M","$","?","$","R","M","?","T","E","?","R","E","M","R","B"],"character_chosen":"DRUID","items_purchased":["Guide Book","theDruid:Entangle"],"campfire_rested":2,"item_purchase_floors":[20,22],"current_hp_per_floor":[75,75,75,75,75,49,49,49,49,44,42,42,42,42,42,34,75,61,49,49,49,49,49,49,49,49,28,9,31,22,19,41,0,0],"gold":266,"neow_bonus":"RANDOM_COLORLESS","is_daily":false,"chose_seed":false,"campfire_upgraded":2,"win_rate":0.0,"timestamp":1611631319,"path_taken":["M","M","?","?","?","E","M","$","T","M","M","R","M","?","R","BOSS","M","M","$","?","$","R","M","?","T","E","?","R","E","M","R","BOSS"],"items_purchased_type":["Relic","Card"],"build_version":"2020-12-22","purchased_purges":2,"victory":false,"max_hp_per_floor":[75,75,75,75,75,75,75,75,75,75,75,75,75,75,75,75,75,75,75,75,75,75,75,75,75,75,75,75,75,75,75,75,75,75],"card_choices":[{"not_picked":["theDruid:Rummage","theDruid:Pathfinder"],"picked":"theDruid:ThickHide","floor":1},{"not_picked":["theDruid:ThickHide","theDruid:AstralShield"],"picked":"theDruid:Fortitude","floor":2},{"not_picked":["theDruid:TakeShelter","theDruid:Forage"],"picked":"theDruid:FuriousSlash","floor":6},{"not_picked":["theDruid:FelineGrace","theDruid:Recoil"],"picked":"theDruid:Scavenge","floor":7},{"not_picked":["theDruid:PlagueClaw","theDruid:Thornburst","theDruid:NaturalAgility"],"picked":"SKIP","floor":10},{"not_picked":["theDruid:PlagueClaw","theDruid:Swipe"],"picked":"theDruid:Gore","floor":11},{"not_picked":["theDruid:BristlingDefense","theDruid:BloodiedFur"],"picked":"theDruid:TearOpen","floor":13},{"not_picked":["theDruid:TwinStars","theDruid:Mutilate"],"picked":"theDruid:HerbalismKit","floor":16},{"not_picked":["theDruid:FuriousSlash+1","theDruid:Moonbeam"],"picked":"theDruid:Resourcefulness","floor":18},{"not_picked":["theDruid:FelineGrace","theDruid:PlagueClaw"],"picked":"theDruid:IronClaw","floor":19},{"not_picked":["theDruid:ThornStrike","theDruid:Resupply"],"picked":"theDruid:IronClaw","floor":24},{"not_picked":["theDruid:Moonbeam","theDruid:Infestation"],"picked":"theDruid:AstralShield+1","floor":27},{"not_picked":["theDruid:MysticBarrier","theDruid:InsectSwarm"],"picked":"theDruid:Slingshot+1","floor":30},{"not_picked":["theDruid:ThornStrike","theDruid:FelineGrace+1"],"picked":"theDruid:Guidance","floor":31}],"player_experience":109887,"relics_obtained":[{"floor":6,"key":"aspiration:Lifesprig"},{"floor":9,"key":"Lantern"},{"floor":15,"key":"War Paint"},{"floor":26,"key":"hubris:Metronome"},{"floor":27,"key":"The Courier"},{"floor":30,"key":"MealTicket"}],"event_choices":[{"cards_removed":["theDruid:Defend_O"],"damage_healed":0,"gold_gain":0,"player_choice":"Card Removal","damage_taken":0,"max_hp_gain":0,"max_hp_loss":0,"event_name":"The Cleric","floor":5,"gold_loss":50},{"damage_healed":0,"gold_gain":180,"player_choice":"GOLD GOLD ","damage_taken":19,"max_hp_gain":0,"max_hp_loss":0,"event_name":"Knowing Skull","floor":28,"potions_obtained":[],"gold_loss":0,"cards_obtained":[]}],"is_beta":false,"boss_relics":[{"not_picked":["Calling Bell","Kintsugi"],"picked":"hubris:ScarierMask"}],"items_purged_floors":[8,14],"is_endless":false,"potions_floor_spawned":[1,6,11,13,16,24,27],"killed_by":"bossMod:newChamp","ascension_level":0}}