{"host":"lzzv50t0ea3gz1kk","time":1611627890,"event":{"mods":["ATMod(°¢èªMod)","Act Like it!","Aspiration","BaseMod","Colored Powertips","Conspire","Downfall","Gensokyo","Hallownest","Hermit","Marisa£¨ìFÓê¡¡Ä§ÀíÉ³£©","Minty Spire (QoL Compilation)","Robot Space Explorer","SIMod","StSLib","The Saiyan"],"gold_per_floor":[99,99,99,99,99,99,147,147,147,34,49,49,34,59,74,174,174,74,88,103,36,36,69,114,114,114,114],"floor_reached":25,"language":"ZHS","playtime":2143,"items_purged":["hexamod:Defend"],"score":213,"play_id":"941a3937-74c1-4345-a092-4b39ddfda108","local_time":"20210126102450","is_ascension_mode":false,"campfire_choices":[{"floor":1.0,"key":"RECALL"},{"data":"hexamod:SpectralAdrenaline","floor":6.0,"key":"SMITH"},{"data":"hexamod:Float","floor":9.0,"key":"SMITH"},{"data":"hexamod:HauntingEcho","floor":12.0,"key":"SMITH"},{"data":"hexamod:HexaLevel","floor":18.0,"key":"SMITH"}],"circlet_count":0,"master_deck":["hexamod:Strike","hexamod:Strike+1","hexamod:Strike","hexamod:Strike","hexamod:Defend+1","hexamod:Defend","hexamod:Defend+1","hexamod:Sear","hexamod:Float+1","hexamod:SpectralAdrenaline+1","hexamod:Rewind","hexamod:AdvancingGuard+1","hexamod:HauntingEcho+1","hexamod:SkipABeat","hexamod:HexaLevel+1","hexamod:ShieldOfDarkness","hexamod:SixthSeal","hexamod:BacktrackSmack","hexamod:Hexaguard+1","downfall:Bewildered","hexamod:GhostflameInferno"],"relics":["hexamod:SpiritBrand","AT_ATBox","downfall:HeartsMalice","Pyrelight","Strawberry","Philosopher\u0027s Stone","downfall:HeartBlessingRed","sneckomod:BabySnecko","AT_ForceNature","MealTicket"],"acts_visited":["Exordium","TheCity"],"potions_floor_usage":[23],"damage_taken":[{"damage":0.0,"enemies":"Jaw Worm","floor":2.0,"turns":1.0},{"damage":0.0,"enemies":"Cultist","floor":3.0,"turns":1.0},{"damage":0.0,"enemies":"2 Louse","floor":5.0,"turns":1.0},{"damage":0.0,"enemies":"downfall:FleeingMerchant","floor":10.0,"turns":4.0},{"damage":0.0,"enemies":"Blue Slaver","floor":11.0,"turns":4.0},{"damage":0.0,"enemies":"downfall:FleeingMerchant","floor":13.0,"turns":4.0},{"damage":30.0,"enemies":"Gremlin Nob","floor":14.0,"turns":4.0},{"damage":1.0,"enemies":"Large Slime","floor":15.0,"turns":7.0},{"damage":45.0,"enemies":"IC_STATUS_ARCHETYPE","floor":16.0,"turns":13.0},{"damage":0.0,"enemies":"3 Byrds","floor":19.0,"turns":4.0},{"damage":29.0,"enemies":"Cultist and Chosen","floor":20.0,"turns":8.0},{"damage":0.0,"enemies":"downfall:FleeingMerchant","floor":21.0,"turns":4.0},{"damage":27,"enemies":"conspire:SneckoGhost","floor":23,"turns":8},{"damage":21,"enemies":"Centurion and Healer","floor":25,"turns":3}],"seed_played":"-7377564478774328804","potions_obtained":[{"floor":11.0,"key":"hexamod:EctoCoolerPotion"},{"floor":15.0,"key":"Explosive Potion"},{"floor":16.0,"key":"DuplicationPotion"},{"floor":20.0,"key":"Fire Potion"},{"floor":23,"key":"GamblersBrew"}],"is_trial":false,"path_per_floor":["R","M","M","?","M","R","T","?","R","$","M","R","$","E","M","B",null,"R","M","M","$","?","E","T","M"],"character_chosen":"THE_SPIRIT","items_purchased":["hexamod:AdvancingGuard","PowerPotion"],"campfire_rested":0,"item_purchase_floors":[10,21],"current_hp_per_floor":[70,70,70,70,70,70,70,70,70,70,70,70,70,47,46,1,77,77,77,48,48,48,21,21,0,0,0],"gold":114,"neow_bonus":"THREE_ENEMY_KILL","is_daily":false,"chose_seed":false,"campfire_upgraded":4,"win_rate":0.0,"timestamp":1611627890,"path_taken":["R","M","M","?","M","R","T","?","R","?","M","R","$","E","M","BOSS","R","M","?","$","?","E","T","M"],"items_purchased_type":["Card","Potion"],"build_version":"2020-12-22","purchased_purges":1,"victory":false,"max_hp_per_floor":[70,70,70,70,70,70,70,70,70,70,70,70,70,77,77,77,77,77,77,77,77,77,77,77,77,77,77],"card_choices":[{"not_picked":["hexamod:Hexaguard","hexamod:FastForward"],"picked":"hexamod:SpectralAdrenaline","floor":2.0},{"not_picked":["hexamod:GhostLash","hexamod:ShieldOfDarkness"],"picked":"hexamod:Rewind","floor":3.0},{"not_picked":["hexamod:Firestarter","hexamod:ShieldOfDarkness","hexamod:ExtraCrispy"],"picked":"SKIP","floor":5.0},{"not_picked":["hexamod:TurnItUp","hexamod:SwordOfDarkness","hexamod:NightmareGuise"],"picked":"SKIP","floor":10.0},{"not_picked":["hexamod:InspiringFlames","hexamod:Hexaguard"],"picked":"hexamod:HauntingEcho","floor":11.0},{"not_picked":["hexamod:SwordOfDarkness","hexamod:BacktrackSmack"],"picked":"hexamod:SkipABeat","floor":13.0},{"not_picked":["hexamod:RetreatToShadows","hexamod:GhostLash"],"picked":"hexamod:HexaLevel","floor":14.0},{"not_picked":["hexamod:Hexaguard","hexamod:GhostShield"],"picked":"hexamod:ShieldOfDarkness","floor":15.0},{"not_picked":["hexamod:TurnItUp","hexamod:HexaLevel"],"picked":"hexamod:SixthSeal","floor":16.0},{"not_picked":["hexamod:HeatMetal","hexamod:BurningTouch+1"],"picked":"hexamod:BacktrackSmack","floor":19.0},{"not_picked":["hexamod:ThermalTransfer","hexamod:AdvancingGuard"],"picked":"hexamod:Hexaguard+1","floor":20.0},{"not_picked":["hexamod:Incineration","hexamod:BacktrackSmack+1","hexamod:SecondSeal"],"picked":"SKIP","floor":21.0},{"not_picked":["hexamod:TurnItUp","hexamod:HeatCrush+1"],"picked":"hexamod:GhostflameInferno","floor":23}],"player_experience":415915,"relics_obtained":[{"floor":14.0,"key":"Strawberry"},{"floor":23,"key":"AT_ForceNature"},{"floor":24,"key":"MealTicket"}],"event_choices":[{"damage_healed":0.0,"max_hp_gain":0.0,"max_hp_loss":0.0,"gold_gain":0.0,"event_name":"conspire:Investor","player_choice":"Leave","floor":8.0,"gold_loss":0.0,"damage_taken":0.0}],"is_beta":false,"boss_relics":[{"not_picked":["aspiration:WatcherSkillbook","aspiration:RitualDagger"],"picked":"Philosopher\u0027s Stone"}],"items_purged_floors":[10],"is_endless":false,"potions_floor_spawned":[11,15,16,20,23],"killed_by":"Centurion and Healer","ascension_level":0}}