{"host":"sckme7d1fomdxamv","time":1611668411,"event":{"mods":["Act Like it!","BaseMod","Downfall","Friendly Minions","Gensokyo","Kiyohime（清姬）","Marisa（F雨　魔理沙）","Minty Spire (QoL Compilation)","READ ME - Guardian Mod","Rare Cards Sparkle","Remilia（蕾米莉亚）","Replay The Spire","Shop Mod","StSLib","The Bug Knight","The Hierophant","The Servant 0.9.4"],"gold_per_floor":[110,22,41,41,41,41,55,55,55,86,99,114,165,165,165,261,311,323,283,300,18,33,33,48,59,59,59,87,106,71,71,71,71,71],"floor_reached":33,"language":"ZHS","playtime":2509,"items_purged":["HollowMod:NailStrikeStart"],"score":292,"play_id":"5579b737-d30c-4c20-a55d-78dd8e565398","local_time":"20210126214011","is_ascension_mode":false,"campfire_choices":[{"data":"HollowMod:InfectedCysts","floor":6,"key":"SMITH"},{"data":"HollowMod:HowlingWraiths","floor":8,"key":"SMITH"},{"data":"HollowMod:theNailsmith","floor":15,"key":"SMITH"},{"floor":23,"key":"REST"},{"floor":27,"key":"REST"}],"circlet_count":0,"master_deck":["HollowMod:NailStrikeStart","HollowMod:NailStrikeStart","HollowMod:NailStrikeStart","HollowMod:QuickDashStart","HollowMod:QuickDashStart","HollowMod:QuickDashStart","HollowMod:QuickDashStart","HollowMod:FocusHealStart","HollowMod:PogoStrike","HollowMod:InfectedCysts+1","Finesse+1","HollowMod:HowlingWraiths+1","HollowMod:FallenFury","Hallucinations","HollowMod:BaldurShell+1","HollowMod:DashSlash","HollowMod:DoubleDash","HollowMod:HeavyBlow","HollowMod:BaldurShell+1","HollowMod:SoulStrike","HollowMod:theNailsmith+1","HollowMod:HornetsHelp","HollowMod:CloakDash","HollowMod:SiblingsSouls","HollowMod:DoubleDash+1","HollowMod:RecoilStrike","HollowMod:DoubleDash+1","HollowMod:LifebloodCocoon","Discovery","Thinking Ahead","HollowMod:SoulShaman","HollowMod:HowlingWraiths","HollowMod:CycloneSlash","HollowMod:FastStrike+1","HollowMod:DashSlash","HollowMod:CycloneSlash+1","HollowMod:BaldurShell"],"relics":["HollowMod:VesselMask","Dream Catcher","Shuriken","Happy Flower","Mummified Hand","HollowMod:LifeEnderRelic","Tiny House","BargainBundle","Golden Egg","Gambling Chip"],"acts_visited":["Exordium","TheCity"],"potions_floor_usage":[28,28,28,33,33],"damage_taken":[{"damage":1,"enemies":"Cultist","floor":1,"turns":3},{"damage":3,"enemies":"Jaw Worm","floor":3,"turns":3},{"damage":2,"enemies":"2 Louse","floor":7,"turns":2},{"damage":7,"enemies":"HollowMod:MossKnight","floor":10,"turns":7},{"damage":3,"enemies":"Blue Slaver","floor":11,"turns":4},{"damage":8,"enemies":"Large Slime","floor":12,"turns":5},{"damage":39,"enemies":"Hexaghost","floor":16,"turns":11},{"damage":15,"enemies":"3 Byrds","floor":18,"turns":4},{"damage":11,"enemies":"2 Thieves","floor":20,"turns":3},{"damage":25,"enemies":"Centurion and Healer","floor":22,"turns":7},{"damage":32,"enemies":"Snecko","floor":24,"turns":9},{"damage":8,"enemies":"Chosen and Byrds","floor":25,"turns":5},{"damage":18,"enemies":"Book of Stabbing","floor":28,"turns":8},{"damage":22,"enemies":"Snake Plant","floor":29,"turns":5},{"damage":55,"enemies":"Champ","floor":33,"turns":10}],"seed_played":"-3184018050525289775","potions_obtained":[{"floor":1,"key":"EssenceOfSteel"},{"floor":3,"key":"Cursed Concoction"},{"floor":16,"key":"Dexterity Potion"},{"floor":28,"key":"Languid Potion"},{"floor":29,"key":"GamblersBrew"}],"is_trial":false,"path_per_floor":["M","$","M","?","?","R","M","R","T","E","M","M","?","T","R","B",null,"M","?","M","$","M","R","M","M","T","R","E","M","$","T","R","B"],"character_chosen":"THE_BUGKNIGHT","items_purchased":["Finesse","BargainBundle","HollowMod:RecoilStrike","HollowMod:DoubleDash","HollowMod:LifebloodCocoon","Discovery","Thinking Ahead","Elixir"],"campfire_rested":2,"item_purchase_floors":[2,21,21,21,21,21,21,30],"current_hp_per_floor":[75,75,75,80,80,80,78,78,78,77,74,76,76,76,76,43,85,70,70,59,59,34,59,33,25,25,50,38,16,16,16,41,0,0],"gold":71,"neow_bonus":"RANDOM_COMMON_RELIC","is_daily":false,"chose_seed":false,"campfire_upgraded":3,"win_rate":0.0,"timestamp":1611668411,"path_taken":["M","$","M","?","?","R","M","R","T","E","?","M","?","?","R","BOSS","M","?","M","?","M","R","?","M","T","R","E","M","$","?","R","BOSS"],"items_purchased_type":["Card","Relic","Card","Card","Card","Card","Card","Potion"],"build_version":"2020-12-22","purchased_purges":1,"victory":false,"max_hp_per_floor":[75,75,75,80,80,80,80,80,80,80,80,80,80,80,80,80,85,85,85,85,85,85,85,85,85,85,85,85,85,85,85,85,85,85],"card_choices":[{"not_picked":["HollowMod:QuirrelsAssistance","HollowMod:InfectedAttack"],"picked":"HollowMod:InfectedCysts","floor":1},{"not_picked":["HollowMod:LifebloodCocoon","HollowMod:Grubsong"],"picked":"HollowMod:HowlingWraiths","floor":3},{"not_picked":["HollowMod:DoubleDash","HollowMod:FallenFury"],"picked":"HollowMod:DashSlash","floor":7},{"not_picked":["HollowMod:PureNailStrike","HollowMod:ShadowDash"],"picked":"HollowMod:DoubleDash","floor":10},{"not_picked":["HollowMod:RecoilStrike","HollowMod:SharpenedNail"],"picked":"HollowMod:HeavyBlow","floor":11},{"not_picked":["HollowMod:NewLittleFool","HollowMod:DreamGate"],"picked":"HollowMod:BaldurShell","floor":12},{"not_picked":["HollowMod:SiblingsSouls","HollowMod:LifebloodCocoon"],"picked":"HollowMod:SoulStrike","floor":13},{"not_picked":["HollowMod:NewJinnsSoul","HollowMod:SharpenedNail"],"picked":"HollowMod:theNailsmith","floor":13},{"not_picked":["HollowMod:VoidDash","HollowMod:MidwifesHunger"],"picked":"HollowMod:HornetsHelp","floor":16},{"not_picked":["HollowMod:SoulVessel","HollowMod:CornifersMapStart"],"picked":"HollowMod:CloakDash","floor":17},{"not_picked":["HollowMod:PureNailStrike","HollowMod:NewJinnsSoul"],"picked":"HollowMod:SiblingsSouls","floor":18},{"not_picked":["HollowMod:WraithStrike","HollowMod:GrimmsGift"],"picked":"HollowMod:DoubleDash+1","floor":20},{"not_picked":["HollowMod:InfectionAssault","HollowMod:LordofShades"],"picked":"HollowMod:SoulShaman","floor":22},{"not_picked":["HollowMod:SoulShaman","HollowMod:ChannelNail"],"picked":"HollowMod:HowlingWraiths","floor":23},{"not_picked":["HollowMod:CloakDash","HollowMod:SoulVessel"],"picked":"HollowMod:CycloneSlash","floor":24},{"not_picked":["HollowMod:SoulSplash","HollowMod:ShadowDash"],"picked":"HollowMod:FastStrike+1","floor":25},{"not_picked":["HollowMod:SharpenedNail","HollowMod:CycloneSlash"],"picked":"HollowMod:DashSlash","floor":27},{"not_picked":["HollowMod:SoulStrike","HollowMod:GoodIntentions"],"picked":"HollowMod:CycloneSlash+1","floor":28},{"not_picked":["HollowMod:VengefulVoid","HollowMod:DoubleDash"],"picked":"HollowMod:BaldurShell","floor":29}],"player_experience":212913,"relics_obtained":[{"floor":9,"key":"Shuriken"},{"floor":10,"key":"Happy Flower"},{"floor":13,"key":"Mummified Hand"},{"floor":14,"key":"HollowMod:LifeEnderRelic"},{"floor":26,"key":"Golden Egg"},{"floor":28,"key":"Gambling Chip"}],"event_choices":[{"damage_healed":0,"gold_gain":0,"player_choice":"Donut","damage_taken":0,"max_hp_gain":5,"max_hp_loss":0,"event_name":"Big Fish","floor":4,"gold_loss":0},{"damage_healed":0,"gold_gain":0,"player_choice":"3 cards matched","damage_taken":0,"max_hp_gain":0,"max_hp_loss":0,"event_name":"Match and Keep!","floor":5,"gold_loss":0,"cards_obtained":["HollowMod:FallenFury","Hallucinations","HollowMod:BaldurShell"]},{"damage_healed":0,"gold_gain":0,"player_choice":"Upgraded Two","damage_taken":0,"max_hp_gain":0,"max_hp_loss":0,"event_name":"Designer","floor":19,"gold_loss":40,"cards_upgraded":["HollowMod:BaldurShell","HollowMod:BaldurShell"]}],"is_beta":false,"boss_relics":[{"not_picked":["Fusion Hammer","Coffee Dripper"],"picked":"Tiny House"}],"items_purged_floors":[21],"is_endless":false,"potions_floor_spawned":[1,3,16,20,28,29],"killed_by":"Champ","ascension_level":0}}