{"host":"bf9sa99gaumonoeu","time":1611634294,"event":{"mods":["AchievementEnabler","Act Like it!","Aspiration","BaseMod","Bestiary","Better Note","Block Reminder","Colored Map","Colored Powertips","Downfall","Friendly Minions","Gensokyo","GifTheSpireLib","Hallownest","Hermit","Highlight Path","Jorbs\u0027s Wanderer Trilogy","KinomotoSakuraMod(????)","Koishi","Marisa????????","Minty Spire (QoL Compilation)","Rare Cards Sparkle","Relic Filter Mod","Relic Stats","Reliquary","Remilia??????","Spire Arcade","StSLib","The Administrix","The Animator","The Bug Knight","The Construct","The Cursed","The Disciple","The Hierophant","The Mystic","The Necromancer","The Poker Player","The Runesmith","The Senshi","The Servant 0.9.4","ojb\u0027s Info Mod"],"gold_per_floor":[112,125,140,60,20,53,53,78,78,40,40,68,46,58,58,158,158,176,196,206,206,225,225,275,293,293,293,293,293],"floor_reached":28,"language":"ENG","playtime":1878,"items_purged":[],"score":250,"play_id":"b2c7ae08-95e4-42d9-848f-8e7793466957","local_time":"20210126021134","is_ascension_mode":true,"campfire_choices":[{"data":"hermit:Dive","floor":7,"key":"SMITH"},{"data":"hermit:LoneWolf","floor":11,"key":"SMITH"},{"data":"hermit:Maintenance","floor":15,"key":"SMITH"},{"floor":23,"key":"REST"}],"circlet_count":0,"master_deck":["hermit:Strike_Hermit","hermit:Strike_Hermit","hermit:Strike_Hermit","hermit:Strike_Hermit","hermit:Defend_Hermit","hermit:Defend_Hermit","hermit:Defend_Hermit","hermit:Defend_Hermit","hermit:Snapshot","hermit:Covet","hermit:Glare","hermit:Gestalt","hermit:TrackingShot","hermit:Reprieve","hermit:Dive+1","hermit:ItchyTrigger","hermit:LoneWolf+1","hermit:Maintenance+1","hermit:HoleUp","hermit:ItchyTrigger+1","hermit:WideOpen+1","hermit:Virtue","hermit:GhostlyPresence"],"relics":["Letter Opener","hermit:Spyglass","Torii","theSenshi:SailorFukuRelic","Sozu","Nloth\u0027s Gift","theSenshi:FeatherClipsRelic","Mummified Hand"],"acts_visited":["Exordium","TheCity"],"potions_floor_usage":[1,6,8,16,18,20],"damage_taken":[{"damage":6,"enemies":"Jaw Worm","floor":1,"turns":4},{"damage":4,"enemies":"Cultist","floor":2,"turns":3},{"damage":1,"enemies":"Small Slimes","floor":3,"turns":3},{"damage":31,"enemies":"3 Sentries","floor":6,"turns":11},{"damage":2,"enemies":"Gremlin Nob","floor":8,"turns":4},{"damage":12,"enemies":"3 Sentries","floor":12,"turns":7},{"damage":2,"enemies":"Looter","floor":14,"turns":3},{"damage":13,"enemies":"Hexaghost","floor":16,"turns":19},{"damage":23,"enemies":"Chosen","floor":18,"turns":7},{"damage":7,"enemies":"3 Byrds","floor":19,"turns":5},{"damage":34,"enemies":"Shelled Parasite and Fungi","floor":20,"turns":8},{"damage":17,"enemies":"3 Cultists","floor":22,"turns":6},{"damage":13,"enemies":"Snecko","floor":25,"turns":9},{"damage":27,"enemies":"Shelled Parasite and Fungi","floor":28,"turns":2}],"seed_played":"-3196698146363335238","potions_obtained":[{"floor":0,"key":"SpeedPotion"},{"floor":0,"key":"Fruit Juice"},{"floor":0,"key":"Regen Potion"},{"floor":5,"key":"EntropicBrew"},{"floor":5,"key":"Swift Potion"},{"floor":6,"key":"DuplicationPotion"},{"floor":14,"key":"Swift Potion"}],"is_trial":false,"path_per_floor":["M","M","M","$","?","E","R","E","T","$","R","E","$","M","R","B",null,"M","M","M","?","M","R","?","M","T","T","M"],"character_chosen":"HERMIT","items_purchased":["hermit:Reprieve","hermit:LoneWolf","hermit:HoleUp"],"campfire_rested":1,"item_purchase_floors":[4,10,13],"current_hp_per_floor":[74,70,69,69,69,57,57,55,55,55,55,47,47,49,49,40,80,58,55,25,25,8,32,32,19,19,19,0,0],"gold":293,"neow_bonus":"THREE_SMALL_POTIONS","is_daily":false,"chose_seed":false,"campfire_upgraded":3,"win_rate":0.0,"timestamp":1611634294,"path_taken":["M","M","M","$","?","E","R","E","T","$","R","E","$","?","R","BOSS","M","M","M","?","M","R","?","M","T","?","M"],"items_purchased_type":["Card","Card","Card"],"build_version":"2020-12-22","purchased_purges":0,"victory":false,"max_hp_per_floor":[80,80,80,80,80,80,80,80,80,80,80,80,80,80,80,80,80,80,80,80,80,80,80,80,80,80,80,80,80],"relic_stats":{"Sozu":5,"Torii":44,"counters":[14,91],"Mummified Hand":[0],"Nloth\u0027s Gift":2,"Letter Opener":[182],"obtain_stats":[{"Sozu":17,"Torii":9,"Mummified Hand":27,"Nloth\u0027s Gift":21,"theSenshi:FeatherClipsRelic":26,"Letter Opener":6,"theSenshi:SailorFukuRelic":12,"hermit:Momento":0,"hermit:Spyglass":8},{"Sozu":8,"Torii":5,"Mummified Hand":13,"Nloth\u0027s Gift":11,"theSenshi:FeatherClipsRelic":13,"Letter Opener":4,"theSenshi:SailorFukuRelic":6,"hermit:Momento":0,"hermit:Spyglass":5},{"Sozu":54,"Torii":25,"Mummified Hand":89,"Nloth\u0027s Gift":74,"theSenshi:FeatherClipsRelic":89,"Letter Opener":21,"theSenshi:SailorFukuRelic":32,"hermit:Momento":0,"hermit:Spyglass":25}]},"card_choices":[{"not_picked":["hermit:WideOpen","hermit:LowProfile"],"picked":"hermit:Glare","floor":1},{"not_picked":["hermit:BodyArmor","hermit:Desperado"],"picked":"hermit:Gestalt","floor":2},{"not_picked":["hermit:BodyArmor","hermit:Glare"],"picked":"hermit:TrackingShot","floor":3},{"not_picked":["hermit:DeadMansHand","hermit:Quickdraw"],"picked":"hermit:Dive","floor":6},{"not_picked":["hermit:BigShot","hermit:FromBeyond"],"picked":"hermit:ItchyTrigger","floor":8},{"not_picked":["hermit:HoleUp","hermit:Ricochet"],"picked":"hermit:Maintenance","floor":12},{"not_picked":["hermit:Combo","hermit:Enervate","hermit:Cheat"],"picked":"SKIP","floor":14},{"not_picked":["hermit:ItchyTrigger+1","hermit:Manifest","hermit:LoneWolf+1"],"picked":"SKIP","floor":18},{"not_picked":["hermit:Misfire","hermit:GoldenBullet"],"picked":"hermit:ItchyTrigger+1","floor":19},{"not_picked":["hermit:Glare","hermit:Desperado"],"picked":"hermit:WideOpen+1","floor":20},{"not_picked":["hermit:Feint","hermit:Showdown"],"picked":"hermit:Virtue","floor":22},{"not_picked":["hermit:RoundhouseKick","hermit:FromBeyond"],"picked":"hermit:GhostlyPresence","floor":25}],"player_experience":1257992,"relics_obtained":[{"floor":6,"key":"Letter Opener"},{"floor":8,"key":"hermit:Spyglass"},{"floor":9,"key":"Torii"},{"floor":12,"key":"theSenshi:SailorFukuRelic"},{"floor":26,"key":"theSenshi:FeatherClipsRelic"},{"floor":27,"key":"Mummified Hand"}],"event_choices":[{"damage_healed":0,"gold_gain":0,"player_choice":"Bought 3 Potions","damage_taken":0,"max_hp_gain":0,"max_hp_loss":0,"event_name":"The Woman in Blue","floor":5,"gold_loss":0},{"damage_healed":0,"gold_gain":0,"player_choice":"Traded Relic","damage_taken":0,"relics_obtained":["Nloth\u0027s Gift"],"max_hp_gain":0,"max_hp_loss":0,"event_name":"N\u0027loth","floor":21,"relics_lost":["hermit:Momento"],"gold_loss":0},{"damage_healed":0,"gold_gain":100,"player_choice":"Bet on Murderer","damage_taken":0,"max_hp_gain":0,"max_hp_loss":0,"event_name":"The Joust","floor":24,"gold_loss":50}],"is_beta":false,"boss_relics":[{"not_picked":["reliquary:Ember","SacredBark"],"picked":"Sozu"}],"items_purged_floors":[],"is_endless":false,"potions_floor_spawned":[6,14,22,25],"killed_by":"Shelled Parasite and Fungi","ascension_level":1}}