{"host":"15pfcaw18z4i9hxo","time":1611634841,"event":{"mods":["BaseMod","DeckTracker","GifTheSpireLib","KinomotoSakuraMod(ñÿîVñ{?)","Koishi","Mad Scientist","MarisaÅiñ∂âJÅ@ñÇóùçπÅj","Minty Spire (QoL Compilation)","StSLib","The Disciple","The Marked","The Mystic"],"gold_per_floor":[219,95,105,55,1,1,30,44,44,44,44,44,44,62,62,62,62],"floor_reached":16,"language":"JPN","playtime":542,"items_purged":["MadScienceMod:Defend_MadScience"],"score":98,"play_id":"6d03509e-8df4-498a-af5f-3a44cbc677e3","local_time":"20210126132041","is_ascension_mode":false,"campfire_choices":[{"data":"MadScienceMod:Refuel","floor":6,"key":"SMITH"},{"floor":13,"key":"REST"},{"floor":15,"key":"REST"}],"circlet_count":0,"master_deck":["MadScienceMod:Strike_MadScience","MadScienceMod:Strike_MadScience","MadScienceMod:Strike_MadScience","MadScienceMod:Defend_MadScience","MadScienceMod:Defend_MadScience","MadScienceMod:Defend_MadScience","MadScienceMod:PoweredStrike","MadScienceMod:HideBehindJunk","MadScienceMod:EnergyBarrier","MadScienceMod:Refuel+1","MadScienceMod:EnergyBarrier"],"relics":["MadScienceMod:FuelTank","Ginger","Du-Vu Doll","Golden Idol","Bronze Scales"],"acts_visited":["Exordium"],"potions_floor_usage":[16],"damage_taken":[{"damage":1,"enemies":"Jaw Worm","floor":1,"turns":5},{"damage":0,"enemies":"2 Louse","floor":3,"turns":2},{"damage":65,"enemies":"Lagavulin","floor":7,"turns":20},{"damage":0,"enemies":"Small Slimes","floor":8,"turns":5},{"damage":2,"enemies":"3 Louse","floor":14,"turns":4},{"damage":50,"enemies":"Slime Boss","floor":16,"turns":6}],"seed_played":"2501608605300269686","potions_obtained":[{"floor":14,"key":"Swift Potion"}],"is_trial":false,"path_per_floor":["M","$","M","?","$","R","E","M","T","?","T","$","R","M","R","B"],"character_chosen":"MAD_SCIENTIST","items_purchased":["MadScienceMod:Refuel","MadScienceMod:EnergyBarrier"],"campfire_rested":2,"item_purchase_floors":[2,5],"current_hp_per_floor":[74,74,74,74,74,74,9,9,9,9,9,9,29,27,47,0,0],"gold":62,"neow_bonus":"HUNDRED_GOLD","is_daily":false,"chose_seed":false,"campfire_upgraded":1,"win_rate":0.0,"timestamp":1611634841,"path_taken":["M","$","M","?","$","R","E","M","T","?","?","$","R","M","R","BOSS"],"items_purchased_type":["Card","Card"],"build_version":"2020-12-22","purchased_purges":1,"victory":false,"max_hp_per_floor":[75,75,75,75,75,75,75,75,75,69,69,69,69,69,69,69,69],"card_choices":[{"not_picked":["MadScienceMod:FlameCannon","MadScienceMod:Sprocket"],"picked":"MadScienceMod:EnergyBarrier","floor":1},{"not_picked":["MadScienceMod:FragmentationGrenade","MadScienceMod:Sprocket","MadScienceMod:Weaponize"],"picked":"SKIP","floor":3},{"not_picked":["MadScienceMod:AntimatterBomb","MadScienceMod:FlameCannon","MadScienceMod:Sprocket"],"picked":"SKIP","floor":7},{"not_picked":["MadScienceMod:Detonate","MadScienceMod:FragmentationGrenade","MadScienceMod:ClockworkAssistant"],"picked":"SKIP","floor":8},{"not_picked":["MadScienceMod:NowOrNever","MadScienceMod:ShrinkRay","MadScienceMod:Bayonet"],"picked":"SKIP","floor":14}],"player_experience":229005,"relics_obtained":[{"floor":7,"key":"Ginger"},{"floor":9,"key":"Du-Vu Doll"},{"floor":11,"key":"Bronze Scales"}],"event_choices":[{"cards_removed":["MadScienceMod:Strike_MadScience"],"damage_healed":0,"gold_gain":0,"player_choice":"Card Removal","damage_taken":0,"max_hp_gain":0,"max_hp_loss":0,"event_name":"The Cleric","floor":4,"gold_loss":50},{"damage_healed":0,"gold_gain":0,"player_choice":"Lose Max HP","damage_taken":0,"relics_obtained":["Golden Idol"],"max_hp_gain":0,"max_hp_loss":6,"event_name":"Golden Idol","floor":10,"gold_loss":0}],"is_beta":false,"boss_relics":[],"items_purged_floors":[2],"is_endless":false,"potions_floor_spawned":[14],"killed_by":"Slime Boss","ascension_level":0}}