{"host":"65a95dzim48ko8ke","time":1611645867,"event":{"mods":["BaseMod","Block Reminder","Colored Powertips","Curses Come First","DeckTracker","KomeijiMod","Minty Spire (QoL Compilation)","Permanent Neow","Quick Restart","Rare Cards Sparkle","Replay The Spire","Spicy Shops","Spire Birthday Party","StSLib","Synergy Search","The IronCluck","Transform Curses"],"gold_per_floor":[118,118,136,136,149,159,195,195,219,219,219],"floor_reached":10,"language":"ENG","playtime":848,"items_purged":[],"score":68,"play_id":"c1b30b8d-86bc-4477-8c02-c429f5ad2d23","local_time":"20210126162427","is_ascension_mode":false,"campfire_choices":[],"circlet_count":0,"master_deck":["Defend_Komeiji","Defend_Komeiji","Defend_Komeiji","Defend_Komeiji","Dash_Komeiji","KeiseiJin+1","SatsujinDooru","MissingPower","SenseofElegance","TenguhouSokujitsuken","Sabishigari+1","LunaDial"],"relics":["KomeijisEye","SpellCardsRule","MusicBox","CeramicFish","Replay:Rubber Ducky"],"acts_visited":["Exordium"],"potions_floor_usage":[],"damage_taken":[{"damage":0.0,"enemies":"Cultist","floor":1.0,"turns":6.0},{"damage":0.0,"enemies":"2 Louse","floor":3.0,"turns":2.0},{"damage":11.0,"enemies":"Jaw Worm","floor":5.0,"turns":9.0},{"damage":11.0,"enemies":"Lots of Slimes","floor":6.0,"turns":4.0},{"damage":4.0,"enemies":"Replay:BlueRogue","floor":7.0,"turns":8.0},{"damage":4,"enemies":"3 Sentries","floor":10,"turns":1}],"seed_played":"1028275687939266873","potions_obtained":[{"floor":5.0,"key":"RedTea"},{"floor":6.0,"key":"Dexterity Potion"}],"is_trial":false,"path_per_floor":["M","?","M","?","M","M","E","?","T","E"],"character_chosen":"KomeijiSatori","items_purchased":[],"campfire_rested":0,"item_purchase_floors":[],"current_hp_per_floor":[35,28,28,28,17,6,2,2,2,0,0],"gold":219,"neow_bonus":"TRANSFORM_TWO_CARDS","is_daily":false,"chose_seed":false,"campfire_upgraded":0,"win_rate":0.0,"timestamp":1611645867,"path_taken":["M","?","M","?","M","M","E","?","T","E"],"items_purchased_type":[],"build_version":"2020-12-22","purchased_purges":0,"victory":false,"max_hp_per_floor":[50,50,50,50,50,50,50,50,50,50,50],"card_choices":[{"not_picked":["ShyakuBuku","Agarareta+1"],"picked":"MissingPower","floor":1.0},{"not_picked":["KeiseiJin+1","NingyouKisou+1"],"picked":"SenseofElegance","floor":3.0},{"not_picked":["NingyouYunhei+1","FreezeTouchMe"],"picked":"TenguhouSokujitsuken","floor":5.0},{"not_picked":["Mishyaguji+1","NingyouYunhei+1"],"picked":"Sabishigari+1","floor":6.0},{"not_picked":["NingyouSousou+1","VampireKiss"],"picked":"LunaDial","floor":7}],"player_experience":318486,"relics_obtained":[{"floor":7,"key":"CeramicFish"},{"floor":9,"key":"Replay:Rubber Ducky"}],"event_choices":[{"cards_removed":["Strike_Komeiji"],"damage_healed":0.0,"max_hp_gain":0.0,"max_hp_loss":0.0,"gold_gain":0.0,"event_name":"Golden Wing","player_choice":"Card Removal","floor":2.0,"gold_loss":0.0,"damage_taken":7.0},{"cards_removed":["Strike_Komeiji"],"damage_healed":0.0,"max_hp_gain":0.0,"max_hp_loss":0.0,"gold_gain":0.0,"event_name":"Living Wall","player_choice":"Forget","floor":4.0,"gold_loss":0.0,"damage_taken":0.0},{"damage_healed":0,"gold_gain":0,"player_choice":"Ignored","damage_taken":0,"max_hp_gain":0,"max_hp_loss":0,"event_name":"NoteForYourself","floor":8,"gold_loss":0}],"is_beta":false,"boss_relics":[],"items_purged_floors":[],"is_endless":false,"potions_floor_spawned":[5,6],"killed_by":"3 Sentries","ascension_level":0}}