{"host":"vyjryxuuuxkt43k4","time":1611652328,"event":{"mods":["AchievementEnabler","BaseMod","Colored Map","DeckTracker","Keyboard Shortcuts","Minty Spire (QoL Compilation)","Permanent Neow","Quick Restart","Rare Cards Sparkle","StSLib","SuperFastMode","everything is the same but u backflip on backflip"],"gold_per_floor":[109,120,131,17,34,34,34,68,141,141,160,160,189,206,206,282,332,349,367,367,380,393,393,428,440,476,515,546,101,117,81,81,155,155,165,177,230,255,155,187,40,40,67,77,0,0,26,26,26,26,26,26,26,56,56],"floor_reached":56,"language":"KOR","playtime":7405,"items_purged":["Strike_G","Strike_G"],"score":2181,"play_id":"9ceecfac-7be9-4c74-b7ec-6db8ec418a55","local_time":"20210126181208","is_ascension_mode":true,"campfire_choices":[{"data":"Apotheosis","floor":6.0,"key":"SMITH"},{"floor":12.0,"key":"REST"},{"floor":15.0,"key":"REST"},{"floor":23.0,"key":"REST"},{"floor":25.0,"key":"REST"},{"floor":32.0,"key":"REST"},{"floor":46.0,"key":"RECALL"},{"floor":49.0,"key":"REST"},{"floor":52.0,"key":"REST"}],"circlet_count":0,"master_deck":["AscendersBane","Strike_G+1","Strike_G","Defend_G","Defend_G","Defend_G","Defend_G","Defend_G","Survivor","Neutralize","Apotheosis+1","Flechettes","Endless Agony","Blur","Well Laid Plans","Blade Dance","Dodge and Roll","Backstab","Burst+1","Underhanded Strike","Deflect+1","Acrobatics+1","Concentrate+1","Corpse Explosion+1","Heel Hook","Acrobatics+1","Bouncing Flask+1","Blur+1","Prepared+1","Finisher","Tactician+1","Deep Breath+1","Reflex+1","Footwork","Venomology+1","PiercingWail+1","Backflip+1","Escape Plan+1","Adrenaline+1","Doppelganger+1","Panacea+1","Backflip+1","Tactician+1"],"relics":["Ring of the Snake","Thread and Needle","PreservedInsect","Toxic Egg 2","Unceasing Top","Tiny House","MawBank","InkBottle","Tough Bandages","Fusion Hammer","FossilizedHelix","Pocketwatch","Torii","Eternal Feather","Bag of Marbles","Red Mask","Dream Catcher","Akabeko"],"acts_visited":["Exordium","TheCity","TheBeyond","TheEnding"],"potions_floor_usage":[55,55,55],"damage_taken":[{"damage":1.0,"enemies":"Jaw Worm","floor":1.0,"turns":4.0},{"damage":8.0,"enemies":"Small Slimes","floor":2.0,"turns":5.0},{"damage":0.0,"enemies":"Cultist","floor":3.0,"turns":3.0},{"damage":4.0,"enemies":"Red Slaver","floor":5.0,"turns":5.0},{"damage":0.0,"enemies":"Lagavulin","floor":8.0,"turns":9.0},{"damage":7.0,"enemies":"Lots of Slimes","floor":11.0,"turns":5.0},{"damage":9.0,"enemies":"Gremlin Nob","floor":13.0,"turns":3.0},{"damage":0.0,"enemies":"Exordium Thugs","floor":14.0,"turns":5.0},{"damage":2.0,"enemies":"Slime Boss","floor":16.0,"turns":6.0},{"damage":5.0,"enemies":"Shell Parasite","floor":18.0,"turns":5.0},{"damage":0.0,"enemies":"Chosen","floor":19.0,"turns":5.0},{"damage":30.0,"enemies":"Snake Plant","floor":21.0,"turns":4.0},{"damage":16.0,"enemies":"Shelled Parasite and Fungi","floor":22.0,"turns":5.0},{"damage":34.0,"enemies":"Gremlin Leader","floor":24.0,"turns":9.0},{"damage":8.0,"enemies":"Slavers","floor":27.0,"turns":4.0},{"damage":0.0,"enemies":"Snecko","floor":28.0,"turns":5.0},{"damage":0.0,"enemies":"Chosen and Byrds","floor":30.0,"turns":4.0},{"damage":0.0,"enemies":"Automaton","floor":33.0,"turns":10.0},{"damage":14.0,"enemies":"3 Darklings","floor":35.0,"turns":6.0},{"damage":2.0,"enemies":"Orb Walker","floor":36.0,"turns":4.0},{"damage":18.0,"enemies":"2 Orb Walkers","floor":37.0,"turns":3.0},{"damage":0.0,"enemies":"Mind Bloom Boss Battle","floor":38.0,"turns":9.0},{"damage":6.0,"enemies":"Nemesis","floor":40.0,"turns":5.0},{"damage":0.0,"enemies":"4 Shapes","floor":44.0,"turns":2.0},{"damage":0.0,"enemies":"Reptomancer","floor":47.0,"turns":9.0},{"damage":59.0,"enemies":"Time Eater","floor":50.0,"turns":16.0},{"damage":0.0,"enemies":"Shield and Spear","floor":54.0,"turns":3.0},{"damage":0,"enemies":"The Heart","floor":55,"turns":10}],"seed_played":"163604215560059178","potions_obtained":[{"floor":2.0,"key":"Ancient Potion"},{"floor":5.0,"key":"Swift Potion"},{"floor":11.0,"key":"Fire Potion"},{"floor":13.0,"key":"CunningPotion"},{"floor":17.0,"key":"Fruit Juice"},{"floor":21.0,"key":"CunningPotion"},{"floor":27.0,"key":"Energy Potion"},{"floor":28.0,"key":"Energy Potion"},{"floor":33.0,"key":"DistilledChaos"},{"floor":38.0,"key":"FearPotion"},{"floor":40.0,"key":"CunningPotion"},{"floor":47.0,"key":"Poison Potion"}],"is_trial":false,"path_per_floor":["M","M","M","$","M","R","?","E","T","?","M","R","E","M","R","B",null,"M","M","?","M","M","R","E","R","T","E","M","$","M","$","R","B",null,"M","M","?","?","$","E","$","T","T","M","?","R","E","?","R","B",null,"R","$","E","B",null],"character_chosen":"THE_SILENT","items_purchased":["Well Laid Plans","Blade Dance","Tough Bandages","Deep Breath+1","Footwork","Adrenaline+1"],"campfire_rested":7,"item_purchase_floors":[4,4,29,29,31,41],"current_hp_per_floor":[62,54,54,54,50,50,47,47,47,47,40,58,49,49,63,61,68,63,63,63,38,22,43,9,30,30,22,22,22,22,22,43,43,66,64,62,44,44,44,38,38,38,38,38,38,59,59,59,73,14,58,73,73,73,73],"gold":56,"neow_bonus":"RANDOM_COLORLESS_2","is_daily":false,"chose_seed":false,"campfire_upgraded":1,"win_rate":0.0,"timestamp":1611652328,"path_taken":["M","M","M","$","M","R","?","E","T","?","?","R","E","M","R","BOSS","M","M","?","M","M","R","E","R","T","E","M","$","M","$","R","BOSS","M","?","?","?","$","E","$","?","T","M","?","R","E","?","R","BOSS","R","$","E","BOSS"],"items_purchased_type":["Card","Card","Relic","Card","Card","Card"],"build_version":"2020-12-22","purchased_purges":2,"victory":true,"max_hp_per_floor":[63,63,63,63,63,63,63,63,63,63,63,63,63,63,63,63,68,68,68,68,73,73,73,73,73,73,73,73,73,73,73,73,73,73,73,73,73,73,73,73,73,73,73,73,73,73,73,73,73,73,73,73,73,73,73],"card_choices":[{"not_picked":["HandOfGreed","Transmutation"],"picked":"Apotheosis","floor":0.0},{"not_picked":["Expertise","Setup"],"picked":"Flechettes","floor":1.0},{"not_picked":["Backflip","Catalyst"],"picked":"Endless Agony","floor":2.0},{"not_picked":["Eviscerate","PiercingWail"],"picked":"Blur","floor":3.0},{"not_picked":["Choke","Cloak And Dagger"],"picked":"Dodge and Roll","floor":5.0},{"not_picked":["Slice","Dagger Spray"],"picked":"Backstab","floor":8.0},{"not_picked":["Infinite Blades","Sucker Punch"],"picked":"Deflect+1","floor":11.0},{"not_picked":["Riddle With Holes","Blur+1"],"picked":"Acrobatics+1","floor":13.0},{"not_picked":["Infinite Blades","Dagger Spray"],"picked":"Concentrate+1","floor":14.0},{"not_picked":["Venomology+1","Phantasmal Killer+1"],"picked":"Corpse Explosion+1","floor":16.0},{"not_picked":["Quick Slash","Skewer"],"picked":"Heel Hook","floor":17.0},{"not_picked":["Heel Hook","Outmaneuver+1"],"picked":"Acrobatics+1","floor":18.0},{"not_picked":["Dagger Throw","Heel Hook"],"picked":"Bouncing Flask+1","floor":19.0},{"not_picked":["Flying Knee","Dodge and Roll+1","Deflect+1"],"picked":"SKIP","floor":21.0},{"not_picked":["Blade Dance+1","Dash"],"picked":"Prepared+1","floor":22.0},{"not_picked":["Skewer","Dagger Throw"],"picked":"Finisher","floor":24.0},{"not_picked":["Footwork","Bullet Time+1"],"picked":"Tactician+1","floor":27.0},{"not_picked":["All Out Attack","Poisoned Stab","Deflect+1"],"picked":"SKIP","floor":28.0},{"not_picked":["Underhanded Strike","Deflect+1"],"picked":"Reflex+1","floor":30.0},{"not_picked":["Glass Knife","Envenom"],"picked":"Venomology+1","floor":33.0},{"not_picked":["Backstab+1","Noxious Fumes"],"picked":"PiercingWail+1","floor":35.0},{"not_picked":["Crippling Poison+1","Bouncing Flask+1"],"picked":"Backflip+1","floor":36.0},{"not_picked":["Deadly Poison+1","Terror+1"],"picked":"Escape Plan+1","floor":40.0},{"not_picked":["Sucker Punch+1","Blade Dance+1","Concentrate+1"],"picked":"SKIP","floor":44.0},{"not_picked":["Deflect+1","Flying Knee+1"],"picked":"Doppelganger+1","floor":47.0},{"not_picked":["Swift Strike","PanicButton+1"],"picked":"Panacea+1","floor":48.0},{"not_picked":["Bane","Flying Knee"],"picked":"Backflip+1","floor":52.0},{"not_picked":["Dagger Spray","Storm of Steel+1"],"picked":"Tactician+1","floor":54.0}],"player_experience":364734,"relics_obtained":[{"floor":8.0,"key":"PreservedInsect"},{"floor":9.0,"key":"Toxic Egg 2"},{"floor":13.0,"key":"Unceasing Top"},{"floor":24.0,"key":"MawBank"},{"floor":27.0,"key":"InkBottle"},{"floor":37.0,"key":"FossilizedHelix"},{"floor":38.0,"key":"Pocketwatch"},{"floor":40.0,"key":"Torii"},{"floor":42.0,"key":"Eternal Feather"},{"floor":43.0,"key":"Bag of Marbles"},{"floor":47.0,"key":"Dream Catcher"},{"floor":54.0,"key":"Akabeko"}],"event_choices":[{"damage_healed":0.0,"max_hp_gain":0.0,"max_hp_loss":0.0,"gold_gain":0.0,"event_name":"Scrap Ooze","player_choice":"Success","floor":7.0,"gold_loss":0.0,"damage_taken":3.0,"relics_obtained":["Thread and Needle"]},{"damage_healed":0.0,"max_hp_gain":0.0,"max_hp_loss":0.0,"gold_gain":0.0,"event_name":"Match and Keep!","player_choice":"2 cards matched","floor":10.0,"gold_loss":0.0,"damage_taken":0.0,"cards_obtained":["Burst","Underhanded Strike"]},{"damage_healed":0.0,"max_hp_gain":0.0,"max_hp_loss":0.0,"gold_gain":0.0,"cards_transformed":["Strike_G"],"event_name":"Transmorgrifier","player_choice":"Transformed","floor":20.0,"gold_loss":0.0,"damage_taken":0.0,"cards_obtained":["Blur"]},{"damage_healed":0.0,"max_hp_gain":0.0,"max_hp_loss":0.0,"gold_gain":0.0,"event_name":"Mysterious Sphere","player_choice":"Fight","floor":37.0,"gold_loss":0.0,"damage_taken":0.0},{"damage_healed":0.0,"max_hp_gain":0.0,"max_hp_loss":0.0,"gold_gain":0.0,"event_name":"MindBloom","player_choice":"Fight","floor":38.0,"gold_loss":0.0,"damage_taken":0.0},{"damage_healed":0.0,"max_hp_gain":0.0,"max_hp_loss":0.0,"gold_gain":0.0,"event_name":"Tomb of Lord Red Mask","player_choice":"Paid","floor":45.0,"gold_loss":77.0,"damage_taken":0.0,"relics_obtained":["Red Mask"]},{"damage_healed":0.0,"max_hp_gain":0.0,"max_hp_loss":0.0,"gold_gain":0.0,"event_name":"SensoryStone","player_choice":"Memory 1","floor":48.0,"gold_loss":0.0,"damage_taken":0.0}],"is_beta":false,"boss_relics":[{"not_picked":["Snecko Eye","Runic Dome"],"picked":"Tiny House"},{"not_picked":["HoveringKite","SacredBark"],"picked":"Fusion Hammer"}],"items_purged_floors":[29,39],"is_endless":false,"potions_floor_spawned":[2,5,11,13,14,21,27,28,33,38,40,44,47],"ascension_level":13}}