{"host":"jkgg7n5hn1slsm35","time":1611654961,"event":{"mods":["Aspiration","BaseMod","BetterRewards","Conspire","Googly Eyes","Gremlin Skip","Halation","Highlight Path","Hubris","Infinite Spire","Minty Spire (QoL Compilation)","Permanent Neow","StSLib","SuperFastMode"],"gold_per_floor":[114,129,144,144,159,159,189,189,189,204,219,219,168,183,183,283,283,298,397,397,397,397,397,97,97,97,97,97,97,136,160,160,269,269,293,293,308,308,156,195,195,195,195,195,195,195,133,172,172,172,172],"floor_reached":50,"language":"ENG","playtime":1701,"items_purged":[],"score":612,"play_id":"27ca1f23-199c-4dd0-b453-acdf9a98170b","local_time":"20210126105601","daily_mods":["SealedDeck","Flight","Night Terrors"],"is_ascension_mode":false,"campfire_choices":[{"data":"Body Slam","floor":6,"key":"SMITH"},{"data":"Body Slam","floor":8,"key":"SMITH"},{"data":"Metallicize","floor":15,"key":"SMITH"},{"data":"Flex","floor":23,"key":"SMITH"},{"data":"Rage","floor":25,"key":"SMITH"},{"data":"Intimidate","floor":29,"key":"SMITH"},{"data":"Seeing Red","floor":32,"key":"SMITH"},{"data":"Evolve","floor":42,"key":"SMITH"},{"data":"Demon Form","floor":44,"key":"SMITH"},{"data":"Anger","floor":45,"key":"SMITH"},{"data":"Inflame","floor":46,"key":"SMITH"},{"data":"Finesse","floor":49,"key":"SMITH"}],"circlet_count":0,"master_deck":["Intimidate+1","Inflame+1","Iron Wave","Rage+1","Pommel Strike","Flex+1","Anger+1","Body Slam+1","Clash","Cleave","Body Slam+1","Clash","Clash","Shrug It Off","Metallicize+1","Seeing Red+1","Anger+1","Demon Form+1","Shrug It Off","Evolve+1","Finesse+1","Pommel Strike","Metallicize","Ghostly Armor+1"],"relics":["Burning Blood","Art of War","conspire:Flyswatter","hubris:Backtick","Unceasing Top","Mummified Hand","FossilizedHelix","CeramicFish","Self Forming Clay","halation:EternalFortune","Regal Pillow","Bottled Lightning","hubris:IronBody"],"acts_visited":["Exordium","TheCity","TheBeyond"],"potions_floor_usage":[],"damage_taken":[{"damage":6,"enemies":"Jaw Worm","floor":1,"turns":2},{"damage":1,"enemies":"infinitespire:Voidling","floor":2,"turns":2},{"damage":0,"enemies":"Small Slimes","floor":3,"turns":2},{"damage":0,"enemies":"Blue Slaver","floor":5,"turns":2},{"damage":14,"enemies":"Lagavulin","floor":7,"turns":4},{"damage":0,"enemies":"2 Fungi Beasts","floor":10,"turns":2},{"damage":1,"enemies":"3 Louse","floor":11,"turns":2},{"damage":0,"enemies":"Exordium Wildlife","floor":14,"turns":3},{"damage":39,"enemies":"The Guardian","floor":16,"turns":6},{"damage":10,"enemies":"Chosen","floor":18,"turns":2},{"damage":0,"enemies":"Slavers","floor":30,"turns":3},{"damage":0,"enemies":"2 Thieves","floor":31,"turns":2},{"damage":0,"enemies":"conspire:MysteriousRune","floor":33,"turns":3},{"damage":0,"enemies":"3 Shapes","floor":35,"turns":5},{"damage":0,"enemies":"3 Darklings","floor":37,"turns":2},{"damage":67,"enemies":"Nightmare","floor":40,"turns":7},{"damage":0,"enemies":"Nemesis","floor":48,"turns":3},{"damage":80,"enemies":"hubris:GrandSnecko","floor":50,"turns":11}],"seed_played":"-4735054310349275430","potions_obtained":[{"floor":3,"key":"Energy Potion"},{"floor":7,"key":"FearPotion"},{"floor":10,"key":"Explosive Potion"},{"floor":31,"key":"PowerPotion"}],"is_trial":false,"path_per_floor":["M","M","M","?","M","R","E","R","T","M","M","?","$","M","R","B",null,"M","?","?","?","AVR","R","$","R","T","?","?","R","E","M","R","B",null,"M","?","M","?","$","NM","?","R","T","R","R","R","$","E","R","B"],"character_chosen":"IRONCLAD","items_purchased":["Shrug It Off","FossilizedHelix","Evolve","Finesse","Metallicize"],"campfire_rested":0,"item_purchase_floors":[13,24,39,39,47],"current_hp_per_floor":[80,80,80,80,80,80,72,72,72,78,80,80,80,80,80,47,80,76,76,76,76,76,76,76,76,76,76,76,76,80,80,80,80,80,80,80,80,83,83,22,73,73,73,73,73,73,73,73,73,0,0],"gold":172,"neow_bonus":"","is_daily":true,"chose_seed":false,"campfire_upgraded":12,"win_rate":0.0,"timestamp":1611654961,"path_taken":["M","M","M","?","M","R","E","R","T","M","?","?","$","?","R","BOSS","M","?","?","?","AVR","R","$","R","T","?","?","R","E","?","R","BOSS","M","?","?","?","$","NM","?","R","T","R","R","R","$","E","R","BOSS"],"items_purchased_type":["Card","Relic","Card","Card","Card"],"build_version":"2020-12-22","purchased_purges":0,"victory":false,"max_hp_per_floor":[80,80,80,80,80,80,80,80,80,80,80,80,80,80,80,80,80,80,80,80,80,80,80,80,80,80,80,80,80,80,80,80,80,80,80,80,80,83,83,83,73,73,73,73,73,73,73,73,73,73,73],"card_choices":[{"not_picked":["Anger","Evolve"],"picked":"Cleave","floor":1},{"not_picked":["Headbutt","True Grit","Anger"],"picked":"SKIP","floor":2},{"not_picked":["Headbutt","Warcry","Second Wind"],"picked":"SKIP","floor":3},{"not_picked":["Intimidate","Reckless Charge"],"picked":"Body Slam","floor":5},{"not_picked":["hubris:StunningStrike","Perfected Strike"],"picked":"Clash","floor":7},{"not_picked":["Dark Embrace","Armaments","Infernal Blade"],"picked":"SKIP","floor":10},{"not_picked":["Anger","Heavy Blade"],"picked":"Clash","floor":11},{"not_picked":["hubris:ReadiedAction","Thunderclap"],"picked":"Metallicize","floor":14},{"not_picked":["True Grit+1","Warcry+1","Havoc"],"picked":"SKIP","floor":18},{"not_picked":["Havoc","Sword Boomerang"],"picked":"Seeing Red","floor":30},{"not_picked":["Bloodletting","hubris:SharpeningStone"],"picked":"Anger+1","floor":31},{"not_picked":["Exhume","Corruption"],"picked":"Demon Form","floor":33},{"not_picked":["Warcry","Armaments"],"picked":"Shrug It Off","floor":35},{"not_picked":["Clothesline+1","Double Tap","Headbutt"],"picked":"SKIP","floor":37},{"not_picked":["Flex","Reckless Charge"],"picked":"Pommel Strike","floor":40},{"not_picked":["conspire:HitWhereItHurts","Uppercut+1"],"picked":"Ghostly Armor+1","floor":48}],"player_experience":1850330,"relics_obtained":[{"floor":7,"key":"Art of War"},{"floor":9,"key":"conspire:Flyswatter"},{"floor":26,"key":"CeramicFish"},{"floor":30,"key":"Self Forming Clay"},{"floor":40,"key":"Regal Pillow"},{"floor":43,"key":"Bottled Lightning"},{"floor":48,"key":"hubris:IronBody"}],"event_choices":[{"damage_healed":0,"gold_gain":99,"player_choice":"Stole From Cult","damage_taken":0,"max_hp_gain":0,"max_hp_loss":0,"event_name":"Nest","floor":19,"gold_loss":0},{"cards_removed":["Twin Strike"],"damage_healed":0,"gold_gain":0,"player_choice":"Elegance","damage_taken":0,"max_hp_gain":0,"max_hp_loss":0,"event_name":"Back to Basics","floor":21,"gold_loss":0},{"damage_healed":73,"gold_gain":0,"player_choice":"Heal","damage_taken":0,"max_hp_gain":0,"max_hp_loss":10,"event_name":"The Moai Head","floor":41,"gold_loss":0}],"is_beta":false,"boss_relics":[{"not_picked":["Calling Bell","Black Star"],"picked":"hubris:Backtick"},{"not_picked":["Velvet Choker","Empty Cage","hubris:VirtuousBlindfold"]}],"items_purged_floors":[],"is_endless":true,"potions_floor_spawned":[3,7,10,16,30,31,40,48],"killed_by":"hubris:GrandSnecko","ascension_level":0}}