{"host":"9slw7l0ws16384qq","time":1611682168,"event":{"mods":["A Penny For Your Troubles","BaseMod","Clockwork Mod","Colored Map","Evolution","Hermit","Hubris","Minty Spire (QoL Compilation)","Replay The Spire","Shedinja","StS++","StSLib","The Dragon Tamer","The Marked","TheSurvivalist"],"gold_per_floor":[115,126,51,51,51,51,64,64,14,14,314,349,349,360,44,56,56,151,151,151,151],"floor_reached":20,"language":"FRA","playtime":639,"items_purged":["Dualcast"],"score":295,"play_id":"776a78d4-bd1e-412e-9bc0-e133fd60bb6f","local_time":"20210126182928","is_ascension_mode":false,"campfire_choices":[{"data":"Tempest","floor":8,"key":"SMITH"},{"data":"Zap","floor":10,"key":"SMITH"},{"data":"Conserve Battery","floor":13,"key":"SMITH"},{"data":"ReplayTheSpireMod:Omega Cannon","floor":17,"key":"SMITH"}],"circlet_count":0,"master_deck":["Sweeping Beam","Sweeping Beam","Sweeping Beam","Sweeping Beam","Conserve Battery+1","Conserve Battery","Conserve Battery","Conserve Battery","Zap+1","Tempest+1","Reboot","ReplayTheSpireMod:Omega Cannon+1","Core Surge","Electrodynamics","Echo Form","Rainbow","Machine Learning","Creative AI","ReplayTheSpireMod:Omega Cannon","Hyperbeam","Mirror Shield","hubris:DoWhile","Meteor Strike","StSpp:MemoryLeak","All For One","Buffer","StSpp:Converter","Fission","Seek","Thunder Strike","Multi-Cast","Core Surge","StSpp:Saturation","hubris:SpecializedCircuitry","Reboot","hubris:Prefetch","Electrodynamics","StSpp:CopyPaste","Amplify","ReplayRNGCard","Biased Cognition"],"relics":["Cracked Core","EVO:Axolotl","Torii","Old Coin","hubris:TenFootPole","Replay:Antivirus Software","StSpp:CrystalBall","Prayer Wheel"],"acts_visited":["Exordium","TheCity"],"potions_floor_usage":[],"damage_taken":[{"damage":0,"enemies":"Jaw Worm","floor":1,"turns":2},{"damage":1,"enemies":"Small Slimes","floor":2,"turns":2},{"damage":0,"enemies":"2 Louse","floor":7,"turns":2},{"damage":1,"enemies":"Lagavulin","floor":12,"turns":5},{"damage":0,"enemies":"Exordium Thugs","floor":14,"turns":3},{"damage":0,"enemies":"Large Slime","floor":16,"turns":3},{"damage":0,"enemies":"Fading Forest","floor":18,"turns":11},{"damage":3,"enemies":"Shell Parasite","floor":20,"turns":6}],"seed_played":"3744728258878354555","potions_obtained":[{"floor":1,"key":"Dexterity Potion"},{"floor":12,"key":"EssenceOfDarkness"},{"floor":16,"key":"Strength Potion"}],"is_trial":false,"path_per_floor":["M","M","$","?","PTL","PTL","M","R","?","R","T","E","R","M","$","M","R","B",null,"M"],"character_chosen":"DEFECT","items_purchased":["Replay:Antivirus Software","ReplayTheSpireMod:Omega Cannon"],"campfire_rested":0,"item_purchase_floors":[15,15],"current_hp_per_floor":[56,55,55,55,55,55,55,55,55,55,55,54,54,54,54,54,54,64,80,77,77],"gold":151,"neow_bonus":"ONE_RARE_RELIC","is_daily":false,"chose_seed":false,"campfire_upgraded":4,"win_rate":0.0,"timestamp":1611682168,"path_taken":["M","M","$","?","PTL","PTL","M","R","?","R","T","E","R","M","$","M","R","BOSS","M"],"items_purchased_type":["Relic","Card"],"build_version":"2020-12-22","purchased_purges":1,"victory":false,"max_hp_per_floor":[80,80,80,80,80,80,80,80,80,80,80,80,80,80,80,80,80,80,80,80,80],"card_choices":[{"not_picked":["StSpp:Channeliser","BasicCrystalCard","Steam"],"picked":"SKIP","floor":1},{"not_picked":["Rebound","Conserve Battery","Redo"],"picked":"SKIP","floor":2},{"not_picked":["Consume","Coolheaded"],"picked":"Tempest","floor":7},{"not_picked":["Ball Lightning","Rebound","Steam"],"picked":"SKIP","floor":12},{"not_picked":["Rebound","Stack","Steam"],"picked":"SKIP","floor":14},{"not_picked":["Double Energy","Fusion"],"picked":"Core Surge","floor":16},{"not_picked":["ReplayRNGCard","Fission"],"picked":"Electrodynamics","floor":18}],"player_experience":1849635,"relics_obtained":[{"floor":11,"key":"Old Coin"},{"floor":12,"key":"hubris:TenFootPole"}],"event_choices":[{"damage_healed":0,"gold_gain":0,"player_choice":"Ignored","damage_taken":0,"max_hp_gain":0,"max_hp_loss":0,"event_name":"Liars Game","floor":4,"gold_loss":0}],"is_beta":false,"boss_relics":[{"not_picked":["hubris:CrackedHourglass","Ectoplasm"],"picked":"StSpp:CrystalBall"}],"items_purged_floors":[3],"is_endless":false,"potions_floor_spawned":[1,12,16],"killed_by":"Shell Parasite","ascension_level":0}}