{"host":"gltm229u6j2oow3a","time":1611646747,"event":{"mods":["BaseMod","Colored Powertips","Minty Spire (QoL Compilation)","[IsaacMod]ÒÔÈö¼âËþ"],"gold_per_floor":[111,64,64,17,17,17,43,82,133,208,253,31,51,86,86,239,239,249,249,164,95,95,120,120],"floor_reached":23,"language":"ZHS","playtime":690,"items_purged":["Regret"],"score":267,"play_id":"fab2f289-4dfa-4035-b158-1ae644e45e69","local_time":"20210126153907","is_ascension_mode":true,"campfire_choices":[{"data":"BettingIsNotGood","floor":6,"key":"SMITH"},{"data":"Limit Break","floor":15,"key":"SMITH"}],"circlet_count":0,"master_deck":["Strike_R","Strike_R","Strike_R","Strike_R","Defend_R","Defend_R","Defend_R","Defend_R","Bash","BettingIsNotGood+1","Sword Boomerang","Flex","Reaper","Clash","Pummel","Limit Break+1","Clash","Double Tap","Cleave","Inflame"],"relics":["Burning Blood","HushsDoor","PokeGo","Paper Frog","HornCleat","PreservedInsect","Odd Mushroom","Chaos","Magic Flower","Happy Flower","Matryoshka","Bag of Preparation","Void"],"acts_visited":["Exordium","TheCity"],"potions_floor_usage":[14,23],"damage_taken":[{"damage":0,"enemies":"Jaw Worm","floor":1,"turns":1},{"damage":0,"enemies":"3 Sentries","floor":7,"turns":1},{"damage":0,"enemies":"2 Louse","floor":8,"turns":1},{"damage":3,"enemies":"The Mushroom Lair","floor":11,"turns":4},{"damage":6,"enemies":"Small Slimes","floor":13,"turns":3},{"damage":0,"enemies":"Gremlin Nob","floor":14,"turns":2},{"damage":77,"enemies":"Hexaghost","floor":16,"turns":12},{"damage":41,"enemies":"2 Thieves","floor":18,"turns":5},{"damage":50,"enemies":"Slavers","floor":23,"turns":3}],"seed_played":"5148912932949759895","potions_obtained":[{"floor":7,"key":"DistilledChaos"},{"floor":8,"key":"SmokeBomb"},{"floor":14,"key":"Fruit Juice"},{"floor":16,"key":"Weak Potion"}],"is_trial":false,"path_per_floor":["M","$","?","$","?","R","E","M","T","?","?","$","M","E","R","B",null,"M","?","?","$","T","E"],"character_chosen":"IRONCLAD","items_purchased":["Flex","Clash","Chaos","Inflame"],"campfire_rested":0,"item_purchase_floors":[2,4,12,21],"current_hp_per_floor":[80,80,80,80,80,80,80,80,80,69,78,78,78,85,85,17,85,59,43,43,43,43,0,0],"gold":120,"neow_bonus":"THREE_ENEMY_KILL","is_daily":false,"chose_seed":false,"campfire_upgraded":2,"win_rate":0.0,"timestamp":1611646747,"path_taken":["M","$","?","?","?","R","E","M","T","?","?","$","?","E","R","BOSS","M","?","?","$","?","E"],"items_purchased_type":["Card","Card","Card","Card"],"build_version":"2020-12-22","purchased_purges":1,"victory":false,"max_hp_per_floor":[80,80,80,80,80,80,80,80,80,80,80,80,80,85,85,85,85,85,90,90,90,90,90,90],"card_choices":[{"not_picked":[],"picked":"BettingIsNotGood","floor":0},{"not_picked":["Body Slam","Clothesline"],"picked":"Sword Boomerang","floor":1},{"not_picked":["Anger","Blood for Blood"],"picked":"Pummel","floor":7},{"not_picked":["Rampage","Havoc"],"picked":"Limit Break","floor":8},{"not_picked":["Ghostly Armor","Headbutt"],"picked":"Clash","floor":11},{"not_picked":["Warcry","Heavy Blade","Twin Strike"],"picked":"SKIP","floor":13},{"not_picked":["Carnage","Twin Strike"],"picked":"Bomb","floor":14},{"not_picked":["Fiend Fire","Brutality"],"picked":"Double Tap","floor":16},{"not_picked":["Combust","Twin Strike"],"picked":"Cleave","floor":18}],"player_experience":94810,"relics_obtained":[{"floor":7,"key":"HornCleat"},{"floor":9,"key":"PreservedInsect"},{"floor":11,"key":"Odd Mushroom"},{"floor":14,"key":"Magic Flower"},{"floor":22,"key":"Bag of Preparation"},{"floor":22,"key":"Void"}],"event_choices":[{"damage_healed":0,"gold_gain":0,"cards_transformed":["Strike_R"],"player_choice":"Change","damage_taken":0,"max_hp_gain":0,"max_hp_loss":0,"event_name":"Living Wall","floor":3,"gold_loss":0,"cards_obtained":["Reaper"]},{"damage_healed":0,"gold_gain":0,"player_choice":"Box","damage_taken":0,"relics_obtained":["Paper Frog"],"max_hp_gain":0,"max_hp_loss":0,"event_name":"Big Fish","floor":5,"gold_loss":0,"cards_obtained":["Regret"]},{"damage_healed":0,"gold_gain":75,"player_choice":"Gather Gold","damage_taken":11,"max_hp_gain":0,"max_hp_loss":0,"event_name":"World of Goop","floor":10,"gold_loss":0},{"damage_healed":0,"gold_gain":0,"player_choice":"Fought Mushrooms","damage_taken":0,"max_hp_gain":0,"max_hp_loss":0,"event_name":"Mushrooms","floor":11,"gold_loss":0},{"damage_healed":0,"gold_gain":0,"player_choice":"Shed Blood","damage_taken":21,"max_hp_gain":5,"max_hp_loss":0,"event_name":"Forgotten Altar","floor":19,"gold_loss":0},{"damage_healed":0,"gold_gain":0,"player_choice":"Obtained Relic","damage_taken":0,"relics_obtained":["Matryoshka"],"max_hp_gain":0,"max_hp_loss":0,"event_name":"Addict","floor":20,"gold_loss":85}],"is_beta":false,"boss_relics":[{"not_picked":["Blue Candle","CeramicFish"],"picked":"Happy Flower"},{"not_picked":[]}],"items_purged_floors":[12],"is_endless":false,"potions_floor_spawned":[7,8,14,16],"killed_by":"Slavers","ascension_level":2}}