{"host":"dyudzmz1c60osjjw","time":1611646646,"event":{"mods":["AchievementEnabler","BaseMod","BetterRewards","Colored Map","Conspire","Downfall","Duelist Mod","Friendly Minions","Hermit","Hubris","Infinite Spire","Koishi","Marisa????????","Minty Spire (QoL Compilation)","StSLib","The Administrix","The Animator","The Cursed","The Disciple","The Mystic","The Runesmith","The Servant 0.9.4"],"gold_per_floor":[144,158,158,171,191,191,226,244,267,293,306,306,306,323,323,419,419,438,455,455,455,468,468,468,518,545,520,520],"floor_reached":27,"language":"ENG","playtime":2020,"items_purged":[],"score":250,"play_id":"35675e96-6cf6-43e5-8760-2f793540285c","local_time":"20210126183726","is_ascension_mode":false,"campfire_choices":[{"data":"theDuelist:GridRod","floor":6,"key":"SMITH"},{"data":"theDuelist:FluteKuriboh","floor":12,"key":"SMITH"},{"data":"theDuelist:FinalFlame","floor":15,"key":"SMITH"},{"floor":23,"key":"REST"}],"circlet_count":0,"master_deck":["theDuelist:BeaverWarrior","theDuelist:BeaverWarrior","theDuelist:CastleWalls","theDuelist:CastleWalls","theDuelist:FinalFlame+1","theDuelist:GiantSoldier","theDuelist:GiantSoldier","theDuelist:ScrapFactory","theDuelist:Sparks","theDuelist:Sparks","theDuelist:GridRod+1","theDuelist:WormWarlord","theDuelist:Tuningware","theDuelist:EvilswarmHeliotrope","theDuelist:CombinationAttack","theDuelist:LabyrinthWall","theDuelist:CoreBlaster","theDuelist:FluteKuriboh+1","Regret","theDuelist:ElectromagneticShield","theDuelist:KamionTimelord","theDuelist:ScrapFactory","theDuelist:Terraforming+1","infinitespire:Starlight","infinitespire:FutureSight","theDuelist:MiraculousDescent","theDuelist:VampireCurse","theDuelist:CurseAnubis","theDuelist:CursedBill"],"relics":["theDuelist:MillenniumPuzzle","theDuelist:CardPoolRelic","theDuelist:CardPoolBasicRelic","theDuelist:BoosterPackPoolRelic","theDuelist:CardPoolAddRelic","theDuelist:CardPoolMinusRelic","theDuelist:CardPoolSaveRelic","theDuelist:CardPoolOptionsRelic","conspire:IceCreamScoop","Art of War","Runesmith:AutoHammer","theDuelist:MillenniumPeriapt","conspire:RoyalGoblet","FossilizedHelix","Blue Candle","theDuelist:ZoneToken"],"acts_visited":["Exordium","TheCity"],"potions_floor_usage":[10,16,16,18,27],"damage_taken":[{"damage":0,"enemies":"2 Louse","floor":1,"turns":3},{"damage":0,"enemies":"Cultist","floor":2,"turns":4},{"damage":0,"enemies":"Small Slimes","floor":4,"turns":3},{"damage":5,"enemies":"Blue Slaver","floor":5,"turns":4},{"damage":1,"enemies":"3 Sentries","floor":7,"turns":3},{"damage":0,"enemies":"3 Louse","floor":8,"turns":2},{"damage":1,"enemies":"Lagavulin","floor":10,"turns":6},{"damage":0,"enemies":"2 Fungi Beasts","floor":11,"turns":4},{"damage":0,"enemies":"Gremlin Gang","floor":14,"turns":5},{"damage":18,"enemies":"Hexaghost","floor":16,"turns":9},{"damage":16,"enemies":"2 Thieves","floor":18,"turns":4},{"damage":22,"enemies":"Chosen","floor":19,"turns":8},{"damage":24,"enemies":"Snecko","floor":22,"turns":8},{"damage":70,"enemies":"Gremlin Leader","floor":27,"turns":6}],"seed_played":"4579261257567655007","potions_obtained":[{"floor":3,"key":"CunningPotion"},{"floor":3,"key":"theDuelist:ExtraOrbsBottle"},{"floor":3,"key":"theDuelist:WhiteBottle"},{"floor":5,"key":"AttackPotion"},{"floor":10,"key":"hexamod:SoulburnPotion"},{"floor":11,"key":"PowerPotion"},{"floor":16,"key":"Ancient Potion"},{"floor":22,"key":"theDuelist:SealedPackB"}],"is_trial":false,"path_per_floor":["M","M","?","M","M","R","E","M","T","E","M","R","?","M","R","B",null,"M","M","AVR","?","M","R","?","?","T","E"],"character_chosen":"THE_DUELIST","items_purchased":[],"campfire_rested":1,"item_purchase_floors":[],"current_hp_per_floor":[88,88,88,88,83,83,82,82,82,81,81,81,81,81,81,63,88,72,50,50,45,31,57,69,69,69,0,0],"gold":520,"neow_bonus":"TEN_PERCENT_HP_BONUS","is_daily":false,"chose_seed":false,"campfire_upgraded":3,"win_rate":0.0,"timestamp":1611646646,"path_taken":["M","M","?","M","M","R","E","?","T","E","M","R","?","M","R","BOSS","M","M","AVR","?","M","R","?","?","T","E"],"items_purchased_type":[],"build_version":"2020-12-22","purchased_purges":0,"victory":false,"max_hp_per_floor":[88,88,88,88,88,88,88,88,88,88,88,88,88,88,88,88,88,88,88,88,88,88,88,100,100,100,100,100],"card_choices":[{"not_picked":["theDuelist:VendreadCharge","theDuelist:BattleFootballer","theDuelist:HappyLover","theDuelist:SangaEarth"],"picked":"theDuelist:GridRod","floor":1},{"not_picked":["theDuelist:AttackTheMoon","theDuelist:GaiaMidNightSun","theDuelist:MudragonSwamp","theDuelist:HammerShot"],"picked":"theDuelist:WormWarlord","floor":2},{"not_picked":["theDuelist:MeteorDestruction","theDuelist:ScrapFactory","theDuelist:CombinationAttack","theDuelist:PowerWall"],"picked":"theDuelist:Tuningware","floor":4},{"not_picked":["theDuelist:AttackTheMoon","theDuelist:DestroyerGolem","theDuelist:HammerShot","theDuelist:BigFire"],"picked":"theDuelist:EvilswarmHeliotrope","floor":5},{"not_picked":["theDuelist:SpellShatteringArrow","theDuelist:OnslaughtFireKings","theDuelist:WhiteMagicalHat","theDuelist:UnderworldCannon"],"picked":"theDuelist:CombinationAttack","floor":7},{"not_picked":["theDuelist:Eva","theDuelist:GemArmadillo","theDuelist:MagicHoleGolem","theDuelist:PowerGiant"],"picked":"theDuelist:LabyrinthWall","floor":8},{"not_picked":["theDuelist:SpellShatteringArrow","theDuelist:ScrapFactory","theDuelist:MagnumShield","theDuelist:Reinforcements"],"picked":"theDuelist:CoreBlaster","floor":10},{"not_picked":["theDuelist:CoreBlaster","theDuelist:SpiritHarp","theDuelist:Tuningware","theDuelist:Invigoration"],"picked":"theDuelist:FluteKuriboh","floor":11},{"not_picked":["theDuelist:CombinationAttack","theDuelist:AfterTheStorm","theDuelist:Electrowhip","theDuelist:Predaponics"],"picked":"theDuelist:ElectromagneticShield","floor":14},{"not_picked":["theDuelist:SwordsRevealing","theDuelist:SevenCompleted","theDuelist:LightningBlade","theDuelist:GravityLash"],"picked":"theDuelist:KamionTimelord","floor":16},{"not_picked":["theDuelist:CoreBlaster","theDuelist:RainbowNeos","theDuelist:DoubleTool","theDuelist:ElectromagneticShield+1"],"picked":"theDuelist:ScrapFactory","floor":18},{"not_picked":["theDuelist:HammerShot","theDuelist:ForbiddenChalice","theDuelist:GolemSentry","theDuelist:PotDichotomy"],"picked":"theDuelist:Terraforming+1","floor":19},{"not_picked":["theDuelist:WhiteHowling","theDuelist:Electrowhip","theDuelist:ElectromagneticShield"],"picked":"theDuelist:MiraculousDescent","floor":22}],"player_experience":213315,"relics_obtained":[{"floor":7,"key":"conspire:IceCreamScoop"},{"floor":9,"key":"Art of War"},{"floor":10,"key":"Runesmith:AutoHammer"},{"floor":26,"key":"theDuelist:ZoneToken"}],"event_choices":[{"damage_healed":0,"gold_gain":0,"player_choice":"Got Potions","damage_taken":0,"max_hp_gain":0,"max_hp_loss":0,"event_name":"Lab","floor":3,"gold_loss":0},{"damage_healed":0,"gold_gain":0,"player_choice":"Box","damage_taken":0,"relics_obtained":["theDuelist:MillenniumPeriapt"],"max_hp_gain":0,"max_hp_loss":0,"event_name":"Big Fish","floor":13,"gold_loss":0,"cards_obtained":["Regret"]},{"damage_healed":0,"gold_gain":0,"player_choice":"Break - +12 Max HP","duelist":true,"damage_taken":0,"max_hp_gain":0,"max_hp_loss":0,"event_name":"Tomb of the Nameless","floor":24,"gold_loss":0},{"damage_healed":0,"gold_gain":100,"player_choice":"Bet on Murderer","damage_taken":0,"max_hp_gain":0,"max_hp_loss":0,"event_name":"The Joust","floor":25,"gold_loss":50}],"is_beta":false,"boss_relics":[{"not_picked":["Snecko Eye","Pandora\u0027s Box"],"picked":"conspire:RoyalGoblet"}],"items_purged_floors":[],"is_endless":false,"potions_floor_spawned":[5,7,10,11,16,22],"killed_by":"Gremlin Leader","ascension_level":0}}