{"host":"v3z2g2b45xdjh78v","time":1611703283,"event":{"mods":["BaseMod","Colored Powertips","Downfall","Minty Spire (QoL Compilation)","Replay The Spire","StSLib"],"gold_per_floor":[111,286,306,306,319,350,350,441,441,451,470,488,488,155,155,255,255,274,288,387,85,85,85],"floor_reached":22,"language":"ENG","playtime":1873,"items_purged":["Doubt","Strike_B"],"score":186,"play_id":"77c5a6a1-8df3-4a61-8153-432dba4b91df","local_time":"20210127122123","is_ascension_mode":false,"campfire_choices":[{"data":"ReplayGash","floor":7,"key":"SMITH"},{"floor":13,"key":"REST"},{"floor":15,"key":"DIG"}],"circlet_count":0,"master_deck":["Strike_B","Strike_B","Strike_B","Defend_B","Defend_B","Defend_B","Defend_B","Zap","Dualcast","Meteor Strike","Melter","Barrage+1","Hologram","ReplayGash+1","ReplayTheSpireMod:Splinters","Redo","ReplayTheSpireMod:System Scan","Lockon","Beam Cell","Ball Lightning","Loop","ReplayTheSpireMod:Brewmster","Core Surge","Conserve Battery","Chaos","Static Discharge","White Noise","Steam Power","Steam Power"],"relics":["Cracked Core","Replay:Kaleidoscope","Replay:Wax Seal","Mummified Hand","Kunai","Nuclear Battery"],"acts_visited":["Exordium","TheCity"],"potions_floor_usage":[6,11,19,19,19,22,22],"damage_taken":[{"damage":0,"enemies":"2 Louse","floor":1,"turns":3},{"damage":1,"enemies":"Jaw Worm","floor":3,"turns":3},{"damage":0,"enemies":"Cultist","floor":5,"turns":2},{"damage":24,"enemies":"Gremlin Nob","floor":6,"turns":4},{"damage":10,"enemies":"Red Slaver","floor":10,"turns":3},{"damage":19,"enemies":"Exordium Thugs","floor":11,"turns":4},{"damage":0,"enemies":"Exordium Wildlife","floor":12,"turns":2},{"damage":41,"enemies":"Fading Forest","floor":16,"turns":11},{"damage":29,"enemies":"Spheric Guardian","floor":18,"turns":4},{"damage":33,"enemies":"2 Thieves","floor":19,"turns":4},{"damage":26,"enemies":"Shelled Parasite and Fungi","floor":22,"turns":3}],"seed_played":"7272704391046558450","potions_obtained":[{"floor":3,"key":"Fire Potion"},{"floor":10,"key":"AttackPotion"},{"floor":16,"key":"Weak Potion"},{"floor":19,"key":"Swift Potion"}],"is_trial":false,"path_per_floor":["M","?","M","?","M","E","R","?","T","M","M","M","R","$","R","B",null,"M","M","?","$","M"],"character_chosen":"DEFECT","items_purchased":["Loop","ReplayTheSpireMod:Brewmster","Static Discharge","White Noise","Steam Power"],"campfire_rested":1,"item_purchase_floors":[14,14,21,21,21],"current_hp_per_floor":[75,75,74,74,74,50,50,50,50,40,21,21,43,43,43,18,75,46,13,13,13,0,0],"gold":85,"neow_bonus":"ONE_RANDOM_RARE_CARD","is_daily":false,"chose_seed":false,"campfire_upgraded":1,"win_rate":0.0,"timestamp":1611703283,"path_taken":["M","?","M","?","M","E","R","?","T","M","M","M","R","$","R","BOSS","M","M","?","$","M"],"items_purchased_type":["Card","Card","Card","Card","Card"],"build_version":"2020-12-22","purchased_purges":2,"victory":false,"max_hp_per_floor":[75,75,75,75,75,75,75,75,75,75,75,75,75,75,75,75,75,75,75,75,75,75,75],"card_choices":[{"not_picked":["Force Field","Stack"],"picked":"Streamline","floor":1},{"not_picked":["Barrage","Go for the Eyes"],"picked":"Melter","floor":3},{"not_picked":["Stack","Doom and Gloom"],"picked":"Hologram","floor":5},{"not_picked":["Lockon","Barrage"],"picked":"ReplayGash","floor":6},{"not_picked":["Reprogram","ReplayTheSpireMod:GoodbyeWorld"],"picked":"Redo","floor":8},{"not_picked":["Reinforced Body","Streamline"],"picked":"ReplayTheSpireMod:System Scan","floor":8},{"not_picked":["Streamline","Scrape"],"picked":"Lockon","floor":10},{"not_picked":["Steam","Force Field"],"picked":"Beam Cell","floor":11},{"not_picked":["Steam","Sunder"],"picked":"Ball Lightning","floor":12},{"not_picked":["Amplify","ReplayTheSpireMod:Omega Cannon"],"picked":"Core Surge","floor":16},{"not_picked":["Stack","Undo"],"picked":"Conserve Battery","floor":18},{"not_picked":["Stack","Hologram"],"picked":"Chaos","floor":19}],"player_experience":82280,"relics_obtained":[{"floor":6,"key":"Replay:Kaleidoscope"},{"floor":8,"key":"Replay:Wax Seal"},{"floor":9,"key":"Mummified Hand"},{"floor":15,"key":"Kunai"}],"event_choices":[{"damage_healed":0,"gold_gain":175,"player_choice":"AGREE","damage_taken":0,"max_hp_gain":0,"max_hp_loss":0,"event_name":"Liars Game","floor":2,"gold_loss":0,"cards_obtained":["Doubt"]},{"damage_healed":0,"gold_gain":99,"player_choice":"Stole From Cult","damage_taken":0,"max_hp_gain":0,"max_hp_loss":0,"event_name":"Nest","floor":20,"gold_loss":0}],"is_beta":false,"boss_relics":[{"not_picked":["ChewingGum","Busted Crown"],"picked":"Nuclear Battery"}],"items_purged_floors":[14,21],"is_endless":false,"potions_floor_spawned":[3,10,16,18,19],"killed_by":"Shelled Parasite and Fungi","ascension_level":0}}