{"host":"0fm1w3v00gid44jl","time":1611643971,"event":{"mods":["AchievementEnabler","BaseMod","Colored Map","Colored Powertips","Displayed Cursed Tome","Downfall","Googly Eyes","Highlight Path","Minty Spire (QoL Compilation)","Permanent Neow","Relic Stats","StSLib","SuperFastMode","slay the spire mod where everything is the same but ironclad has a cowboy hat"],"gold_per_floor":[99,113,131,1,451,451,451,451],"floor_reached":6,"language":"ENG","playtime":179,"items_purged":[],"score":37,"play_id":"1948a523-ed91-4244-820a-607da8ceb076","local_time":"20210126005251","is_ascension_mode":true,"campfire_choices":[{"data":"bronze:Assembly","floor":1,"key":"SMITH"}],"circlet_count":0,"master_deck":["bronze:Strike","bronze:Strike","bronze:Strike","bronze:Strike","bronze:Defend","bronze:Defend","bronze:Defend","bronze:Defend","bronze:Replicate","bronze:Goto","bronze:Assembly+1","bronze:DigitalCarnage","bronze:Fortify","bronze:Flail","bronze:Iterate","bronze:FineTuning","bronze:OilSpill","downfall:Icky","downfall:Icky","downfall:Icky"],"relics":["bronze:BronzeCore"],"acts_visited":["Exordium"],"potions_floor_usage":[],"damage_taken":[{"damage":0,"enemies":"Small Slimes","floor":2,"turns":3},{"damage":7,"enemies":"Jaw Worm","floor":3,"turns":3},{"damage":5,"enemies":"downfall:FleeingMerchant","floor":4,"turns":4},{"damage":18,"enemies":"3 Sentries","floor":6,"turns":3}],"seed_played":"-5696362651073081476","potions_obtained":[{"floor":2,"key":"Fire Potion"},{"floor":3,"key":"Dexterity Potion"}],"is_trial":false,"path_per_floor":["R","M","M","$","?","E"],"character_chosen":"THE_AUTOMATON","items_purchased":["bronze:Iterate","bronze:FineTuning","bronze:OilSpill"],"campfire_rested":0,"item_purchase_floors":[4,4,4],"current_hp_per_floor":[70,70,63,58,58,40,40,40],"gold":451,"neow_bonus":"ONE_RANDOM_RARE_CARD","is_daily":false,"chose_seed":false,"campfire_upgraded":1,"win_rate":0.0,"timestamp":1611643971,"path_taken":["R","M","M","$","?","E"],"items_purchased_type":["Card","Card","Card"],"build_version":"2020-12-22","purchased_purges":0,"victory":false,"max_hp_per_floor":[70,70,70,70,70,70,70,70],"relic_stats":{"counters":[4,13],"obtain_stats":[{"bronze:BronzeCore":0},{"bronze:BronzeCore":0},{"bronze:BronzeCore":0}]},"card_choices":[{"not_picked":["bronze:Safeguard","bronze:DelayedGuard"],"picked":"bronze:DigitalCarnage","floor":2},{"not_picked":["bronze:GetLatest","bronze:WildBeam"],"picked":"bronze:Fortify","floor":3},{"not_picked":["bronze:Turbo","bronze:GetLatest"],"picked":"bronze:Flail","floor":4}],"player_experience":1499550,"relics_obtained":[],"event_choices":[],"is_beta":false,"boss_relics":[],"items_purged_floors":[],"is_endless":false,"potions_floor_spawned":[2,3],"killed_by":"3 Sentries","ascension_level":2}}