{"host":"gobyjzz6xbwq9f9i","time":1611630486,"event":{"mods":["AchievementEnabler","BaseMod","Bestiary","Colored Map","Minty Spire (QoL Compilation)"],"gold_per_floor":[211,286,296,50,70,70,101,115,115,115,132,152,178,211,211,308,308,326,113,113,131,143,143,143],"floor_reached":23,"language":"ENG","playtime":888,"items_purged":["Strike_R"],"score":305,"play_id":"4781a02d-5f92-47af-ab71-c43296a94ba3","local_time":"20210125190806","is_ascension_mode":true,"campfire_choices":[{"data":"Twin Strike","floor":6,"key":"SMITH"},{"data":"Bash","floor":10,"key":"SMITH"},{"data":"Fire Breathing","floor":15,"key":"SMITH"}],"circlet_count":0,"master_deck":["AscendersBane","Strike_R","Defend_R","Defend_R","Defend_R","Defend_R","Bash+1","Shrug It Off","Twin Strike+1","Headbutt","Shrug It Off","Fire Breathing+1","Shrug It Off","Flame Barrier","Immolate","Anger+1","Combust+1","True Grit+1","Spot Weakness","Limit Break","Pommel Strike","Feed"],"relics":["Burning Blood","Mercury Hourglass","Champion Belt","Eternal Feather","Smiling Mask","Bottled Lightning","Astrolabe"],"acts_visited":["Exordium","TheCity"],"potions_floor_usage":[14,16,23],"damage_taken":[{"damage":0,"enemies":"Small Slimes","floor":1,"turns":3},{"damage":2,"enemies":"Jaw Worm","floor":3,"turns":4},{"damage":0,"enemies":"Cultist","floor":5,"turns":4},{"damage":30,"enemies":"Lagavulin","floor":7,"turns":7},{"damage":2,"enemies":"Red Slaver","floor":8,"turns":3},{"damage":4,"enemies":"Blue Slaver","floor":11,"turns":4},{"damage":2,"enemies":"Gremlin Gang","floor":12,"turns":5},{"damage":22,"enemies":"3 Sentries","floor":14,"turns":5},{"damage":42,"enemies":"Hexaghost","floor":16,"turns":11},{"damage":27,"enemies":"2 Thieves","floor":18,"turns":5},{"damage":5,"enemies":"Chosen","floor":21,"turns":5},{"damage":24,"enemies":"Centurion and Healer","floor":22,"turns":7},{"damage":48,"enemies":"Slavers","floor":23,"turns":3}],"seed_played":"5650789964949555012","potions_obtained":[{"floor":5,"key":"ElixirPotion"},{"floor":7,"key":"Fire Potion"},{"floor":8,"key":"BlessingOfTheForge"},{"floor":11,"key":"BloodPotion"},{"floor":18,"key":"Regen Potion"}],"is_trial":false,"path_per_floor":["M","?","M","$","M","R","E","M","T","R","M","M","T","E","R","B",null,"M","$","?","M","M","E"],"character_chosen":"IRONCLAD","items_purchased":["Mercury Hourglass","Limit Break"],"campfire_rested":0,"item_purchase_floors":[4,19],"current_hp_per_floor":[78,67,71,71,77,77,53,57,57,66,68,72,72,56,65,29,67,46,46,31,32,14,0,0],"gold":143,"neow_bonus":"HUNDRED_GOLD","is_daily":false,"chose_seed":false,"campfire_upgraded":3,"win_rate":0.0,"timestamp":1611630486,"path_taken":["M","?","M","$","M","R","E","M","T","R","M","M","?","E","R","BOSS","M","$","?","M","M","E"],"items_purchased_type":["Relic","Card"],"build_version":"2020-12-22","purchased_purges":1,"victory":false,"max_hp_per_floor":[80,80,80,80,80,80,80,80,80,80,80,80,80,80,80,80,80,80,80,85,85,85,85,85],"card_choices":[{"not_picked":["Sword Boomerang","Havoc"],"picked":"Shrug It Off","floor":1},{"not_picked":["Shockwave","Heavy Blade"],"picked":"Twin Strike","floor":3},{"not_picked":["True Grit","Warcry"],"picked":"Headbutt","floor":5},{"not_picked":["Power Through","Sword Boomerang"],"picked":"Shrug It Off","floor":7},{"not_picked":["Reckless Charge","Seeing Red"],"picked":"Fire Breathing","floor":8},{"not_picked":["Clash","Intimidate"],"picked":"Shrug It Off","floor":11},{"not_picked":["Havoc","Armaments"],"picked":"Flame Barrier","floor":12},{"not_picked":["Bludgeon","Headbutt","Warcry"],"picked":"SKIP","floor":14},{"not_picked":["Brutality","Bludgeon"],"picked":"Immolate","floor":16},{"not_picked":["Flex","Entrench"],"picked":"Spot Weakness","floor":18},{"not_picked":["Clothesline","Intimidate"],"picked":"Pommel Strike","floor":21},{"not_picked":["Rage","True Grit"],"picked":"Feed","floor":22}],"player_experience":1168010,"relics_obtained":[{"floor":7,"key":"Champion Belt"},{"floor":9,"key":"Eternal Feather"},{"floor":13,"key":"Smiling Mask"},{"floor":14,"key":"Bottled Lightning"}],"event_choices":[{"damage_healed":0,"gold_gain":75,"player_choice":"Gather Gold","damage_taken":11,"max_hp_gain":0,"max_hp_loss":0,"event_name":"World of Goop","floor":2,"gold_loss":0},{"damage_healed":0,"gold_gain":0,"player_choice":"Shed Blood","damage_taken":20,"max_hp_gain":5,"max_hp_loss":0,"event_name":"Forgotten Altar","floor":20,"gold_loss":0}],"is_beta":false,"boss_relics":[{"not_picked":["Black Star","Runic Pyramid"],"picked":"Astrolabe"}],"items_purged_floors":[19],"is_endless":false,"potions_floor_spawned":[5,7,8,11,18],"killed_by":"Slavers","ascension_level":10}}