{"host":"q9718omregw4er46","time":1611678134,"event":{"mods":["BaseMod","Bestiary","Colored Powertips","Custom Start","Highlight Path","Minty Spire (QoL Compilation)","Practice Mode","Quick Restart","Relic Stats"],"gold_per_floor":[116,134,184,59,76,76,89,122,122,122,122],"floor_reached":10,"language":"ENG","playtime":331,"items_purged":[],"score":136,"play_id":"e9dee82a-9419-452b-9339-c1cc89ed9740","local_time":"20210126212214","is_ascension_mode":true,"campfire_choices":[{"floor":6,"key":"REST"}],"circlet_count":0,"master_deck":["AscendersBane","Strike_P","Strike_P","Strike_P","Strike_P","Defend_P","Defend_P","Defend_P","Defend_P","Eruption","Vigilance","FearNoEvil","Adaptation","Conclude","EmptyFist","BowlingBash","Vault"],"relics":["Fusion Hammer","Matryoshka","Smiling Mask"],"acts_visited":["Exordium"],"potions_floor_usage":[8,10],"damage_taken":[{"damage":0,"enemies":"Cultist","floor":1,"turns":2},{"damage":7,"enemies":"2 Louse","floor":2,"turns":2},{"damage":7,"enemies":"Jaw Worm","floor":5,"turns":3},{"damage":10,"enemies":"Lots of Slimes","floor":7,"turns":3},{"damage":22,"enemies":"Lagavulin","floor":8,"turns":5},{"damage":39,"enemies":"Gremlin Nob","floor":10,"turns":4}],"seed_played":"2091363351755944837","potions_obtained":[{"floor":2,"key":"FearPotion"},{"floor":7,"key":"Dexterity Potion"},{"floor":8,"key":"SkillPotion"}],"is_trial":false,"path_per_floor":["M","M","?","$","M","R","M","E","T","E"],"character_chosen":"WATCHER","items_purchased":["Conclude","EmptyFist"],"campfire_rested":1,"item_purchase_floors":[4,4],"current_hp_per_floor":[61,54,48,48,41,61,51,29,29,0,0],"gold":122,"neow_bonus":"BOSS_RELIC","is_daily":false,"chose_seed":false,"campfire_upgraded":0,"win_rate":0.0,"timestamp":1611678134,"path_taken":["M","M","?","$","M","R","?","E","T","E"],"items_purchased_type":["Card","Card"],"build_version":"2020-12-22","purchased_purges":0,"victory":false,"max_hp_per_floor":[68,68,68,68,68,68,68,68,68,68,68],"relic_stats":{"counters":[6,19],"Smiling Mask":0,"obtain_stats":[{"Matryoshka":8,"Fusion Hammer":0,"PureWater":0,"Smiling Mask":9},{"Matryoshka":5,"Fusion Hammer":0,"PureWater":0,"Smiling Mask":5},{"Matryoshka":15,"Fusion Hammer":0,"PureWater":0,"Smiling Mask":15}]},"card_choices":[{"not_picked":["Consecrate","Swivel"],"picked":"FearNoEvil","floor":1},{"not_picked":["PathToVictory","Vengeance"],"picked":"Adaptation","floor":2},{"not_picked":["CrushJoints","EmptyBody","JustLucky"],"picked":"SKIP","floor":5},{"not_picked":["Conclude","LikeWater"],"picked":"BowlingBash","floor":7},{"not_picked":["ClearTheMind","InnerPeace"],"picked":"Vault","floor":8}],"player_experience":1263402,"relics_obtained":[{"floor":8,"key":"Matryoshka"},{"floor":9,"key":"Smiling Mask"}],"event_choices":[{"damage_healed":0,"gold_gain":50,"player_choice":"Touch","damage_taken":6,"max_hp_gain":0,"max_hp_loss":0,"event_name":"FaceTrader","floor":3,"gold_loss":0}],"is_beta":false,"boss_relics":[],"items_purged_floors":[],"is_endless":false,"potions_floor_spawned":[2,7,8],"killed_by":"Gremlin Nob","ascension_level":20}}