{"host":"hka8b3f4pkvnp4ei","time":1611681208,"event":{"mods":["BaseMod","Minty Spire (QoL Compilation)","Quick Restart","Replay The Spire","StSLib"],"gold_per_floor":[110,129,129,145,145,157,187,199,280,306,320,320,4,23,23,121,121,131,131,131,148,224,224,240,240,311,142,168,43,69,9,9,111,161,172,222,241,87,87,116,116,141,191,236,267,297,337,366,378,390,402,414,148,180,180],"floor_reached":56,"language":"ZHS","playtime":3786,"items_purged":["Strike_G","Strike_G+1","Defend_G","Defend_G"],"score":1932,"play_id":"11c148c6-4ded-4318-b6dd-f203687a8b96","local_time":"20210127011328","is_ascension_mode":true,"campfire_choices":[{"data":"Blade Dance","floor":12.0,"key":"SMITH"},{"data":"Apotheosis","floor":15.0,"key":"SMITH"},{"data":"Acrobatics","floor":23.0,"key":"SMITH"},{"data":"Prepared","floor":25.0,"key":"SMITH"},{"floor":32.0,"key":"RECALL"},{"data":"Neutralize","floor":41.0,"key":"SMITH"},{"data":"Strike_G+1","floor":49.0,"key":"PURGE"},{"data":"Replay:Bag of Tricks","floor":52.0,"key":"SMITH"}],"circlet_count":0,"master_deck":["Defend_G","Defend_G","Survivor+1","Neutralize+1","Hidden Blade+1","Acrobatics+1","ReplayTheSpireMod:Shiv Toss","Blade Dance+1","Apotheosis+1","Accuracy+1","Tools of the Trade+1","Cloak And Dagger+1","Prepared+1","Well Laid Plans+1","ReplayTheSpireMod:Speed Training","After Image+1","Escape Plan","Footwork+1","Replay:Bag of Tricks+1","Envenom+1"],"relics":["Coffee Dripper","Bag of Marbles","Frozen Egg 2","Thread and Needle","Replay:Drink Me","Orichalcum","Potion Belt","Bird Faced Urn","Tiny House","WingedGreaves","OrangePellets","Replay:Ringing Soul","Darkstone Periapt","MawBank","StoneCalendar","Happy Flower","Replay:Multitool"],"acts_visited":["Exordium","TheCity","TheBeyond","TheEnding"],"potions_floor_usage":[55,55,55,55,55],"damage_taken":[{"damage":0.0,"enemies":"Small Slimes","floor":1.0,"turns":4.0},{"damage":0.0,"enemies":"Jaw Worm","floor":2.0,"turns":4.0},{"damage":0.0,"enemies":"Cultist","floor":4.0,"turns":3.0},{"damage":5.0,"enemies":"3 Louse","floor":6.0,"turns":3.0},{"damage":0.0,"enemies":"Gremlin Nob","floor":7.0,"turns":3.0},{"damage":2.0,"enemies":"Red Slaver","floor":8.0,"turns":3.0},{"damage":16.0,"enemies":"3 Sentries","floor":10.0,"turns":13.0},{"damage":4.0,"enemies":"Looter","floor":11.0,"turns":3.0},{"damage":0.0,"enemies":"Large Slime","floor":14.0,"turns":4.0},{"damage":0.0,"enemies":"Hexaghost","floor":16.0,"turns":4.0},{"damage":1.0,"enemies":"Shell Parasite","floor":18.0,"turns":2.0},{"damage":0.0,"enemies":"3 Byrds","floor":21.0,"turns":3.0},{"damage":0.0,"enemies":"3 Cultists","floor":24.0,"turns":3.0},{"damage":0.0,"enemies":"Slavers","floor":28.0,"turns":3.0},{"damage":0.0,"enemies":"Gremlin Leader","floor":30.0,"turns":5.0},{"damage":0.0,"enemies":"Champ","floor":33.0,"turns":6.0},{"damage":0.0,"enemies":"3 Shapes","floor":35.0,"turns":6.0},{"damage":0.0,"enemies":"2 Orb Walkers","floor":36.0,"turns":5.0},{"damage":0.0,"enemies":"Orb Walker","floor":37.0,"turns":4.0},{"damage":0.0,"enemies":"Reptomancer","floor":40.0,"turns":5.0},{"damage":0.0,"enemies":"Giant Head","floor":42.0,"turns":5.0},{"damage":7.0,"enemies":"R_Hoarder","floor":44.0,"turns":6.0},{"damage":0.0,"enemies":"Sphere and 2 Shapes","floor":45.0,"turns":4.0},{"damage":0.0,"enemies":"Jaw Worm Horde","floor":46.0,"turns":4.0},{"damage":0.0,"enemies":"Giant Head","floor":47.0,"turns":4.0},{"damage":0.0,"enemies":"Maw","floor":48.0,"turns":5.0},{"damage":0.0,"enemies":"Awakened One","floor":50.0,"turns":7.0},{"damage":0.0,"enemies":"Shield and Spear","floor":54.0,"turns":5.0},{"damage":0,"enemies":"The Heart","floor":55,"turns":7}],"seed_played":"-8807833716774309986","potions_obtained":[{"floor":2.0,"key":"Block Potion"},{"floor":4.0,"key":"Cursed Concoction"},{"floor":14.0,"key":"SkillPotion"},{"floor":16.0,"key":"Weak Potion"},{"floor":22.0,"key":"GamblersBrew"},{"floor":22.0,"key":"EntropicBrew"},{"floor":28.0,"key":"Venom Potion"},{"floor":30.0,"key":"Weak Potion"},{"floor":33.0,"key":"SkillPotion"},{"floor":34.0,"key":"Venom Potion"},{"floor":35.0,"key":"Adrenaline Potion"},{"floor":45.0,"key":"Adrenaline Potion"},{"floor":46.0,"key":"Adrenaline Potion"}],"is_trial":false,"path_per_floor":["M","M","?","M","?","M","E","M","T","E","M","R","$","M","R","B",null,"M","?","?","M","?","R","M","R","T","$","E","$","E","?","R","B",null,"M","?","M","$","?","E","R","E","T","E","M","M","E","M","R","B",null,"R","$","E","B",null],"character_chosen":"THE_SILENT","items_purchased":["Apotheosis","Accuracy+1","Well Laid Plans+1","OrangePellets","DuplicationPotion","Adrenaline Potion"],"campfire_rested":0,"item_purchase_floors":[13,13,27,38,53,53],"current_hp_per_floor":[70,70,56,56,56,51,51,49,49,33,29,29,29,29,29,29,53,52,44,44,44,44,44,44,44,44,44,44,44,44,44,44,50,63,63,63,63,63,63,63,63,63,63,56,66,66,66,66,66,66,66,66,66,69,69],"gold":180,"neow_bonus":"BOSS_RELIC","is_daily":false,"chose_seed":false,"campfire_upgraded":6,"win_rate":0.0,"timestamp":1611681208,"path_taken":["M","M","?","M","?","M","E","M","T","E","?","R","$","M","R","BOSS","M","?","?","?","?","R","M","R","T","$","E","$","E","?","R","BOSS","M","?","M","$","?","E","R","E","T","E","M","M","E","?","R","BOSS","R","$","E","BOSS"],"items_purchased_type":["Card","Card","Card","Relic","Potion","Potion"],"build_version":"2020-12-22","purchased_purges":4,"victory":true,"max_hp_per_floor":[70,70,70,70,70,70,70,70,70,70,70,70,70,70,70,70,53,53,58,58,58,58,58,58,58,58,58,58,58,58,58,58,58,63,63,63,63,63,63,63,63,63,63,63,66,66,66,66,66,66,66,66,66,69,69],"card_choices":[{"not_picked":["Sucker Punch","Sneak Up","Slice"],"picked":"SKIP","floor":1.0},{"not_picked":["Deflect","Prepared"],"picked":"Hidden Blade","floor":2.0},{"not_picked":["ReplayTheSpireMod:Exploit Weakness","Poisoned Stab"],"picked":"Acrobatics","floor":4.0},{"not_picked":["Toxin Wave","Dagger Spray","Dagger Throw"],"picked":"SKIP","floor":6.0},{"not_picked":["Backflip","Doppelganger","Masterful Stab"],"picked":"SKIP","floor":7.0},{"not_picked":["Bane","Flying Knee","Outmaneuver"],"picked":"SKIP","floor":8.0},{"not_picked":["ReplayTheSpireMod:Tripwire","Toxin Wave"],"picked":"ReplayTheSpireMod:Shiv Toss","floor":10.0},{"not_picked":["Hidden Blade","Dodge and Roll"],"picked":"Blade Dance","floor":11.0},{"not_picked":["Blade Dance","Skewer","ReplayTheSpireMod:Tripwire"],"picked":"SKIP","floor":14.0},{"not_picked":["Malaise","Atom Bomb"],"picked":"Tools of the Trade+1","floor":16.0},{"not_picked":["Deflect","Bane+1"],"picked":"Cloak And Dagger+1","floor":18.0},{"not_picked":["Accuracy+1","Flying Knee+1"],"picked":"Prepared","floor":21.0},{"not_picked":["Quick Slash","Dagger Throw+1","Sucker Punch"],"picked":"SKIP","floor":24.0},{"not_picked":["Calculated Gamble+1","Catalyst+1"],"picked":"ReplayTheSpireMod:Speed Training","floor":28.0},{"not_picked":["Outmaneuver+1","Toxin Wave+1","Catalyst"],"picked":"SKIP","floor":30.0},{"not_picked":["A Thousand Cuts+1","Malaise"],"picked":"After Image+1","floor":33.0},{"not_picked":["Sucker Punch","Backflip"],"picked":"Escape Plan","floor":34.0},{"not_picked":["Distraction","Dagger Spray+1","Prepared"],"picked":"SKIP","floor":35.0},{"not_picked":["Deadly Poison+1","Predator"],"picked":"Footwork+1","floor":36.0},{"not_picked":["Slice","Endless Agony","Outmaneuver+1"],"picked":"SKIP","floor":37.0},{"not_picked":["Deflect","All Out Attack","ReplayTheSpireMod:Scrap Shanks+1"],"picked":"SKIP","floor":40.0},{"not_picked":["Skewer+1","Tools of the Trade+1","Dagger Throw"],"picked":"SKIP","floor":42.0},{"not_picked":["Prepared","Hidden Blade","Bane"],"picked":"SKIP","floor":44.0},{"not_picked":["Acrobatics","Outmaneuver"],"picked":"Replay:Bag of Tricks","floor":45.0},{"not_picked":["Poisoned Stab+1","Backflip+1","Quick Slash+1"],"picked":"SKIP","floor":46.0},{"not_picked":["Sucker Punch","Backflip+1","Distraction"],"picked":"SKIP","floor":47.0},{"not_picked":["Dagger Spray+1","Backflip+1","Flechettes"],"picked":"SKIP","floor":48.0},{"not_picked":["Dagger Spray+1","Backflip+1","Flechettes"],"picked":"SKIP","floor":48.0},{"not_picked":["Dagger Spray+1","Backflip+1","Flechettes"],"picked":"SKIP","floor":48.0},{"not_picked":["Outmaneuver+1","Well Laid Plans+1"],"picked":"Envenom+1","floor":54.0}],"player_experience":1280612,"relics_obtained":[{"floor":7.0,"key":"Bag of Marbles"},{"floor":9.0,"key":"Frozen Egg 2"},{"floor":10.0,"key":"Thread and Needle"},{"floor":28.0,"key":"Potion Belt"},{"floor":30.0,"key":"Bird Faced Urn"},{"floor":36.0,"key":"WingedGreaves"},{"floor":40.0,"key":"Replay:Ringing Soul"},{"floor":42.0,"key":"Darkstone Periapt"},{"floor":43.0,"key":"MawBank"},{"floor":44.0,"key":"StoneCalendar"},{"floor":47.0,"key":"Happy Flower"},{"floor":54.0,"key":"Replay:Multitool"}],"event_choices":[{"damage_healed":0.0,"max_hp_gain":0.0,"max_hp_loss":0.0,"gold_gain":0.0,"event_name":"Shining Light","player_choice":"Entered Light","floor":3.0,"gold_loss":0.0,"damage_taken":14.0,"cards_upgraded":["Strike_G","Strike_G"]},{"damage_healed":0.0,"max_hp_gain":0.0,"max_hp_loss":0.0,"gold_gain":0.0,"event_name":"Liars Game","player_choice":"Ignored","floor":5.0,"gold_loss":0.0,"damage_taken":0.0},{"damage_healed":0.0,"max_hp_gain":5.0,"max_hp_loss":0.0,"gold_gain":0.0,"event_name":"Forgotten Altar","player_choice":"Shed Blood","floor":19.0,"gold_loss":0.0,"damage_taken":13.0},{"damage_healed":0.0,"max_hp_gain":0.0,"max_hp_loss":0.0,"gold_gain":0.0,"event_name":"WeMeetAgain","player_choice":"Gave Potion","floor":20.0,"gold_loss":0.0,"damage_taken":0.0,"relics_obtained":["Orichalcum"]},{"damage_healed":0.0,"max_hp_gain":0.0,"max_hp_loss":0.0,"gold_gain":0.0,"event_name":"Mysterious Sphere","player_choice":"Fight","floor":36.0,"gold_loss":0.0,"damage_taken":0.0},{"damage_healed":0.0,"max_hp_gain":0.0,"max_hp_loss":0.0,"gold_gain":0.0,"event_name":"Upgrade Shrine","player_choice":"Upgraded","floor":39.0,"gold_loss":0.0,"damage_taken":0.0,"cards_upgraded":["Hidden Blade"]}],"is_beta":false,"boss_relics":[{"not_picked":["WristBlade","Velvet Choker"],"picked":"Replay:Drink Me"},{"not_picked":["Runic Dome","Honey Jar"],"picked":"Tiny House"}],"items_purged_floors":[13,27,29,53],"is_endless":false,"potions_floor_spawned":[2,4,14,16,28,30,33,35,40,45,46],"ascension_level":2}}