{"host":"wghdsg8ym2wc7ov9","time":1611695534,"event":{"mods":["AchievementEnabler","Astrologer","BaseMod","Beaked The Cultist","Better Altar","Better Note","ChefMod","Colored Map","Evolution","Fox Events","Hermit","Highlight Path","Jorbs\u0027s Wanderer Trilogy","KinomotoSakuraMod(????)","Minty Spire (QoL Compilation)","Random Character Button","Relic Stats","SIMod","Shop Mod","StSLib","The Blackbeard","The Bladedancer","The Construct","The Cursed","The Death Knight","The Gatherer","The Hierophant","The Marked","The Mystic","The Necromancer","The Runesmith","The Senshi","The Servant 0.9.4"],"gold_per_floor":[111,131,131,131,142,173,173,191,218,229,258,258,277,295,295,400,400,400],"floor_reached":17,"language":"ENG","playtime":2084,"items_purged":[],"score":219,"play_id":"2a4fba9c-1227-461e-99c7-fb0cc077a393","local_time":"20210126131214","is_ascension_mode":false,"campfire_choices":[{"data":"mysticmod:HeavyStrike","floor":7,"key":"SMITH"},{"floor":15,"key":"REST"}],"circlet_count":0,"master_deck":["mysticmod:Strike_Mystic","mysticmod:Strike_Mystic+1","mysticmod:Strike_Mystic","mysticmod:Defend_Mystic","mysticmod:Defend_Mystic","mysticmod:Defend_Mystic","mysticmod:Defend_Mystic+1","mysticmod:ArcaneDodge","mysticmod:ShockingGrasp","Finesse","mysticmod:HeavyStrike+1","mysticmod:Daze","mysticmod:VorpalThrust","mysticmod:RapidCaster","mysticmod:LightningBolt","mysticmod:Fly","mysticmod:Momentum","mysticmod:PowerSlash","mysticmod:LightningBolt","mysticmod:Dedication","mysticmod:KnowledgePool","mysticmod:EnchantedMoulinet"],"relics":["mysticmod:SpellBook","EVO:Axolotl","Art of War","Dream Catcher","Runesmith:AutoHammer","Busted Crown"],"acts_visited":["Exordium","TheCity"],"potions_floor_usage":[16,16],"damage_taken":[{"damage":0,"enemies":"Cultist","floor":1,"turns":3},{"damage":0,"enemies":"Jaw Worm","floor":2,"turns":6},{"damage":0,"enemies":"Small Slimes","floor":5,"turns":3},{"damage":28,"enemies":"3 Sentries","floor":6,"turns":11},{"damage":0,"enemies":"Exordium Wildlife","floor":8,"turns":3},{"damage":3,"enemies":"2 Fungi Beasts","floor":10,"turns":5},{"damage":16,"enemies":"Gremlin Nob","floor":11,"turns":3},{"damage":0,"enemies":"Large Slime","floor":13,"turns":3},{"damage":0,"enemies":"Red Slaver","floor":14,"turns":1},{"damage":0,"enemies":"Slime Boss","floor":16,"turns":7}],"seed_played":"7747924338086905834","potions_obtained":[{"floor":8,"key":"SpeedPotion"},{"floor":10,"key":"GamblersBrew"},{"floor":11,"key":"Fire Potion"},{"floor":14,"key":"SkillPotion"},{"floor":16,"key":"FairyPotion"}],"is_trial":false,"path_per_floor":["M","M","?","?","M","E","R","M","T","M","E","?","M","M","R","B",null],"character_chosen":"MYSTIC_CLASS","items_purchased":[],"campfire_rested":1,"item_purchase_floors":[],"current_hp_per_floor":[77,77,77,77,77,49,49,49,49,46,30,15,15,15,38,38,77,77],"gold":400,"neow_bonus":"RANDOM_COLORLESS","is_daily":false,"chose_seed":false,"campfire_upgraded":1,"win_rate":0.0,"timestamp":1611695534,"path_taken":["M","M","?","?","M","E","R","M","T","M","E","?","M","?","R","BOSS"],"items_purchased_type":[],"build_version":"2020-12-22","purchased_purges":0,"victory":false,"max_hp_per_floor":[77,77,77,77,77,77,77,77,77,77,77,77,77,77,77,77,77,77],"relic_stats":{"Dream Catcher":1,"Busted Crown":0,"counters":[10,45],"Art of War":[1],"obtain_stats":[{"Dream Catcher":9,"Busted Crown":17,"mysticmod:SpellBook":0,"Art of War":6,"EVO:Axolotl":0,"Runesmith:AutoHammer":11},{"Dream Catcher":5,"Busted Crown":10,"mysticmod:SpellBook":0,"Art of War":4,"EVO:Axolotl":0,"Runesmith:AutoHammer":7},{"Dream Catcher":26,"Busted Crown":45,"mysticmod:SpellBook":0,"Art of War":23,"EVO:Axolotl":0,"Runesmith:AutoHammer":34}]},"card_choices":[{"not_picked":["Deep Breath","Panacea"],"picked":"Finesse","floor":0},{"not_picked":["mysticmod:PunishingArmor","mysticmod:Probe"],"picked":"mysticmod:HeavyStrike","floor":1},{"not_picked":["mysticmod:Probe","mysticmod:FloatingDisk"],"picked":"mysticmod:Daze","floor":2},{"not_picked":["mysticmod:DiviningBlow","mysticmod:Flurry"],"picked":"mysticmod:RapidCaster","floor":5},{"not_picked":["mysticmod:HeavyStrike","mysticmod:SuddenClarity"],"picked":"mysticmod:LightningBolt","floor":6},{"not_picked":["mysticmod:BladedDash","mysticmod:Stoneskin"],"picked":"mysticmod:Fly","floor":8},{"not_picked":["mysticmod:KeenEdge","mysticmod:Stoneskin"],"picked":"mysticmod:Momentum","floor":10},{"not_picked":["mysticmod:Riposte","mysticmod:EarthenWall"],"picked":"mysticmod:PowerSlash","floor":11},{"not_picked":["mysticmod:HeavyStrike","mysticmod:BulkUp"],"picked":"mysticmod:LightningBolt","floor":13},{"not_picked":["mysticmod:SuddenClarity","mysticmod:Sideswipe"],"picked":"mysticmod:Dedication","floor":14},{"not_picked":["mysticmod:Snowball","mysticmod:MagicWeapon"],"picked":"mysticmod:KnowledgePool","floor":15},{"not_picked":["mysticmod:ClosingBarrage","mysticmod:MirrorEntity"],"picked":"mysticmod:EnchantedMoulinet","floor":16}],"player_experience":777723,"relics_obtained":[{"floor":6,"key":"Art of War"},{"floor":9,"key":"Dream Catcher"},{"floor":11,"key":"Runesmith:AutoHammer"}],"event_choices":[{"damage_healed":0,"gold_gain":0,"player_choice":"Leave","damage_taken":0,"max_hp_gain":0,"max_hp_loss":0,"event_name":"The Cleric","floor":3,"gold_loss":0},{"damage_healed":0,"gold_gain":0,"cards_transformed":["mysticmod:Strike_Mystic"],"player_choice":"Change","damage_taken":0,"max_hp_gain":0,"max_hp_loss":0,"event_name":"Living Wall","floor":4,"gold_loss":0,"cards_obtained":["mysticmod:VorpalThrust"]},{"damage_healed":0,"gold_gain":0,"player_choice":"Entered Light","damage_taken":15,"max_hp_gain":0,"max_hp_loss":0,"event_name":"Shining Light","floor":12,"gold_loss":0,"cards_upgraded":["mysticmod:Strike_Mystic","mysticmod:Defend_Mystic"]}],"is_beta":false,"boss_relics":[{"not_picked":["Runic Pyramid","Runesmith:UraniumAnvil"],"picked":"Busted Crown"}],"items_purged_floors":[],"is_endless":false,"potions_floor_spawned":[8,10,11,14,16],"ascension_level":0}}