{"host":"cjhtzh7tp54jdfyv","time":1611646268,"event":{"mods":["AchievementEnabler","BaseMod","Colored Map","Colored Powertips","Curses Come First","DeckTracker","Filter the Spire","Minty Spire (QoL Compilation)","RNG Fix","Relic Sorter","Relic Stats","StSLib","UnlockEverythingMod","ojb\u0027s Better Paths Mod","ojb\u0027s Info Mod"],"gold_per_floor":[113,263,263,280,300,300,334,25,25,25,25,52,52,64,64,138,138,156,156,156,171,171,206,225,225,225,225,253,264,264,164,164,235,235,248,267,35,35,54,87,87,112,137,469,488,511,528,553,553,553,553,553,553,128,161,161],"floor_reached":57,"language":"ENG","playtime":4566,"items_purged":["Defend_G","Defend_G","Defend_G","Defend_G"],"score":3557,"play_id":"a0f967ae-524a-4636-b6d7-28a009372343","local_time":"20210126023108","is_ascension_mode":true,"campfire_choices":[{"data":"Dagger Spray","floor":6.0,"key":"SMITH"},{"floor":10.0,"key":"REST"},{"data":"Wraith Form v2","floor":15,"key":"SMITH"},{"data":"Wraith Form v2","floor":25,"key":"SMITH"},{"data":"Wraith Form v2","floor":27,"key":"SMITH"},{"data":"Night Terror","floor":30,"key":"SMITH"},{"data":"Wraith Form v2","floor":32,"key":"SMITH"},{"floor":41,"key":"RECALL"},{"data":"Well Laid Plans","floor":49,"key":"SMITH"},{"data":"Calculated Gamble","floor":53,"key":"SMITH"}],"circlet_count":0,"master_deck":["AscendersBane","Defend_G","Survivor","Neutralize","Dagger Spray+1","Terror","Dagger Spray","Quick Slash","Wraith Form v2+1","Wraith Form v2+1","Wraith Form v2+1","Well Laid Plans+1","Night Terror+1","Dagger Spray+1","Bite+1","Bite+1","Bite+1","Bite+1","Bite+1","Wraith Form v2+1","Outmaneuver+1","Calculated Gamble+1","Phantasmal Killer","Adrenaline","Adrenaline","Tools of the Trade","Blade Dance","Terror","Blade Dance+1","Expertise+1","Acrobatics+1","Acrobatics+1","Secret Technique"],"relics":["Ring of the Snake","Nunchaku","Orichalcum","Shuriken","DollysMirror","Molten Egg 2","Question Card","Prayer Wheel","Runic Dome","Enchiridion","Letter Opener","Art of War","Pantograph","Coffee Dripper","Membership Card","Potion Belt","Dream Catcher","Old Coin","Lantern","StrikeDummy","HandDrill","Blood Vial","Happy Flower"],"acts_visited":["Exordium","TheCity","TheBeyond","TheEnding"],"potions_floor_usage":[56,56],"damage_taken":[{"damage":0.0,"enemies":"2 Louse","floor":1.0,"turns":4.0},{"damage":0.0,"enemies":"Cultist","floor":4.0,"turns":5.0},{"damage":4.0,"enemies":"Small Slimes","floor":5.0,"turns":2.0},{"damage":44.0,"enemies":"Lagavulin","floor":7.0,"turns":9.0},{"damage":0.0,"enemies":"Gremlin Nob","floor":12.0,"turns":6.0},{"damage":0,"enemies":"Blue Slaver","floor":14,"turns":3},{"damage":0,"enemies":"Slime Boss","floor":16,"turns":10},{"damage":0,"enemies":"Spheric Guardian","floor":18,"turns":9},{"damage":0,"enemies":"2 Thieves","floor":21,"turns":3},{"damage":23,"enemies":"Slavers","floor":23,"turns":14},{"damage":0,"enemies":"Shelled Parasite and Fungi","floor":24,"turns":4},{"damage":0,"enemies":"Book of Stabbing","floor":28,"turns":7},{"damage":0,"enemies":"Centurion and Healer","floor":29,"turns":7},{"damage":0,"enemies":"Champ","floor":33,"turns":12},{"damage":1,"enemies":"3 Shapes","floor":35,"turns":5},{"damage":8,"enemies":"Orb Walker","floor":36,"turns":5},{"damage":0,"enemies":"Jaw Worm Horde","floor":39,"turns":3},{"damage":0,"enemies":"Giant Head","floor":40,"turns":10},{"damage":0,"enemies":"Reptomancer","floor":42,"turns":6},{"damage":0,"enemies":"Nemesis","floor":44,"turns":7},{"damage":0,"enemies":"Writhing Mass","floor":45,"turns":5},{"damage":0,"enemies":"Sphere and 2 Shapes","floor":47,"turns":4},{"damage":0,"enemies":"Giant Head","floor":48,"turns":7},{"damage":0,"enemies":"Donu and Deca","floor":50,"turns":9},{"damage":0,"enemies":"Time Eater","floor":51,"turns":14},{"damage":0,"enemies":"Shield and Spear","floor":55,"turns":9},{"damage":31,"enemies":"The Heart","floor":56,"turns":9}],"seed_played":"5729056711807202109","potions_obtained":[{"floor":7.0,"key":"Weak Potion"},{"floor":12.0,"key":"FearPotion"},{"floor":23,"key":"SneckoOil"},{"floor":28,"key":"SkillPotion"},{"floor":36,"key":"PowerPotion"},{"floor":40,"key":"Swift Potion"},{"floor":44,"key":"AttackPotion"},{"floor":48,"key":"Block Potion"}],"is_trial":false,"path_per_floor":["M","?","?","M","M","R","E","$","T","R","?","E","$","M","R","B",null,"M","?","?","M","?","E","M","R","T","R","E","M","R","$","R","B",null,"M","M","$","?","M","E","R","E","T","E","M","T","M","E","R","B","B",null,"R","$","E","B",null],"character_chosen":"THE_SILENT","items_purchased":["Wraith Form v2","DollysMirror","Membership Card","Nunchaku","Secret Technique","HandDrill","Blood Vial"],"campfire_rested":1,"item_purchase_floors":[8,8,37,54,54,54,54],"current_hp_per_floor":[59,59,59,59,55,55,11,11,11,30,30,30,30,30,30,30,57,57,46,25,34,34,32,46,46,46,46,46,46,46,46,46,46,46,46,46,46,46,46,46,46,46,46,46,46,46,46,46,46,46,46,46,46,46,46,46],"gold":161,"neow_bonus":"RANDOM_COMMON_RELIC","is_daily":false,"chose_seed":false,"campfire_upgraded":8,"win_rate":0.0,"timestamp":1611646268,"path_taken":["M","?","?","M","M","R","E","$","T","R","?","E","$","M","R","BOSS","M","?","?","M","?","E","M","R","T","R","E","M","R","?","R","BOSS","M","?","$","?","?","E","R","E","T","E","M","?","M","E","R","BOSS","BOSS","R","$","E","BOSS"],"items_purchased_type":["Card","Relic","Relic","Relic","Card","Relic","Relic"],"build_version":"2020-12-22","purchased_purges":4,"victory":true,"max_hp_per_floor":[66,66,66,66,66,66,66,66,66,66,66,66,66,66,66,66,66,66,46,46,46,46,46,46,46,46,46,46,46,46,46,46,46,46,46,46,46,46,46,46,46,46,46,46,46,46,46,46,46,46,46,46,46,46,46,46],"relic_stats":{"Happy Flower":[3],"counters":[27,188],"Letter Opener":[157],"Orichalcum":[822],"Question Card":30,"Blood Vial":0,"Nunchaku":[7],"Dream Catcher":0,"Shuriken":[82],"Pantograph":0,"Prayer Wheel":10,"Art of War":[37],"HandDrill":[6],"obtain_stats":[{"Potion Belt":40,"Lantern":46,"Happy Flower":55,"Enchiridion":20,"Letter Opener":23,"Orichalcum":0,"Question Card":11,"Old Coin":44,"Blood Vial":54,"Runic Dome":17,"Dream Catcher":42,"Nunchaku":54,"Shuriken":7,"DollysMirror":8,"Pantograph":28,"Molten Egg 2":9,"Prayer Wheel":12,"Art of War":26,"Coffee Dripper":34,"HandDrill":54,"Membership Card":37,"StrikeDummy":48,"Ring of the Snake":0},{"Potion Belt":18,"Lantern":21,"Happy Flower":26,"Enchiridion":8,"Letter Opener":10,"Orichalcum":0,"Question Card":4,"Old Coin":20,"Blood Vial":25,"Runic Dome":7,"Dream Catcher":19,"Nunchaku":25,"Shuriken":4,"DollysMirror":4,"Pantograph":12,"Molten Egg 2":4,"Prayer Wheel":5,"Art of War":11,"Coffee Dripper":14,"HandDrill":25,"Membership Card":16,"StrikeDummy":23,"Ring of the Snake":0},{"Potion Belt":118,"Lantern":136,"Happy Flower":179,"Enchiridion":48,"Letter Opener":65,"Orichalcum":0,"Question Card":20,"Old Coin":131,"Blood Vial":170,"Runic Dome":39,"Dream Catcher":124,"Nunchaku":170,"Shuriken":20,"DollysMirror":20,"Pantograph":76,"Molten Egg 2":20,"Prayer Wheel":26,"Art of War":69,"Coffee Dripper":95,"HandDrill":170,"Membership Card":105,"StrikeDummy":147,"Ring of the Snake":0}],"Ring of the Snake":[54]},"card_choices":[{"not_picked":["Deflect","Skewer"],"picked":"Dagger Spray","floor":1.0},{"not_picked":["Cloak And Dagger","Bane"],"picked":"Terror","floor":4.0},{"not_picked":["Poisoned Stab","Flying Knee"],"picked":"Dagger Spray","floor":5.0},{"not_picked":["Poisoned Stab","Acrobatics"],"picked":"Quick Slash","floor":7.0},{"not_picked":["Choke+1","Reflex","PiercingWail"],"picked":"Wraith Form v2","floor":12.0},{"not_picked":["PiercingWail","Eviscerate+1","Dagger Throw+1"],"picked":"Dagger Spray+1","floor":14},{"not_picked":["Prepared","Sucker Punch+1","Acrobatics"],"picked":"Well Laid Plans","floor":14},{"not_picked":["Phantasmal Killer","Unload+1","Bullet Time"],"picked":"Night Terror","floor":16},{"not_picked":["Catalyst","All Out Attack+1","Noxious Fumes"],"picked":"Dagger Spray+1","floor":18},{"not_picked":["Sucker Punch+1","Underhanded Strike+1","Flying Knee+1","Dodge and Roll"],"picked":"SKIP","floor":18},{"not_picked":["Setup","Cloak And Dagger","Leg Sweep"],"picked":"Wraith Form v2","floor":21},{"not_picked":["Acrobatics","Bane+1","Riddle With Holes+1"],"picked":"Outmaneuver+1","floor":21},{"not_picked":["Acrobatics","Catalyst","Cloak And Dagger"],"picked":"Phantasmal Killer","floor":23},{"not_picked":["Flying Knee+1","Choke+1","Outmaneuver","Backstab+1"],"picked":"SKIP","floor":24},{"not_picked":["Blur","Backstab+1","Dagger Spray+1","Accuracy+1"],"picked":"SKIP","floor":24},{"not_picked":["Deadly Poison","Die Die Die+1","Terror"],"picked":"Adrenaline","floor":28},{"not_picked":["Prepared","Dagger Throw+1","Backflip","Caltrops"],"picked":"SKIP","floor":29},{"not_picked":["Predator+1","Deflect","Bane+1","Well Laid Plans"],"picked":"SKIP","floor":29},{"not_picked":["Doppelganger","Malaise","Tools of the Trade"],"picked":"Adrenaline","floor":33},{"not_picked":["Deadly Poison+1","Sucker Punch+1","Skewer+1","Bane+1"],"picked":"SKIP","floor":35},{"not_picked":["Dodge and Roll","Sucker Punch+1","Crippling Poison","Setup"],"picked":"SKIP","floor":35},{"not_picked":["Dagger Throw+1","Prepared+1","Dagger Spray+1"],"picked":"Tools of the Trade","floor":36},{"not_picked":["Sucker Punch+1","Backflip","Finisher+1","Cloak And Dagger"],"picked":"SKIP","floor":36},{"not_picked":["Outmaneuver+1","Cloak And Dagger+1","Flying Knee+1"],"picked":"Blade Dance","floor":39},{"not_picked":["Deadly Poison","PiercingWail+1","Dagger Spray+1","Slice+1"],"picked":"SKIP","floor":39},{"not_picked":["Outmaneuver","Dagger Spray+1","Corpse Explosion"],"picked":"Terror","floor":40},{"not_picked":["Setup","Slice+1","Finisher+1"],"picked":"Blade Dance+1","floor":42},{"not_picked":["Deflect+1","Masterful Stab+1","Endless Agony+1"],"picked":"Expertise+1","floor":44},{"not_picked":["Endless Agony+1","Quick Slash+1","Setup+1"],"picked":"Acrobatics+1","floor":45},{"not_picked":["Deflect+1","Quick Slash+1","Deadly Poison+1"],"picked":"Acrobatics+1","floor":45},{"not_picked":["Acrobatics","Escape Plan","Underhanded Strike+1","Eviscerate+1"],"picked":"SKIP","floor":47},{"not_picked":["Footwork+1","Outmaneuver","Poisoned Stab+1","PiercingWail"],"picked":"SKIP","floor":47},{"not_picked":["Blade Dance+1","Flying Knee+1","Doppelganger","Noxious Fumes"],"picked":"SKIP","floor":48},{"not_picked":["Blade Dance+1","Flying Knee+1","Doppelganger","Noxious Fumes"],"picked":"SKIP","floor":48},{"not_picked":["Cloak And Dagger","Deflect","Slice+1","Deadly Poison"],"picked":"SKIP","floor":55}],"player_experience":4683125,"relics_obtained":[{"floor":7.0,"key":"Shuriken"},{"floor":9.0,"key":"Molten Egg 2"},{"floor":12.0,"key":"Prayer Wheel"},{"floor":20,"key":"Enchiridion"},{"floor":23,"key":"Letter Opener"},{"floor":26,"key":"Art of War"},{"floor":28,"key":"Pantograph"},{"floor":40,"key":"Potion Belt"},{"floor":42,"key":"Dream Catcher"},{"floor":44,"key":"Old Coin"},{"floor":46,"key":"Lantern"},{"floor":48,"key":"StrikeDummy"},{"floor":55,"key":"Happy Flower"}],"event_choices":[{"damage_healed":0.0,"max_hp_gain":0.0,"max_hp_loss":0.0,"gold_gain":150.0,"event_name":"Liars Game","player_choice":"AGREE","floor":2.0,"gold_loss":0.0,"damage_taken":0.0,"cards_obtained":["Doubt"]},{"cards_removed":["Doubt"],"damage_healed":0.0,"max_hp_gain":0.0,"max_hp_loss":0.0,"gold_gain":0.0,"event_name":"Fountain of Cleansing","player_choice":"Removed Curses","floor":3.0,"gold_loss":0.0,"damage_taken":0.0},{"damage_healed":0.0,"max_hp_gain":0.0,"max_hp_loss":0.0,"gold_gain":0.0,"event_name":"Dead Adventurer","player_choice":"Searched \u00271\u0027 times","floor":11.0,"gold_loss":0.0,"damage_taken":0.0,"relics_obtained":["Question Card"]},{"damage_healed":0,"gold_gain":0,"player_choice":"Became a vampire","damage_taken":0,"max_hp_gain":0,"max_hp_loss":20,"event_name":"Vampires","floor":19,"gold_loss":0,"cards_obtained":["Bite","Bite","Bite","Bite","Bite"]},{"damage_healed":0,"gold_gain":0,"player_choice":"Obtained Book","damage_taken":21,"max_hp_gain":0,"max_hp_loss":0,"event_name":"Cursed Tome","floor":20,"gold_loss":0},{"damage_healed":0,"gold_gain":0,"player_choice":"Read","damage_taken":0,"max_hp_gain":0,"max_hp_loss":0,"event_name":"The Library","floor":22,"gold_loss":0,"cards_obtained":["Calculated Gamble"]},{"cards_removed":["Dagger Spray"],"damage_healed":0,"gold_gain":0,"player_choice":"Removed Attack","damage_taken":0,"max_hp_gain":0,"max_hp_loss":0,"event_name":"Falling","floor":38,"gold_loss":0}],"is_beta":false,"boss_relics":[{"not_picked":["Busted Crown","SacredBark"],"picked":"Runic Dome"},{"not_picked":["SlaversCollar","Philosopher\u0027s Stone"],"picked":"Coffee Dripper"}],"items_purged_floors":[8,31,37,54],"is_endless":false,"potions_floor_spawned":[7,12,14,16,23,28,36,40,44,48],"ascension_level":20}}