{"host":"jumrmhf584hajrnz","time":1611684167,"event":{"mods":["BaseMod","Duelist Mod","GifTheSpireLib","Minty Spire (QoL Compilation)","Quick Restart","Replay The Spire","StSLib"],"gold_per_floor":[144,419,435,435,435,448,448,448,448],"floor_reached":8,"language":"ENG","playtime":191,"items_purged":[],"score":92,"play_id":"716b8f2b-6ad4-4a34-8183-441d4290f5a7","local_time":"20210126190247","is_ascension_mode":true,"campfire_choices":[{"floor":7,"key":"RECALL"}],"circlet_count":0,"master_deck":["theDuelist:ArchfiendSoldier","theDuelist:ArchfiendSoldier","theDuelist:ArchfiendSoldier","AscendersBane","theDuelist:CastleWalls","theDuelist:CastleWalls","theDuelist:CastleWalls","theDuelist:FiendMegacyber","theDuelist:Sparks","theDuelist:Sparks","theDuelist:SummonedSkull","theDuelist:ArchfiendGeneral","Regret","theDuelist:CallGrave","theDuelist:Lajinn"],"relics":["theDuelist:MillenniumPuzzle","theDuelist:CardPoolRelic","theDuelist:CardPoolBasicRelic","theDuelist:BoosterPackPoolRelic","theDuelist:CardPoolAddRelic","theDuelist:CardPoolMinusRelic","theDuelist:CardPoolSaveRelic","theDuelist:CardPoolOptionsRelic","NeowsBlessing","Golden Idol","Pen Nib"],"acts_visited":["Exordium"],"potions_floor_usage":[8],"damage_taken":[{"damage":0,"enemies":"Small Slimes","floor":1,"turns":1},{"damage":4,"enemies":"Cultist","floor":3,"turns":2},{"damage":0,"enemies":"2 Louse","floor":6,"turns":1},{"damage":33,"enemies":"Lagavulin","floor":8,"turns":5}],"seed_played":"-7835817254201107114","potions_obtained":[{"floor":6,"key":"theDuelist:FlamingBottle"}],"is_trial":false,"path_per_floor":["M","?","M","?","T","M","R","E"],"character_chosen":"THE_DUELIST","items_purchased":[],"campfire_rested":0,"item_purchase_floors":[],"current_hp_per_floor":[63,63,59,59,59,59,59,26,26],"gold":448,"neow_bonus":"THREE_ENEMY_KILL","is_daily":false,"chose_seed":false,"campfire_upgraded":0,"win_rate":0.0,"timestamp":1611684167,"path_taken":["M","?","?","?","?","M","R","E"],"items_purchased_type":[],"build_version":"2020-12-22","purchased_purges":0,"victory":false,"max_hp_per_floor":[70,70,70,63,63,63,63,63,63],"card_choices":[{"not_picked":["theDuelist:PutridPudding","theDuelist:ArchfiendCommander","theDuelist:FabledGallabas","theDuelist:DarkMasterZorc"],"picked":"theDuelist:ArchfiendGeneral","floor":1},{"not_picked":["theDuelist:DoomDonuts","theDuelist:DarknessNeosphere","theDuelist:RedMirror","theDuelist:Doomdog"],"picked":"theDuelist:CallGrave","floor":3},{"not_picked":["theDuelist:CyberArchfiend","theDuelist:DrivenDaredevil","theDuelist:ArchfiendSoldier","theDuelist:DarkTinker"],"picked":"theDuelist:Lajinn","floor":6}],"player_experience":1571136,"relics_obtained":[{"floor":5,"key":"Pen Nib"}],"event_choices":[{"damage_healed":0,"gold_gain":275,"player_choice":"Desecrate","damage_taken":0,"max_hp_gain":0,"max_hp_loss":0,"event_name":"Golden Shrine","floor":2,"gold_loss":0,"cards_obtained":["Regret"]},{"damage_healed":0,"gold_gain":0,"player_choice":"Lose Max HP","damage_taken":0,"relics_obtained":["Golden Idol"],"max_hp_gain":0,"max_hp_loss":7,"event_name":"Golden Idol","floor":4,"gold_loss":0}],"is_beta":false,"boss_relics":[],"items_purged_floors":[],"is_endless":false,"potions_floor_spawned":[6],"killed_by":"Lagavulin","ascension_level":20}}