{"host":"na09lpbrez4gbfiz","time":1611699636,"event":{"mods":["Act Like it!","BaseMod","BetterRewards","Colored Map","Colored Powertips","DeckTracker","Googly Eyes","Highlight Path","Minty Spire (QoL Compilation)","Quick Restart","Spicy Shops","StSLib","SuperFastMode","Synergy Search"],"gold_per_floor":[115,115,415,365,17,17,48,48,118,136,136,156,176,191,191,296,296,281,281,38,38,38,38,56,68,68,68,5,5,18,18,18,118,118,129,144,69,148,148,179,229,280,280,280,300,300,334,334,334,334],"floor_reached":51,"language":"ENG","playtime":1697,"items_purged":["Strike_R","Pain","Defend_R","Strike_R"],"score":911,"play_id":"3dc42951-6a7f-47d7-a017-ea803224592c","local_time":"20210126232036","is_ascension_mode":true,"campfire_choices":[{"data":"Inflame","floor":6,"key":"SMITH"},{"data":"Bash","floor":8,"key":"SMITH"},{"floor":15,"key":"REST"},{"data":"Demon Form","floor":23,"key":"SMITH"},{"floor":27,"key":"REST"},{"data":"Searing Blow","floor":29,"key":"SMITH"},{"data":"Searing Blow+1","floor":32,"key":"SMITH"},{"floor":44,"key":"REST"},{"floor":46,"key":"REST"},{"floor":49,"key":"REST"}],"circlet_count":0,"master_deck":["Strike_R","Defend_R+1","Defend_R","Bash+1","True Grit+1","Inflame+1","Demon Form+1","Uppercut","Rage","Feed","Metallicize+1","Searing Blow+2","Double Tap","True Grit+1","Armaments"],"relics":["Empty Cage","Old Coin","Sling","Pocketwatch","Sundial","WarpedTongs","Mark of Pain","Membership Card","Tiny Chest","MutagenicStrength","Pantograph","Fusion Hammer","Incense Burner","Ice Cream","Charon\u0027s Ashes","Unceasing Top","Frozen Egg 2","Ornamental Fan","Molten Egg 2"],"acts_visited":["Exordium","TheCity","TheBeyond"],"potions_floor_usage":[14,16,33,33,36,42,50,50],"damage_taken":[{"damage":0,"enemies":"Small Slimes","floor":1,"turns":3},{"damage":23,"enemies":"Gremlin Nob","floor":7,"turns":4},{"damage":1,"enemies":"2 Louse","floor":10,"turns":4},{"damage":4,"enemies":"Cultist","floor":12,"turns":3},{"damage":5,"enemies":"3 Louse","floor":13,"turns":6},{"damage":1,"enemies":"Large Slime","floor":14,"turns":4},{"damage":28,"enemies":"Slime Boss","floor":16,"turns":8},{"damage":17,"enemies":"2 Thieves","floor":18,"turns":4},{"damage":22,"enemies":"3 Byrds","floor":24,"turns":6},{"damage":5,"enemies":"Shelled Parasite and Fungi","floor":25,"turns":6},{"damage":4,"enemies":"Snecko","floor":30,"turns":5},{"damage":11,"enemies":"Collector","floor":33,"turns":8},{"damage":0,"enemies":"Orb Walker","floor":35,"turns":3},{"damage":20,"enemies":"3 Darklings","floor":36,"turns":7},{"damage":8,"enemies":"Giant Head","floor":40,"turns":6},{"damage":12,"enemies":"Mind Bloom Boss Battle","floor":41,"turns":6},{"damage":22,"enemies":"2 Orb Walkers","floor":42,"turns":5},{"damage":33,"enemies":"Spire Growth","floor":45,"turns":5},{"damage":34,"enemies":"Nemesis","floor":47,"turns":5},{"damage":23,"enemies":"Time Eater","floor":50,"turns":6}],"seed_played":"-6781234323199828473","potions_obtained":[{"floor":10,"key":"Energy Potion"},{"floor":13,"key":"FearPotion"},{"floor":16,"key":"DistilledChaos"},{"floor":30,"key":"CultistPotion"},{"floor":33,"key":"Block Potion"},{"floor":35,"key":"HeartOfIron"},{"floor":36,"key":"SkillPotion"},{"floor":47,"key":"AttackPotion"}],"is_trial":false,"path_per_floor":["M","?","?","?","$","R","E","R","T","M","?","M","M","M","R","B",null,"M","?","$","?","$","R","M","M","T","R","$","R","M","?","R","B",null,"M","M","$","T","?","E","?","?","T","R","M","R","E","T","R","B",null],"character_chosen":"IRONCLAD","items_purchased":["Inflame","Sling","CultistPotion","Membership Card","Tiny Chest","Incense Burner"],"campfire_rested":5,"item_purchase_floors":[5,5,5,20,20,37],"current_hp_per_floor":[80,64,64,64,64,64,41,41,41,40,40,36,31,30,54,26,67,53,44,44,44,44,44,25,24,24,51,51,51,50,50,50,64,86,86,66,66,66,66,58,75,53,53,82,53,83,49,49,79,78],"gold":334,"neow_bonus":"BOSS_RELIC","is_daily":false,"chose_seed":false,"campfire_upgraded":5,"win_rate":0.0,"timestamp":1611699636,"path_taken":["M","?","?","?","$","R","E","R","T","M","?","M","M","?","R","BOSS","M","?","$","?","?","R","M","M","T","R","$","R","M","?","R","BOSS","M","M","$","?","?","E","?","?","T","R","M","R","E","?","R","BOSS"],"items_purchased_type":["Card","Relic","Potion","Relic","Relic","Relic"],"build_version":"2020-12-22","purchased_purges":4,"victory":true,"max_hp_per_floor":[80,80,80,80,80,80,80,80,80,80,80,80,80,80,80,80,80,83,83,83,83,83,83,86,90,90,90,90,90,93,93,93,93,93,93,93,93,93,93,93,97,97,97,97,101,101,101,101,101,101],"card_choices":[{"not_picked":["Iron Wave","Heavy Blade"],"picked":"True Grit","floor":1},{"not_picked":["Iron Wave","Clothesline","Flex"],"picked":"SKIP","floor":7},{"not_picked":["Thunderclap","Infernal Blade","Body Slam"],"picked":"SKIP","floor":10},{"not_picked":["Pommel Strike","Iron Wave"],"picked":"Demon Form","floor":12},{"not_picked":["Entrench","Body Slam"],"picked":"Uppercut","floor":13},{"not_picked":["Anger","Disarm"],"picked":"Rage","floor":14},{"not_picked":["Exhume","Offering"],"picked":"Feed","floor":16},{"not_picked":["Rage","Perfected Strike"],"picked":"Metallicize+1","floor":18},{"not_picked":["Warcry+1","Metallicize"],"picked":"Searing Blow","floor":24},{"not_picked":["Inflame","Clash","Headbutt+1"],"picked":"SKIP","floor":25},{"not_picked":["Anger","Warcry","Bloodletting"],"picked":"SKIP","floor":30},{"not_picked":["Juggernaut","Barricade"],"picked":"Double Tap","floor":33},{"not_picked":["Cleave","Flex"],"picked":"True Grit+1","floor":35},{"not_picked":["Inflame","Flame Barrier"],"picked":"Armaments","floor":36},{"not_picked":["Cleave+1","Ghostly Armor","Double Tap"],"picked":"SKIP","floor":40},{"not_picked":["Twin Strike+1","Thunderclap","Inflame+1"],"picked":"SKIP","floor":45},{"not_picked":["Thunderclap+1","Flex+1","Twin Strike+1"],"picked":"SKIP","floor":47}],"player_experience":166288,"relics_obtained":[{"floor":7,"key":"Pocketwatch"},{"floor":9,"key":"Sundial"},{"floor":26,"key":"Pantograph"},{"floor":40,"key":"Ice Cream"},{"floor":41,"key":"Charon\u0027s Ashes"},{"floor":42,"key":"Unceasing Top"},{"floor":43,"key":"Frozen Egg 2"},{"floor":47,"key":"Ornamental Fan"},{"floor":48,"key":"Molten Egg 2"}],"event_choices":[{"damage_healed":0,"gold_gain":0,"player_choice":"Entered Light","damage_taken":16,"max_hp_gain":0,"max_hp_loss":0,"event_name":"Shining Light","floor":2,"gold_loss":0,"cards_upgraded":["True Grit","Defend_R"]},{"damage_healed":0,"gold_gain":0,"player_choice":"Box","damage_taken":0,"relics_obtained":["Old Coin"],"max_hp_gain":0,"max_hp_loss":0,"event_name":"Big Fish","floor":3,"gold_loss":0,"cards_obtained":["Regret"]},{"cards_removed":["Regret"],"damage_healed":0,"gold_gain":0,"player_choice":"Card Removal","damage_taken":0,"max_hp_gain":0,"max_hp_loss":0,"event_name":"The Cleric","floor":4,"gold_loss":50},{"damage_healed":0,"gold_gain":0,"player_choice":"Rummage","damage_taken":0,"relics_obtained":["WarpedTongs"],"max_hp_gain":0,"max_hp_loss":0,"event_name":"Accursed Blacksmith","floor":11,"gold_loss":0,"cards_obtained":["Pain"]},{"damage_healed":0,"gold_gain":0,"player_choice":"Stopped","damage_taken":9,"max_hp_gain":0,"max_hp_loss":0,"event_name":"Cursed Tome","floor":19,"gold_loss":0},{"damage_healed":0,"gold_gain":0,"player_choice":"Inject Mutagens","damage_taken":0,"relics_obtained":["MutagenicStrength"],"max_hp_gain":0,"max_hp_loss":0,"event_name":"Drug Dealer","floor":21,"gold_loss":0},{"cards_removed":["Defend_R"],"damage_healed":0,"gold_gain":0,"player_choice":"Purged","damage_taken":0,"max_hp_gain":0,"max_hp_loss":0,"event_name":"Purifier","floor":31,"gold_loss":0},{"damage_healed":0,"gold_gain":0,"player_choice":"Memory 1","damage_taken":0,"max_hp_gain":0,"max_hp_loss":0,"event_name":"SensoryStone","floor":39,"gold_loss":0},{"damage_healed":0,"gold_gain":0,"player_choice":"Fight","damage_taken":0,"max_hp_gain":0,"max_hp_loss":0,"event_name":"MindBloom","floor":41,"gold_loss":0},{"damage_healed":0,"gold_gain":0,"player_choice":"Fight","damage_taken":0,"max_hp_gain":0,"max_hp_loss":0,"event_name":"Mysterious Sphere","floor":42,"gold_loss":0}],"is_beta":false,"boss_relics":[{"not_picked":["Black Star","Coffee Dripper"],"picked":"Mark of Pain"},{"not_picked":["Cursed Key","Astrolabe"],"picked":"Fusion Hammer"}],"items_purged_floors":[5,20,28,37],"is_endless":false,"potions_floor_spawned":[10,13,16,30,33,35,36,47],"ascension_level":5}}