{"host":"e52c7hvho6xny3hd","time":1611661762,"event":{"mods":["AchievementEnabler","BaseMod","Colored Map","DeckTracker","Minty Spire (QoL Compilation)","Permanent Neow","StSLib"],"gold_per_floor":[117,130,130,80,5,5,34,47,73,84,84,84,84,102,102,102,102],"floor_reached":16,"language":"KOR","playtime":333,"items_purged":["Strike_R"],"score":244,"play_id":"d5b53f2f-4169-4efe-be01-40fcee75fe7d","local_time":"20210126204922","is_ascension_mode":true,"campfire_choices":[{"data":"Inflame","floor":6,"key":"SMITH"},{"data":"Flame Barrier","floor":11,"key":"SMITH"},{"data":"Fiend Fire","floor":13,"key":"SMITH"},{"data":"True Grit","floor":15,"key":"SMITH"}],"circlet_count":0,"master_deck":["AscendersBane","Strike_R","Strike_R","Strike_R","Defend_R","Defend_R","Defend_R","Defend_R","Bash","Inflame+1","Clash","Fiend Fire+1","Flame Barrier+1","True Grit+1"],"relics":["Burning Blood","NeowsBlessing","Smiling Mask","Happy Flower","Bag of Marbles","StrikeDummy"],"acts_visited":["Exordium"],"potions_floor_usage":[],"damage_taken":[{"damage":0,"enemies":"Small Slimes","floor":1,"turns":1},{"damage":0,"enemies":"2 Louse","floor":2,"turns":1},{"damage":0,"enemies":"3 Sentries","floor":7,"turns":2},{"damage":7,"enemies":"Jaw Worm","floor":8,"turns":3},{"damage":0,"enemies":"2 Fungi Beasts","floor":10,"turns":2},{"damage":0,"enemies":"Blue Slaver","floor":14,"turns":2},{"damage":78,"enemies":"Hexaghost","floor":16,"turns":9}],"seed_played":"-7122073365329706927","potions_obtained":[{"floor":2,"key":"DistilledChaos"},{"floor":10,"key":"LiquidMemories"},{"floor":14,"key":"Dexterity Potion"}],"is_trial":false,"path_per_floor":["M","M","?","$","?","R","E","M","T","M","R","T","R","M","R","B"],"character_chosen":"IRONCLAD","items_purchased":[],"campfire_rested":0,"item_purchase_floors":[],"current_hp_per_floor":[74,75,57,57,57,57,63,62,62,68,68,68,68,74,74,0,0],"gold":102,"neow_bonus":"THREE_ENEMY_KILL","is_daily":false,"chose_seed":false,"campfire_upgraded":4,"win_rate":0.0,"timestamp":1611661762,"path_taken":["M","M","?","$","?","R","E","M","T","M","R","?","R","M","R","BOSS"],"items_purchased_type":[],"build_version":"2020-12-22","purchased_purges":1,"victory":false,"max_hp_per_floor":[75,75,75,75,75,75,75,75,75,75,75,75,75,75,75,75,75],"card_choices":[{"not_picked":["Clash","Heavy Blade"],"picked":"Inflame","floor":1},{"not_picked":["Armaments","Anger"],"picked":"Clash","floor":2},{"not_picked":["Reckless Charge","Perfected Strike"],"picked":"Fiend Fire","floor":7},{"not_picked":["Clash","Headbutt","Havoc"],"picked":"SKIP","floor":8},{"not_picked":["Heavy Blade","Pommel Strike"],"picked":"Flame Barrier","floor":10},{"not_picked":["Battle Trance","Heavy Blade"],"picked":"True Grit","floor":14}],"player_experience":692749,"relics_obtained":[{"floor":7,"key":"Happy Flower"},{"floor":9,"key":"Bag of Marbles"},{"floor":12,"key":"StrikeDummy"}],"event_choices":[{"damage_healed":0,"gold_gain":0,"player_choice":"Success","damage_taken":18,"relics_obtained":["Smiling Mask"],"max_hp_gain":0,"max_hp_loss":0,"event_name":"Scrap Ooze","floor":3,"gold_loss":0},{"cards_removed":["Strike_R"],"damage_healed":0,"gold_gain":0,"player_choice":"Card Removal","damage_taken":0,"max_hp_gain":0,"max_hp_loss":0,"event_name":"The Cleric","floor":5,"gold_loss":75}],"is_beta":false,"boss_relics":[],"items_purged_floors":[4],"is_endless":false,"potions_floor_spawned":[2,10,14],"killed_by":"Hexaghost","ascension_level":19}}