{"host":"p5axfb00mxhraew6","time":1611665074,"event":{"mods":["Abigail Mod","Act Like it!","BaseMod","CapriCore","Friendly Minions","GifTheSpireLib","Jedi Mod","KomeijiMod","Lobotomy","MarisaÅiñ∂âJÅ@ñÇóùçπÅj","Minty Spire (QoL Compilation)","Prisma Mod","ReimuÅiîé??öÎÅj","RemiliaÅiÂQïƒ‰ª?Åj","SOSÅiézîb?îVéqÅj","StSLib","Td1madao Mod","The Alterego","The Immortal","The Problem Sleuth","Yakumo Yukari mod"],"gold_per_floor":[214,214,289,289,301,327,327,356,356,368,368,396,411,443,443,517,517,536,536,112,112,128,128,156,2,28,41,41,375,389,55,55,134,134,147,147,166,191,140,140,173,173,173,90,90,90,100,132,132,132,132,132,132,32,65,65],"floor_reached":57,"language":"ENG","playtime":2388,"items_purged":["BeautyBeast","QueenOfHatred"],"score":2545,"play_id":"80fbd057-0333-4c24-a365-5e37b4066b12","local_time":"20210126214434","is_ascension_mode":true,"campfire_choices":[{"floor":40,"key":"RECALL"}],"circlet_count":0,"master_deck":["SpecialBullet","SpecialBullet","SpecialBullet","SpecialBullet","SpecialBullet","InformationCode","SecurityCode","ExtractionCode","Logging+1","OSAHOGD","SwordSharpenedByTears+1","Horn+1","RapturousDream+1","RapturousDream+1","Gaze+1","Lantern+1","Bloodbath","CENSORED_ego+1","VoidDream","Penitence+1","OldLady","CENSORED_ego+1","MHz","Adoration+1","Adoration+1","Diffraction+1","TodaysExpression+1","WristCuter+1","Noise+1","Lantern+1","BeautyBeast","RapturousDream+1","CentralCode","Noise+1","WristCuter+1","Noise+1","Twilight+1","Spore+1","TheSmile+1","ShedSkin+1","TrainingCode","BlueStar","InTheNameOfLoveAndHate+1","Regret_ego","RapturousDream","Regret_ego","Logging","Regret_ego","Mimicry","RecordCode","SpecialBullet","TodaysExpression+1"],"relics":["CogitoBucket","CrazyTorch:ReiMu","Potion Belt","Omamori","Boot","Pen Nib","Philosopher\u0027s Stone","FossilizedHelix","Orichalcum","Bag of Marbles","RuthlessExorcism:ReiMu","Old Coin","TentaclePot:ReiMu","Black Star","jedi:gremlinknob","Ancient Tea Set","Centennial Puzzle","HoshigumaDish","Vajra","Ginger","Toy Ornithopter"],"acts_visited":["Exordium","TheCity","TheBeyond","TheEnding"],"potions_floor_usage":[6,8,12,14,16,36,36,36,56,56],"damage_taken":[{"damage":12,"enemies":"Jaw Worm","floor":1,"turns":3},{"damage":4,"enemies":"Small Slimes","floor":5,"turns":3},{"damage":16,"enemies":"Gremlin Nob","floor":6,"turns":5},{"damage":10,"enemies":"3 Sentries","floor":8,"turns":3},{"damage":2,"enemies":"2 Louse","floor":10,"turns":3},{"damage":0,"enemies":"Lagavulin","floor":12,"turns":4},{"damage":18,"enemies":"Lots of Slimes","floor":13,"turns":3},{"damage":0,"enemies":"Gremlin Nob","floor":14,"turns":2},{"damage":55,"enemies":"Hexaghost","floor":16,"turns":8},{"damage":14,"enemies":"Chosen","floor":18,"turns":6},{"damage":36,"enemies":"Spheric Guardian","floor":22,"turns":3},{"damage":41,"enemies":"Book of Stabbing","floor":24,"turns":6},{"damage":0,"enemies":"Shelled Parasite and Fungi","floor":27,"turns":3},{"damage":0,"enemies":"Slavers","floor":29,"turns":1},{"damage":7,"enemies":"Centurion and Healer","floor":30,"turns":6},{"damage":40,"enemies":"Automaton","floor":33,"turns":8},{"damage":8,"enemies":"3 Shapes","floor":35,"turns":1},{"damage":0,"enemies":"3 Shapes","floor":36,"turns":24},{"damage":0,"enemies":"Orb Walker","floor":37,"turns":2},{"damage":0,"enemies":"Mind Bloom Boss Battle","floor":38,"turns":2},{"damage":0,"enemies":"Reptomancer","floor":41,"turns":4},{"damage":0,"enemies":"Sphere and 2 Shapes","floor":47,"turns":2},{"damage":0,"enemies":"Giant Head","floor":48,"turns":5},{"damage":0,"enemies":"Time Eater","floor":50,"turns":7},{"damage":4,"enemies":"Shield and Spear","floor":55,"turns":3},{"damage":0,"enemies":"The Heart","floor":56,"turns":9}],"seed_played":"-6045730422364275907","potions_obtained":[{"floor":1,"key":"CalmPotion"},{"floor":4,"key":"GamblersBrew"},{"floor":4,"key":"RedTea"},{"floor":5,"key":"AttackPotion"},{"floor":8,"key":"JyouchiReiPotion"},{"floor":10,"key":"SteroidPotion"},{"floor":14,"key":"LiquidBronze"},{"floor":24,"key":"PowerPotion"},{"floor":29,"key":"DuplicationPotion"},{"floor":33,"key":"Swift Potion"},{"floor":35,"key":"GamblersBrew"},{"floor":41,"key":"PowerPotion"},{"floor":48,"key":"FearPotion"},{"floor":55,"key":"Weak Potion"}],"is_trial":false,"path_per_floor":["M","?","?","?","M","E","R","E","T","M","R","E","M","E","R","B",null,"M","?","$","?","M","R","E","$","T","M","R","E","M","$","R","B",null,"M","?","M","?","$","R","E","R","T","$","R","?","M","E","R","B",null,null,"R","$","E","B",null],"character_chosen":"Angela","items_purchased":["FossilizedHelix","TodaysExpression","Bag of Marbles","Twilight","TentaclePot:ReiMu","Spore","Regret_ego","Regret_ego","Logging"],"campfire_rested":0,"item_purchase_floors":[20,20,25,31,31,31,39,44,44],"current_hp_per_floor":[59,59,48,48,52,44,44,42,42,52,52,65,59,72,72,34,76,75,75,75,75,60,60,60,66,72,94,94,94,94,94,94,81,92,94,94,94,98,98,98,102,102,102,102,102,102,102,102,102,102,102,102,102,102,102,102],"gold":65,"neow_bonus":"HUNDRED_GOLD","is_daily":false,"chose_seed":false,"campfire_upgraded":0,"win_rate":0.0,"timestamp":1611665074,"path_taken":["M","?","?","?","?","E","R","E","T","M","R","E","M","E","R","BOSS","M","?","$","?","M","R","E","$","T","M","R","E","?","$","R","BOSS","M","?","M","?","$","R","E","R","T","$","R","?","?","E","R","BOSS","R","$","E","BOSS"],"items_purchased_type":["Relic","Card","Relic","Card","Relic","Card","Card","Card","Card"],"build_version":"2020-12-22","purchased_purges":2,"victory":true,"max_hp_per_floor":[70,70,70,70,70,70,70,70,70,74,74,78,82,86,86,90,90,90,90,90,90,90,90,94,94,94,94,94,94,94,94,94,94,94,94,94,94,98,98,98,102,102,102,102,102,102,102,102,102,102,102,102,102,102,102,102],"card_choices":[{"not_picked":["CrimsonScar"],"picked":"Logging","floor":1},{"not_picked":["Woodsman","BlackSwan"],"picked":"OSAHOGD","floor":1},{"not_picked":["FourthMatchFlame"],"picked":"SwordSharpenedByTears","floor":1},{"not_picked":["BlackSwan_ego"],"picked":"Horn","floor":5},{"not_picked":["Tough","CUTE"],"picked":"SKIP","floor":5},{"not_picked":["TodaysExpression"],"picked":"RapturousDream","floor":6},{"not_picked":["Reverberation"],"picked":"RapturousDream","floor":6},{"not_picked":["RapturousDream"],"picked":"Gaze","floor":8},{"not_picked":["Horn"],"picked":"Lantern","floor":10},{"not_picked":["CrumblingArmor","Wellcheers"],"picked":"Bloodbath","floor":10},{"not_picked":["InTheNameOfLoveAndHate"],"picked":"CENSORED_ego","floor":10},{"not_picked":["WallGazer","PunishingBird"],"picked":"VoidDream","floor":12},{"not_picked":["FeatherOfHonor","SwordSharpenedByTears"],"picked":"SKIP","floor":12},{"not_picked":["Rudolta","DreamingCurrent"],"picked":"BeautyBeast","floor":13},{"not_picked":["GrinderMk4"],"picked":"Penitence","floor":13},{"not_picked":["ParadiseLost","CherryBlossom"],"picked":"SKIP","floor":13},{"not_picked":["LittleHelper","CherryBlossoms"],"picked":"OldLady","floor":14},{"not_picked":["Wingbeat"],"picked":"CENSORED_ego","floor":14},{"not_picked":["MeatLantern","ShyLook"],"picked":"MHz","floor":16},{"not_picked":["SoundOfStar"],"picked":"Adoration","floor":16},{"not_picked":["ParadiseLost"],"picked":"Adoration","floor":16},{"not_picked":["Beak","SomewhereSpear"],"picked":"SKIP","floor":18},{"not_picked":["Christmas","RedEyes"],"picked":"SKIP","floor":18},{"not_picked":["Heaven+1"],"picked":"WristCuter","floor":22},{"not_picked":["Wingbeat+1"],"picked":"Noise+1","floor":22},{"not_picked":["Christmas"],"picked":"Lantern","floor":24},{"not_picked":["Funeral","Murderer"],"picked":"BeautyBeast","floor":24},{"not_picked":["SoundOfStar"],"picked":"RapturousDream+1","floor":24},{"not_picked":["Wingbeat","Christmas"],"picked":"SKIP","floor":27},{"not_picked":["Wingbeat+1"],"picked":"Noise","floor":29},{"not_picked":["Loneliness"],"picked":"WristCuter","floor":30},{"not_picked":["WristCuter"],"picked":"Noise","floor":30},{"not_picked":["Justitia"],"picked":"TheSmile","floor":33},{"not_picked":["MagicBullet"],"picked":"ShedSkin+1","floor":35},{"not_picked":["Heaven","Loneliness+1"],"picked":"SKIP","floor":37},{"not_picked":["Murderer","HappyTeddy"],"picked":"BlueStar","floor":38},{"not_picked":["SomewhereSpear"],"picked":"InTheNameOfLoveAndHate+1","floor":38},{"not_picked":["Alriune","RedShoes"],"picked":"QueenOfHatred","floor":41},{"not_picked":["Reverberation"],"picked":"RapturousDream","floor":41},{"not_picked":["Adoration"],"picked":"Regret_ego","floor":47},{"not_picked":["Diffraction"],"picked":"Mimicry","floor":48},{"not_picked":["FeatherOfHonor"],"picked":"TodaysExpression+1","floor":55}],"player_experience":1269233,"relics_obtained":[{"floor":6,"key":"CrazyTorch:ReiMu"},{"floor":8,"key":"Potion Belt"},{"floor":9,"key":"Omamori"},{"floor":12,"key":"Boot"},{"floor":14,"key":"Pen Nib"},{"floor":24,"key":"Orichalcum"},{"floor":26,"key":"RuthlessExorcism:ReiMu"},{"floor":29,"key":"Old Coin"},{"floor":38,"key":"jedi:gremlinknob"},{"floor":41,"key":"Ancient Tea Set"},{"floor":41,"key":"Centennial Puzzle"},{"floor":48,"key":"HoshigumaDish"},{"floor":48,"key":"Vajra"},{"floor":55,"key":"Ginger"},{"floor":55,"key":"Toy Ornithopter"}],"event_choices":[{"damage_healed":0,"gold_gain":0,"player_choice":"Grow","damage_taken":0,"max_hp_gain":0,"max_hp_loss":0,"event_name":"Living Wall","floor":2,"gold_loss":0,"cards_upgraded":["Logging"]},{"damage_healed":0,"gold_gain":75,"player_choice":"Gather Gold","damage_taken":11,"max_hp_gain":0,"max_hp_loss":0,"event_name":"World of Goop","floor":3,"gold_loss":0},{"damage_healed":0,"gold_gain":0,"player_choice":"Got Potions","damage_taken":0,"max_hp_gain":0,"max_hp_loss":0,"event_name":"Lab","floor":4,"gold_loss":0},{"damage_healed":0,"gold_gain":0,"player_choice":"Read","damage_taken":0,"max_hp_gain":0,"max_hp_loss":0,"event_name":"The Library","floor":19,"gold_loss":0,"cards_obtained":["Diffraction"]},{"damage_healed":0,"gold_gain":0,"player_choice":"Ignored","damage_taken":0,"max_hp_gain":0,"max_hp_loss":0,"event_name":"Beggar","floor":21,"gold_loss":0},{"damage_healed":0,"gold_gain":0,"player_choice":"Fight","damage_taken":0,"max_hp_gain":0,"max_hp_loss":0,"event_name":"MindBloom","floor":38,"gold_loss":0}],"is_beta":false,"boss_relics":[{"not_picked":["SlaversCollar","Astrolabe"],"picked":"Philosopher\u0027s Stone"},{"not_picked":["jedi:paperlyon","jedi:hotpepper"],"picked":"Black Star"}],"items_purged_floors":[20,54],"is_endless":false,"potions_floor_spawned":[1,5,8,10,14,24,29,33,35,36,41,48,55],"ascension_level":15}}