{"host":"ygr55oy7qe9vv2jr","time":1611660447,"event":{"mods":["BaseMod","Better Third Choice","Downfall","Minty Spire (QoL Compilation)","Replay The Spire","StSLib"],"gold_per_floor":[99,99,99,45,45,77,124,134,134,169,188,216,116,151,162,258,258,258,269,288,288,288,288,288,314,314,76,87,87,87,87,105,201,201,201,215,232,243,261,288,288,288,306,306,336,336,336,371,394,404],"floor_reached":51,"language":"ENG","playtime":3995,"items_purged":["Writhe"],"score":1039,"play_id":"7d1c22aa-7dcd-406e-b684-e8702791a7fa","local_time":"20210126052727","is_ascension_mode":true,"campfire_choices":[{"data":"hexamod:Sear","floor":1,"key":"SMITH"},{"data":"hexamod:BurningTouch","floor":9,"key":"SMITH"},{"floor":13,"key":"REST"},{"floor":18,"key":"DIG"},{"data":"hexamod:WildfireWeapon","floor":23,"key":"SMITH"},{"data":"hexamod:PhantomCloak","floor":26,"key":"SMITH"},{"floor":30,"key":"REST"},{"data":"expansioncontent:DashGenerateEvil","floor":35,"key":"SMITH"},{"floor":44,"key":"REST"},{"floor":47,"key":"REST"}],"circlet_count":0,"master_deck":["hexamod:Defend","hexamod:Defend","hexamod:Defend","hexamod:Defend","hexamod:Sear+1","hexamod:Float","hexamod:ChargedBarrage","hexamod:SwordOfDarkness","hexamod:FastForward","hexamod:BurningTouch+1","hexamod:Hexaguard","hexamod:ShieldOfDarkness","hexamod:ThermalTransfer","hexamod:EtherealExpedition","hexamod:FlamesFromBeyond","hexamod:WildfireWeapon+1","hexamod:FlamesFromBeyond","hexamod:PhantomCloak+1","hexamod:GhostOfSpireFuture","expansioncontent:DashGenerateEvil+1","Pot Of Greed","Pot Of Greed","hexamod:Hexaguard+1","Pot Of Greed","hexamod:ChargedBarrage","hexamod:HeatCrush","hexamod:HeatMetal+1","hexamod:Incineration+1","hexamod:SearingWound","Voices"],"relics":["hexamod:SpiritBrand","downfall:HeartsMalice","Smiling Mask","ReplayTheSpireMod:TigerMarble","Bag of Marbles","Onion Ring","downfall:HeartBlessingGreen","Replay:Multitool","Velvet Choker","ReplayTheSpireMod:Ninjato","Oddly Smooth Stone","Replay:PocketPolymizer","Sundial","ReplayTheSpireMod:CursedCoin","Grinning Jar","Enchiridion","Runic Pyramid","Guardian:GemstoneGun","HornCleat","Counterbalance","Ring of Chaos","Replay:Bandana"],"acts_visited":["Exordium","TheCity","TheBeyond"],"potions_floor_usage":[16,25,39,45,50,50,50],"damage_taken":[{"damage":0,"enemies":"Jaw Worm","floor":2,"turns":1},{"damage":0,"enemies":"downfall:FleeingMerchant","floor":4,"turns":1},{"damage":0,"enemies":"2 Louse","floor":5,"turns":1},{"damage":7,"enemies":"Gremlin Nob","floor":6,"turns":3},{"damage":1,"enemies":"Cultist","floor":8,"turns":3},{"damage":23,"enemies":"3 Sentries","floor":10,"turns":7},{"damage":0,"enemies":"3 Louse","floor":11,"turns":4},{"damage":7,"enemies":"Lagavulin","floor":12,"turns":6},{"damage":0,"enemies":"3 Sentries","floor":14,"turns":5},{"damage":7,"enemies":"Large Slime","floor":15,"turns":4},{"damage":16,"enemies":"WA_ARCHETYPE_RETAIN","floor":16,"turns":10},{"damage":0,"enemies":"Chosen","floor":19,"turns":3},{"damage":1,"enemies":"Shell Parasite","floor":20,"turns":3},{"damage":29,"enemies":"Slavers","floor":25,"turns":3},{"damage":0,"enemies":"downfall:FleeingMerchant","floor":27,"turns":4},{"damage":4,"enemies":"3 Cultists","floor":28,"turns":3},{"damage":2,"enemies":"Snake Plant","floor":32,"turns":3},{"damage":3,"enemies":"DF_ARCHETYPE_CLAW","floor":33,"turns":11},{"damage":0,"enemies":"Orb Walker","floor":36,"turns":4},{"damage":8,"enemies":"3 Darklings","floor":37,"turns":5},{"damage":19,"enemies":"Transient","floor":38,"turns":5},{"damage":0,"enemies":"Maw","floor":39,"turns":5},{"damage":0,"enemies":"R_Hoarder","floor":40,"turns":7},{"damage":20,"enemies":"Sphere and 2 Shapes","floor":43,"turns":6},{"damage":10,"enemies":"Reptomancer","floor":45,"turns":6},{"damage":0,"enemies":"Nemesis","floor":48,"turns":3},{"damage":0,"enemies":"3 Darklings","floor":49,"turns":4},{"damage":21,"enemies":"IC_BLOCK_ARCHETYPE","floor":50,"turns":9}],"seed_played":"6884493901574847996","potions_obtained":[{"floor":8,"key":"Energy Potion"},{"floor":12,"key":"AttackPotion"},{"floor":14,"key":"hexamod:EctoCoolerPotion"},{"floor":15,"key":"Doom Potion"},{"floor":16,"key":"ColorlessPotion"},{"floor":25,"key":"Toxic Potion"},{"floor":36,"key":"Flashbang"},{"floor":39,"key":"DuplicationPotion"},{"floor":48,"key":"Energy Potion"}],"is_trial":false,"path_per_floor":["R","M","?","$","M","E","T","M","R","E","M","E","R","E","M","B",null,"R","M","M","?","?","R","T","E","R","$","M","?","R","?","M","B",null,"R","M","M","M","M","E","T","?","M","R","E","?","R","E","M","B",null],"character_chosen":"THE_SPIRIT","items_purchased":["hexamod:FastForward","ReplayTheSpireMod:CursedCoin","expansioncontent:DashGenerateEvil","Grinning Jar"],"campfire_rested":4,"item_purchase_floors":[4,27,27,27],"current_hp_per_floor":[70,70,70,70,70,63,63,62,62,39,39,32,53,53,46,30,60,60,60,59,59,59,59,59,30,30,30,26,26,47,31,29,26,59,59,59,51,32,32,32,32,32,12,33,23,23,44,44,44,23],"gold":404,"neow_bonus":"THREE_ENEMY_KILL","is_daily":false,"chose_seed":false,"campfire_upgraded":5,"win_rate":0.0,"timestamp":1611660447,"path_taken":["R","M","?","$","M","E","T","M","R","E","M","E","R","E","M","BOSS","R","M","M","?","?","R","T","E","R","$","?","?","R","?","M","BOSS","R","M","M","M","M","E","T","?","?","R","E","?","R","E","M","BOSS"],"items_purchased_type":["Card","Relic","Card","Relic"],"build_version":"2020-12-22","purchased_purges":1,"victory":true,"max_hp_per_floor":[70,70,70,70,70,70,70,70,70,70,70,70,70,70,70,70,70,70,70,70,70,70,70,70,70,70,70,70,70,70,70,70,70,70,70,70,70,70,70,70,70,70,70,70,70,70,70,70,70,70],"card_choices":[{"not_picked":["hexamod:Hexaguard","hexamod:GhostShield"],"picked":"hexamod:ChargedBarrage","floor":2},{"not_picked":["hexamod:NightmareGuise","hexamod:HauntingEcho"],"picked":"hexamod:SwordOfDarkness","floor":4},{"not_picked":["hexamod:InspiringFlames","hexamod:Haunt","hexamod:SwordOfDarkness"],"picked":"SKIP","floor":5},{"not_picked":["hexamod:Hexaguard","hexamod:HauntingEcho"],"picked":"hexamod:BurningTouch","floor":6},{"not_picked":["hexamod:NecessarySacrifice","hexamod:HauntingEcho"],"picked":"hexamod:Hexaguard","floor":8},{"not_picked":["hexamod:Toasty","hexamod:RecurringNightmare"],"picked":"hexamod:ShieldOfDarkness","floor":10},{"not_picked":["hexamod:ShieldOfDarkness","hexamod:AdvancingGuard"],"picked":"hexamod:ThermalTransfer","floor":11},{"not_picked":["hexamod:DynamicBlow","hexamod:NightmareStrike"],"picked":"hexamod:EtherealExpedition","floor":12},{"not_picked":["hexamod:PhantomFireball","hexamod:GhostLash","hexamod:NightmareStrike"],"picked":"SKIP","floor":14},{"not_picked":["hexamod:SpectersWail","hexamod:SpectralSpark"],"picked":"hexamod:FlamesFromBeyond","floor":15},{"not_picked":["hexamod:SearingWound","hexamod:GhostOfSpirePresent"],"picked":"hexamod:WildfireWeapon","floor":16},{"not_picked":["hexamod:NightmareStrike","hexamod:CatchUp+1","hexamod:BacktrackSmack"],"picked":"SKIP","floor":19},{"not_picked":["hexamod:GhostShield","hexamod:NightmareGuise+1","hexamod:SuperheatedStrike"],"picked":"SKIP","floor":20},{"not_picked":["hexamod:FourthSeal","hexamod:HauntingEcho"],"picked":"hexamod:PhantomCloak","floor":25},{"not_picked":["hexamod:StepThrough+1","hexamod:Haunt","hexamod:RadiantFlame"],"picked":"SKIP","floor":27},{"not_picked":["hexamod:SuperheatedStrike","hexamod:ThermalTransfer"],"picked":"hexamod:Hexaguard+1","floor":28},{"not_picked":["hexamod:AdvancingGuard","hexamod:FlameSwitch","hexamod:DynamicBlow"],"picked":"SKIP","floor":32},{"not_picked":["hexamod:Hexaguard","hexamod:Rewind+1","hexamod:NightmareStrike+1"],"picked":"SKIP","floor":36},{"not_picked":["hexamod:ThirdSeal","hexamod:SwordOfDarkness"],"picked":"hexamod:HeatCrush","floor":37},{"not_picked":["hexamod:CatchUp","hexamod:HauntingEcho","hexamod:GhostShield"],"picked":"SKIP","floor":38},{"not_picked":["hexamod:ApocalypticArmor","hexamod:RecurringNightmare+1","hexamod:ThermalTransfer"],"picked":"SKIP","floor":39},{"not_picked":["hexamod:Hexaguard","hexamod:Haunt+1"],"picked":"hexamod:HeatMetal","floor":40},{"not_picked":["hexamod:EtherealExpedition+1","hexamod:HauntingEcho+1"],"picked":"hexamod:Incineration+1","floor":43},{"not_picked":["hexamod:ChargedBarrage+1","hexamod:ThermalTransfer+1","hexamod:Again"],"picked":"SKIP","floor":45},{"not_picked":["hexamod:GhostShield+1","hexamod:FlamesFromBeyond+1","hexamod:HeatMetal"],"picked":"SKIP","floor":48},{"not_picked":["hexamod:BacktrackSmack+1","hexamod:BurningTouch","hexamod:SuperheatedStrike"],"picked":"SKIP","floor":49}],"player_experience":798662,"relics_obtained":[{"floor":6,"key":"Smiling Mask"},{"floor":7,"key":"ReplayTheSpireMod:TigerMarble"},{"floor":10,"key":"Bag of Marbles"},{"floor":12,"key":"Onion Ring"},{"floor":14,"key":"Replay:Multitool"},{"floor":18,"key":"ReplayTheSpireMod:Ninjato"},{"floor":24,"key":"Replay:PocketPolymizer"},{"floor":25,"key":"Sundial"},{"floor":31,"key":"Enchiridion"},{"floor":40,"key":"Guardian:GemstoneGun"},{"floor":41,"key":"HornCleat"},{"floor":45,"key":"Counterbalance"},{"floor":46,"key":"Ring of Chaos"},{"floor":48,"key":"Replay:Bandana"}],"event_choices":[],"is_beta":false,"boss_relics":[{"not_picked":["Honey Jar","Calling Bell"],"picked":"Velvet Choker"},{"not_picked":["Astrolabe","hexamod:UnbrokenSoul"],"picked":"Runic Pyramid"}],"items_purged_floors":[27],"is_endless":false,"potions_floor_spawned":[8,12,14,15,16,25,28,33,38,40,48,49],"ascension_level":5}}