{"host":"mgcaznjmey5ghza1","time":1611636887,"event":{"mods":["BaseMod","Downfall","Hero for Fun","Minty Spire (QoL Compilation)","Quick Restart","StSLib","The Saiyan"],"gold_per_floor":[14,14,30,44,57,57,57,86,86,115,115,130,130,150,150,245,245,264,281,297,313,313,328,343,343,343,355,381,408,408,418,418,519,519,538,104,104,104,104,132,146,179,179,198,211,230,74,74,74,74],"floor_reached":51,"language":"ENG","playtime":923,"items_purged":[],"score":1193,"play_id":"bb38f470-4d20-4107-8cf7-281edc352521","local_time":"20210125235447","is_ascension_mode":false,"campfire_choices":[{"data":"Strike_Y","floor":6,"key":"SMITH"},{"data":"Strike_Y","floor":11,"key":"SMITH"},{"data":"Consecutive_Normal_Punch","floor":15,"key":"SMITH"},{"data":"Strike_Y","floor":25,"key":"SMITH"},{"data":"Strike_Y","floor":30,"key":"SMITH"},{"data":"Strike_Y","floor":32,"key":"SMITH"},{"floor":49,"key":"REST"}],"circlet_count":0,"master_deck":["Strike_Y+1","Strike_Y+1","Strike_Y+1","Strike_Y+1","Defend_Y+1","Defend_Y+1","Defend_Y+1","Defend_Y+1","Defend_Y+1","Slap+1","Side_Hop+1","Normal_Punch+1","Normal_Punch+1","Toss_Stone+1","Serious_Side_Hops+1","Do_Nothing+1","Consecutive_Normal_Punch+1","Serious_Punch+1","Do_Nothing+1","Hop+1","Ignore+1","Yawn+1","Toss_Stone+1","Wear_Disguise+1","Hip_Strike+1","Hop+1","Slap+1","Normal_Punch+1","Get_Hopes_Up+1","Consecutive_Normal_Punch+1","Oh+1","Normal_Punch+1","Serious_Punch+1","Normal_Punch+1","Slap+1","Normal_Punch+1","Oh","Yawn+1","Ignore+1"],"relics":["Cape","Bag of Preparation","Toy Ornithopter","Gremlin Horn","SlaversCollar","Bottled Tornado","Pear","Red Mask","Black Star","Question Card","Mark of the Bloom","Matryoshka","Toxic Egg 2","Anchor","Boot","Ancient Tea Set","Peace Pipe","Frozen Eye"],"acts_visited":["Exordium","TheCity","TheBeyond"],"potions_floor_usage":[50],"damage_taken":[{"damage":0,"enemies":"2 Louse","floor":1,"turns":1},{"damage":0,"enemies":"Cultist","floor":3,"turns":1},{"damage":0,"enemies":"Jaw Worm","floor":4,"turns":1},{"damage":0,"enemies":"Large Slime","floor":5,"turns":1},{"damage":0,"enemies":"Lagavulin","floor":8,"turns":1},{"damage":0,"enemies":"3 Sentries","floor":10,"turns":1},{"damage":0,"enemies":"Blue Slaver","floor":12,"turns":1},{"damage":0,"enemies":"Lots of Slimes","floor":14,"turns":1},{"damage":0,"enemies":"Slime Boss","floor":16,"turns":1},{"damage":0,"enemies":"Spheric Guardian","floor":18,"turns":1},{"damage":0,"enemies":"Chosen","floor":19,"turns":1},{"damage":0,"enemies":"Centurion and Healer","floor":20,"turns":1},{"damage":0,"enemies":"3 Cultists","floor":21,"turns":1},{"damage":0,"enemies":"Chosen and Byrds","floor":23,"turns":1},{"damage":0,"enemies":"Snake Plant","floor":24,"turns":1},{"damage":0,"enemies":"Snecko","floor":27,"turns":1},{"damage":0,"enemies":"Slavers","floor":28,"turns":1},{"damage":0,"enemies":"Masked Bandits","floor":29,"turns":1},{"damage":0,"enemies":"Cultist and Chosen","floor":31,"turns":1},{"damage":0,"enemies":"Automaton","floor":33,"turns":1},{"damage":0,"enemies":"Orb Walker","floor":35,"turns":1},{"damage":0,"enemies":"Giant Head","floor":40,"turns":1},{"damage":0,"enemies":"3 Shapes","floor":41,"turns":1},{"damage":0,"enemies":"Reptomancer","floor":42,"turns":1},{"damage":0,"enemies":"Spire Growth","floor":44,"turns":1},{"damage":0,"enemies":"4 Shapes","floor":45,"turns":1},{"damage":0,"enemies":"Jaw Worm Horde","floor":46,"turns":1},{"damage":0,"enemies":"Awakened One","floor":50,"turns":2}],"seed_played":"-5309845676881704002","potions_obtained":[{"floor":4,"key":"SneckoOil"},{"floor":5,"key":"Explosive Potion"},{"floor":8,"key":"Explosive Potion"},{"floor":18,"key":"CultistPotion"}],"is_trial":false,"path_per_floor":["M","?","M","M","M","R","?","E","T","E","R","M","?","M","R","B",null,"M","M","M","M","?","M","M","R","T","M","E","?","R","M","R","B",null,"M","$","?","$","?","E","M","E","T","M","M","M","$","?","R","B",null],"character_chosen":"OPM","items_purchased":["Question Card","Oh","Normal_Punch","Frozen Eye"],"campfire_rested":1,"item_purchase_floors":[36,36,36,47],"current_hp_per_floor":[1098,1098,1098,1098,1098,1098,1098,1098,1098,1098,1098,1098,1098,1098,1098,1098,1098,1098,1098,1098,1098,1098,1098,1098,1098,1098,1098,1108,1108,1108,1108,1108,1108,1108,1108,1108,1108,1108,1108,1108,1108,1108,1108,1108,1108,1108,1108,1108,1108,1108],"gold":74,"neow_bonus":"TEN_PERCENT_HP_BONUS","is_daily":false,"chose_seed":false,"campfire_upgraded":6,"win_rate":0.0,"timestamp":1611636887,"path_taken":["M","?","M","M","?","R","?","E","T","E","R","M","?","M","R","BOSS","M","M","M","M","?","M","M","R","T","?","E","?","R","M","R","BOSS","M","$","?","?","?","E","M","E","T","M","M","M","?","?","R","BOSS"],"items_purchased_type":["Relic","Card","Card","Relic"],"build_version":"2020-12-22","purchased_purges":0,"victory":true,"max_hp_per_floor":[1098,1098,1098,1098,1098,1098,1098,1098,1098,1098,1098,1098,1098,1098,1098,1098,1098,1098,1098,1098,1098,1098,1098,1098,1098,1098,1098,1108,1108,1108,1108,1108,1108,1108,1108,1108,1108,1108,1108,1108,1108,1108,1108,1108,1108,1108,1108,1108,1108,1108],"card_choices":[{"not_picked":["Hop","Ignore"],"picked":"Slap","floor":1},{"not_picked":["Yawn","Toss_Stone"],"picked":"Side_Hop","floor":3},{"not_picked":["Wear_Disguise","Yawn"],"picked":"Normal_Punch","floor":4},{"not_picked":["Side_Hop","Ignore"],"picked":"Normal_Punch","floor":5},{"not_picked":["Side_Hop","Normal_Punch"],"picked":"Toss_Stone","floor":8},{"not_picked":["Do_Nothing","Slap"],"picked":"Serious_Side_Hops","floor":10},{"not_picked":["Ignore","Yawn"],"picked":"Do_Nothing","floor":12},{"not_picked":["Normal_Punch","Wear_Disguise"],"picked":"Consecutive_Normal_Punch","floor":14},{"not_picked":["Serious_Side_Hops","Hip_Strike"],"picked":"Serious_Punch","floor":16},{"not_picked":["Normal_Punch","Slap"],"picked":"Do_Nothing","floor":18},{"not_picked":["Side_Hop","Yawn+1"],"picked":"Hop+1","floor":19},{"not_picked":["Slap","Side_Hop"],"picked":"Ignore+1","floor":20},{"not_picked":["Slap","Ignore+1"],"picked":"Yawn+1","floor":21},{"not_picked":["Side_Hop","Do_Nothing"],"picked":"Toss_Stone+1","floor":23},{"not_picked":["Hop","Slap+1"],"picked":"Wear_Disguise","floor":24},{"not_picked":["Wear_Disguise+1","Normal_Punch"],"picked":"Hip_Strike","floor":27},{"not_picked":["Do_Nothing","Serious_Side_Hops"],"picked":"Hop+1","floor":28},{"not_picked":["Hop+1","Side_Hop"],"picked":"Slap","floor":29},{"not_picked":["Yawn","Hop+1"],"picked":"Normal_Punch","floor":31},{"not_picked":["Oh","Serious_Punch"],"picked":"Get_Hopes_Up","floor":33},{"not_picked":["Do_Nothing","Yawn+1"],"picked":"Consecutive_Normal_Punch","floor":35},{"not_picked":["Toss_Stone","Side_Hop+1","Wear_Disguise+1"],"picked":"Normal_Punch+1","floor":40},{"not_picked":["Yawn+1","Side_Hop+1","Ignore+1"],"picked":"Slap+1","floor":41},{"not_picked":["Slap","Wear_Disguise+1","Ignore+1"],"picked":"Normal_Punch+1","floor":42},{"not_picked":["Yawn+1","Toss_Stone","Slap"],"picked":"Oh","floor":44},{"not_picked":["Consecutive_Normal_Punch","Wear_Disguise+1","Ignore+1"],"picked":"Yawn+1","floor":45},{"not_picked":["Side_Hop+1","Hop+1","Consecutive_Normal_Punch"],"picked":"Ignore+1","floor":46}],"player_experience":7850,"relics_obtained":[{"floor":8,"key":"Bag of Preparation"},{"floor":9,"key":"Toy Ornithopter"},{"floor":10,"key":"Gremlin Horn"},{"floor":26,"key":"Bottled Tornado"},{"floor":28,"key":"Pear"},{"floor":29,"key":"Red Mask"},{"floor":40,"key":"Matryoshka"},{"floor":40,"key":"Toxic Egg 2"},{"floor":42,"key":"Anchor"},{"floor":42,"key":"Boot"},{"floor":43,"key":"Ancient Tea Set"},{"floor":43,"key":"Peace Pipe"}],"event_choices":[{"damage_healed":0,"gold_gain":0,"player_choice":"Ignored","damage_taken":0,"max_hp_gain":0,"max_hp_loss":0,"event_name":"Transmorgrifier","floor":2,"gold_loss":0},{"damage_healed":0,"gold_gain":0,"player_choice":"Ignored","damage_taken":0,"max_hp_gain":0,"max_hp_loss":0,"event_name":"Golden Wing","floor":7,"gold_loss":0},{"damage_healed":0,"gold_gain":0,"player_choice":"Leave","damage_taken":0,"max_hp_gain":0,"max_hp_loss":0,"event_name":"The Cleric","floor":13,"gold_loss":0},{"damage_healed":0,"gold_gain":0,"player_choice":"Ignored","damage_taken":0,"max_hp_gain":0,"max_hp_loss":0,"event_name":"Transmorgrifier","floor":22,"gold_loss":0},{"damage_healed":0,"gold_gain":0,"player_choice":"Fought Bandits","damage_taken":0,"max_hp_gain":0,"max_hp_loss":0,"event_name":"Masked Bandits","floor":29,"gold_loss":0},{"damage_healed":0,"gold_gain":0,"player_choice":"Copied","damage_taken":0,"max_hp_gain":0,"max_hp_loss":0,"event_name":"Duplicator","floor":37,"gold_loss":0,"cards_obtained":["Serious_Punch"]},{"damage_healed":0,"gold_gain":0,"player_choice":"Upgrade","damage_taken":0,"relics_obtained":["Mark of the Bloom"],"max_hp_gain":0,"max_hp_loss":0,"event_name":"MindBloom","floor":39,"gold_loss":0,"cards_upgraded":["Defend_Y","Defend_Y","Defend_Y","Defend_Y","Defend_Y","Slap","Side_Hop","Normal_Punch","Normal_Punch","Toss_Stone","Serious_Side_Hops","Do_Nothing","Serious_Punch","Do_Nothing","Wear_Disguise","Hip_Strike","Slap","Normal_Punch","Get_Hopes_Up","Consecutive_Normal_Punch","Oh","Normal_Punch","Serious_Punch"]},{"cards_removed":["Strike_Y"],"damage_healed":0,"gold_gain":0,"player_choice":"Removed Attack","damage_taken":0,"max_hp_gain":0,"max_hp_loss":0,"event_name":"Falling","floor":48,"gold_loss":0}],"is_beta":false,"boss_relics":[{"not_picked":["Empty Cage","Runic Pyramid"],"picked":"SlaversCollar"},{"not_picked":["Coffee Dripper","Sozu"],"picked":"Black Star"}],"items_purged_floors":[],"is_endless":false,"potions_floor_spawned":[4,5,8,12,18,23,24,27,29,31,35,41,45],"ascension_level":0}}