{"host":"u3jctbsl7uavviuy","time":1611642003,"event":{"mods":["ATMod(阿瑾Mod)","Arknights The Spire","BaseMod","BetterRewards","GungeonMod","HololiveMod","Luminous","Marisa（F雨　魔理沙）","Minty Spire (QoL Compilation)","Relic Stats","Replay The Spire","Shop Mod","Spicy Shops","StSLib","TestMod","The Animator","The Cursed","The Gatherer","The Servant 0.9.4","WarShipGirlsR/战舰少女R mod","篝火指南"],"gold_per_floor":[118,118,132,132,228,267,280,24,24,59,59,42,80,129,129,249,249,264,280,28,28,48,48,69,112,112,135,149,189,189,205,205,331,331,356,371,371,389,452,485,485,485,485,525,540,573,594,619,619,619,619,481,78,113,113],"floor_reached":56,"language":"ZHS","playtime":2488,"items_purged":["Strike_G","Strike_G","Regret","Strike_G","Strike_G"],"score":2387,"play_id":"3f693dad-2c2e-4fee-8706-6d65f9abb8a6","local_time":"20210126152003","is_ascension_mode":true,"campfire_choices":[{"floor":11.0,"key":"REST"},{"data":"AT_ShadowStep","floor":15.0,"key":"SMITH"},{"data":"AT_ShadowStep","floor":15.0,"key":"SMITH"},{"data":"AT_WindRun","floor":23,"key":"SMITH"},{"data":"Bullet Time","floor":23,"key":"SMITH"},{"data":"ats:Part Time Job","floor":30,"key":"SMITH"},{"data":"Solidify","floor":30,"key":"SMITH"},{"data":"Prepared","floor":32,"key":"SMITH"},{"data":"Tactician","floor":32,"key":"SMITH"},{"floor":42,"key":"RECALL"},{"data":"Phantasmal Killer","floor":49,"key":"SMITH"},{"data":"Feel No Pain","floor":49,"key":"SMITH"}],"circlet_count":0,"master_deck":["Strike_G","Defend_G","Defend_G","Defend_G","Defend_G","Defend_G","Survivor","Neutralize","AT_DarkMatter","Dagger Spray","Infinite Blades","Acrobatics","AT_ShadowStep+1","Blade Dance","Cloak And Dagger","AT_ShadowStep+1","Acrobatics","ReplayTheSpireMod:Speed Training","Cloak And Dagger","Tactician+1","Deflect","Infinite Blades","A Thousand Cuts","Bullet Time+1","AT_WindRun+1","After Image","AT_FocusSwordFire+1","Solidify+1","Prepared+1","ats:Part Time Job+1","Phantasmal Killer+1","Feel No Pain+1","Hidden Blade+1","Blur+1","Finisher+1","AT_ShadowStep+1","Offering+1","ats:Disruption Kick+1","ReplayTheSpireMod:Private Reserves","Envenom"],"relics":["Ring of the Snake","testmod-TestBox","AT_ATBox","Paper Crane","Bird Faced Urn","DollysMirror","Golden Idol","Smiling Mask","Torii","Membership Card","Replay:Arrowhead","testmod-DragonStarHat","Bag of Marbles","testmod-HeartOfDaVinci","Bag of Preparation","ats:Tactical Delivery","Iron Hammer","White Beast Statue","AT_RedNoBalance","Broom","ats:Spiritual Recovery","Mark of Pain","Shovel","DemoMod:GlassGuonStoneRelic","testmod-ObsoleteBoomerang","AT_BladeRuinedKing","DemoMod:DecoyRelic","Chemical X","Brimstone","ats:Berate","ReplayTheSpireMod:TigerMarble","Garlic","Guide Book","testmod-InfectionSource"],"acts_visited":["Exordium","TheCity","TheBeyond","TheEnding"],"potions_floor_usage":[19,25],"damage_taken":[{"damage":0.0,"enemies":"Small Slimes","floor":1.0,"turns":3.0},{"damage":0.0,"enemies":"Jaw Worm","floor":3.0,"turns":4.0},{"damage":3.0,"enemies":"3 Sentries","floor":6.0,"turns":5.0},{"damage":1.0,"enemies":"2 Louse","floor":7.0,"turns":2.0},{"damage":6.0,"enemies":"Gremlin Nob","floor":10.0,"turns":4.0},{"damage":0.0,"enemies":"Replay:BlueRogue","floor":13.0,"turns":7.0},{"damage":2.0,"enemies":"Hexaghost","floor":16.0,"turns":8.0},{"damage":12.0,"enemies":"2 Thieves","floor":18.0,"turns":4.0},{"damage":2,"enemies":"Shell Parasite","floor":19,"turns":4},{"damage":0,"enemies":"Shelled Parasite and Fungi","floor":22,"turns":1},{"damage":19,"enemies":"Sentry and Sphere","floor":24,"turns":6},{"damage":1,"enemies":"Replay:Snechameleon","floor":25,"turns":5},{"damage":0,"enemies":"Snake Plant","floor":27,"turns":4},{"damage":0,"enemies":"3 Cultists","floor":28,"turns":4},{"damage":0,"enemies":"Slavers","floor":29,"turns":1},{"damage":0,"enemies":"Snecko","floor":31,"turns":2},{"damage":0,"enemies":"Champ","floor":33,"turns":4},{"damage":0,"enemies":"3 Shapes","floor":35,"turns":3},{"damage":0,"enemies":"3 Darklings","floor":36,"turns":3},{"damage":0,"enemies":"Jaw Worm Horde","floor":38,"turns":2},{"damage":0,"enemies":"Mind Bloom Boss Battle","floor":39,"turns":1},{"damage":16,"enemies":"R_Hoarder","floor":40,"turns":5},{"damage":0,"enemies":"Nemesis","floor":44,"turns":2},{"damage":0,"enemies":"Transient","floor":45,"turns":4},{"damage":0,"enemies":"R_Hoarder","floor":46,"turns":3},{"damage":0,"enemies":"Spire Growth","floor":47,"turns":1},{"damage":0,"enemies":"Writhing Mass","floor":48,"turns":1},{"damage":0,"enemies":"Awakened One","floor":50,"turns":3},{"damage":0,"enemies":"Shield and Spear","floor":54,"turns":2},{"damage":1,"enemies":"The Heart","floor":55,"turns":1}],"seed_played":"-5722251762334306981","potions_obtained":[{"floor":1.0,"key":"SkillPotion"},{"floor":5.0,"key":"Block Potion"},{"floor":5.0,"key":"FairyPotion"},{"floor":7.0,"key":"FearPotion"},{"floor":13.0,"key":"Venom Potion"},{"floor":16.0,"key":"BlessingOfTheForge"},{"floor":18.0,"key":"DuplicationPotion"},{"floor":22,"key":"Toxic Potion"},{"floor":24,"key":"LiquidMemories"},{"floor":25,"key":"EntropicBrew"},{"floor":33,"key":"Venom Potion"}],"is_trial":false,"path_per_floor":["M","?","M","?","?","E","M","$","T","E","R","$","E","T","R","B",null,"M","M","$","T","M","R","M","E","T","M","M","E","R","M","R","B",null,"M","M","?","M","?","E","?","R","T","E","M","E","M","M","R","B",null,"R","$","E","B",null],"character_chosen":"THE_SILENT","items_purchased":["Paper Crane","Dagger Spray","Infinite Blades","Acrobatics","AT_ShadowStep","Blade Dance","Bird Faced Urn","Cloak And Dagger","testmod-SpacePotion","DollysMirror","Strength Potion","FearPotion","Membership Card","Replay:Arrowhead","Infinite Blades","Iron Hammer","After Image","Chemical X","AT_ShadowStep+1","Brimstone","ats:Berate","ReplayTheSpireMod:TigerMarble","Garlic","ReplayTheSpireMod:Private Reserves","Guide Book"],"campfire_rested":1,"item_purchase_floors":[0,0,0,0,0,0,0,0,0,0,0,0,8,8,12,20,20,52,52,52,53,53,53,53,53],"current_hp_per_floor":[21,21,21,21,21,20,19,19,19,15,34,34,38,38,38,42,59,51,55,55,55,61,61,50,61,61,42,40,36,36,42,42,60,64,65,65,65,65,65,53,53,53,53,62,62,62,62,62,62,62,62,62,62,62,62],"gold":113,"neow_bonus":"","is_daily":false,"chose_seed":false,"campfire_upgraded":10,"win_rate":0.0,"timestamp":1611642003,"path_taken":["M","?","M","?","?","E","M","$","T","E","R","$","E","?","R","BOSS","M","M","$","?","M","R","M","E","T","M","M","E","R","M","R","BOSS","M","M","?","M","?","E","?","R","T","E","M","E","M","?","R","BOSS","R","$","E","BOSS"],"items_purchased_type":["Relic","Card","Card","Card","Card","Card","Relic","Card","Potion","Relic","Potion","Potion","Relic","Relic","Card","Relic","Card","Relic","Card","Relic","Relic","Relic","Relic","Card","Relic"],"build_version":"2020-12-22","purchased_purges":5,"victory":true,"max_hp_per_floor":[70,65,65,65,65,65,65,65,65,65,65,65,65,65,65,65,65,65,65,65,65,65,65,65,65,65,65,65,65,65,65,65,65,65,65,65,65,65,65,65,62,62,62,62,62,62,62,62,62,62,62,62,62,62,62],"relic_stats":{"Shovel":0,"Torii":8,"counters":[187,658],"Golden Idol":257,"Bird Faced Urn":[109],"Bag of Preparation":[90],"Chemical X":[2],"Smiling Mask":76,"obtain_stats":[{"TwistedFunnel":49,"vexMod:MemoryStick":12,"AT_ATBox":6,"Spirit Poop":11,"Whetstone":49,"Ginger":45,"Boot":9,"Replay:Ringing Soul":9,"vexMod:CardConverter":45,"vexMod:EndlessSickness":34,"Hololive_Finger":17,"Replay:Wax Seal":0,"testmod-IntensifyImprint":0,"testmod-TestBox":0,"Pear":45,"testmod-TimeTraveler":17,"DemoMod:OrangeGuonStone":27,"Pen Nib":25,"AT_EbonyIvory":38,"Paper Crane":31,"testmod-Fortitude":47,"vexMod:GhostlyGear":32,"DemoMod:MeatBun":53,"Bird Faced Urn":0,"Mark of Pain":34,"Unceasing Top":0,"testmod-HeartOfDaVinci":13,"ats:Spiritual Recovery":29,"vexMod:PlasmaPancake":0,"Lantern":29,"Torii":6,"DemoMod:BigBoy":34,"Blue Doll":31,"Bag of Preparation":10,"Ancient Tea Set":23,"Smiling Mask":5,"Burning Blood":0,"testmod-CasingShield":32,"Replay:Rubber Ducky":19,"Matryoshka":0,"Shovel":39,"WristBlade":34,"ats:Berate":53,"testmod-ObsoleteBoomerang":40,"WingedGreaves":13,"Chemical X":0,"Replay:Bottled Eggs":9,"Ring of the Snake":0,"AT_ChloranthyRing":0,"Lee\u0027s Waffle":0,"Golden Idol":4,"Thread and Needle":47,"PreservedInsect":6,"DemoMod:PinkGuonStone":36,"Frozen Egg 2":0,"testmod-ConstraintPeriapt":6,"MawBank":40,"Replay:Arrowhead":8,"Ornamental Fan":9,"testmod-Hope":43,"Orrery":20,"ats:Tactical Delivery":17,"Garlic":30,"Durian":8,"Bottled Lightning":8,"Toy Ornithopter":27,"DemoMod:BlueGuonStone":43,"Tiny House":34,"Gremlin Horn":11,"Vajra":23,"testmod-IWantAll":0,"DemoMod:GlassGuonStoneRelic":8,"AT_ArchangelStaff":20,"Centennial Puzzle":27,"DemoMod:MonsterBlood":6,"DollysMirror":21,"Honey Jar":17,"Philosopher\u0027s Stone":34,"testmod-DragonStarHat":9,"Iron Hammer":20,"testmod-InfectionSource":54,"Toxic Egg 2":29,"AT_RedNoBalance":31,"Happy Flower":40,"Oddly Smooth Stone":53,"Charon\u0027s Ashes":26,"AT_SilverBalance":43,"vexMod:PaidLearning":12,"Question Card":31,"testmod-RealStoneCalender":47,"Replay:Baseball":32,"vexMod:Cooldron":21,"Shuriken":27,"Brimstone":52,"testmod-Acrobat":8,"Bronze Scales":10,"DemoMod:DecoyRelic":46,"Onion Ring":6,"Molten Egg 2":0,"ReplayTheSpireMod:TigerMarble":53,"Grinning Jar":40,"AT_DeathDance":48,"Meat on the Bone":24,"ReplayFunnel":8,"Darkstone Periapt":34,"AT_SeraphEmbrace":39,"SacredBark":34,"Snake Skull":47,"Juzu Bracelet":0,"Broom":26,"DemoMod:WhiteGuonStone":6,"Empty Cage":31,"testmod-BouquetWithThorns":6,"testmod-Charity":39,"ClockworkSouvenir":39,"Nunchaku":14,"Chameleon Ring":38,"Pantograph":25,"Tiny Chest":3,"DemoMod:JetPack":8,"Gremlin Food":43,"ReplayTheSpireMod:Ninjato":42,"vexMod:ConsolationPrize":26,"Guide Book":53,"Replay:WaspNest":24,"AT_BladeRuinedKing":44,"vexMod:FocusSash":19,"Orichalcum":5,"testmod-IndustrialRevolution":6,"Medical Kit":38,"White Beast Statue":49,"Calling Bell":34,"vexMod:Dragonfruit":45,"Anchor":0,"Hololive_LightStick":0,"vexMod:BarristanHead":6,"testmod-AssaultLearning":47,"Another Sword":0,"Bag of Marbles":12,"testmod-Faith":0,"Membership Card":32},{"TwistedFunnel":79,"vexMod:MemoryStick":6,"AT_ATBox":106,"Spirit Poop":135,"Whetstone":23,"Ginger":100,"Boot":84,"Replay:Ringing Soul":134,"vexMod:CardConverter":76,"vexMod:EndlessSickness":43,"Hololive_Finger":138,"Replay:Wax Seal":56,"testmod-IntensifyImprint":0,"testmod-TestBox":0,"Pear":50,"testmod-TimeTraveler":87,"DemoMod:OrangeGuonStone":117,"Pen Nib":13,"AT_EbonyIvory":150,"Paper Crane":69,"testmod-Fortitude":78,"vexMod:GhostlyGear":147,"DemoMod:MeatBun":54,"Bird Faced Urn":157,"Mark of Pain":174,"Unceasing Top":80,"testmod-HeartOfDaVinci":163,"ats:Spiritual Recovery":172,"vexMod:PlasmaPancake":130,"Lantern":42,"Torii":160,"DemoMod:BigBoy":121,"Blue Doll":16,"Bag of Preparation":84,"Ancient Tea Set":90,"Smiling Mask":159,"Burning Blood":0,"testmod-CasingShield":16,"Replay:Rubber Ducky":10,"Matryoshka":80,"Shovel":178,"WristBlade":95,"ats:Berate":185,"testmod-ObsoleteBoomerang":179,"WingedGreaves":86,"Chemical X":0,"Replay:Bottled Eggs":60,"Ring of the Snake":0,"AT_ChloranthyRing":102,"Lee\u0027s Waffle":102,"Golden Idol":104,"Thread and Needle":101,"PreservedInsect":59,"DemoMod:PinkGuonStone":71,"Frozen Egg 2":0,"testmod-ConstraintPeriapt":28,"MawBank":19,"Replay:Arrowhead":161,"Ornamental Fan":108,"testmod-Hope":20,"Orrery":35,"ats:Tactical Delivery":164,"Garlic":42,"Durian":108,"Bottled Lightning":5,"Toy Ornithopter":40,"DemoMod:BlueGuonStone":98,"Tiny House":17,"Gremlin Horn":109,"Vajra":12,"testmod-IWantAll":0,"DemoMod:GlassGuonStoneRelic":5,"AT_ArchangelStaff":113,"Centennial Puzzle":145,"DemoMod:MonsterBlood":133,"DollysMirror":141,"Honey Jar":33,"Philosopher\u0027s Stone":70,"testmod-DragonStarHat":161,"Iron Hammer":166,"testmod-InfectionSource":186,"Toxic Egg 2":68,"AT_RedNoBalance":173,"Happy Flower":46,"Oddly Smooth Stone":54,"Charon\u0027s Ashes":13,"AT_SilverBalance":127,"vexMod:PaidLearning":109,"Question Card":120,"testmod-RealStoneCalender":22,"Replay:Baseball":16,"vexMod:Cooldron":141,"Shuriken":67,"Brimstone":185,"testmod-Acrobat":29,"Bronze Scales":84,"DemoMod:DecoyRelic":182,"Onion Ring":4,"Molten Egg 2":24,"ReplayTheSpireMod:TigerMarble":185,"Grinning Jar":74,"AT_DeathDance":156,"Meat on the Bone":90,"ReplayFunnel":60,"Darkstone Periapt":121,"AT_SeraphEmbrace":124,"SacredBark":148,"Snake Skull":101,"Juzu Bracelet":102,"Broom":169,"DemoMod:WhiteGuonStone":106,"Empty Cage":42,"testmod-BouquetWithThorns":106,"testmod-Charity":18,"ClockworkSouvenir":18,"Nunchaku":111,"Chameleon Ring":97,"Pantograph":116,"Tiny Chest":82,"DemoMod:JetPack":134,"Gremlin Food":75,"ReplayTheSpireMod:Ninjato":20,"vexMod:ConsolationPrize":67,"Guide Book":185,"Replay:WaspNest":38,"AT_BladeRuinedKing":180,"vexMod:FocusSash":88,"Orichalcum":132,"testmod-IndustrialRevolution":84,"Medical Kit":150,"White Beast Statue":23,"Calling Bell":121,"vexMod:Dragonfruit":155,"Anchor":24,"Hololive_LightStick":80,"vexMod:BarristanHead":28,"testmod-AssaultLearning":52,"Another Sword":0,"Bag of Marbles":32,"testmod-Faith":0,"Membership Card":16},{"TwistedFunnel":323,"vexMod:MemoryStick":25,"AT_ATBox":400,"Spirit Poop":483,"Whetstone":96,"Ginger":386,"Boot":343,"Replay:Ringing Soul":480,"vexMod:CardConverter":316,"vexMod:EndlessSickness":180,"Hololive_Finger":498,"Replay:Wax Seal":232,"testmod-IntensifyImprint":0,"testmod-TestBox":0,"Pear":207,"testmod-TimeTraveler":356,"DemoMod:OrangeGuonStone":433,"Pen Nib":56,"AT_EbonyIvory":536,"Paper Crane":290,"testmod-Fortitude":321,"vexMod:GhostlyGear":526,"DemoMod:MeatBun":222,"Bird Faced Urn":559,"Mark of Pain":627,"Unceasing Top":329,"testmod-HeartOfDaVinci":584,"ats:Spiritual Recovery":621,"vexMod:PlasmaPancake":466,"Lantern":173,"Torii":571,"DemoMod:BigBoy":443,"Blue Doll":65,"Bag of Preparation":343,"Ancient Tea Set":365,"Smiling Mask":566,"Burning Blood":0,"testmod-CasingShield":65,"Replay:Rubber Ducky":40,"Matryoshka":329,"Shovel":636,"WristBlade":376,"ats:Berate":655,"testmod-ObsoleteBoomerang":641,"WingedGreaves":349,"Chemical X":0,"Replay:Bottled Eggs":248,"Ring of the Snake":0,"AT_ChloranthyRing":392,"Lee\u0027s Waffle":392,"Golden Idol":396,"Thread and Needle":388,"PreservedInsect":244,"DemoMod:PinkGuonStone":300,"Frozen Egg 2":0,"testmod-ConstraintPeriapt":107,"MawBank":82,"Replay:Arrowhead":573,"Ornamental Fan":405,"testmod-Hope":86,"Orrery":139,"ats:Tactical Delivery":592,"Garlic":173,"Durian":405,"Bottled Lightning":22,"Toy Ornithopter":164,"DemoMod:BlueGuonStone":382,"Tiny House":71,"Gremlin Horn":408,"Vajra":51,"testmod-IWantAll":0,"DemoMod:GlassGuonStoneRelic":22,"AT_ArchangelStaff":422,"Centennial Puzzle":520,"DemoMod:MonsterBlood":474,"DollysMirror":509,"Honey Jar":132,"Philosopher\u0027s Stone":297,"testmod-DragonStarHat":573,"Iron Hammer":600,"testmod-InfectionSource":657,"Toxic Egg 2":285,"AT_RedNoBalance":621,"Happy Flower":190,"Oddly Smooth Stone":222,"Charon\u0027s Ashes":56,"AT_SilverBalance":460,"vexMod:PaidLearning":408,"Question Card":439,"testmod-RealStoneCalender":91,"Replay:Baseball":65,"vexMod:Cooldron":509,"Shuriken":282,"Brimstone":655,"testmod-Acrobat":113,"Bronze Scales":343,"DemoMod:DecoyRelic":650,"Onion Ring":17,"Molten Egg 2":98,"ReplayTheSpireMod:TigerMarble":655,"Grinning Jar":308,"AT_DeathDance":554,"Meat on the Bone":365,"ReplayFunnel":248,"Darkstone Periapt":443,"AT_SeraphEmbrace":452,"SacredBark":531,"Snake Skull":388,"Juzu Bracelet":392,"Broom":612,"DemoMod:WhiteGuonStone":401,"Empty Cage":173,"testmod-BouquetWithThorns":400,"testmod-Charity":78,"ClockworkSouvenir":78,"Nunchaku":413,"Chameleon Ring":379,"Pantograph":431,"Tiny Chest":334,"DemoMod:JetPack":480,"Gremlin Food":313,"ReplayTheSpireMod:Ninjato":86,"vexMod:ConsolationPrize":282,"Guide Book":655,"Replay:WaspNest":151,"AT_BladeRuinedKing":643,"vexMod:FocusSash":358,"Orichalcum":469,"testmod-IndustrialRevolution":341,"Medical Kit":536,"White Beast Statue":96,"Calling Bell":443,"vexMod:Dragonfruit":552,"Anchor":98,"Hololive_LightStick":329,"vexMod:BarristanHead":109,"testmod-AssaultLearning":214,"Another Sword":0,"Bag of Marbles":125,"testmod-Faith":0,"Membership Card":65}],"Ring of the Snake":[262]},"card_choices":[{"not_picked":["Dagger Throw","Flechettes"],"picked":"Acrobatics","floor":1.0},{"not_picked":["AT_WindFlip","Dodge and Roll"],"picked":"ReplayTheSpireMod:Speed Training","floor":3.0},{"not_picked":["Terror","Noxious Fumes"],"picked":"Cloak And Dagger","floor":5.0},{"not_picked":["Terror","Cloak And Dagger"],"picked":"Tactician","floor":6.0},{"not_picked":["ReplayTheSpireMod:Tripwire","Setup","Flying Knee"],"picked":"SKIP","floor":7.0},{"not_picked":["Draining Mist","AT_ThistleTea"],"picked":"Deflect","floor":10.0},{"not_picked":["Skewer","Bouncing Flask"],"picked":"A Thousand Cuts","floor":13.0},{"not_picked":["Replay:Bag of Tricks","Burst"],"picked":"Bullet Time","floor":16.0},{"not_picked":["ReplayTheSpireMod:Exploit Weakness+1","Dagger Spray"],"picked":"AT_WindRun","floor":18.0},{"not_picked":["Poisoned Stab+1","Fluid Movement","Quick Slash"],"picked":"SKIP","floor":19},{"not_picked":["Bane+1","ReplayTheSpireMod:Shiv Toss","Fluid Movement"],"picked":"SKIP","floor":22},{"not_picked":["Deflect","Dagger Spray+1","Slice"],"picked":"SKIP","floor":24},{"not_picked":["Poisoned Stab+1","PiercingWail"],"picked":"AT_FocusSwordFire+1","floor":25},{"not_picked":["Eviscerate","Deflect"],"picked":"Prepared","floor":27},{"not_picked":["ReplayTheSpireMod:Speed Training","Fluid Movement","Escape Plan"],"picked":"SKIP","floor":28},{"not_picked":["Leg Sweep","Setup","Blade Dance"],"picked":"SKIP","floor":29},{"not_picked":["Dagger Throw","AT_KingSlayer","ReplayTheSpireMod:Tripwire"],"picked":"SKIP","floor":31},{"not_picked":["Bullet Time","AT_MyraUnstableElement"],"picked":"Phantasmal Killer","floor":33},{"not_picked":["Toxin Wave+1","Dagger Throw","Sucker Punch"],"picked":"SKIP","floor":35},{"not_picked":["Poisoned Stab","AT_ThistleTea+1"],"picked":"Hidden Blade+1","floor":36},{"not_picked":["Outmaneuver","Poisoned Stab+1"],"picked":"Blur+1","floor":38},{"not_picked":["Sneak Up+1","Dagger Spray+1","AT_WindFlip"],"picked":"SKIP","floor":40},{"not_picked":["Eviscerate+1","Bouncing Flask","Outmaneuver"],"picked":"SKIP","floor":44},{"not_picked":["Noxious Fumes","Bane"],"picked":"Finisher+1","floor":45},{"not_picked":["Blade Dance","Venomology","Choke+1"],"picked":"SKIP","floor":46},{"not_picked":["Flying Knee+1","Dagger Spray","Cloak And Dagger"],"picked":"SKIP","floor":47},{"not_picked":["Bane+1","Endless Agony","AT_TwilightShroud+1"],"picked":"SKIP","floor":48},{"not_picked":["Backflip+1","Terror"],"picked":"Envenom","floor":54}],"player_experience":446488,"relics_obtained":[{"floor":5.0,"key":"Smiling Mask"},{"floor":6.0,"key":"Torii"},{"floor":9.0,"key":"testmod-DragonStarHat"},{"floor":10.0,"key":"Bag of Marbles"},{"floor":13.0,"key":"testmod-HeartOfDaVinci"},{"floor":14.0,"key":"Bag of Preparation"},{"floor":21,"key":"White Beast Statue"},{"floor":25,"key":"AT_SilverBalance"},{"floor":26,"key":"Broom"},{"floor":29,"key":"ats:Spiritual Recovery"},{"floor":39,"key":"Shovel"},{"floor":40,"key":"testmod-ObsoleteBoomerang"},{"floor":44,"key":"AT_BladeRuinedKing"},{"floor":46,"key":"DemoMod:DecoyRelic"},{"floor":54,"key":"testmod-InfectionSource"}],"event_choices":[{"damage_healed":0.0,"max_hp_gain":0.0,"max_hp_loss":5.0,"gold_gain":0.0,"event_name":"Golden Idol","player_choice":"Lose Max HP","floor":2.0,"gold_loss":0.0,"damage_taken":0.0,"relics_obtained":["Golden Idol"]},{"damage_healed":0.0,"max_hp_gain":0.0,"max_hp_loss":0.0,"gold_gain":0.0,"event_name":"Shining Light","player_choice":"Ignored","floor":4.0,"gold_loss":0.0,"damage_taken":0.0},{"damage_healed":0,"gold_gain":0,"player_choice":"Fight","damage_taken":0,"max_hp_gain":0,"max_hp_loss":0,"event_name":"MindBloom","floor":39,"gold_loss":0},{"damage_healed":0,"gold_gain":0,"player_choice":"Max HP","damage_taken":0,"max_hp_gain":0,"max_hp_loss":3,"event_name":"Winding Halls","floor":41,"gold_loss":0}],"is_beta":false,"boss_relics":[{"not_picked":["StoneMask","ats:Omniscience"],"picked":"ats:Tactical Delivery"},{"not_picked":["testmod-KeyOfTheVoid","Painkiller Herb"],"picked":"Mark of Pain"}],"items_purged_floors":[0,0,8,20,53],"is_endless":false,"potions_floor_spawned":[1,7,13,16,18,22,24,25,27,28,29,31,33,35,36,38,39,40,44,45,46,47,48,54],"ascension_level":7}}