{"host":"ss2ocoam53r2lno0","time":1611650399,"event":{"mods":["Act Like it!","BaseMod","ChefMod","Clockwork Mod","Colored Powertips","Curses Come First","Displayed Cursed Tome","Downfall","Evolution","Googly Eyes","Hallownest","Highlight Path","Minty Spire (QoL Compilation)","Poor People Problems","Rare Cards Sparkle","Robot Space Explorer","Shade Mod","Shop Mod","Spicy Shops","StSLib","The Marked"],"gold_per_floor":[110,90,107,32,44,44,4,20,20,20,31,31,31],"floor_reached":12,"language":"ENG","playtime":937,"items_purged":["Clockwork:Shield"],"score":137,"play_id":"77fded0a-fbf6-46e4-8b42-7fee2cb53cd1","local_time":"20210126093959","is_ascension_mode":true,"campfire_choices":[{"data":"Clockwork:Tinker","floor":6,"key":"SMITH"},{"floor":10,"key":"REST"}],"circlet_count":0,"master_deck":["AscendersBane","Clockwork:Strike","Clockwork:Strike","Clockwork:Shield","Clockwork:Shield","Clockwork:Tinker+1","Clockwork:WarmUp","Clockwork:Clone","Clockwork:ChargingBlade"],"relics":["Clockwork:MomentumEngine","EVO:Axolotl","NeowsBlessing","Blue Candle"],"acts_visited":["Exordium"],"potions_floor_usage":[],"damage_taken":[{"damage":1,"enemies":"Small Slimes","floor":1,"turns":8},{"damage":0,"enemies":"Cultist","floor":3,"turns":2},{"damage":0,"enemies":"2 Louse","floor":5,"turns":2},{"damage":11,"enemies":"Looter","floor":7,"turns":4},{"damage":46,"enemies":"Large Slime","floor":8,"turns":21},{"damage":0,"enemies":"Blue Slaver","floor":11,"turns":12},{"damage":36,"enemies":"3 Sentries","floor":12,"turns":8}],"seed_played":"-4076376450865735116","potions_obtained":[{"floor":1,"key":"sneckomod:MuddlingPotion"},{"floor":2,"key":"Ancient Potion"},{"floor":3,"key":"EssenceOfSteel"}],"is_trial":false,"path_per_floor":["M","?","M","$","M","R","M","M","T","R","M","E"],"character_chosen":"CLOCKWORK","items_purchased":[],"campfire_rested":1,"item_purchase_floors":[],"current_hp_per_floor":[70,70,70,70,70,70,59,13,13,36,36,0,0],"gold":31,"neow_bonus":"THREE_ENEMY_KILL","is_daily":false,"chose_seed":false,"campfire_upgraded":1,"win_rate":0.0,"timestamp":1611650399,"path_taken":["M","?","M","$","M","R","M","M","T","R","M","E"],"items_purchased_type":[],"build_version":"2020-12-22","purchased_purges":1,"victory":false,"max_hp_per_floor":[79,79,79,79,79,79,79,79,79,79,79,79,79],"card_choices":[{"not_picked":["Clockwork:CraftVarja","Clockwork:HeadStart","Clockwork:PerfectedShield"],"picked":"SKIP","floor":1},{"not_picked":["Clockwork:CogBarrier","Clockwork:Minimalism"],"picked":"Clockwork:Clone","floor":3},{"not_picked":["Clockwork:LiteraryArmor","Clockwork:LogisticRegression","Clockwork:Redundancy"],"picked":"SKIP","floor":5},{"not_picked":["Clockwork:Redundancy","Clockwork:Pluck","Clockwork:Improve"],"picked":"SKIP","floor":7},{"not_picked":["Clockwork:ReserveSystems","Clockwork:TestingEnvironment"],"picked":"Clockwork:Downsize","floor":8},{"not_picked":["Clockwork:TestingEnvironment","Clockwork:ChargingShield"],"picked":"Clockwork:ChargingBlade","floor":11}],"player_experience":856970,"relics_obtained":[{"floor":9,"key":"Blue Candle"}],"event_choices":[{"damage_healed":0,"gold_gain":0,"player_choice":"Bought 1 Potion","damage_taken":0,"max_hp_gain":0,"max_hp_loss":0,"event_name":"The Woman in Blue","floor":2,"gold_loss":0}],"is_beta":false,"boss_relics":[],"items_purged_floors":[4],"is_endless":false,"potions_floor_spawned":[1,3],"killed_by":"3 Sentries","ascension_level":19}}