{"host":"49abft5853189zwb","time":1611660026,"event":{"mods":["Aspiration","BaseMod","Downfall","Duelist Mod","Hermit","Hubris","Infinite Spire","Koishi","Lobotomy","Marisa????????","Minty Spire (QoL Compilation)","Quick Restart","Reimu??????","Remilia??????","StSLib","The Administrix","The Bug Knight","The Construct","The Cursed","The Disciple","The Necromancer","The Runesmith","The Senshi","The Servant 0.9.4","Yuyuko","[IsaacMod]????"],"gold_per_floor":[99,115,135,152,152,40,40,59,79,79,96,96,115,140,150,247,247,247,265,70,84,84,84,84,96,113,140,150,150,170,196,208,310,310,310,324,335,383,383,401,401,401,418,433,450,450,472,509,545,563,563,563],"floor_reached":50,"language":"ENG","playtime":4804,"items_purged":["Guardian:Strike_Guardian"],"score":581,"play_id":"d802b016-46a2-481d-84ac-9c5d7149e8be","local_time":"20210126145026","is_ascension_mode":false,"campfire_choices":[{"data":"hubris:Ssssneak","floor":1.0,"key":"SMITH"},{"data":"expansioncontent:PolyBeam","floor":10.0,"key":"SMITH"},{"floor":18.0,"key":"RECALL"},{"data":"Mayhem","floor":23.0,"key":"SMITH"},{"data":"Guardian:FastForward","floor":35.0,"key":"SMITH"}],"circlet_count":0,"master_deck":["Guardian:Strike_Guardian","Guardian:Strike_Guardian","Guardian:Strike_Guardian","Guardian:Defend_Guardian","Guardian:Defend_Guardian","Guardian:Defend_Guardian","Guardian:CurlUp","Guardian:TwinSlam","hubris:Ssssneak+1","Guardian:Recover","Guardian:PolyBeam","Guardian:StasisField","Guardian:EvasiveProtocol","expansioncontent:PolyBeam+1","Guardian:PrismaticBeam","Guardian:RevengeProtocol","Guardian:BaubleBeam","Guardian:StasisField","SashWhip+1","PathToVictory+1","Mayhem+1","Guardian:TemporalShield+1","Guardian:VentSteam","Evaluate+1","Guardian:BodySlam+1","Crescendo","Guardian:Planning","Guardian:FastForward+1","Guardian:SpikerProtocol+1","ClearTheMind+1","Guardian:Recover+1","Parasite","Devotion","WreathOfFlame+1","Guardian:BodySlam","Guardian:PrimingBeam+1","infinitespire:TheBestDefense","BowlingBash","Guardian:Gem_Cyan","Guardian:RollAttack"],"relics":["Guardian:ModeShifter","HushsDoor","PokeGo","Toy Ornithopter","StoneCalendar","Leech","aspiration:WatcherSkillbook","DeathBook","aspiration:FrozenJewel","MealTicket","Black Star","CatCart","infinitespire:Midas Blood","Runesmith:AutoHammer","MawBank","Lantern"],"acts_visited":["Exordium","TheCity","TheBeyond"],"potions_floor_usage":[48,50],"damage_taken":[{"damage":0.0,"enemies":"Cultist","floor":2.0,"turns":1.0},{"damage":23.0,"enemies":"Jaw Worm","floor":3.0,"turns":7.0},{"damage":8.0,"enemies":"2 Louse","floor":4.0,"turns":7.0},{"damage":0.0,"enemies":"downfall:FleeingMerchant","floor":6.0,"turns":4.0},{"damage":5.0,"enemies":"Exordium Thugs","floor":8.0,"turns":5.0},{"damage":3.0,"enemies":"2 Fungi Beasts","floor":9.0,"turns":8.0},{"damage":21.0,"enemies":"3 Louse","floor":11.0,"turns":12.0},{"damage":3.0,"enemies":"Red Slaver","floor":13.0,"turns":5.0},{"damage":18.0,"enemies":"HollowMod:MossKnight","floor":14.0,"turns":7.0},{"damage":17.0,"enemies":"Gremlin Gang","floor":15.0,"turns":4.0},{"damage":9.0,"enemies":"SI_SHIV_ARCHETYPE","floor":16.0,"turns":7.0},{"damage":0.0,"enemies":"Spheric Guardian","floor":19.0,"turns":6.0},{"damage":3.0,"enemies":"downfall:FleeingMerchant","floor":20.0,"turns":4.0},{"damage":0.0,"enemies":"Snecko","floor":21.0,"turns":4.0},{"damage":12.0,"enemies":"Cultist and Chosen","floor":25.0,"turns":7.0},{"damage":6.0,"enemies":"Centurion and Healer","floor":26.0,"turns":6.0},{"damage":4.0,"enemies":"Shelled Parasite and Fungi","floor":28.0,"turns":7.0},{"damage":30.0,"enemies":"Snake Plant","floor":30.0,"turns":7.0},{"damage":0.0,"enemies":"Nightmare","floor":31.0,"turns":7.0},{"damage":7.0,"enemies":"Centurion and Healer","floor":32.0,"turns":6.0},{"damage":39.0,"enemies":"IC_MUSHROOM_ARCHETYPE","floor":33.0,"turns":6.0},{"damage":25.0,"enemies":"3 Shapes","floor":36.0,"turns":5.0},{"damage":0.0,"enemies":"3 Darklings","floor":37.0,"turns":7.0},{"damage":32.0,"enemies":"Orin","floor":38.0,"turns":9.0},{"damage":9.0,"enemies":"Writhing Mass","floor":40.0,"turns":7.0},{"damage":19.0,"enemies":"Transient","floor":43.0,"turns":5.0},{"damage":14.0,"enemies":"3 Darklings","floor":44.0,"turns":3.0},{"damage":16.0,"enemies":"Sphere and 2 Shapes","floor":45.0,"turns":7.0},{"damage":15.0,"enemies":"Transient","floor":47.0,"turns":5.0},{"damage":33,"enemies":"Giant Head","floor":48,"turns":8},{"damage":4,"enemies":"3 Darklings","floor":49,"turns":5},{"damage":77,"enemies":"WA_ARCHETYPE_DIVINITY","floor":50,"turns":7}],"seed_played":"6965480884233267344","potions_obtained":[{"floor":2.0,"key":"champ:CounterPotion"},{"floor":8.0,"key":"Guardian:AcceleratePotion"},{"floor":9.0,"key":"SkillPotion"},{"floor":14.0,"key":"Swift Potion"},{"floor":15.0,"key":"AttackPotion"},{"floor":21.0,"key":"Regen Potion"},{"floor":25.0,"key":"PowerPotion"},{"floor":26.0,"key":"EssenceOfSteel"},{"floor":31.0,"key":"construct:ShiftPotion"},{"floor":32.0,"key":"CultistPotion"},{"floor":38.0,"key":"Guardian:AcceleratePotion"},{"floor":45.0,"key":"hexamod:SoulburnPotion"},{"floor":47,"key":"PowerPotion"}],"is_trial":false,"path_per_floor":["R","M","M","M","?","$","T","M","M","R","M","T","M","E","M","B",null,"R","M","$","M","?","R","T","M","M","T","M","?","M","NM","M","B",null,"R","M","M","?","?","M","T","?","M","M","M","AVR","M","E","M","B"],"character_chosen":"GUARDIAN","items_purchased":["expansioncontent:PolyBeam","Guardian:StasisField","Guardian:Gem_White","DeathBook","Mayhem"],"campfire_rested":0,"item_purchase_floors":[6,17,17,17,20],"current_hp_per_floor":[80,80,57,49,49,49,49,49,51,51,30,30,27,14,6,8,59,59,59,58,59,59,59,59,52,51,51,57,57,33,39,57,29,59,59,37,43,13,13,15,15,15,22,10,8,8,3,4,4,0,0,0],"gold":563,"neow_bonus":"RANDOM_COLORLESS","is_daily":false,"chose_seed":false,"campfire_upgraded":4,"win_rate":0.0,"timestamp":1611660026,"path_taken":["R","M","?","M","?","?","T","M","?","R","M","?","M","E","M","BOSS","R","M","$","M","?","R","T","M","?","?","?","?","M","NM","M","BOSS","R","M","M","?","?","M","T","?","M","M","M","AVR","M","E","M","BOSS"],"items_purchased_type":["Card","Card","Card","Relic","Card"],"build_version":"2020-12-13","purchased_purges":1,"victory":false,"max_hp_per_floor":[80,80,80,80,80,80,80,80,80,80,80,80,80,80,80,80,59,59,59,59,59,59,59,59,59,59,59,59,59,59,59,59,59,59,59,59,59,59,59,59,59,59,59,59,59,59,59,59,59,59,59,59],"card_choices":[{"not_picked":[],"picked":"Bomb","floor":0.0},{"not_picked":["Forethought","Purity"],"picked":"hubris:Ssssneak","floor":0.0},{"not_picked":["Guardian:ChargeCore","Guardian:Reroute"],"picked":"Guardian:Recover","floor":2.0},{"not_picked":["Guardian:ChargeCore","Guardian:Gem_Fragmented"],"picked":"Guardian:PolyBeam","floor":3.0},{"not_picked":["Guardian:ShieldCharger","Guardian:CrystalBeam","Guardian:GuardianWhirl"],"picked":"SKIP","floor":4.0},{"not_picked":["Guardian:TimeSifter","Guardian:Gem_Synthetic"],"picked":"Guardian:EvasiveProtocol","floor":6.0},{"not_picked":["Guardian:Gem_Blue","Guardian:Gem_White"],"picked":"Guardian:PrismaticBeam","floor":8.0},{"not_picked":["Guardian:TimeBomb","Guardian:Planning"],"picked":"Guardian:Gem_Red","floor":9.0},{"not_picked":["Guardian:TimeCapacitor","Guardian:MultiBeam"],"picked":"Guardian:Gem_Green","floor":11.0},{"not_picked":["Guardian:EvasiveProtocol","Guardian:Preprogram"],"picked":"Bomb","floor":13.0},{"not_picked":["Guardian:DonusPower","Guardian:TimeCapacitor"],"picked":"Guardian:RevengeProtocol","floor":14.0},{"not_picked":["Guardian:Gem_Cyan","Guardian:FloatingOrbs"],"picked":"Bomb","floor":15.0},{"not_picked":["Guardian:AncientConstruct","Guardian:TimeSifter"],"picked":"Guardian:BaubleBeam","floor":16.0},{"not_picked":["Guardian:PrimingBeam+1","Guardian:Gem_Lightblue","LikeWater+1"],"picked":"SashWhip+1","floor":19.0},{"not_picked":["Guardian:Gem_Green","EmptyMind+1","ThirdEye"],"picked":"PathToVictory+1","floor":20.0},{"not_picked":["Guardian:ChargeCore","SashWhip+1","Consecrate"],"picked":"Guardian:TemporalShield+1","floor":21.0},{"not_picked":["Guardian:Planning","Protect+1","Guardian:Gem_Cyan"],"picked":"Guardian:VentSteam","floor":25.0},{"not_picked":["DeceiveReality","Guardian:AncientConstruct","Guardian:Gem_Fragmented"],"picked":"Evaluate+1","floor":26.0},{"not_picked":["Tantrum+1","Guardian:ShieldCharger","Guardian:RollAttack+1"],"picked":"Guardian:BodySlam+1","floor":28.0},{"not_picked":["EmptyBody","SashWhip","ConjureBlade"],"picked":"Crescendo","floor":30.0},{"not_picked":["CarveReality","Guardian:ChargeCore","Guardian:Repulse"],"picked":"Guardian:Planning","floor":31.0},{"not_picked":["Guardian:RefractedBeam","SandsOfTime","EmptyFist+1","Guardian:Reroute"],"picked":"SKIP","floor":32.0},{"not_picked":["DeusExMachina","Guardian:RevengeProtocol","Guardian:StasisField"],"picked":"Guardian:FastForward","floor":33.0},{"not_picked":["Adaptation+1","SashWhip","Guardian:PrimingBeam"],"picked":"Guardian:SpikerProtocol+1","floor":36.0},{"not_picked":["Fasting2","Perseverance+1","Guardian:MultiBeam+1"],"picked":"ClearTheMind+1","floor":37.0},{"not_picked":["Guardian:Gem_Lightblue","FlurryOfBlows","Evaluate+1"],"picked":"Guardian:Recover+1","floor":38.0},{"not_picked":["WheelKick","InnerPeace","Guardian:SentryBeam"],"picked":"Devotion","floor":40.0},{"not_picked":["Guardian:Incinerate","PathToVictory","Guardian:PiercingHide"],"picked":"WreathOfFlame+1","floor":43.0},{"not_picked":["Guardian:Incinerate","BowlingBash","Guardian:ArmoredProtocol"],"picked":"Guardian:BodySlam","floor":44.0},{"not_picked":["Guardian:VentSteam","Guardian:Planning","Guardian:Suspension+1"],"picked":"Guardian:PrimingBeam+1","floor":45.0},{"not_picked":["Protect","DeceiveReality+1","Guardian:RollAttack"],"picked":"BowlingBash","floor":47},{"not_picked":["Meditate+1","Guardian:Preprogram","Guardian:PrimingBeam"],"picked":"Guardian:Gem_Cyan","floor":48},{"not_picked":["FearNoEvil","Evaluate+1","ThirdEye"],"picked":"Guardian:RollAttack","floor":49}],"player_experience":78785,"relics_obtained":[{"floor":7.0,"key":"Toy Ornithopter"},{"floor":12.0,"key":"StoneCalendar"},{"floor":14.0,"key":"Leech"},{"floor":24.0,"key":"aspiration:FrozenJewel"},{"floor":31.0,"key":"MealTicket"},{"floor":38.0,"key":"CatCart"},{"floor":41.0,"key":"infinitespire:Midas Blood"},{"floor":48,"key":"MawBank"},{"floor":48,"key":"Lantern"}],"event_choices":[{"damage_healed":0.0,"max_hp_gain":0.0,"max_hp_loss":0.0,"gold_gain":0.0,"event_name":"OrinTheCat","player_choice":"Fight","floor":38.0,"gold_loss":0.0,"damage_taken":0.0}],"is_beta":false,"boss_relics":[{"not_picked":["hubris:RunicObelisk","aspiration:MarisaSkillbook"],"picked":"aspiration:WatcherSkillbook"},{"not_picked":[]},{"not_picked":["Velvet Choker","Guardian:ModeShifterPlus"],"picked":"Black Star"},{"not_picked":[]}],"items_purged_floors":[17],"is_endless":true,"potions_floor_spawned":[2,8,9,14,15,21,25,26,31,32,38,45,47],"killed_by":"WA_ARCHETYPE_DIVINITY","ascension_level":0}}