{"host":"og6lam4kt3nibbw0","time":1611681846,"event":{"mods":["AchievementEnabler","BaseMod","Colored Map","DeckTracker","Highlight Path","Keyboard Shortcuts","Minty Spire (QoL Compilation)","Permanent Neow","Quick Restart","StSLib","SuperFastMode"],"gold_per_floor":[10,21,21,46,60,60,99,99,126,157,82,82,98,137,137,232,232,252,272,272,197,44,82,82,95,143,143,143],"floor_reached":27,"language":"KOR","playtime":1397,"items_purged":["Defend_G","Strike_G"],"score":506,"play_id":"811531be-68cb-4350-bbd9-3bbdcf814061","local_time":"20210127022406","is_ascension_mode":true,"campfire_choices":[{"data":"Skewer","floor":6.0,"key":"SMITH"},{"floor":8.0,"key":"REST"},{"floor":15.0,"key":"REST"}],"circlet_count":0,"master_deck":["AscendersBane","Strike_G","Strike_G+1","Defend_G","Defend_G","Defend_G","Survivor","Neutralize","Phantasmal Killer","Backstab+1","Skewer+1","Calculated Gamble","Footwork","Acrobatics","Prepared","Escape Plan","Noxious Fumes","Grand Finale","PiercingWail","Dagger Throw","Adrenaline"],"relics":["Ring of the Snake","Golden Idol","Regal Pillow","Boot","Whetstone","Ice Cream","Empty Cage","Snake Skull","Bag of Preparation"],"acts_visited":["Exordium","TheCity"],"potions_floor_usage":[25,25,27],"damage_taken":[{"damage":1.0,"enemies":"2 Louse","floor":1.0,"turns":2.0},{"damage":4.0,"enemies":"Small Slimes","floor":2.0,"turns":4.0},{"damage":0.0,"enemies":"Cultist","floor":4.0,"turns":3.0},{"damage":0.0,"enemies":"2 Fungi Beasts","floor":5.0,"turns":4.0},{"damage":26.0,"enemies":"3 Sentries","floor":7.0,"turns":9.0},{"damage":30.0,"enemies":"Lagavulin","floor":10.0,"turns":4.0},{"damage":5.0,"enemies":"Exordium Wildlife","floor":13.0,"turns":3.0},{"damage":7.0,"enemies":"Gremlin Nob","floor":14.0,"turns":3.0},{"damage":8.0,"enemies":"Slime Boss","floor":16.0,"turns":7.0},{"damage":1.0,"enemies":"Spheric Guardian","floor":18.0,"turns":3.0},{"damage":31.0,"enemies":"2 Thieves","floor":19.0,"turns":3.0},{"damage":0.0,"enemies":"Cultist and Chosen","floor":20.0,"turns":1.0},{"damage":6.0,"enemies":"Slavers","floor":23.0,"turns":3.0},{"damage":14,"enemies":"Chosen and Byrds","floor":25,"turns":7},{"damage":6,"enemies":"3 Cultists","floor":27,"turns":2}],"seed_played":"-5279088095018184488","potions_obtained":[{"floor":1.0,"key":"LiquidBronze"},{"floor":5.0,"key":"FearPotion"},{"floor":12.0,"key":"Fire Potion"},{"floor":12.0,"key":"AttackPotion"},{"floor":16.0,"key":"Ancient Potion"},{"floor":19.0,"key":"SmokeBomb"},{"floor":23.0,"key":"SpeedPotion"},{"floor":25,"key":"Swift Potion"}],"is_trial":false,"path_per_floor":["M","M","?","M","M","R","E","R","T","E","$","?","M","E","R","B",null,"M","M","M","?","$","E","?","M","T","M"],"character_chosen":"THE_SILENT","items_purchased":["Dagger Throw"],"campfire_rested":2,"item_purchase_floors":[22],"current_hp_per_floor":[58,54,54,54,54,54,28,60,60,30,30,30,25,18,51,43,56,55,24,24,24,24,18,18,4,4,0,0],"gold":143,"neow_bonus":"THREE_RARE_CARDS","is_daily":false,"chose_seed":false,"campfire_upgraded":1,"win_rate":0.0,"timestamp":1611681846,"path_taken":["M","M","?","M","M","R","E","R","T","E","$","?","M","E","R","BOSS","M","M","?","?","?","E","?","M","T","?"],"items_purchased_type":["Card"],"build_version":"2020-12-22","purchased_purges":2,"victory":false,"max_hp_per_floor":[66,66,60,60,60,60,60,60,60,60,60,60,60,60,60,60,60,60,60,60,60,60,60,60,60,60,60,60],"card_choices":[{"not_picked":["A Thousand Cuts","Burst"],"picked":"Phantasmal Killer","floor":0.0},{"not_picked":["Calculated Gamble","Deflect"],"picked":"Backstab","floor":1.0},{"not_picked":["Caltrops","Tactician"],"picked":"Skewer","floor":2.0},{"not_picked":["Flying Knee","PiercingWail"],"picked":"Calculated Gamble","floor":4.0},{"not_picked":["Catalyst","Outmaneuver"],"picked":"Footwork","floor":5.0},{"not_picked":["Setup","Caltrops"],"picked":"Acrobatics","floor":7.0},{"not_picked":["Deflect","Dagger Spray"],"picked":"Prepared","floor":10.0},{"not_picked":["Endless Agony","PiercingWail"],"picked":"Escape Plan","floor":13.0},{"not_picked":["Flechettes","Catalyst"],"picked":"Noxious Fumes","floor":14.0},{"not_picked":["Venomology","Wraith Form v2"],"picked":"Grand Finale","floor":16.0},{"not_picked":["Dagger Spray","Bane+1","Underhanded Strike"],"picked":"SKIP","floor":18.0},{"not_picked":["Dagger Spray","Deadly Poison"],"picked":"PiercingWail","floor":19.0},{"not_picked":["Accuracy","Heel Hook","Bane"],"picked":"SKIP","floor":23.0},{"not_picked":["Setup","Outmaneuver+1"],"picked":"Adrenaline","floor":25}],"player_experience":959152,"relics_obtained":[{"floor":7.0,"key":"Regal Pillow"},{"floor":9.0,"key":"Boot"},{"floor":10.0,"key":"Whetstone"},{"floor":14.0,"key":"Ice Cream"},{"floor":23.0,"key":"Snake Skull"},{"floor":26,"key":"Bag of Preparation"}],"event_choices":[{"damage_healed":0.0,"max_hp_gain":0.0,"max_hp_loss":6.0,"gold_gain":0.0,"event_name":"Golden Idol","player_choice":"Lose Max HP","floor":3.0,"gold_loss":0.0,"damage_taken":0.0,"relics_obtained":["Golden Idol"]},{"damage_healed":0.0,"max_hp_gain":0.0,"max_hp_loss":0.0,"gold_gain":0.0,"event_name":"Lab","player_choice":"Got Potions","floor":12.0,"gold_loss":0.0,"damage_taken":0.0},{"cards_removed":["Strike_G"],"damage_healed":0.0,"max_hp_gain":0.0,"max_hp_loss":0.0,"gold_gain":0.0,"event_name":"Beggar","player_choice":"Gave Gold","floor":21.0,"gold_loss":75.0,"damage_taken":0.0},{"damage_healed":0.0,"max_hp_gain":0.0,"max_hp_loss":0.0,"gold_gain":0.0,"event_name":"Vampires","player_choice":"Ignored","floor":24.0,"gold_loss":0.0,"damage_taken":0.0}],"is_beta":false,"boss_relics":[{"not_picked":["WristBlade","HoveringKite"],"picked":"Empty Cage"}],"items_purged_floors":[11,22],"is_endless":false,"potions_floor_spawned":[1,5,7,16,19,23,25],"killed_by":"3 Cultists","ascension_level":20}}