{"host":"ojezjkpqju62j8xy","time":1611662847,"event":{"mods":["ATMod(°¢èªMod)","Act Like it!","Aspiration","BaseMod","Conspire","Minty Spire (QoL Compilation)","Pale of the Ancients","Replay The Spire","Spicy Shops","StSLib","[GremlinLeader]The Maniac","¡¾ÒÅÎï¿¨ÅÆ¡¿REMEMod"],"gold_per_floor":[119,137,137,287,302,335,353,353,353],"floor_reached":8,"language":"ZHS","playtime":210,"items_purged":[],"score":110,"play_id":"f0b7b4b6-965c-48d0-ae42-56d18631e181","local_time":"20210126200727","is_ascension_mode":true,"campfire_choices":[],"circlet_count":0,"master_deck":["AscendersBane","Strike_G","Strike_G","Strike_G","Strike_G","Strike_G","Defend_G","Defend_G","Defend_G","Defend_G","Defend_G+1","Survivor","Neutralize","AT_FamilyPortrait","ReachHeaven+1","Poisoned Stab","Underhanded Strike","Doubt","ReplayTheSpireMod:Necrosis","Deadly Poison","Choke"],"relics":["Ring of the Snake","AT_ATBox","REME_ComplimentaryCards","aspiration:Nostalgia","maniac:BrokenHorn","aspiration:StickyExplosives_weak"],"acts_visited":["Exordium"],"potions_floor_usage":[6,6],"damage_taken":[{"damage":0,"enemies":"Small Slimes","floor":1,"turns":2},{"damage":0,"enemies":"Jaw Worm","floor":2,"turns":1},{"damage":0,"enemies":"Cultist","floor":5,"turns":2},{"damage":24,"enemies":"Gremlin Nob","floor":6,"turns":4},{"damage":7,"enemies":"2 Fungi Beasts","floor":7,"turns":3},{"damage":12,"enemies":"Lagavulin","floor":8,"turns":4}],"seed_played":"222286064563217825","potions_obtained":[{"floor":1,"key":"Milkshake"},{"floor":2,"key":"DuplicationPotion"},{"floor":5,"key":"Weak Potion"}],"is_trial":false,"path_per_floor":["M","M","?","?","M","E","M","E"],"character_chosen":"THE_SILENT","items_purchased":[],"campfire_rested":0,"item_purchase_floors":[],"current_hp_per_floor":[59,59,39,39,39,15,8,0,0],"gold":353,"neow_bonus":"NOSTALGIA","is_daily":false,"chose_seed":false,"campfire_upgraded":0,"win_rate":0.0,"timestamp":1611662847,"path_taken":["M","M","?","?","?","E","M","E"],"items_purchased_type":[],"build_version":"2020-12-22","purchased_purges":0,"victory":false,"max_hp_per_floor":[66,66,66,66,66,66,66,66,66],"card_choices":[{"not_picked":["Deadly Poison","Deflect"],"picked":"Poisoned Stab","floor":1},{"not_picked":["Sucker Punch","Flying Knee"],"picked":"Underhanded Strike","floor":2},{"not_picked":["Dodge and Roll","Bane"],"picked":"ReplayTheSpireMod:Necrosis","floor":5},{"not_picked":["Eviscerate","Underhanded Strike"],"picked":"Deadly Poison","floor":6},{"not_picked":["Dagger Spray","Deflect"],"picked":"Choke","floor":7}],"player_experience":1385980,"relics_obtained":[{"floor":6,"key":"aspiration:StickyExplosives_weak"}],"event_choices":[{"damage_healed":0,"gold_gain":0,"player_choice":"Entered Light","damage_taken":20,"max_hp_gain":0,"max_hp_loss":0,"event_name":"Shining Light","floor":3,"gold_loss":0,"cards_upgraded":["Defend_G","ReachHeaven"]},{"damage_healed":0,"gold_gain":150,"player_choice":"AGREE","damage_taken":0,"max_hp_gain":0,"max_hp_loss":0,"event_name":"Liars Game","floor":4,"gold_loss":0,"cards_obtained":["Doubt"]}],"is_beta":false,"boss_relics":[],"items_purged_floors":[],"is_endless":false,"potions_floor_spawned":[1,2,5],"killed_by":"Lagavulin","ascension_level":18}}