{"host":"ql2ou8pbwhrolc4x","time":1611640510,"event":{"mods":["100% Spire Juice","2.2 Compatiblity","Act Like it!","Arknights The Spire","BaseMod","Colored Map","Colored Powertips","Gensokyo","Hallownest","Hubris","Infinite Spire","Lobotomy","LobotomyExtend","Marisa£¨Ùöéë¡¡Øª×âÞÞ£©","Minty Spire (QoL Compilation)","Random Character Button","Replay The Spire","Spicy Shops","StSLib","The Jungle","WarShipGirlsR/??á´Ò³R mod","Yakumo Yukari mod","¡¼?Úª?ø«¡½REMEMod"],"gold_per_floor":[17,17,72,90,104,104,121,155,226,226,244,244,1,1,1,99,99,117,73,83,83,83,83,109,109,109,134,61,81,92,110,110,206,206,223,258,24,24,24,24,59,59,132,146,146,166,166,193,193,193,193],"floor_reached":50,"language":"KOR","playtime":2720,"items_purged":["ats:Strike S"],"score":607,"play_id":"a852e3d1-c17d-4caa-9fcb-a3e3d1e5df00","local_time":"20210126145510","is_ascension_mode":true,"campfire_choices":[{"data":"ats:Beaten Up","floor":6,"key":"SMITH"},{"data":"ats:Magnetic Hammer","floor":15,"key":"SMITH"},{"data":"ats:Dogmatic Field","floor":23,"key":"SMITH"},{"data":"ats:Blood Oath","floor":25,"key":"SMITH"},{"data":"ats:Composite Medical Shells","floor":32,"key":"SMITH"},{"floor":40,"key":"RECALL"},{"data":"ats:Guard Mode","floor":42,"key":"SMITH"},{"data":"ats:Shell Defense","floor":47,"key":"SMITH"},{"data":"ats:Sashimi Platter","floor":49,"key":"SMITH"}],"circlet_count":0,"master_deck":["ats:Armor Crushing Shot+1","ats:Defend","ats:Defend","ats:Defend","ats:Defend","ats:Collapsing Strike","ats:Leaping Hammer","ats:Beaten Up+1","ats:Sunburst+1","ats:Blood Oath+1","ats:Shell Defense+1","ats:Magnetic Hammer+1","ats:Guard Mode+1","ats:Absolute Focus+1","ats:Soul Rend","ats:Dogmatic Field+1","ats:Composite Medical Shells+1","Looming Evil","ats:Assault Order","ats:Revitalization+1","ats:Revitalization+1","ats:Disruption Kick","ats:Guard Mode+1","ats:Composite Medical Shells+1","ats:Apocalypse+1","ats:Sashimi Platter+1"],"relics":["ats:Sanity","REME_ComplimentaryCards","LetterFromLob","Ancient Tea Set","ats:Originium","Replay:Rubber Ducky","Snack Pack","Gensokyo:OccultBall","BargainBundle","Vajra","Empty Cage","ReplayTheSpireMod:Ring of Sloth","Ring of Panic","Akabeko","hubris:Spice","Bottled Tornado","Regal Pillow","Whetstone","SacredBark","OrangePellets","DollysMirror","Gensokyo:EmptyGrave","MealTicket","Anchor","infinitespire:CheckeredPen"],"acts_visited":["Exordium","Gensokyo:Gensokyo","Gensokyo:Gensokyoer"],"potions_floor_usage":[5,8,16,24,24,30,31,35,46,46],"damage_taken":[{"damage":1,"enemies":"Gensokyo:Python","floor":1,"turns":3},{"damage":1,"enemies":"Gensokyo:2_Kodama","floor":4,"turns":2},{"damage":2,"enemies":"Gensokyo:Gryphon","floor":5,"turns":3},{"damage":10,"enemies":"Gensokyo:VengefulSpirit","floor":7,"turns":4},{"damage":20,"enemies":"Gensokyo:Aya","floor":8,"turns":6},{"damage":6,"enemies":"Gensokyo:Gryphon_and_Rabbit","floor":11,"turns":5},{"damage":21,"enemies":"Gensokyo:Reimu","floor":16,"turns":11},{"damage":18,"enemies":"Gensokyo:3_Dogs","floor":18,"turns":3},{"damage":3,"enemies":"Gensokyo:Chomper","floor":20,"turns":7},{"damage":57,"enemies":"Gensokyo:Reisen","floor":24,"turns":8},{"damage":53,"enemies":"Gensokyo:Koishi","floor":27,"turns":7},{"damage":15,"enemies":"Gensokyo:Monolith_and_Dog","floor":29,"turns":5},{"damage":6,"enemies":"Gensokyo:Mirror_and_Dog","floor":30,"turns":6},{"damage":63,"enemies":"Gensokyo:Wraith","floor":31,"turns":6},{"damage":153,"enemies":"Gensokyo:Kaguya","floor":33,"turns":13},{"damage":0,"enemies":"Gensokyo:3_Boulders","floor":35,"turns":4},{"damage":61,"enemies":"Gensokyo:Marisa","floor":41,"turns":5},{"damage":7,"enemies":"Gensokyo:3_Bats","floor":44,"turns":4},{"damage":126,"enemies":"Gensokyo:Rafflesia","floor":46,"turns":12},{"damage":50,"enemies":"Gensokyo:Doremy","floor":48,"turns":10},{"damage":157,"enemies":"Gensokyo:Scarlet_Devils","floor":50,"turns":7}],"seed_played":"7592156991555934295","potions_obtained":[{"floor":1,"key":"AttackPotion"},{"floor":5,"key":"REME_GoldPotion"},{"floor":8,"key":"DistilledChaos"},{"floor":18,"key":"DuplicationPotion"},{"floor":24,"key":"Milkshake"},{"floor":29,"key":"Block Potion"},{"floor":30,"key":"Venom Potion"},{"floor":36,"key":"ColorlessPotion"},{"floor":36,"key":"SteroidPotion"}],"is_trial":false,"path_per_floor":["M","?","T","M","M","R","M","E","T","E","M","?","$","?","R","B",null,"M","COS","M","?","?","R","E","R","T","E","$","M","M","M","R","B",null,"M","?","$","T","?","R","E","R","T","M","?","M","R","E","R","B"],"character_chosen":"DOCTOR_CLASS","items_purchased":["BargainBundle","Vajra","ats:Guard Mode","ats:Absolute Focus+1","Regen Potion","Regen Potion","Whetstone","OrangePellets","DollysMirror"],"campfire_rested":0,"item_purchase_floors":[13,13,13,13,13,13,28,37,37],"current_hp_per_floor":[71,71,71,72,70,70,65,56,56,56,55,55,55,55,55,55,72,72,72,70,70,70,70,68,68,68,47,47,44,64,62,62,80,80,80,48,48,56,56,56,44,81,81,74,74,31,31,78,78,0,0],"gold":193,"neow_bonus":"TRANSFORM_TWO_CARDS","is_daily":false,"chose_seed":false,"campfire_upgraded":8,"win_rate":0.0,"timestamp":1611640510,"path_taken":["M","?","?","M","M","R","?","E","T","E","M","?","$","?","R","BOSS","M","COS","M","?","?","R","E","R","T","E","$","M","M","M","R","BOSS","M","?","$","?","?","R","E","R","T","?","?","?","R","E","R","BOSS"],"items_purchased_type":["Relic","Relic","Card","Card","Potion","Potion","Relic","Relic","Relic"],"build_version":"2020-12-22","purchased_purges":1,"victory":false,"max_hp_per_floor":[72,72,72,72,72,72,72,72,72,72,72,72,72,72,72,72,72,72,72,72,72,72,72,80,80,80,80,80,80,80,80,80,80,80,80,80,80,88,81,81,81,81,81,81,81,81,81,81,81,81,81],"card_choices":[{"not_picked":["ats:Sunburst","ats:Cat Scratch"],"picked":"ats:Beaten Up","floor":1},{"not_picked":["ats:Leaping Hammer","ats:Consecutive Shot Auto"],"picked":"ats:Sunburst","floor":2},{"not_picked":["ats:Ignite","ats:Powerful Strike"],"picked":"ats:Blood Oath","floor":2},{"not_picked":["ats:Hammer On","ats:Rat Pack"],"picked":"ats:Shell Defense","floor":4},{"not_picked":["ats:Powerful Strike","ats:Absolute Focus","ats:Hammer On"],"picked":"SKIP","floor":5},{"not_picked":["ats:Powerful Strike","ats:Absolute Focus","ats:Hammer On"],"picked":"SKIP","floor":5},{"not_picked":["ats:Soul Absorption","ats:Support Order"],"picked":"ats:Magnetic Hammer","floor":7},{"not_picked":["ats:Sunburst","ats:Blood Oath","ats:Flexible Camouflage"],"picked":"SKIP","floor":8},{"not_picked":["ats:Counter Healing Mode","ats:Overload","ats:Burning Ground"],"picked":"SKIP","floor":11},{"not_picked":[],"picked":"ats:Soul Rend","floor":14},{"not_picked":["ats:Volcano","ats:Ambush"],"picked":"ats:Dogmatic Field","floor":16},{"not_picked":["ats:Very Hot Blade","ats:Cat Scratch","ats:Spore Proliferation+1"],"picked":"SKIP","floor":18},{"not_picked":["ats:Hammer On+1","ats:Blood Oath","ats:Explosion Area Strengthen"],"picked":"SKIP","floor":20},{"not_picked":["ats:Flexible Camouflage","ats:Consecutive Shot Auto","ats:Spore Proliferation"],"picked":"SKIP","floor":24},{"not_picked":["ats:Hook Shot","ats:Healing Drone"],"picked":"ats:Assault Order","floor":27},{"not_picked":["ats:Apocalypse","ats:Hammer On"],"picked":"ats:Revitalization+1","floor":29},{"not_picked":["ats:Encircling Forest","ats:Closed Bolt Burst Fire","ats:Mental Burst"],"picked":"SKIP","floor":30},{"not_picked":["ats:Explosion Area Strengthen","ats:Assault Order+1"],"picked":"ats:Revitalization+1","floor":31},{"not_picked":["ats:Roar Of Ursus","ats:Soul Rend"],"picked":"ats:Disruption Kick","floor":33},{"not_picked":["ats:Neurotoxin","ats:Cat Scratch"],"picked":"ats:Guard Mode+1","floor":35},{"not_picked":["ats:Part Time Job+1","ats:Poison Spread"],"picked":"ats:Apocalypse+1","floor":41},{"not_picked":["ats:Curse Doll","ats:Closed Bolt Burst Fire+1","ats:Ignite+1"],"picked":"SKIP","floor":44},{"not_picked":["ats:Blood Oath+1","ats:Defend Order","ats:Hammer On+1"],"picked":"SKIP","floor":46},{"not_picked":["ats:Powerful Strike+1","ats:Collapsing Strike"],"picked":"ats:Sashimi Platter","floor":48}],"player_experience":927343,"relics_obtained":[{"floor":1,"key":"LetterFromLob"},{"floor":3,"key":"Ancient Tea Set"},{"floor":8,"key":"ats:Originium"},{"floor":8,"key":"Replay:Rubber Ducky"},{"floor":9,"key":"Snack Pack"},{"floor":16,"key":"Gensokyo:OccultBall"},{"floor":22,"key":"ReplayTheSpireMod:Ring of Sloth"},{"floor":22,"key":"Ring of Panic"},{"floor":24,"key":"ats:Originium"},{"floor":24,"key":"hubris:Spice"},{"floor":26,"key":"Bottled Tornado"},{"floor":27,"key":"ats:Originium"},{"floor":27,"key":"Regal Pillow"},{"floor":33,"key":"Gensokyo:OccultBall"},{"floor":38,"key":"hubris:Spice"},{"floor":41,"key":"ats:Originium"},{"floor":41,"key":"MealTicket"},{"floor":48,"key":"infinitespire:CheckeredPen"}],"event_choices":[],"is_beta":false,"boss_relics":[{"not_picked":["Sozu","SlaversCollar"],"picked":"Empty Cage"},{"not_picked":["hubris:Spice","hubris:CrackedHourglass"],"picked":"SacredBark"}],"items_purged_floors":[13],"is_endless":false,"potions_floor_spawned":[1,5,8,18,24,29,30,44],"killed_by":"Gensokyo:Scarlet_Devils","ascension_level":1}}