{"host":"a76kj1hq3s7111r2","time":1611630224,"event":{"mods":["Alarm Clock","BaseMod","GifTheSpireLib","Gold Saver","Hermit","Koishi","Marisa????????","Marked Mod","Minty Spire (QoL Compilation)","Potionbrewer","Rare Cards Sparkle","Shop Mod","StSLib","The Cursed","The Marked","The Servant 0.9.4"],"gold_per_floor":[613,70,87,106,126,161,161,8,8,40,40,59,112,112,112,213,213,223,223,223,252,275,275,275,275,300,46,57,76,76,90,90,191,191,211,211,211,230,249,249,279,293,293,99,29,79,94,110,110,110,110],"floor_reached":50,"language":"ENG","playtime":5818,"items_purged":["Strike_G","Writhe","Shame"],"score":580,"play_id":"506cbe78-b37c-4f0d-89f4-4b027e83a4d2","local_time":"20210125220344","is_ascension_mode":false,"campfire_choices":[{"floor":7,"key":"RECALL"},{"floor":15,"key":"REST"},{"data":"After Image","floor":23,"key":"SMITH"},{"data":"Backflip","floor":25,"key":"SMITH"},{"data":"Noxious Fumes","floor":32,"key":"SMITH"},{"data":"Envenom","floor":40,"key":"SMITH"},{"floor":49,"key":"REST"}],"circlet_count":0,"master_deck":["Strike_G","Strike_G","Strike_G","Strike_G+1","Defend_G","Defend_G","Defend_G","Defend_G","Survivor","Neutralize","Finesse","Noxious Fumes","Noxious Fumes+1","Backflip+1","Bane","Well Laid Plans","Deadly Poison","Crippling Poison","Corpse Explosion+1","PiercingWail","After Image+1","Prepared+1","Deadly Poison","Prepared","Acrobatics","Footwork","Envenom+1","Bane+1","Eviscerate+1","Bouncing Flask+1","Caltrops","Crippling Poison","Underhanded Strike+1","Noxious Fumes","Bouncing Flask+1"],"relics":["Ring of the Snake","Happy Flower","Torii","Sundial","potionbrewer:MortarAndPestle","MealTicket","HoveringKite","Enchiridion","Boot","Red Mask","Pen Nib","Gambling Chip","Akabeko","Bronze Scales","Matryoshka","SacredBark","PreservedInsect","Orichalcum","potionbrewer:Torch","Calipers","TungstenRod"],"acts_visited":["Exordium","TheCity","TheBeyond"],"potions_floor_usage":[10,16,21,33,39,41,42,42,42,42,48,50],"damage_taken":[{"damage":0,"enemies":"Cultist","floor":1,"turns":3},{"damage":1,"enemies":"Small Slimes","floor":3,"turns":4},{"damage":0,"enemies":"Jaw Worm","floor":4,"turns":5},{"damage":1,"enemies":"3 Louse","floor":5,"turns":3},{"damage":17,"enemies":"3 Sentries","floor":6,"turns":8},{"damage":17,"enemies":"Gremlin Nob","floor":10,"turns":5},{"damage":1,"enemies":"Exordium Wildlife","floor":12,"turns":5},{"damage":16,"enemies":"The Guardian","floor":16,"turns":8},{"damage":0,"enemies":"Chosen","floor":18,"turns":5},{"damage":0,"enemies":"Masked Bandits","floor":21,"turns":2},{"damage":0,"enemies":"3 Byrds","floor":28,"turns":2},{"damage":0,"enemies":"Snecko","floor":29,"turns":4},{"damage":0,"enemies":"Chosen and Byrds","floor":31,"turns":4},{"damage":0,"enemies":"Champ","floor":33,"turns":10},{"damage":2,"enemies":"3 Darklings","floor":35,"turns":6},{"damage":6,"enemies":"Orb Walker","floor":38,"turns":4},{"damage":0,"enemies":"Sphere and 2 Shapes","floor":39,"turns":4},{"damage":1,"enemies":"Giant Head","floor":41,"turns":7},{"damage":0,"enemies":"Maw","floor":42,"turns":5},{"damage":12,"enemies":"Mind Bloom Boss Battle","floor":46,"turns":6},{"damage":25,"enemies":"Spire Growth","floor":47,"turns":6},{"damage":15,"enemies":"Transient","floor":48,"turns":5},{"damage":44,"enemies":"Time Eater","floor":50,"turns":5}],"seed_played":"-3724740321517579429","potions_obtained":[{"floor":4,"key":"SpeedPotion"},{"floor":5,"key":"potionbrewer:NoxiousPotion"},{"floor":6,"key":"FearPotion"},{"floor":16,"key":"Explosive Potion"},{"floor":21,"key":"Swift Potion"},{"floor":28,"key":"DistilledChaos"},{"floor":31,"key":"LiquidMemories"},{"floor":38,"key":"Weak Potion"},{"floor":39,"key":"potionbrewer:SplittingPotion"},{"floor":42,"key":"potionbrewer:BoundlessPotion"}],"is_trial":false,"path_per_floor":["M","$","M","M","M","E","R","$","T","E","?","M","T","?","R","B",null,"M","?","?","?","T","R","?","R","T","$","M","M","?","M","R","B",null,"M","?","?","M","M","R","E","M","T","$","$","?","M","M","R","B"],"character_chosen":"THE_SILENT","items_purchased":["Happy Flower","Noxious Fumes","Torii","Crippling Poison","Bronze Scales","Caltrops","Crippling Poison"],"campfire_rested":2,"item_purchase_floors":[2,2,2,8,27,44,45],"current_hp_per_floor":[70,70,69,69,68,51,51,51,51,34,20,19,19,19,40,24,70,70,54,54,54,54,54,54,54,54,69,69,69,69,69,69,69,70,68,68,68,62,62,62,61,61,61,70,70,58,33,18,39,0,0],"gold":110,"neow_bonus":"RANDOM_COLORLESS","is_daily":false,"chose_seed":false,"campfire_upgraded":4,"win_rate":0.0,"timestamp":1611630224,"path_taken":["M","$","?","?","M","E","R","$","T","E","?","M","?","?","R","BOSS","M","?","?","?","?","R","?","R","T","$","M","?","?","M","R","BOSS","M","?","?","M","M","R","E","?","T","?","$","?","M","M","R","BOSS"],"items_purchased_type":["Relic","Card","Relic","Card","Relic","Card","Card"],"build_version":"2020-12-22","purchased_purges":3,"victory":false,"max_hp_per_floor":[70,70,70,70,70,70,70,70,70,70,70,70,70,70,70,70,70,70,70,70,70,70,70,70,70,70,70,70,70,70,70,70,70,70,70,70,70,70,70,70,70,70,70,70,70,70,70,70,70,70,70],"card_choices":[{"not_picked":["Deep Breath","Madness"],"picked":"Finesse","floor":0},{"not_picked":["Blur","Quick Slash"],"picked":"Noxious Fumes","floor":1},{"not_picked":["Terror","Expertise"],"picked":"Backflip","floor":3},{"not_picked":["Dagger Throw","Expertise"],"picked":"Bane","floor":4},{"not_picked":["Skewer","Terror"],"picked":"Well Laid Plans","floor":5},{"not_picked":["Flying Knee","Acrobatics"],"picked":"Deadly Poison","floor":6},{"not_picked":["Acrobatics","Blur"],"picked":"Corpse Explosion","floor":10},{"not_picked":["Poisoned Stab","Deadly Poison"],"picked":"PiercingWail","floor":12},{"not_picked":["Glass Knife","Phantasmal Killer"],"picked":"After Image","floor":16},{"not_picked":["Expertise+1","Setup"],"picked":"Prepared+1","floor":18},{"not_picked":["Leg Sweep","Dagger Throw"],"picked":"Deadly Poison","floor":21},{"not_picked":["PiercingWail+1","Sucker Punch"],"picked":"Prepared","floor":28},{"not_picked":["Escape Plan+1","Dagger Spray"],"picked":"Acrobatics","floor":29},{"not_picked":["Masterful Stab","Acrobatics"],"picked":"Footwork","floor":31},{"not_picked":["Night Terror","Doppelganger"],"picked":"Envenom","floor":33},{"not_picked":["Deadly Poison","Poisoned Stab+1"],"picked":"Bane+1","floor":35},{"not_picked":["Slice+1","All Out Attack+1","Leg Sweep"],"picked":"SKIP","floor":38},{"not_picked":["Heel Hook","Blade Dance"],"picked":"Eviscerate+1","floor":39},{"not_picked":["Escape Plan","Reflex+1"],"picked":"Bouncing Flask+1","floor":41},{"not_picked":["Cloak And Dagger","Sucker Punch","Riddle With Holes"],"picked":"SKIP","floor":42},{"not_picked":["Acrobatics+1","Quick Slash+1"],"picked":"Underhanded Strike+1","floor":46},{"not_picked":["Cloak And Dagger","Flechettes"],"picked":"Noxious Fumes","floor":47},{"not_picked":["Deadly Poison","Acrobatics"],"picked":"Bouncing Flask+1","floor":48}],"player_experience":413234,"relics_obtained":[{"floor":6,"key":"Sundial"},{"floor":10,"key":"potionbrewer:MortarAndPestle"},{"floor":13,"key":"MealTicket"},{"floor":19,"key":"Enchiridion"},{"floor":21,"key":"Red Mask"},{"floor":22,"key":"Pen Nib"},{"floor":26,"key":"Akabeko"},{"floor":37,"key":"PreservedInsect"},{"floor":41,"key":"Orichalcum"},{"floor":43,"key":"potionbrewer:Torch"},{"floor":43,"key":"Calipers"},{"floor":46,"key":"TungstenRod"}],"event_choices":[{"damage_healed":0,"gold_gain":0,"player_choice":"Entered Light","damage_taken":14,"max_hp_gain":0,"max_hp_loss":0,"event_name":"Shining Light","floor":11,"gold_loss":0,"cards_upgraded":["Strike_G","Corpse Explosion"]},{"damage_healed":0,"gold_gain":0,"player_choice":"Searched \u00270\u0027 times","damage_taken":0,"max_hp_gain":0,"max_hp_loss":0,"event_name":"Dead Adventurer","floor":14,"gold_loss":0},{"damage_healed":0,"gold_gain":0,"player_choice":"Obtained Book","damage_taken":16,"max_hp_gain":0,"max_hp_loss":0,"event_name":"Cursed Tome","floor":19,"gold_loss":0},{"damage_healed":0,"gold_gain":0,"player_choice":"Opened","damage_taken":0,"relics_obtained":["Boot"],"max_hp_gain":0,"max_hp_loss":0,"event_name":"The Mausoleum","floor":20,"gold_loss":0,"cards_obtained":["Writhe"]},{"damage_healed":0,"gold_gain":0,"player_choice":"Fought Bandits","damage_taken":0,"max_hp_gain":0,"max_hp_loss":0,"event_name":"Masked Bandits","floor":21,"gold_loss":0},{"damage_healed":0,"gold_gain":0,"player_choice":"Gave Potion","damage_taken":0,"relics_obtained":["Gambling Chip"],"max_hp_gain":0,"max_hp_loss":0,"event_name":"WeMeetAgain","floor":24,"gold_loss":0},{"damage_healed":0,"gold_gain":0,"player_choice":"Stole Relic","damage_taken":0,"relics_obtained":["Matryoshka"],"max_hp_gain":0,"max_hp_loss":0,"event_name":"Addict","floor":30,"gold_loss":0,"cards_obtained":["Shame"]},{"cards_removed":["Defend_G"],"damage_healed":0,"gold_gain":0,"player_choice":"Removed Skill","damage_taken":0,"max_hp_gain":0,"max_hp_loss":0,"event_name":"Falling","floor":36,"gold_loss":0},{"damage_healed":0,"gold_gain":0,"player_choice":"Relic","damage_taken":0,"max_hp_gain":0,"max_hp_loss":0,"event_name":"Wheel of Change","floor":37,"gold_loss":0},{"damage_healed":0,"gold_gain":0,"player_choice":"Fight","damage_taken":0,"max_hp_gain":0,"max_hp_loss":0,"event_name":"MindBloom","floor":46,"gold_loss":0}],"is_beta":false,"boss_relics":[{"not_picked":["Velvet Choker","SlaversCollar"],"picked":"HoveringKite"},{"not_picked":["Empty Cage","Philosopher\u0027s Stone"],"picked":"SacredBark"}],"items_purged_floors":[8,27,44],"is_endless":false,"potions_floor_spawned":[4,5,6,16,21,28,31,38,39,42],"killed_by":"Time Eater","ascension_level":0}}