{"host":"jmumkimrafwvkspb","time":1611659709,"event":{"mods":["AchievementEnabler","BaseMod","Colored Map","Minty Spire (QoL Compilation)","Replay The Spire","StSLib"],"gold_per_floor":[118,118,136,136,136,136,151,151,177,218,238,278,30,30,30,30,30],"floor_reached":16,"language":"ENG","playtime":534,"items_purged":[],"score":266,"play_id":"b556786f-f889-4a4b-b930-a8d6a6e29dd2","local_time":"20210126121509","is_ascension_mode":true,"campfire_choices":[{"data":"Dualcast","floor":6.0,"key":"SMITH"},{"data":"Defragment","floor":8.0,"key":"SMITH"},{"data":"ReplayTheSpireMod:Fabricate Wheel","floor":15.0,"key":"SMITH"}],"circlet_count":0,"master_deck":["AscendersBane","Strike_B","Strike_B","Strike_B+1","Strike_B","Defend_B","Defend_B+1","Defend_B","Defend_B","Zap","Dualcast+1","Cold Snap","Compile Driver","Defragment+1","Coolheaded","Conserve Battery","Pot Of Greed","Pot Of Greed","Go for the Eyes","ReplayTheSpireMod:Fabricate Wheel+1"],"relics":["Cracked Core","Pocketwatch","Golden Idol","Girya","Grinning Jar","Membership Card","Singing Bowl"],"acts_visited":["Exordium"],"potions_floor_usage":[16],"damage_taken":[{"damage":0.0,"enemies":"2 Louse","floor":1.0,"turns":2.0},{"damage":2.0,"enemies":"Jaw Worm","floor":3.0,"turns":4.0},{"damage":2.0,"enemies":"Small Slimes","floor":7.0,"turns":3.0},{"damage":15.0,"enemies":"Replay:BlueRogue","floor":10.0,"turns":6.0},{"damage":9.0,"enemies":"Exordium Thugs","floor":11.0,"turns":3.0},{"damage":0.0,"enemies":"Lagavulin","floor":12.0,"turns":7.0},{"damage":19,"enemies":"Hexaghost","floor":16,"turns":7}],"seed_played":"1511718467730436431","potions_obtained":[{"floor":7.0,"key":"SkillPotion"},{"floor":10.0,"key":"EssenceOfSteel"},{"floor":11.0,"key":"Energy Potion"}],"is_trial":false,"path_per_floor":["M","?","M","?","?","R","M","R","T","E","M","E","$","T","R","B"],"character_chosen":"DEFECT","items_purchased":["Membership Card","ReplayTheSpireMod:Fabricate Wheel"],"campfire_rested":0,"item_purchase_floors":[13,13],"current_hp_per_floor":[64,64,62,41,41,41,39,39,39,24,15,15,15,15,15,0,0],"gold":30,"neow_bonus":"ONE_RARE_RELIC","is_daily":false,"chose_seed":false,"campfire_upgraded":3,"win_rate":0.0,"timestamp":1611659709,"path_taken":["M","?","M","?","?","R","M","R","T","E","M","E","$","?","R","BOSS"],"items_purchased_type":["Relic","Card"],"build_version":"2020-12-22","purchased_purges":0,"victory":false,"max_hp_per_floor":[71,71,71,71,64,64,64,64,64,64,64,64,64,64,64,64,64],"card_choices":[{"not_picked":["Sweeping Beam","Beam Cell"],"picked":"Cold Snap","floor":1.0},{"not_picked":["ReplayTheSpireMod:GoodbyeWorld","Redo"],"picked":"Compile Driver","floor":3.0},{"not_picked":["Self Repair","Beam Cell"],"picked":"Defragment","floor":7.0},{"not_picked":["Multi-Cast","Leap"],"picked":"Coolheaded","floor":10.0},{"not_picked":["Turbo","Steam"],"picked":"Conserve Battery","floor":11.0},{"not_picked":["ReplaySolidLightProjector","Ball Lightning"],"picked":"Go for the Eyes","floor":12.0}],"player_experience":1606848,"relics_obtained":[{"floor":10.0,"key":"Girya"},{"floor":12.0,"key":"Grinning Jar"},{"floor":14.0,"key":"Singing Bowl"}],"event_choices":[{"cards_removed":["Shame"],"damage_healed":0.0,"max_hp_gain":0.0,"max_hp_loss":0.0,"gold_gain":0.0,"event_name":"Living Wall","player_choice":"Forget","floor":2.0,"gold_loss":0.0,"damage_taken":0.0},{"damage_healed":0.0,"max_hp_gain":0.0,"max_hp_loss":0.0,"gold_gain":0.0,"event_name":"Shining Light","player_choice":"Entered Light","floor":4.0,"gold_loss":0.0,"damage_taken":21.0,"cards_upgraded":["Defend_B","Strike_B"]},{"damage_healed":0.0,"max_hp_gain":0.0,"max_hp_loss":7.0,"gold_gain":0.0,"event_name":"Golden Idol","player_choice":"Lose Max HP","floor":5.0,"gold_loss":0.0,"damage_taken":0.0,"relics_obtained":["Golden Idol"]}],"is_beta":false,"boss_relics":[],"items_purged_floors":[],"is_endless":false,"potions_floor_spawned":[7,10,11,12],"killed_by":"Hexaghost","ascension_level":20}}