{"host":"1u5b8mzv927aru3b","time":1611677865,"event":{"mods":["AchievementEnabler","BaseMod","Colored Map","Colored Powertips","Downfall","GifTheSpireLib","Googly Eyes","Minty Spire (QoL Compilation)","Quick Restart","Relic Sorter","StSLib","The IronCluck","Unceasing Turn Reminder"],"gold_per_floor":[99,117,102,102,112,112,139,124,135,147,159,176,176,186,201,298,298,298,308,325,7,7,7,7,7,24,53,66,66,66,66,66],"floor_reached":30,"language":"ENG","playtime":894,"items_purged":[],"score":269,"play_id":"c0ac05e9-fa63-40a2-81b9-ffa791fe7ff3","local_time":"20210126201745","is_ascension_mode":false,"campfire_choices":[{"data":"champ:Execute","floor":1,"key":"SMITH"},{"floor":18,"key":"RECALL"},{"data":"champ:TripleStrike","floor":23,"key":"SMITH"},{"data":"Feel No Pain","floor":29,"key":"SMITH"}],"circlet_count":0,"master_deck":["champ:Defend+1","champ:Defend","champ:Defend","champ:Defend","champ:Execute+1","champ:Taunt","champ:Backstep","champ:FocusedDefense+1","champ:Endure","downfall:Malfunctioning","champ:ArenaPreparation","champ:ShieldSlam","champ:FanOfKnives","champ:EnGarde","champ:FanOfKnives","Parasite","champ:PreciseThrust","champ:Haymaker","champ:GladiatorForm","champ:PreciseThrust","champ:EnGarde","champ:TripleStrike+1","Bite","Bite","Bite","Bite","Bite","downfall:Bewildered","sneckomod:RainOfDice","Trip","Feel No Pain+1"],"relics":["champ:ChampionCrown","Happy Flower","Runic Pyramid","PrismaticShard","Bag of Preparation","sneckomod:BabySnecko","Bronze Scales"],"acts_visited":["Exordium","TheCity"],"potions_floor_usage":[16,16,16,27],"damage_taken":[{"damage":13,"enemies":"Small Slimes","floor":2,"turns":3},{"damage":20,"enemies":"downfall:FleeingMerchant","floor":3,"turns":4},{"damage":13,"enemies":"2 Louse","floor":5,"turns":4},{"damage":20,"enemies":"downfall:FleeingMerchant","floor":8,"turns":4},{"damage":46,"enemies":"Jaw Worm","floor":9,"turns":5},{"damage":24,"enemies":"2 Fungi Beasts","floor":10,"turns":4},{"damage":15,"enemies":"Exordium Wildlife","floor":11,"turns":4},{"damage":17,"enemies":"Lots of Slimes","floor":12,"turns":4},{"damage":10,"enemies":"2 Fungi Beasts","floor":14,"turns":3},{"damage":25,"enemies":"3 Louse","floor":15,"turns":3},{"damage":77,"enemies":"DF_ARCHETYPE_STREAMLINE","floor":16,"turns":14},{"damage":24,"enemies":"Chosen","floor":19,"turns":4},{"damage":48,"enemies":"3 Byrds","floor":20,"turns":7},{"damage":15,"enemies":"downfall:FleeingMerchant","floor":21,"turns":4},{"damage":17,"enemies":"Snake Plant","floor":26,"turns":5},{"damage":54,"enemies":"Slavers","floor":27,"turns":5},{"damage":42,"enemies":"Cultist and Chosen","floor":28,"turns":8},{"damage":17,"enemies":"downfall:FleeingMerchant","floor":30,"turns":2}],"seed_played":"-463608300936609516","potions_obtained":[{"floor":2,"key":"Ancient Potion"},{"floor":5,"key":"Dexterity Potion"},{"floor":12,"key":"Fire Potion"},{"floor":20,"key":"Regen Potion"},{"floor":27,"key":"EssenceOfSteel"},{"floor":28,"key":"SpeedPotion"}],"is_trial":false,"path_per_floor":["R","M","$","?","M","?","T","$","M","M","M","M","?","M","M","B",null,"R","M","M","$","?","R","T","?","M","E","M","R","$"],"character_chosen":"THE_CHAMP","items_purchased":["PrismaticShard","Bag of Preparation"],"campfire_rested":0,"item_purchase_floors":[21,21],"current_hp_per_floor":[99,96,96,96,93,93,93,93,87,73,73,71,95,95,95,58,99,99,95,72,72,69,69,69,69,66,48,12,12,0,0,0],"gold":66,"neow_bonus":"TEN_PERCENT_HP_BONUS","is_daily":false,"chose_seed":false,"campfire_upgraded":3,"win_rate":0.0,"timestamp":1611677865,"path_taken":["R","M","$","?","M","?","T","$","M","M","M","M","?","M","M","BOSS","R","M","M","$","?","R","T","?","M","E","M","R","?"],"items_purchased_type":["Relic","Relic"],"build_version":"2020-12-22","purchased_purges":0,"victory":false,"max_hp_per_floor":[99,99,99,99,99,99,99,99,99,99,99,99,99,99,99,99,99,99,99,99,99,69,69,69,69,69,69,69,69,69,69,69],"card_choices":[{"not_picked":["champ:RisingSlash","champ:AdrenalArmor"],"picked":"champ:Backstep","floor":2},{"not_picked":["champ:HoldFirm","champ:Parry"],"picked":"champ:FocusedDefense","floor":3},{"not_picked":["champ:RecklessLeap","champ:Circumvent"],"picked":"champ:Endure","floor":5},{"not_picked":["champ:BladeFlurry","champ:PerfectedStrike"],"picked":"champ:ArenaPreparation","floor":8},{"not_picked":["champ:CrownThrow","champ:Circumvent"],"picked":"champ:ShieldSlam","floor":9},{"not_picked":["champ:Shatter","champ:RisingSlash"],"picked":"champ:FanOfKnives","floor":10},{"not_picked":["champ:Shatter","champ:PreciseThrust"],"picked":"champ:EnGarde","floor":11},{"not_picked":["champ:BladeFlurry","champ:PerfectedStrike"],"picked":"champ:FanOfKnives","floor":12},{"not_picked":["champ:HeartStrike","champ:Backstep"],"picked":"champ:PreciseThrust","floor":14},{"not_picked":["champ:GutPunch","champ:HoldFirm"],"picked":"champ:Haymaker","floor":15},{"not_picked":["champ:UltimateStance","champ:Devastate"],"picked":"champ:GladiatorForm","floor":16},{"not_picked":["champ:Backstep","champ:StanceDance+1"],"picked":"champ:PreciseThrust","floor":19},{"not_picked":["champ:StanceDance","champ:TornadoPunch+1"],"picked":"champ:EnGarde","floor":20},{"not_picked":["champ:FanOfKnives+1","champ:Haymaker"],"picked":"champ:TripleStrike","floor":21},{"not_picked":["champ:GladiatorStyle+1","Thunderclap"],"picked":"sneckomod:RainOfDice","floor":26},{"not_picked":["bronze:Shield","champ:Circumvent"],"picked":"Trip","floor":27},{"not_picked":["champ:Shatter+1","champ:AdrenalArmor"],"picked":"Feel No Pain","floor":28}],"player_experience":171276,"relics_obtained":[{"floor":7,"key":"Happy Flower"},{"floor":27,"key":"Bronze Scales"}],"event_choices":[{"damage_healed":24,"gold_gain":0,"player_choice":"Healed and dodged fight","damage_taken":0,"max_hp_gain":0,"max_hp_loss":0,"event_name":"Mushrooms","floor":13,"gold_loss":0,"cards_obtained":["Parasite"]},{"damage_healed":0,"gold_gain":0,"player_choice":"Became a vampire","damage_taken":0,"max_hp_gain":0,"max_hp_loss":30,"event_name":"Vampires","floor":22,"gold_loss":0,"cards_obtained":["Bite","Bite","Bite","Bite","Bite"]}],"is_beta":false,"boss_relics":[{"not_picked":["SlaversCollar","Runic Dome"],"picked":"Runic Pyramid"}],"items_purged_floors":[],"is_endless":false,"potions_floor_spawned":[2,5,12,14,20,27,28],"killed_by":"downfall:FleeingMerchant","ascension_level":0}}