{"host":"d7fiu2yjkssjxoz6","time":1611703979,"event":{"mods":["AchievementEnabler","BaseMod","Duelist Mod","Minty Spire (QoL Compilation)","StSLib"],"gold_per_floor":[140,150,162,181,181,216,226,254,254,254,265,299,315,327,327,398,398,410,429,479,493,80,114,114,126,126,136,169,184,87,87,87,166,166,186,199,199,212,312,340,340,373,373,373,373],"floor_reached":44,"language":"ENG","playtime":3970,"items_purged":[],"score":1147,"play_id":"e1c89186-d9ba-469c-845f-7a2ae422801b","local_time":"20210126153259","is_ascension_mode":true,"campfire_choices":[{"data":"theDuelist:RainbowDragon","floor":10,"key":"SMITH"},{"data":"theDuelist:WhiteHowling","floor":15,"key":"SMITH"},{"data":"theDuelist:CallGrave","floor":24,"key":"SMITH"},{"data":"theDuelist:StatueAnguishPattern","floor":32,"key":"SMITH"},{"data":"theDuelist:ClearKuriboh","floor":41,"key":"SMITH"}],"circlet_count":0,"master_deck":["Bite","theDuelist:IrisEarthMother","theDuelist:KingYami","theDuelist:RainbowKuriboh","theDuelist:CurseAging","theDuelist:HappyLover","theDuelist:DunamesDarkWitch","theDuelist:CallGrave+1","theDuelist:MudGolem","Bite","theDuelist:CallGrave+1","Bite","theDuelist:FlyingSaucer","Bite","theDuelist:GoblinZombie","CurseOfTheBell","theDuelist:RainbowNeos+1","theDuelist:ClearKuriboh+1","theDuelist:Eva","theDuelist:RainbowDragon+1","theDuelist:BeastTalwar","theDuelist:DunamesDarkWitch","theDuelist:RainbowFlower","theDuelist:StatueAnguishPattern+1","theDuelist:CastleWalls","theDuelist:RainbowKuribohBasic","theDuelist:ShallowGrave","Bite","theDuelist:RainbowNeos","theDuelist:CallGrave"],"relics":["theDuelist:MillenniumPuzzle","theDuelist:CardPoolRelic","theDuelist:CardPoolBasicRelic","theDuelist:BoosterPackPoolRelic","theDuelist:CardPoolAddRelic","theDuelist:CardPoolMinusRelic","theDuelist:CardPoolSaveRelic","theDuelist:CardPoolOptionsRelic","Boot","Bronze Scales","theDuelist:ZoneToken","theDuelist:ElectricBurst","Empty Cage","Anchor","theDuelist:DuelistTeaSet","Lantern","theDuelist:FatMaxHPRelic","Calling Bell","Toy Ornithopter","Paper Crane","CaptainsWheel","theDuelist:SummonAnchor","theDuelist:MillenniumCoin","theDuelist:MetronomeRelicB","Molten Egg 2","Letter Opener"],"acts_visited":["Exordium","TheCity","TheBeyond"],"potions_floor_usage":[16,16,28,28,35,40,40],"damage_taken":[{"damage":0,"enemies":"Cultist","floor":1,"turns":3},{"damage":1,"enemies":"Jaw Worm","floor":2,"turns":2},{"damage":0,"enemies":"2 Louse","floor":3,"turns":3},{"damage":0,"enemies":"Exordium Thugs","floor":4,"turns":6},{"damage":1,"enemies":"Lagavulin","floor":6,"turns":9},{"damage":0,"enemies":"3 Louse","floor":7,"turns":3},{"damage":6,"enemies":"Gremlin Nob","floor":8,"turns":4},{"damage":0,"enemies":"2 Fungi Beasts","floor":11,"turns":3},{"damage":0,"enemies":"Lagavulin","floor":12,"turns":4},{"damage":0,"enemies":"Blue Slaver","floor":13,"turns":2},{"damage":0,"enemies":"Large Slime","floor":14,"turns":4},{"damage":16,"enemies":"Hexaghost","floor":16,"turns":6},{"damage":6,"enemies":"Chosen","floor":18,"turns":6},{"damage":2,"enemies":"Shell Parasite","floor":19,"turns":6},{"damage":10,"enemies":"Snake Plant","floor":21,"turns":3},{"damage":0,"enemies":"theDuelist:KaibaA2","floor":23,"turns":9},{"damage":15,"enemies":"Centurion and Healer","floor":25,"turns":6},{"damage":4,"enemies":"Shelled Parasite and Fungi","floor":27,"turns":7},{"damage":21,"enemies":"Slavers","floor":28,"turns":5},{"damage":9,"enemies":"Snake Plant","floor":29,"turns":4},{"damage":40,"enemies":"Automaton","floor":33,"turns":11},{"damage":64,"enemies":"3 Darklings","floor":35,"turns":5},{"damage":0,"enemies":"Orb Walker","floor":36,"turns":3},{"damage":0,"enemies":"3 Darklings","floor":38,"turns":5},{"damage":86,"enemies":"Giant Head","floor":40,"turns":8},{"damage":39,"enemies":"Nemesis","floor":42,"turns":7},{"damage":78,"enemies":"Nemesis","floor":44,"turns":7}],"seed_played":"5894225023179299805","potions_obtained":[{"floor":1,"key":"LiquidBronze"},{"floor":3,"key":"theDuelist:BurningPotion"},{"floor":18,"key":"theDuelist:SealedPackC"},{"floor":19,"key":"theDuelist:VoidBottle"},{"floor":33,"key":"theDuelist:OrbBottle"},{"floor":35,"key":"theDuelist:CoolBottle"},{"floor":36,"key":"EssenceOfSteel"}],"is_trial":false,"path_per_floor":["M","M","M","M","?","E","M","E","T","R","M","E","M","M","R","B",null,"M","M","?","M","$","E","R","M","T","M","E","M","$","?","R","B",null,"M","M","?","M","?","E","R","E","T","?"],"character_chosen":"THE_DUELIST","items_purchased":["Mayhem","theDuelist:IrisEarthMother","theDuelist:FlyingSaucer","theDuelist:GraydleSlimeJr","theDuelist:FatMaxHPRelic","theDuelist:StatueAnguishPattern"],"campfire_rested":0,"item_purchase_floors":[22,22,22,22,30,30],"current_hp_per_floor":[70,69,69,69,64,63,63,57,57,57,57,57,57,57,57,41,68,62,60,60,50,50,50,50,35,35,31,10,1,201,193,193,169,187,136,144,136,146,146,81,81,50,50,0,0],"gold":373,"neow_bonus":"TEN_PERCENT_HP_BONUS","is_daily":false,"chose_seed":false,"campfire_upgraded":5,"win_rate":0.0,"timestamp":1611703979,"path_taken":["M","?","M","M","?","E","M","E","T","R","M","E","M","M","R","BOSS","M","M","?","M","?","E","R","M","T","M","E","M","$","?","R","BOSS","M","M","?","M","?","E","R","E","T","?"],"items_purchased_type":["Card","Card","Card","Card","Relic","Card"],"build_version":"2020-12-22","purchased_purges":0,"victory":false,"max_hp_per_floor":[77,77,77,77,77,77,77,77,77,77,77,77,77,77,77,77,77,77,77,77,77,77,77,77,77,77,77,77,77,277,193,193,193,193,193,193,193,193,193,193,193,193,193,193,193],"card_choices":[{"not_picked":["theDuelist:TwinHeadedFire","theDuelist:OhFish","theDuelist:ShallowGrave","theDuelist:RainbowFlower"],"picked":"theDuelist:Illusionist","floor":1},{"not_picked":["theDuelist:WhiteHowling","theDuelist:OniGamiCombo","theDuelist:RainbowRuins"],"picked":"theDuelist:Mountain","floor":2},{"not_picked":["theDuelist:Kasha","theDuelist:AlphaMagnet","theDuelist:BeastTalwar","theDuelist:RainbowDragon"],"picked":"theDuelist:CatShark","floor":3},{"not_picked":["theDuelist:AttackTheMoon","theDuelist:Fissure","theDuelist:GaiaMidNightSun","theDuelist:LightningVortex"],"picked":"theDuelist:MudGolem","floor":4},{"not_picked":["theDuelist:PatricianDarkness","theDuelist:SpiritHarp","theDuelist:SuperSolarNutrient","theDuelist:DesLacooda"],"picked":"theDuelist:RevivalJam","floor":6},{"not_picked":["theDuelist:TwinHeadedFire","theDuelist:VampireFraulein","theDuelist:FiendMegacyber","theDuelist:SpiritPharaoh"],"picked":"theDuelist:GoblinZombie","floor":7},{"not_picked":["theDuelist:DragonZombie","theDuelist:BlacklandFireDragon","theDuelist:CurseDragon","theDuelist:RainbowOverdragon"],"picked":"theDuelist:RainbowDragon","floor":8},{"not_picked":["theDuelist:GraydleSlimeJr","theDuelist:SangaThunder","theDuelist:DarkMagician","theDuelist:RainbowFlower"],"picked":"theDuelist:CatShark","floor":11},{"not_picked":["theDuelist:OhFish","theDuelist:TyrantWing","theDuelist:CrystalRaigeki","theDuelist:RainbowLife"],"picked":"theDuelist:WhiteHowling","floor":12},{"not_picked":["theDuelist:GemKnightAmethyst","theDuelist:AncientRules","theDuelist:BeastTalwar","theDuelist:RedGadget"],"picked":"theDuelist:RainbowKuriboh","floor":13},{"not_picked":[],"picked":"theDuelist:Mountain","floor":14},{"not_picked":["theDuelist:BlasterDragonInfernos","theDuelist:HeartUnderdog","theDuelist:IceQueen","theDuelist:RainbowJar"],"picked":"theDuelist:CallGrave","floor":16},{"not_picked":["theDuelist:YamataDragon","theDuelist:DesLacooda","theDuelist:RainbowFlower","theDuelist:KingYami+1"],"picked":"theDuelist:FrillerRabca","floor":18},{"not_picked":["theDuelist:ExploderDragonwing","theDuelist:MaskedDragon+1","theDuelist:RainbowFlower","theDuelist:RainbowDragon"],"picked":"theDuelist:BlacklandFireDragon","floor":19},{"not_picked":["theDuelist:SilverApples","theDuelist:Jinzo","theDuelist:BigFire","theDuelist:WeepingIdol"],"picked":"theDuelist:ClearKuriboh","floor":21},{"not_picked":["theDuelist:Jinzo+1","theDuelist:WhiteHornDragon+1","theDuelist:Umi+1","theDuelist:HeartUnderdog+1"],"picked":"theDuelist:CallGrave+1","floor":23},{"not_picked":["theDuelist:BabyDragon","theDuelist:RedGadget","theDuelist:BookSecret","theDuelist:SangaEarth+1"],"picked":"theDuelist:Gozuki","floor":25},{"not_picked":["theDuelist:MaskedDragon","theDuelist:Illusionist","theDuelist:BabyDragon","theDuelist:GreenGadget"],"picked":"theDuelist:ShallowGrave","floor":27},{"not_picked":["theDuelist:ArchfiendSoldier","theDuelist:GraydleSlimeJr","theDuelist:TwinHeadedFire","theDuelist:DarkMagician"],"picked":"theDuelist:BeastTalwar","floor":28},{"not_picked":["theDuelist:QueenDragunDjinn","theDuelist:StardustDragon"],"picked":"theDuelist:IrisEarthMother","floor":29},{"not_picked":["theDuelist:RainbowNeos","theDuelist:Eva","theDuelist:RainbowDragon","theDuelist:KamionTimelord"],"picked":"theDuelist:HappyLover","floor":33},{"not_picked":["theDuelist:ValkMagnet","theDuelist:BetaMagnet","theDuelist:RainbowNeos","theDuelist:RainbowOverdragon+1"],"picked":"theDuelist:Eva","floor":35},{"not_picked":["theDuelist:ZombieWarrior","theDuelist:Zombyra","theDuelist:SevenColoredFish+1","theDuelist:ClearKuriboh"],"picked":"theDuelist:RainbowNeos+1","floor":36},{"not_picked":["theDuelist:Zombyra+1","theDuelist:DragonPiper","theDuelist:ShallowGrave","theDuelist:BeastTalwar"],"picked":"theDuelist:DunamesDarkWitch","floor":38},{"not_picked":["theDuelist:ArchfiendSoldier+1","theDuelist:VampireFraulein","theDuelist:DesLacooda","theDuelist:RainbowBridge"],"picked":"theDuelist:KingYami","floor":40},{"not_picked":["theDuelist:WhiteHowling+1","theDuelist:SuperSolarNutrient","theDuelist:SpiralSpearStrike+1","theDuelist:VioletCrystal"],"picked":"theDuelist:CallGrave","floor":42}],"player_experience":315510,"relics_obtained":[{"floor":6,"key":"Bronze Scales"},{"floor":8,"key":"theDuelist:ZoneToken"},{"floor":12,"key":"theDuelist:ElectricBurst"},{"floor":23,"key":"Anchor"},{"floor":26,"key":"theDuelist:DuelistTeaSet"},{"floor":28,"key":"Lantern"},{"floor":34,"key":"Toy Ornithopter"},{"floor":34,"key":"Paper Crane"},{"floor":34,"key":"CaptainsWheel"},{"floor":40,"key":"theDuelist:MetronomeRelicB"},{"floor":42,"key":"Molten Egg 2"},{"floor":43,"key":"Letter Opener"}],"event_choices":[{"damage_healed":0,"gold_gain":0,"player_choice":"Success","damage_taken":5,"relics_obtained":["Boot"],"max_hp_gain":0,"max_hp_loss":0,"event_name":"Scrap Ooze","floor":5,"gold_loss":0},{"damage_healed":0,"gold_gain":100,"player_choice":"Bet on Murderer","damage_taken":0,"max_hp_gain":0,"max_hp_loss":0,"event_name":"The Joust","floor":20,"gold_loss":50},{"damage_healed":0,"gold_gain":0,"player_choice":"Became a vampire","damage_taken":0,"max_hp_gain":0,"max_hp_loss":84,"event_name":"Vampires","floor":31,"gold_loss":0,"cards_obtained":["Bite","Bite","Bite","Bite","Bite"]},{"damage_healed":0,"gold_gain":0,"player_choice":"Dig - random Duelist relic","duelist":true,"damage_taken":0,"max_hp_gain":0,"max_hp_loss":0,"event_name":"Aknamkanon\u0027s Tomb","floor":37,"gold_loss":0},{"damage_healed":0,"gold_gain":0,"player_choice":"Took item - Received: Millennium Coin","duelist":true,"damage_taken":0,"max_hp_gain":0,"max_hp_loss":0,"event_name":"Millennium Items","floor":39,"gold_loss":0},{"damage_healed":0,"gold_gain":0,"player_choice":"Fight","duelist":true,"damage_taken":0,"max_hp_gain":0,"max_hp_loss":0,"event_name":"Battle City","floor":44,"gold_loss":0}],"is_beta":false,"boss_relics":[{"not_picked":["Runic Dome","Runic Cube"],"picked":"Empty Cage"},{"not_picked":["Philosopher\u0027s Stone","Tiny House"],"picked":"Calling Bell"}],"items_purged_floors":[],"is_endless":false,"potions_floor_spawned":[1,3,6,8,12,18,19,21,33,35,36],"killed_by":"Nemesis","ascension_level":15}}