{"host":"61r95uy0hn86b9iu","time":1611696264,"event":{"mods":["AchievementEnabler","BaseMod","Better Vampires","BetterRewards","Colored Powertips","Hubris","Minty Spire (QoL Compilation)","Shop Mod","StSLib"],"gold_per_floor":[110,110,110,121,131,131,172,172,197,197,213,60,60,81,81,167,167,167,167,63,92,119,119,25,25,48,76,76,101,110,130,130,209,209,237,237,255,255,55,55,55],"floor_reached":40,"language":"ENG","playtime":1307,"items_purged":["Pain"],"score":1147,"play_id":"329dbd16-a9cb-4d9c-871a-7eedc4209087","local_time":"20210126152424","is_ascension_mode":true,"campfire_choices":[{"floor":6.0,"key":"REST"},{"data":"Double Energy","floor":8.0,"key":"SMITH"},{"floor":10.0,"key":"REST"},{"floor":15.0,"key":"REST"},{"floor":23.0,"key":"REST"},{"floor":25.0,"key":"REST"},{"floor":28.0,"key":"REST"},{"floor":32.0,"key":"REST"}],"circlet_count":0,"master_deck":["AscendersBane","Strike_B","Strike_B","Strike_B","Defend_B","Defend_B","Defend_B","Defend_B","Zap","Dualcast","Streamline","BootSequence","Leap","Double Energy+1","Seek","Coolheaded","Static Discharge","FTL","Echo Form","Defragment","Conserve Battery","Undo+1","Self Repair+1","Apotheosis","Streamline","Decay","Lockon+1","Madness","Madness"],"relics":["hubris:EmptyBottle","hubris:Icosahedron","WarpedTongs","CeramicFish","hubris:Potato","MerchantsRug","hubris:SlimyHat","Thread and Needle","Nuclear Battery","White Beast Statue"],"acts_visited":["Exordium","TheCity","TheBeyond"],"potions_floor_usage":[],"damage_taken":[{"damage":0.0,"enemies":"Jaw Worm","floor":1.0,"turns":3.0},{"damage":4.0,"enemies":"2 Louse","floor":4.0,"turns":3.0},{"damage":3.0,"enemies":"Cultist","floor":5.0,"turns":3.0},{"damage":36.0,"enemies":"3 Sentries","floor":7.0,"turns":7.0},{"damage":14.0,"enemies":"Exordium Wildlife","floor":11.0,"turns":4.0},{"damage":13.0,"enemies":"Blue Slaver","floor":14.0,"turns":4.0},{"damage":0.0,"enemies":"Slime Boss","floor":16.0,"turns":4.0},{"damage":0.0,"enemies":"2 Thieves","floor":18.0,"turns":1.0},{"damage":18.0,"enemies":"Spheric Guardian","floor":21.0,"turns":5.0},{"damage":26.0,"enemies":"Snake Plant","floor":22.0,"turns":4.0},{"damage":57.0,"enemies":"Gremlin Leader","floor":27.0,"turns":8.0},{"damage":58.0,"enemies":"Slavers","floor":29.0,"turns":4.0},{"damage":25.0,"enemies":"3 Cultists","floor":31.0,"turns":5.0},{"damage":26.0,"enemies":"hubris:MusketHawk","floor":33.0,"turns":10.0},{"damage":20.0,"enemies":"Orb Walker","floor":35.0,"turns":5.0},{"damage":48,"enemies":"Nemesis","floor":40,"turns":3}],"seed_played":"-5166938835228752802","potions_obtained":[{"floor":1.0,"key":"Weak Potion"},{"floor":21.0,"key":"Explosive Potion"},{"floor":27.0,"key":"DuplicationPotion"},{"floor":29.0,"key":"LiquidBronze"},{"floor":35.0,"key":"SteroidPotion"}],"is_trial":false,"path_per_floor":["M","?","?","M","M","R","E","R","T","R","M","$","?","M","R","B",null,"M","?","$","M","M","R","$","R","T","E","R","E","?","M","R","B",null,"M","?","?","?","$","E"],"character_chosen":"DEFECT","items_purchased":["hubris:EmptyBottle","Fruit Juice","Streamline","BootSequence","Static Discharge","MerchantsRug","Defragment","Conserve Battery","Apotheosis","Streamline","White Beast Statue"],"campfire_rested":7,"item_purchase_floors":[0,0,0,0,12,20,20,20,24,24,39],"current_hp_per_floor":[61,61,61,57,54,78,42,42,42,66,52,52,55,42,67,67,80,80,80,80,62,36,61,61,84,84,47,72,34,34,19,44,38,73,63,63,48,48,48,0,0],"gold":55,"neow_bonus":"","is_daily":false,"chose_seed":false,"campfire_upgraded":1,"win_rate":0.0,"timestamp":1611696264,"path_taken":["M","?","?","?","M","R","E","R","T","R","M","$","?","M","R","BOSS","M","?","$","M","M","R","$","R","T","E","R","E","?","M","R","BOSS","M","?","?","?","$","E"],"items_purchased_type":["Relic","Potion","Card","Card","Card","Relic","Card","Card","Card","Card","Relic"],"build_version":"2020-12-22","purchased_purges":1,"victory":false,"max_hp_per_floor":[81,81,81,81,81,81,81,81,81,81,81,81,84,84,84,84,84,84,84,84,84,84,84,84,84,84,84,84,84,84,84,84,84,84,84,84,84,84,84,84,84],"card_choices":[{"not_picked":["Streamline","Undo"],"picked":"Leap","floor":1.0},{"not_picked":["Barrage","Leap"],"picked":"Double Energy","floor":4.0},{"not_picked":["Coolheaded","Rip and Tear"],"picked":"Seek","floor":5.0},{"not_picked":["Aggregate","Blizzard"],"picked":"Coolheaded","floor":7.0},{"not_picked":["Compile Driver","Cold Snap","Skim"],"picked":"SKIP","floor":11.0},{"not_picked":["Redo","Reprogram"],"picked":"FTL","floor":14.0},{"not_picked":["Buffer","Seek"],"picked":"Echo Form","floor":16.0},{"not_picked":["Rip and Tear","Barrage"],"picked":"Undo+1","floor":21.0},{"not_picked":["Consume","Steam Power"],"picked":"Self Repair+1","floor":22.0},{"not_picked":["hubris:Ukulele","Coolheaded","Gash"],"picked":"SKIP","floor":27.0},{"not_picked":["Heatsinks","Machine Learning","Lockon"],"picked":"SKIP","floor":29.0},{"not_picked":["Ball Lightning","Stack","Steam"],"picked":"SKIP","floor":31.0},{"not_picked":["Hello World","Sweeping Beam"],"picked":"Lockon+1","floor":35.0}],"player_experience":3303423,"relics_obtained":[{"floor":7.0,"key":"CeramicFish"},{"floor":26.0,"key":"hubris:SlimyHat"},{"floor":27.0,"key":"hubris:CrystalStatue"},{"floor":29.0,"key":"Thread and Needle"}],"event_choices":[{"damage_healed":0.0,"max_hp_gain":0.0,"max_hp_loss":0.0,"gold_gain":0.0,"event_name":"Accursed Blacksmith","player_choice":"Rummage","floor":3.0,"gold_loss":0.0,"damage_taken":0.0,"relics_obtained":["WarpedTongs"],"cards_obtained":["Pain"]},{"damage_healed":0.0,"max_hp_gain":0.0,"max_hp_loss":0.0,"gold_gain":0.0,"event_name":"Cursed Tome","player_choice":"Ignored","floor":19.0,"gold_loss":0.0,"damage_taken":0.0},{"damage_healed":0.0,"max_hp_gain":0.0,"max_hp_loss":0.0,"gold_gain":0.0,"event_name":"Forgotten Altar","player_choice":"Smashed Altar","floor":30.0,"gold_loss":0.0,"damage_taken":0.0,"cards_obtained":["Decay"]},{"cards_removed":["Strike_B"],"damage_healed":0.0,"max_hp_gain":0.0,"max_hp_loss":0.0,"gold_gain":0.0,"event_name":"Falling","player_choice":"Removed Attack","floor":36.0,"gold_loss":0.0,"damage_taken":0.0},{"damage_healed":0.0,"max_hp_gain":0.0,"max_hp_loss":0.0,"gold_gain":0.0,"event_name":"Winding Halls","player_choice":"Embrace Madness","floor":37.0,"gold_loss":0.0,"damage_taken":15.0,"cards_obtained":["Madness","Madness"]},{"damage_healed":0.0,"max_hp_gain":0.0,"max_hp_loss":0.0,"gold_gain":0.0,"event_name":"Mysterious Sphere","player_choice":"Ignored","floor":38.0,"gold_loss":0.0,"damage_taken":0.0}],"is_beta":false,"boss_relics":[{"not_picked":["hubris:RunicObelisk","Calling Bell"],"picked":"hubris:Backtick"},{"not_picked":["Busted Crown","hubris:GrandSneckoEye"],"picked":"Nuclear Battery"}],"items_purged_floors":[12],"is_endless":false,"potions_floor_spawned":[1,7,21,27,29,35],"killed_by":"Nemesis","ascension_level":17}}