{"host":"ydujlihd8f5px9gp","time":1611703412,"event":{"mods":["AchievementEnabler","BaseMod","Block Reminder","Colored Map","Minty Spire (QoL Compilation)","ojb\u0027s Info Mod"],"gold_per_floor":[112,128,128,141,154,154,181,201,201,201,201,54,80,92,92,188,188,200,212,264,264,89,89,118,118,198,198,198,209,224,50,50,148,148,164,183,183,183,183,218,218,245,297,297,311,15,40,55,55,55],"floor_reached":51,"language":"ENG","playtime":2517,"items_purged":["Strike_B","Strike_B"],"score":952,"play_id":"43dd2b0c-06fe-4ec5-bbd3-1be3396675bc","local_time":"20210126212332","is_ascension_mode":true,"campfire_choices":[{"data":"Coolheaded","floor":6,"key":"SMITH"},{"data":"Compile Driver","floor":11,"key":"SMITH"},{"floor":15,"key":"REST"},{"data":"Stack","floor":23,"key":"SMITH"},{"data":"Echo Form","floor":25,"key":"SMITH"},{"data":"Compile Driver","floor":27,"key":"SMITH"},{"floor":32,"key":"REST"},{"data":"Dark Shackles","floor":41,"key":"SMITH"},{"data":"Reboot","floor":44,"key":"SMITH"},{"floor":49,"key":"REST"}],"circlet_count":0,"master_deck":["Strike_B","Strike_B","Defend_B","Defend_B","Defend_B","Zap","Dualcast","Coolheaded+1","Storm","Cold Snap","Gash","Reboot+1","Compile Driver+1","FTL","Stack+1","Echo Form+1","Darkness+1","Compile Driver+1","Shame","Compile Driver+1","Stack+1","Static Discharge+1","Ball Lightning+1","Gash","Conserve Battery","Electrodynamics","Gash+1","Writhe","Dark Shackles+1","Gash+1","Gash+1","Conserve Battery+1","Blizzard"],"relics":["Cracked Core","Du-Vu Doll","Nunchaku","Toy Ornithopter","WarpedTongs","Mummified Hand","Sozu","Juzu Bracelet","PreservedInsect","Eternal Feather","Question Card","SlaversCollar","Lantern","Orichalcum","Bag of Preparation","Calipers","Bronze Scales"],"acts_visited":["Exordium","TheCity","TheBeyond"],"potions_floor_usage":[7,13,13],"damage_taken":[{"damage":2,"enemies":"Jaw Worm","floor":1,"turns":4},{"damage":1,"enemies":"2 Louse","floor":2,"turns":2},{"damage":0,"enemies":"Cultist","floor":4,"turns":4},{"damage":0,"enemies":"Large Slime","floor":5,"turns":5},{"damage":15,"enemies":"3 Sentries","floor":7,"turns":12},{"damage":8,"enemies":"Red Slaver","floor":8,"turns":5},{"damage":24,"enemies":"Lagavulin","floor":13,"turns":3},{"damage":3,"enemies":"2 Fungi Beasts","floor":14,"turns":4},{"damage":29,"enemies":"Hexaghost","floor":16,"turns":10},{"damage":11,"enemies":"Chosen","floor":18,"turns":4},{"damage":27,"enemies":"Shell Parasite","floor":19,"turns":3},{"damage":33,"enemies":"Book of Stabbing","floor":24,"turns":6},{"damage":20,"enemies":"Shelled Parasite and Fungi","floor":29,"turns":4},{"damage":2,"enemies":"Chosen and Byrds","floor":30,"turns":5},{"damage":38,"enemies":"Champ","floor":33,"turns":10},{"damage":4,"enemies":"Orb Walker","floor":35,"turns":3},{"damage":15,"enemies":"3 Shapes","floor":36,"turns":4},{"damage":34,"enemies":"Reptomancer","floor":40,"turns":4},{"damage":0,"enemies":"Giant Head","floor":42,"turns":5},{"damage":34,"enemies":"Jaw Worm Horde","floor":45,"turns":3},{"damage":0,"enemies":"Nemesis","floor":47,"turns":5},{"damage":19,"enemies":"Transient","floor":48,"turns":5},{"damage":43,"enemies":"Donu and Deca","floor":50,"turns":7}],"seed_played":"-7698781937442920408","potions_obtained":[{"floor":2,"key":"EssenceOfSteel"},{"floor":4,"key":"SkillPotion"},{"floor":7,"key":"AttackPotion"}],"is_trial":false,"path_per_floor":["M","M","?","M","M","R","E","M","T","?","R","$","E","M","R","B",null,"M","M","T","?","$","R","E","R","T","R","?","M","M","$","R","B",null,"M","M","?","?","?","E","R","E","T","R","M","$","E","M","R","B",null],"character_chosen":"DEFECT","items_purchased":["FTL","PreservedInsect","Compile Driver","Gash","Conserve Battery","Calipers"],"campfire_rested":3,"item_purchase_floors":[12,22,22,31,31,46],"current_hp_per_floor":[80,79,54,54,54,54,39,31,31,31,31,31,17,14,38,9,82,71,44,44,44,44,44,11,23,23,35,35,15,13,13,52,14,82,78,63,82,82,82,48,63,63,63,81,47,47,47,28,70,27],"gold":55,"neow_bonus":"TEN_PERCENT_HP_BONUS","is_daily":false,"chose_seed":false,"campfire_upgraded":7,"win_rate":0.0,"timestamp":1611703412,"path_taken":["M","M","?","M","M","R","E","M","T","?","R","$","E","M","R","BOSS","M","M","?","?","$","R","E","R","T","R","?","M","M","?","R","BOSS","M","M","?","?","?","E","R","E","T","R","M","$","E","M","R","BOSS"],"items_purchased_type":["Card","Relic","Card","Card","Card","Relic"],"build_version":"2020-12-22","purchased_purges":2,"victory":true,"max_hp_per_floor":[82,82,82,82,82,82,82,82,82,82,82,82,82,82,82,82,82,82,82,82,82,82,82,82,82,82,82,82,82,82,82,82,82,82,82,82,82,82,82,82,82,82,82,82,82,82,82,82,82,82],"card_choices":[{"not_picked":["Go for the Eyes","Rebound"],"picked":"Coolheaded","floor":1},{"not_picked":["BootSequence","Fission"],"picked":"Storm","floor":2},{"not_picked":["Compile Driver","Darkness"],"picked":"Cold Snap","floor":4},{"not_picked":["Melter","Glacier"],"picked":"Gash","floor":5},{"not_picked":["Doom and Gloom","Beam Cell"],"picked":"Reboot","floor":7},{"not_picked":["Sweeping Beam","Steam"],"picked":"Compile Driver","floor":8},{"not_picked":["Force Field","Leap"],"picked":"Stack","floor":13},{"not_picked":["Force Field","Lockon","Aggregate"],"picked":"SKIP","floor":14},{"not_picked":["Fission","Biased Cognition"],"picked":"Echo Form","floor":16},{"not_picked":["Ball Lightning","Steam"],"picked":"Darkness+1","floor":18},{"not_picked":["Hologram","Leap"],"picked":"Compile Driver+1","floor":19},{"not_picked":["Steam","Storm"],"picked":"Stack+1","floor":24},{"not_picked":["Streamline","Force Field","Rebound"],"picked":"Static Discharge+1","floor":29},{"not_picked":["Amplify","Conserve Battery","Coolheaded"],"picked":"Ball Lightning+1","floor":30},{"not_picked":["Rainbow","All For One","Reboot"],"picked":"Electrodynamics","floor":33},{"not_picked":["Hologram","Beam Cell","Turbo+1"],"picked":"Gash+1","floor":35},{"not_picked":["Steam Power+1","Steam+1","Auto Shields","Barrage"],"picked":"SKIP","floor":36},{"not_picked":["Blind","Finesse","Impatience"],"picked":"Dark Shackles","floor":38},{"not_picked":["Ball Lightning","Redo+1","Barrage","Reboot"],"picked":"SKIP","floor":40},{"not_picked":["Turbo","Biased Cognition","Coolheaded"],"picked":"Gash+1","floor":42},{"not_picked":["Undo+1","Auto Shields","Defragment+1"],"picked":"Gash+1","floor":45},{"not_picked":["Multi-Cast","Cold Snap+1","Barrage+1"],"picked":"Conserve Battery+1","floor":47},{"not_picked":["Chaos+1","Steam+1","Conserve Battery"],"picked":"Blizzard","floor":48}],"player_experience":151931,"relics_obtained":[{"floor":7,"key":"Nunchaku"},{"floor":9,"key":"Toy Ornithopter"},{"floor":13,"key":"Mummified Hand"},{"floor":20,"key":"Juzu Bracelet"},{"floor":24,"key":"Eternal Feather"},{"floor":26,"key":"Question Card"},{"floor":40,"key":"Lantern"},{"floor":42,"key":"Orichalcum"},{"floor":43,"key":"Bag of Preparation"},{"floor":47,"key":"Bronze Scales"}],"event_choices":[{"damage_healed":0,"gold_gain":0,"player_choice":"Success","damage_taken":25,"relics_obtained":["Du-Vu Doll"],"max_hp_gain":0,"max_hp_loss":0,"event_name":"Scrap Ooze","floor":3,"gold_loss":0},{"damage_healed":0,"gold_gain":0,"player_choice":"Rummage","damage_taken":0,"relics_obtained":["WarpedTongs"],"max_hp_gain":0,"max_hp_loss":0,"event_name":"Accursed Blacksmith","floor":10,"gold_loss":0,"cards_obtained":["Pain"]},{"damage_healed":0,"gold_gain":0,"cards_transformed":["Pain"],"player_choice":"Transformed","damage_taken":0,"max_hp_gain":0,"max_hp_loss":0,"event_name":"Transmorgrifier","floor":21,"gold_loss":0,"cards_obtained":["Shame"]},{"damage_healed":0,"gold_gain":0,"player_choice":"Got Potions","damage_taken":0,"max_hp_gain":0,"max_hp_loss":0,"event_name":"Lab","floor":28,"gold_loss":0},{"damage_healed":21,"gold_gain":0,"player_choice":"Writhe","damage_taken":0,"max_hp_gain":0,"max_hp_loss":0,"event_name":"Winding Halls","floor":37,"gold_loss":0,"cards_obtained":["Writhe"]},{"damage_healed":0,"gold_gain":0,"player_choice":"Memory 1","damage_taken":0,"max_hp_gain":0,"max_hp_loss":0,"event_name":"SensoryStone","floor":38,"gold_loss":0},{"cards_removed":["Defend_B"],"damage_healed":0,"gold_gain":0,"player_choice":"Removed Skill","damage_taken":0,"max_hp_gain":0,"max_hp_loss":0,"event_name":"Falling","floor":39,"gold_loss":0}],"is_beta":false,"boss_relics":[{"not_picked":["Fusion Hammer","Runic Pyramid"],"picked":"Sozu"},{"not_picked":["Snecko Eye","Empty Cage"],"picked":"SlaversCollar"}],"items_purged_floors":[12,31],"is_endless":false,"potions_floor_spawned":[2,4,7,29,33,42,47,48],"ascension_level":3}}