{"host":"yqw1zpryoutrnocq","time":1611668514,"event":{"mods":["2.2 Compatiblity","AchievementEnabler","BaseMod","Colored Map","Custom Start","DeckTracker","Minty Spire (QoL Compilation)","Replay The Spire","StSLib","SuperFastMode"],"gold_per_floor":[111,131,147,163,176,201,233,245,245],"floor_reached":8,"language":"KOR","playtime":231,"items_purged":[],"score":65,"play_id":"e2fe000f-299b-4106-9335-526f59392300","local_time":"20210126074154","is_ascension_mode":true,"campfire_choices":[],"circlet_count":0,"master_deck":["Strike_B","Strike_B","Strike_B","Strike_B","Defend_B","Defend_B","Defend_B","Defend_B","Zap","Dualcast","Coolheaded","Cold Snap","Coolheaded","Electrodynamics","BasicCrystalCard","ReplayTheSpireMod:Repulse","Coolheaded"],"relics":["Cracked Core","NeowsBlessing","MawBank"],"acts_visited":["Exordium"],"potions_floor_usage":[6,8],"damage_taken":[{"damage":0,"enemies":"2 Louse","floor":1,"turns":1},{"damage":0,"enemies":"Jaw Worm","floor":2,"turns":1},{"damage":0,"enemies":"Cultist","floor":3,"turns":1},{"damage":0,"enemies":"Exordium Wildlife","floor":4,"turns":3},{"damage":8,"enemies":"Blue Slaver","floor":5,"turns":5},{"damage":58,"enemies":"Gremlin Nob","floor":6,"turns":6},{"damage":0,"enemies":"Large Slime","floor":7,"turns":5},{"damage":14,"enemies":"3 Sentries","floor":8,"turns":2}],"seed_played":"7898541082608940511","potions_obtained":[{"floor":2,"key":"PotionOfCapacity"},{"floor":3,"key":"Block Potion"},{"floor":4,"key":"Elixir"}],"is_trial":false,"path_per_floor":["M","M","M","M","M","E","M","E"],"character_chosen":"DEFECT","items_purchased":[],"campfire_rested":0,"item_purchase_floors":[],"current_hp_per_floor":[75,75,75,75,67,9,9,0,0],"gold":245,"neow_bonus":"THREE_ENEMY_KILL","is_daily":false,"chose_seed":false,"campfire_upgraded":0,"win_rate":0.0,"timestamp":1611668514,"path_taken":["M","M","M","M","M","E","M","E"],"items_purchased_type":[],"build_version":"2020-12-22","purchased_purges":0,"victory":false,"max_hp_per_floor":[75,75,75,75,75,75,75,75,75],"card_choices":[{"not_picked":["Steam","Barrage"],"picked":"Coolheaded","floor":1},{"not_picked":["Steam Power","Turbo"],"picked":"Cold Snap","floor":2},{"not_picked":["Static Discharge","Conserve Battery"],"picked":"Coolheaded","floor":3},{"not_picked":["Doom and Gloom","Ball Lightning"],"picked":"Electrodynamics","floor":4},{"not_picked":["Beam Cell","Go for the Eyes"],"picked":"BasicCrystalCard","floor":5},{"not_picked":["Gash","Biased Cognition"],"picked":"ReplayTheSpireMod:Repulse","floor":6},{"not_picked":["BasicCrystalCard","Rebound"],"picked":"Coolheaded","floor":7}],"player_experience":226889,"relics_obtained":[{"floor":6,"key":"MawBank"}],"event_choices":[],"is_beta":false,"boss_relics":[],"items_purged_floors":[],"is_endless":false,"potions_floor_spawned":[2,3,4],"killed_by":"3 Sentries","ascension_level":1}}