{"host":"6xsbn6ynqlzwllfm","time":1611693596,"event":{"mods":["2.2 Compatiblity","BaseMod","Bestiary","Colored Map","Colored Powertips","Curses Come First","Highlight Path","Keyboard Shortcuts","Minty Spire (QoL Compilation)","Relic Stats","Slay the Relics Exporter","StSLib","SuperFastMode"],"gold_per_floor":[99,64,64,64,24,24,24,24,24,4,4,4,4,4,4,4,4,4,0,0,0,0,0,0,0],"floor_reached":24,"language":"ENG","playtime":732,"items_purged":[],"score":494,"play_id":"0a69b661-209f-4e63-b931-96b9402d8c99","local_time":"20210126153956","is_ascension_mode":true,"campfire_choices":[{"data":"Whirlwind","floor":6,"key":"SMITH"},{"data":"Perfected Strike","floor":15,"key":"SMITH"},{"data":"Evolve","floor":23,"key":"SMITH"}],"circlet_count":0,"master_deck":["AscendersBane","Strike_R","Strike_R","Strike_R","Strike_R","Strike_R","Defend_R","Defend_R","Defend_R","Defend_R","Bash","Perfected Strike+1","Whirlwind+1","Thunderclap","Uppercut","Evolve+1","Pommel Strike","Perfected Strike","Impervious","Fire Breathing","Ghostly","Ghostly","Ghostly"],"relics":["Ectoplasm","PreservedInsect","Toy Ornithopter","Ancient Tea Set","Calipers","Mark of Pain"],"acts_visited":["Exordium","TheCity"],"potions_floor_usage":[7,14,16,16,18],"damage_taken":[{"damage":12,"enemies":"Jaw Worm","floor":1,"turns":3},{"damage":1,"enemies":"2 Louse","floor":3,"turns":3},{"damage":0,"enemies":"Cultist","floor":4,"turns":2},{"damage":11,"enemies":"3 Sentries","floor":7,"turns":7},{"damage":5,"enemies":"Red Slaver","floor":8,"turns":2},{"damage":8,"enemies":"Looter","floor":10,"turns":2},{"damage":8,"enemies":"Gremlin Nob","floor":11,"turns":3},{"damage":11,"enemies":"Blue Slaver","floor":12,"turns":3},{"damage":0,"enemies":"3 Louse","floor":13,"turns":1},{"damage":0,"enemies":"3 Sentries","floor":14,"turns":2},{"damage":43,"enemies":"The Guardian","floor":16,"turns":8},{"damage":16,"enemies":"3 Byrds","floor":18,"turns":4},{"damage":17,"enemies":"2 Thieves","floor":19,"turns":4},{"damage":0,"enemies":"Snake Plant","floor":21,"turns":2},{"damage":2,"enemies":"Centurion and Healer","floor":22,"turns":5},{"damage":27,"enemies":"Gremlin Leader","floor":24,"turns":2}],"seed_played":"8792566577171282562","potions_obtained":[{"floor":5,"key":"EssenceOfSteel"},{"floor":5,"key":"Energy Potion"},{"floor":7,"key":"SmokeBomb"},{"floor":8,"key":"LiquidBronze"},{"floor":14,"key":"PowerPotion"},{"floor":16,"key":"AttackPotion"},{"floor":19,"key":"FearPotion"}],"is_trial":false,"path_per_floor":["M","?","M","M","?","R","E","M","T","M","E","M","M","E","R","B",null,"M","M","?","M","M","R","E"],"character_chosen":"IRONCLAD","items_purchased":[],"campfire_rested":0,"item_purchase_floors":[],"current_hp_per_floor":[56,74,73,73,73,73,62,57,57,49,41,30,30,35,35,2,57,46,29,29,29,27,27,0,0],"gold":0,"neow_bonus":"BOSS_RELIC","is_daily":false,"chose_seed":false,"campfire_upgraded":3,"win_rate":0.0,"timestamp":1611693596,"path_taken":["M","?","M","M","?","R","E","M","T","M","E","?","M","E","R","BOSS","M","M","?","M","M","R","E"],"items_purchased_type":[],"build_version":"2020-12-22","purchased_purges":0,"victory":false,"max_hp_per_floor":[75,75,75,75,75,75,75,75,75,75,75,75,75,75,75,75,75,75,75,37,37,37,37,37,37],"relic_stats":{"counters":[16,53],"Ectoplasm":390,"PreservedInsect":111,"obtain_stats":[{"Calipers":14,"Ectoplasm":0,"PreservedInsect":7,"Mark of Pain":17,"Ancient Tea Set":11,"Burning Blood":0,"Toy Ornithopter":9},{"Calipers":10,"Ectoplasm":0,"PreservedInsect":4,"Mark of Pain":11,"Ancient Tea Set":7,"Burning Blood":0,"Toy Ornithopter":5},{"Calipers":28,"Ectoplasm":0,"PreservedInsect":15,"Mark of Pain":36,"Ancient Tea Set":22,"Burning Blood":0,"Toy Ornithopter":17}],"Toy Ornithopter":20},"card_choices":[{"not_picked":["Headbutt","Twin Strike"],"picked":"Perfected Strike","floor":1},{"not_picked":["Fire Breathing","Second Wind"],"picked":"Whirlwind","floor":3},{"not_picked":["Body Slam","Clash"],"picked":"Thunderclap","floor":4},{"not_picked":["Blood for Blood","Wild Strike"],"picked":"Uppercut","floor":7},{"not_picked":["Rage","Armaments","Clothesline"],"picked":"SKIP","floor":8},{"not_picked":["Warcry","Rupture"],"picked":"Evolve","floor":10},{"not_picked":["Evolve","Ghostly Armor"],"picked":"Pommel Strike","floor":11},{"not_picked":["Armaments","Exhume"],"picked":"Perfected Strike","floor":12},{"not_picked":["Metallicize","Flex","Sever Soul"],"picked":"SKIP","floor":13},{"not_picked":["Rage","Clothesline","Carnage"],"picked":"SKIP","floor":14},{"not_picked":["Bludgeon","Exhume"],"picked":"Impervious","floor":16},{"not_picked":["Perfected Strike","Clothesline"],"picked":"Fire Breathing","floor":18},{"not_picked":["Sword Boomerang","Rage","Clash"],"picked":"SKIP","floor":19}],"player_experience":1139831,"relics_obtained":[{"floor":7,"key":"PreservedInsect"},{"floor":9,"key":"Toy Ornithopter"},{"floor":11,"key":"Ancient Tea Set"},{"floor":14,"key":"Calipers"}],"event_choices":[{"damage_healed":18,"gold_gain":0,"player_choice":"Healed","damage_taken":0,"max_hp_gain":0,"max_hp_loss":0,"event_name":"The Cleric","floor":2,"gold_loss":35},{"damage_healed":0,"gold_gain":0,"player_choice":"Bought 3 Potions","damage_taken":0,"max_hp_gain":0,"max_hp_loss":0,"event_name":"The Woman in Blue","floor":5,"gold_loss":0},{"damage_healed":0,"gold_gain":0,"player_choice":"Became a Ghost","damage_taken":0,"max_hp_gain":0,"max_hp_loss":38,"event_name":"Ghosts","floor":20,"gold_loss":0,"cards_obtained":["Ghostly","Ghostly","Ghostly"]}],"is_beta":false,"boss_relics":[{"not_picked":["SacredBark","Pandora\u0027s Box"],"picked":"Mark of Pain"}],"items_purged_floors":[],"is_endless":false,"potions_floor_spawned":[7,8,10,11,14,16,19],"killed_by":"Gremlin Leader","ascension_level":20}}