{"host":"7k2a2omxz3voj5ax","time":1611671885,"event":{"mods":["BaseMod","Marisa£¨ìFÓê¡¡Ä§ÀíÉ³£©","Minty Spire (QoL Compilation)","Quick Restart","Spicy Shops","StSLib","Starting Relic: Pandora\u0027s Box","Yakumo Yukari mod","¡¾ÒÅÎï¿¨ÅÆ¡¿REMEMod","óô»ðÖ¸ÄÏ"],"gold_per_floor":[134,0,20,38,38,58,1407,1444,1472,1484,1519,1531,1543,1570,1605,1184,517,540,90,211,211,234,69,88,88,112,146,146,166,192,102,138,157,157,177,177,298,298,317,650,650,199,213,213,229,245,245,256,276,311,366,380,49,49,49,49,49,75,75],"floor_reached":60,"language":"ZHS","playtime":3832,"items_purged":["Doubt","Regret","Observe_purple_1","Shame","Mirror_FormAndEmptin_purple","RuleDissolution_purple+1","OpenedBox_purple"],"score":1472,"play_id":"a90b057a-0c01-4566-89cd-ed4268bad5ea","local_time":"20210126233805","is_ascension_mode":false,"campfire_choices":[{"data":"Human_Monster_Realm_purple","floor":36.0,"key":"SMITH"},{"floor":44.0,"key":"RECALL"}],"circlet_count":0,"master_deck":["Observe_purple_2","WorldDissolvedintheRealm_purple+1","MeetDecomposer_purple+1","MonsterNeedle_purple","Barricade+1","StateErode_purple+1","Boundary_DreamRealityDamnation_purple+1","OpenedBox_purple","DimensionStaggered_purple","CommonSense_AntiCommonSense_purple+1","Fancifulhole_purple+1","Apotheosis+1","ExternalForce_HighSpeedFlying_purple+1","WangLiang_LineAndCurveDreams_purple+1","Human_Monster_Realm_purple+1","LoveAcrossDimensions_purple+1","Fantasy_PerpetualMotionMachine_purple+1","LoveAcrossDimensions_purple+1","LoveAcrossDimensions_purple+1","Extrememeaning_purpleEX+1","Boundary_LifeAndDeath_purple","CommonSense_AntiCommonSense_purple+1","CommonSense_AntiCommonSense_purple+1"],"relics":["Boundary_crack","Memoryfragments_purpleEX","REME_ComplimentaryCards","NeowsBlessing","TheAbacus","Sling","ThegodofHakurei_purpleEX","Medical Kit","Gremlin Horn","MawBank","Girya","Whetstone","Frozen Egg 2","Mango","Bag of Preparation","Mummified Hand","War Paint","Molten Egg 2","Runic Pyramid","Nilry\u0027s Codex","Dream Catcher","Lantern","Bag of Marbles","Fusion Hammer","DollysMirror","Toy Ornithopter","CatCart","Bottled Lightning","Boot"],"acts_visited":["Exordium","TheCity","TheBeyond","TheEnding"],"potions_floor_usage":[59],"damage_taken":[{"damage":0.0,"enemies":"Jaw Worm","floor":1.0,"turns":1.0},{"damage":0.0,"enemies":"Small Slimes","floor":3.0,"turns":2.0},{"damage":0.0,"enemies":"Cultist","floor":4.0,"turns":1.0},{"damage":3.0,"enemies":"2 Fungi Beasts","floor":6.0,"turns":2.0},{"damage":21.0,"enemies":"Lagavulin","floor":8.0,"turns":4.0},{"damage":11.0,"enemies":"3 Louse","floor":9.0,"turns":3.0},{"damage":13.0,"enemies":"Red Slaver","floor":14.0,"turns":3.0},{"damage":0.0,"enemies":"Looter","floor":15.0,"turns":2.0},{"damage":0.0,"enemies":"Exordium Thugs","floor":18.0,"turns":1.0},{"damage":0.0,"enemies":"The Guardian","floor":20.0,"turns":5.0},{"damage":19.0,"enemies":"2 Thieves","floor":22.0,"turns":3.0},{"damage":0.0,"enemies":"Shell Parasite","floor":24.0,"turns":3.0},{"damage":10.0,"enemies":"Snake Plant","floor":26.0,"turns":3.0},{"damage":15.0,"enemies":"Book of Stabbing","floor":27.0,"turns":3.0},{"damage":0.0,"enemies":"3 Cultists","floor":29.0,"turns":1.0},{"damage":12.0,"enemies":"REME_1_Revenger","floor":32.0,"turns":2.0},{"damage":0.0,"enemies":"Snecko","floor":33.0,"turns":3.0},{"damage":0.0,"enemies":"Centurion and Healer","floor":35.0,"turns":2.0},{"damage":0.0,"enemies":"Collector","floor":37.0,"turns":3.0},{"damage":0.0,"enemies":"3 Darklings","floor":39.0,"turns":1.0},{"damage":0.0,"enemies":"3 Shapes","floor":43.0,"turns":2.0},{"damage":0.0,"enemies":"Maw","floor":45.0,"turns":4.0},{"damage":0.0,"enemies":"3 Darklings","floor":46.0,"turns":2.0},{"damage":0.0,"enemies":"Transient","floor":48.0,"turns":5.0},{"damage":0.0,"enemies":"4 Shapes","floor":49.0,"turns":1.0},{"damage":25.0,"enemies":"Reptomancer","floor":50.0,"turns":3.0},{"damage":0.0,"enemies":"Orin","floor":51.0,"turns":2.0},{"damage":0.0,"enemies":"Writhing Mass","floor":52.0,"turns":1.0},{"damage":52.0,"enemies":"Time Eater","floor":54.0,"turns":7.0},{"damage":7.0,"enemies":"Shield and Spear","floor":58.0,"turns":3.0},{"damage":83,"enemies":"The Heart","floor":59,"turns":7}],"seed_played":"7605528264717551231","potions_obtained":[{"floor":1.0,"key":"REME_GoldPotion"},{"floor":4.0,"key":"Energy Potion"},{"floor":9.0,"key":"PowerPotion"},{"floor":15.0,"key":"BlessingOfTheForge"},{"floor":20.0,"key":"EntropicBrew"},{"floor":22.0,"key":"DistilledChaos"},{"floor":29.0,"key":"DistilledChaos"},{"floor":46.0,"key":"SkillPotion"}],"is_trial":false,"path_per_floor":["M","$","M","M","?","M","R","E","M","?","T","T","?","M","M","R","$","M","R","B",null,"M","$","M","?","M","E","?","M","T","?","E","M","?","M","R","B",null,"M","?","?","$","M","R","M","M","T","M","M","E","?","M","R","B",null,"R","$","E","B",null],"character_chosen":"Youkari","items_purchased":["TheAbacus","Boundary_DreamRealityDamnation_purple","Sling","ThegodofHakurei_purpleEX","Medical Kit","Gremlin Horn","MawBank","Mango","Bag of Preparation","CommonSense_AntiCommonSense_purple+1","Mummified Hand","War Paint","Molten Egg 2","Apotheosis","Fantasy_PerpetualMotionMachine_purple+1","DollysMirror","Bottled Lightning","CommonSense_AntiCommonSense_purple+1"],"campfire_rested":0,"item_purchase_floors":[2,7,7,7,7,7,7,16,16,17,17,17,19,23,42,42,53,53],"current_hp_per_floor":[70,70,70,70,70,69,69,51,43,26,26,26,26,18,24,38,38,40,40,43,84,70,70,75,59,50,40,40,41,41,41,32,37,37,42,42,47,84,84,84,84,84,84,84,84,84,84,84,84,61,64,64,64,13,84,84,84,79,1],"gold":75,"neow_bonus":"THREE_ENEMY_KILL","is_daily":false,"chose_seed":false,"campfire_upgraded":1,"win_rate":0.0,"timestamp":1611671885,"path_taken":["M","$","M","M","?","M","R","E","M","?","T","T","?","?","M","R","?","M","R","BOSS","M","$","M","?","M","E","?","M","T","?","E","?","?","M","R","BOSS","M","?","?","$","?","R","M","M","T","M","M","E","?","M","R","BOSS","R","$","E","BOSS"],"items_purchased_type":["Relic","Card","Relic","Relic","Relic","Relic","Relic","Relic","Relic","Card","Relic","Relic","Relic","Card","Card","Relic","Relic","Card"],"build_version":"2020-12-22","purchased_purges":7,"victory":true,"max_hp_per_floor":[70,70,70,70,70,70,70,70,70,70,70,70,70,70,70,84,84,84,84,84,84,84,84,84,84,84,84,84,84,84,84,84,84,84,84,84,84,84,84,84,84,84,84,84,84,84,84,84,84,84,84,84,84,84,84,84,84,84,84],"card_choices":[{"not_picked":["Nest_LightFlightworm_purple","Realm_recovery_purpleEX","StateDuplicate_purple"],"picked":"SKIP","floor":1.0},{"not_picked":["Nest_LightFlightworm_purple","SharpContractionReality_purple","RuleDissolution_purple"],"picked":"SKIP","floor":3.0},{"not_picked":["Mirror_FormAndEmptin_purple","WatchEChange_purple","Umbrella_purple"],"picked":"SKIP","floor":4.0},{"not_picked":["SharpContractionReality_purple","AdvanceAttack_purple"],"picked":"StateErode_purple","floor":6.0},{"not_picked":["SharpContractionReality_purple","Umbrella_purple"],"picked":"OpenedBox_purple","floor":8.0},{"not_picked":["Boundary_DreamRealityDamnation_purple","ExternalForce_HighSpeedFlying_purple","WingOfChimera_purple"],"picked":"SKIP","floor":9.0},{"not_picked":["SharpContractionReality_purple","RuleDissolution_purple","Bait_Toxicbait_purple"],"picked":"SKIP","floor":14.0},{"not_picked":["PurpleNeedle_purple","Boundary_LifeAndDeath_purple"],"picked":"DimensionStaggered_purple","floor":15.0},{"not_picked":["MonsterNeedle_purple","PurpleNeedle_purple","WorldDissolvedintheRealm_purple"],"picked":"SKIP","floor":18.0},{"not_picked":["Price_of_realm_purpleEX","Mirror_TwoAndThreeElementRealm_purple"],"picked":"Fancifulhole_purple+1","floor":20.0},{"not_picked":["MetroBOOM_purple","Shallow_ocean_purpleEX+1","DimensionStaggered_purple"],"picked":"SKIP","floor":22.0},{"not_picked":["WeekHit_purple+1","Anti_communist_purple","StateDuplicate_purple"],"picked":"SKIP","floor":24.0},{"not_picked":["Mirror_FormAndEmptin_purple","StateDuplicate_purple","Worldmountain_purple+1"],"picked":"SKIP","floor":26.0},{"not_picked":["Mirror_FormAndEmptin_purple","Umbrella_purple+1","Boundary_of_Extermination_purpleEX+1"],"picked":"SKIP","floor":27.0},{"not_picked":["PurpleNeedle_purple+1","Boundary_DreamRealityDamnation_purple+1"],"picked":"WangLiang_LineAndCurveDreams_purple+1","floor":29.0},{"not_picked":["Realm_recovery_purpleEX","StateDuplicate_purple","Mirror_FormAndEmptin_purple"],"picked":"SKIP","floor":32.0},{"not_picked":["Photoelasticity_Doppler_Effect_purple+1","StateErode_purple+1","MeetDecomposer_purple"],"picked":"SKIP","floor":33.0},{"not_picked":["Photoelasticity_Doppler_Effect_purple+1","StateErode_purple+1","MeetDecomposer_purple"],"picked":"SKIP","floor":33.0},{"not_picked":["Realm_recovery_purpleEX","CommonSense_AntiCommonSense_purple+1"],"picked":"Human_Monster_Realm_purple","floor":35.0},{"not_picked":["ContainerChange_purple+1","BarrageBoundary_PipeDream_purple+1"],"picked":"LoveAcrossDimensions_purple+1","floor":37.0},{"not_picked":["SfantasyHide_purple","Boundary_DreamRealityDamnation_purple+1","PositiveMatter_Antimatter_Universe_purple+1"],"picked":"SKIP","floor":39.0},{"not_picked":["PositiveMatter_Antimatter_Universe_purple","Realm_recovery_purpleEX+1","Charmbait_purple+1"],"picked":"SKIP","floor":43.0},{"not_picked":["SharpContractionReality_purple+1","RuleDissolution_purple+1"],"picked":"LoveAcrossDimensions_purple+1","floor":45.0},{"not_picked":["Realm_recovery_purpleEX","StateErode_purple+1","Nest_LightFlightworm_purple+1"],"picked":"SKIP","floor":46.0},{"not_picked":["Mirror_FourBoundary_purple+1","SfantasyHide_purple+1"],"picked":"Extrememeaning_purpleEX+1","floor":48.0},{"not_picked":["DimensionStaggered_purple","Worldmountain_purple+1","SfantasyHide_purple"],"picked":"SKIP","floor":49.0},{"not_picked":["StretchesForeverDream_purple+1","DarkRealmRedLine_purple+1"],"picked":"Boundary_LifeAndDeath_purple","floor":50.0},{"not_picked":["PositiveMatter_Antimatter_Universe_purple","Line_surface_state_purple+1"],"picked":"CommonSense_AntiCommonSense_purple+1","floor":52.0},{"not_picked":["WeekHit_purple+1","Realm_recovery_purpleEX","Mirror_FormAndEmptin_purple"],"picked":"SKIP","floor":58.0}],"player_experience":508898,"relics_obtained":[{"floor":8.0,"key":"Girya"},{"floor":11.0,"key":"Whetstone"},{"floor":12.0,"key":"Frozen Egg 2"},{"floor":25.0,"key":"Nilry\u0027s Codex"},{"floor":27.0,"key":"Dream Catcher"},{"floor":30.0,"key":"Lantern"},{"floor":32.0,"key":"Bag of Marbles"},{"floor":50.0,"key":"Toy Ornithopter"},{"floor":51.0,"key":"CatCart"},{"floor":58.0,"key":"Boot"}],"event_choices":[{"damage_healed":0.0,"max_hp_gain":0.0,"max_hp_loss":0.0,"gold_gain":0.0,"event_name":"Living Wall","player_choice":"Grow","floor":5.0,"gold_loss":0.0,"damage_taken":0.0,"cards_upgraded":["Barricade"]},{"damage_healed":0.0,"max_hp_gain":0.0,"max_hp_loss":0.0,"gold_gain":0.0,"event_name":"Golden Idol","player_choice":"Take Damage","floor":10.0,"gold_loss":0.0,"damage_taken":17.0,"relics_obtained":["Golden Idol"]},{"damage_healed":0.0,"max_hp_gain":0.0,"max_hp_loss":0.0,"gold_gain":0.0,"event_name":"Liars Game","player_choice":"Ignored","floor":13.0,"gold_loss":0.0,"damage_taken":0.0},{"damage_healed":0.0,"max_hp_gain":0.0,"max_hp_loss":0.0,"gold_gain":0.0,"event_name":"Cursed Tome","player_choice":"Obtained Book","floor":25.0,"gold_loss":0.0,"damage_taken":16.0},{"damage_healed":0.0,"max_hp_gain":0.0,"max_hp_loss":0.0,"gold_gain":0.0,"cards_transformed":["Mirror_FormAndEmptin_purple","RuleDissolution_purple"],"event_name":"Drug Dealer","player_choice":"Became Test Subject","floor":28.0,"gold_loss":0.0,"damage_taken":0.0,"cards_obtained":["OpenedBox_purple","ExternalForce_HighSpeedFlying_purple"]},{"cards_removed":["ExternalForce_HighSpeedFlying_purple"],"damage_healed":0.0,"max_hp_gain":0.0,"max_hp_loss":0.0,"gold_gain":0.0,"event_name":"Designer","player_choice":"Upgrade and Remove","floor":31.0,"gold_loss":90.0,"damage_taken":0.0,"cards_upgraded":["WorldDissolvedintheRealm_purple"]},{"damage_healed":0.0,"max_hp_gain":0.0,"max_hp_loss":0.0,"gold_gain":0.0,"event_name":"Accursed Blacksmith","player_choice":"Forge","floor":34.0,"gold_loss":0.0,"damage_taken":0.0,"cards_upgraded":["Apotheosis"]},{"damage_healed":0.0,"max_hp_gain":0.0,"max_hp_loss":0.0,"gold_gain":333.0,"event_name":"The Moai Head","player_choice":"Gave Idol","floor":40.0,"relics_lost":["Golden Idol"],"gold_loss":0.0,"damage_taken":0.0},{"damage_healed":0.0,"max_hp_gain":0.0,"max_hp_loss":0.0,"gold_gain":0.0,"event_name":"Upgrade Shrine","player_choice":"Upgraded","floor":41.0,"gold_loss":0.0,"damage_taken":0.0,"cards_upgraded":["MeetDecomposer_purple"]},{"damage_healed":0.0,"max_hp_gain":0.0,"max_hp_loss":0.0,"gold_gain":0.0,"event_name":"OrinTheCat","player_choice":"Fight","floor":51.0,"gold_loss":0.0,"damage_taken":0.0}],"is_beta":false,"boss_relics":[{"not_picked":["Black Star","Tiny House"],"picked":"Runic Pyramid"},{"not_picked":["Empty Cage","REME_DuelDisc"],"picked":"Fusion Hammer"}],"items_purged_floors":[2,7,16,17,17,19,42],"is_endless":false,"potions_floor_spawned":[1,4,9,15,20,22,26,27,29,46,48,49],"ascension_level":0}}