{"host":"g01l53quoe6lrer0","time":1611673816,"event":{"mods":["2.2 Compatiblity","AchievementEnabler","BaseMod","Colored Map","Highlight Path","Keyboard Shortcuts","Minty Spire (QoL Compilation)","Permanent Neow","StSLib","SuperFastMode","everything is the same but u backflip on backflip"],"gold_per_floor":[19,30,48,65,75,75,85,85,85],"floor_reached":8,"language":"KOR","playtime":244,"items_purged":[],"score":96,"play_id":"4c474889-2413-4f55-ac38-ee4e3f1a98e8","local_time":"20210127001016","is_ascension_mode":true,"campfire_choices":[{"floor":6,"key":"REST"}],"circlet_count":0,"master_deck":["AscendersBane","Strike_G","Strike_G","Strike_G","Strike_G","Strike_G","Defend_G","Defend_G","Defend_G","Defend_G","Defend_G","Survivor","Neutralize","Sadistic Nature","Bane","Heel Hook","Noxious Fumes","Backflip","Unload","Blur"],"relics":["Ring of the Snake"],"acts_visited":["Exordium"],"potions_floor_usage":[4],"damage_taken":[{"damage":0,"enemies":"2 Louse","floor":1,"turns":4},{"damage":0,"enemies":"Cultist","floor":2,"turns":5},{"damage":9,"enemies":"Jaw Worm","floor":3,"turns":4},{"damage":17,"enemies":"Exordium Thugs","floor":4,"turns":4},{"damage":22,"enemies":"Gremlin Gang","floor":5,"turns":4},{"damage":16,"enemies":"Lots of Slimes","floor":7,"turns":4},{"damage":15,"enemies":"3 Sentries","floor":8,"turns":2}],"seed_played":"3081521181770907229","potions_obtained":[{"floor":3,"key":"Poison Potion"}],"is_trial":false,"path_per_floor":["M","M","M","M","M","R","M","E"],"character_chosen":"THE_SILENT","items_purchased":[],"campfire_rested":1,"item_purchase_floors":[],"current_hp_per_floor":[59,59,50,33,11,30,14,0,0],"gold":85,"neow_bonus":"RANDOM_COLORLESS_2","is_daily":false,"chose_seed":false,"campfire_upgraded":0,"win_rate":0.0,"timestamp":1611673816,"path_taken":["M","M","M","M","M","R","M","E"],"items_purchased_type":[],"build_version":"2020-12-22","purchased_purges":0,"victory":false,"max_hp_per_floor":[66,66,66,66,66,66,66,66,66],"card_choices":[{"not_picked":["Apotheosis","Thinking Ahead"],"picked":"Sadistic Nature","floor":0},{"not_picked":["Deflect","Slice"],"picked":"Bane","floor":1},{"not_picked":["Deflect","Acrobatics"],"picked":"Heel Hook","floor":2},{"not_picked":["Acrobatics","Underhanded Strike"],"picked":"Noxious Fumes","floor":3},{"not_picked":["Acrobatics","Bane"],"picked":"Backflip","floor":4},{"not_picked":["Outmaneuver","Concentrate"],"picked":"Unload","floor":5},{"not_picked":["Poisoned Stab","Backflip"],"picked":"Blur","floor":7}],"player_experience":304655,"relics_obtained":[],"event_choices":[],"is_beta":false,"boss_relics":[],"items_purged_floors":[],"is_endless":false,"potions_floor_spawned":[3],"killed_by":"3 Sentries","ascension_level":17}}