{"host":"urvvf8749ekcxo1a","time":1611634398,"event":{"mods":["AchievementEnabler","AlwaysNeverKeys","BaseMod","Better Altar","Better Sensory Stone","Better-Laid Plans","BetterRewards","Colored Powertips","Displayed Cursed Tome","Emptier Cage","Evolution","Gold Saver","Grow up Mod","Minty Spire (QoL Compilation)","Quick Restart","Rare Cards Sparkle","Relic Filter","Relic Stats","Reliquary","StSLib","SuperFastMode","The Animator","The Cursed","The Hierophant","The Servant 0.9.4","Wide Potions"],"gold_per_floor":[116,131,131,145,159,159,171,161,186,199,233,233,233,249,249,345,345,362,362,362,362,141,141,174,187,232,151,165,165,165,182,182,279,279,298,298,318,328,339,374,387,415,415,415,428,461,475,400,400,400],"floor_reached":51,"language":"ENG","playtime":1541,"items_purged":["Defend_S+1"],"score":1121,"play_id":"1cca2505-f2be-4e69-a9af-4e38c9420da3","local_time":"20210125231318","is_ascension_mode":true,"campfire_choices":[{"data":"BestPractice","floor":6,"key":"SMITH"},{"data":"SpecialFormula","floor":12,"key":"SMITH"},{"data":"MurderousAura","floor":15,"key":"SMITH"},{"data":"Hightail","floor":23,"key":"SMITH"},{"data":"FlawlessForm","floor":32,"key":"SMITH"},{"data":"InstantArmor","floor":44,"key":"SMITH"},{"data":"ForgedInTime","floor":49,"key":"SMITH"}],"circlet_count":0,"master_deck":["Spin+1","Strike_S+1","Strike_S+1","Strike_S+1","Defend_S+1","Defend_S+1","Defend_S+1","Exchange+1","GearUp","InstantArmor+1","BestPractice+1","Unruled","MurderousAura+1","SpecialFormula+1","DualDimension+1","Ricochet","FlawlessForm+1","Hightail+1","Orbit","InstantArmor+1","StarChef","ForgedInTime+1","SurpressingFire+1","InstantArmor+1","Rearm","Orbit+1","Collapse","GearUp+1"],"relics":["Uniform","EVO:Axolotl","reliquary:OuijaBoard","Matryoshka","reliquary:WritOfMandamus","Bloody Idol","Blood Vial","MutagenicStrength","DollysMirror","War Paint","Strawberry","Bronze Scales","TungstenRod","reliquary:RedPaperclip","Boot","Question Card","Ornamental Fan","reliquary:Stiletto"],"acts_visited":["Exordium","TheCity","TheBeyond"],"potions_floor_usage":[8,16,24,28,33,42],"damage_taken":[{"damage":0,"enemies":"2 Louse","floor":1,"turns":2},{"damage":1,"enemies":"Cultist","floor":2,"turns":4},{"damage":4,"enemies":"Small Slimes","floor":4,"turns":3},{"damage":0,"enemies":"2 Fungi Beasts","floor":5,"turns":3},{"damage":0,"enemies":"Blue Slaver","floor":7,"turns":2},{"damage":2,"enemies":"Exordium Thugs","floor":8,"turns":4},{"damage":2,"enemies":"Looter","floor":10,"turns":2},{"damage":16,"enemies":"Lagavulin","floor":11,"turns":5},{"damage":10,"enemies":"Blue Slaver","floor":14,"turns":4},{"damage":17,"enemies":"The Guardian","floor":16,"turns":9},{"damage":0,"enemies":"Shell Parasite","floor":18,"turns":6},{"damage":4,"enemies":"Book of Stabbing","floor":24,"turns":6},{"damage":0,"enemies":"3 Byrds","floor":25,"turns":5},{"damage":14,"enemies":"Snake Plant","floor":28,"turns":6},{"damage":0,"enemies":"3 Cultists","floor":31,"turns":5},{"damage":0,"enemies":"Champ","floor":33,"turns":10},{"damage":8,"enemies":"3 Darklings","floor":35,"turns":7},{"damage":2,"enemies":"3 Shapes","floor":37,"turns":3},{"damage":0,"enemies":"Maw","floor":38,"turns":11},{"damage":34,"enemies":"4 Shapes","floor":39,"turns":2},{"damage":0,"enemies":"Giant Head","floor":40,"turns":9},{"damage":0,"enemies":"Spire Growth","floor":41,"turns":8},{"damage":0,"enemies":"Reptomancer","floor":42,"turns":4},{"damage":0,"enemies":"Sphere and 2 Shapes","floor":45,"turns":5},{"damage":0,"enemies":"Nemesis","floor":46,"turns":8},{"damage":80,"enemies":"Transient","floor":47,"turns":5},{"damage":0,"enemies":"Donu and Deca","floor":50,"turns":10}],"seed_played":"2127450444137548313","potions_obtained":[{"floor":2,"key":"SpeedPotion"},{"floor":5,"key":"PowerPotion"},{"floor":11,"key":"BlessingOfTheForge"},{"floor":14,"key":"Dexterity Potion"},{"floor":24,"key":"SneckoOil"},{"floor":25,"key":"FearPotion"},{"floor":31,"key":"AttackPotion"},{"floor":38,"key":"Explosive Potion"},{"floor":45,"key":"FairyPotion"},{"floor":46,"key":"SpeedPotion"}],"is_trial":false,"path_per_floor":["M","M","?","M","M","R","M","M","T","M","E","R","T","M","R","B",null,"M","?","?","?","$","R","E","M","T","$","M","?","T","M","R","B",null,"M","?","M","M","M","E","M","E","T","R","M","E","M","$","R","B",null],"character_chosen":"THE_SERVANT","items_purchased":["Orbit","DollysMirror","StarChef"],"campfire_rested":0,"item_purchase_floors":[22,22,27],"current_hp_per_floor":[85,94,104,110,120,130,140,148,158,166,165,175,185,193,203,204,245,255,265,73,83,93,103,126,153,175,185,198,208,218,245,255,280,430,437,447,460,470,451,476,500,510,520,530,540,550,493,503,513,533],"gold":400,"neow_bonus":"UPGRADE_CARD","is_daily":false,"chose_seed":false,"campfire_upgraded":7,"win_rate":0.0,"timestamp":1611634398,"path_taken":["M","M","?","?","M","R","M","M","T","M","E","R","?","M","R","BOSS","M","?","?","?","?","R","E","?","T","$","M","?","?","M","R","BOSS","M","?","M","M","?","E","M","E","T","R","M","E","M","$","R","BOSS"],"items_purchased_type":["Card","Relic","Card"],"build_version":"2020-12-22","purchased_purges":1,"victory":true,"max_hp_per_floor":[85,95,105,115,125,135,145,155,165,175,185,195,205,215,225,235,245,255,265,275,285,295,305,317,329,346,356,368,378,388,400,410,420,430,440,450,460,470,480,490,500,510,520,530,540,550,560,570,580,590],"relic_stats":{"Blood Vial":18,"counters":[27,148],"Ornamental Fan":[4],"Bloody Idol":54,"Bronze Scales":[236],"War Paint":["Exchange","DualDimension"],"Boot":[106],"Question Card":3,"obtain_stats":[{"reliquary:OuijaBoard":11,"Singing Bowl":24,"Uniform":0,"EVO:Axolotl":0,"War Paint":26,"Boot":40,"Question Card":42,"Blood Vial":20,"Dream Catcher":9,"Matryoshka":13,"reliquary:RedPaperclip":34,"DollysMirror":22,"Ornamental Fan":43,"Bloody Idol":20,"MutagenicStrength":21,"Strawberry":26,"Bronze Scales":30,"reliquary:Stiletto":46,"reliquary:WritOfMandamus":17,"TungstenRod":30},{"reliquary:OuijaBoard":8,"Singing Bowl":12,"Uniform":0,"EVO:Axolotl":0,"War Paint":13,"Boot":21,"Question Card":23,"Blood Vial":11,"Dream Catcher":6,"Matryoshka":8,"reliquary:RedPaperclip":16,"DollysMirror":11,"Ornamental Fan":23,"Bloody Idol":11,"MutagenicStrength":11,"Strawberry":13,"Bronze Scales":14,"reliquary:Stiletto":25,"reliquary:WritOfMandamus":10,"TungstenRod":14},{"reliquary:OuijaBoard":25,"Singing Bowl":50,"Uniform":0,"EVO:Axolotl":0,"War Paint":55,"Boot":108,"Question Card":120,"Blood Vial":44,"Dream Catcher":18,"Matryoshka":25,"reliquary:RedPaperclip":76,"DollysMirror":44,"Ornamental Fan":120,"Bloody Idol":44,"MutagenicStrength":44,"Strawberry":55,"Bronze Scales":61,"reliquary:Stiletto":133,"reliquary:WritOfMandamus":38,"TungstenRod":61}],"TungstenRod":122},"card_choices":[{"not_picked":["DoubleEdge","Desolation"],"picked":"GearUp","floor":1},{"not_picked":["Alleviate","DoubleEdge"],"picked":"InstantArmor","floor":2},{"not_picked":["Alleviate","Starlight"],"picked":"BestPractice","floor":4},{"not_picked":["Rearm","FastForward"],"picked":"Unruled","floor":5},{"not_picked":["Unruled","Deadline"],"picked":"MurderousAura","floor":7},{"not_picked":["Defy","Replace","Foresight"],"picked":"SKIP","floor":8},{"not_picked":["ShiftingGears","Gouge"],"picked":"SpecialFormula","floor":10},{"not_picked":["Alleviate","Potential"],"picked":"DualDimension","floor":11},{"not_picked":["Starlight","BottledTime"],"picked":"Ricochet","floor":14},{"not_picked":["Duplication","LightFlow"],"picked":"FlawlessForm","floor":16},{"not_picked":["Unruled+1","ReturningBlade"],"picked":"Hightail","floor":18},{"not_picked":["DoubleEdge+1","Contraction+1","Replace"],"picked":"Singing Bowl","floor":24},{"not_picked":["FastForward+1","BottledTime","Starlight"],"picked":"Singing Bowl","floor":25},{"not_picked":["ShatteredReality+1","Spin","Replace+1"],"picked":"Singing Bowl","floor":28},{"not_picked":["Advance+1","Potential","ShiftingGears+1"],"picked":"Singing Bowl","floor":31},{"not_picked":["FlawlessForm","Dilation"],"picked":"ForgedInTime","floor":33},{"not_picked":["InstantArmor","Comet+1"],"picked":"SurpressingFire+1","floor":35},{"not_picked":["Shuttle+1","DoubleEdge"],"picked":"InstantArmor","floor":37},{"not_picked":["TimeWarp+1","Potential+1"],"picked":"Rearm","floor":38},{"not_picked":["Alleviate","DoubleEdge"],"picked":"Orbit+1","floor":39},{"not_picked":["ForgedInTime","Moonlight","Foresight+1"],"picked":"SKIP","floor":40},{"not_picked":["FastForward","Snipe"],"picked":"Collapse","floor":41},{"not_picked":["DancingSilver","ShatteredReality"],"picked":"GearUp+1","floor":42},{"not_picked":["Rearm","GearUp","Unruled+1","FastForward"],"picked":"SKIP","floor":45},{"not_picked":["Rewind+1","ShiftingGears","Replace+1","Ricochet"],"picked":"SKIP","floor":46},{"not_picked":["Moondial","Starlight","Potential+1","Foresight"],"picked":"SKIP","floor":47}],"player_experience":164171,"relics_obtained":[{"floor":9,"key":"Dream Catcher"},{"floor":11,"key":"reliquary:OuijaBoard"},{"floor":13,"key":"Matryoshka"},{"floor":24,"key":"Singing Bowl"},{"floor":26,"key":"War Paint"},{"floor":26,"key":"Strawberry"},{"floor":30,"key":"Bronze Scales"},{"floor":30,"key":"TungstenRod"},{"floor":40,"key":"Boot"},{"floor":42,"key":"Question Card"},{"floor":43,"key":"Ornamental Fan"},{"floor":46,"key":"reliquary:Stiletto"}],"event_choices":[{"damage_healed":0,"gold_gain":0,"player_choice":"Upgraded","damage_taken":0,"max_hp_gain":0,"max_hp_loss":0,"event_name":"Upgrade Shrine","floor":3,"gold_loss":0,"cards_upgraded":["InstantArmor"]},{"damage_healed":0,"gold_gain":0,"player_choice":"Simplicity","damage_taken":0,"max_hp_gain":0,"max_hp_loss":0,"event_name":"Back to Basics","floor":19,"gold_loss":0,"cards_upgraded":["Strike_S","Strike_S","Strike_S","Defend_S","Defend_S","Defend_S","Defend_S"]},{"damage_healed":0,"gold_gain":0,"player_choice":" Idol Vial ","damage_taken":202,"relics_obtained":["Bloody Idol","Blood Vial"],"max_hp_gain":265,"max_hp_loss":63,"event_name":"betterAltar:BetterAltar","floor":20,"potions_obtained":[],"relics_lost":[],"gold_loss":0},{"damage_healed":0,"gold_gain":0,"player_choice":"Inject Mutagens","damage_taken":0,"relics_obtained":["MutagenicStrength"],"max_hp_gain":0,"max_hp_loss":0,"event_name":"Drug Dealer","floor":21,"gold_loss":0},{"damage_healed":0,"gold_gain":0,"player_choice":"Ignored","damage_taken":0,"max_hp_gain":0,"max_hp_loss":0,"event_name":"Vampires","floor":29,"gold_loss":0},{"cards_removed":["KidneyShot"],"damage_healed":0,"gold_gain":0,"player_choice":"Purged","damage_taken":0,"max_hp_gain":0,"max_hp_loss":0,"event_name":"Purifier","floor":36,"gold_loss":0}],"is_beta":false,"boss_relics":[{"not_picked":["Tiny House","Sozu"],"picked":"reliquary:WritOfMandamus"},{"not_picked":["Empty Cage","Runic Dome"],"picked":"reliquary:RedPaperclip"}],"items_purged_floors":[48],"is_endless":false,"potions_floor_spawned":[2,5,11,14,24,25,31,38,40,45,46],"ascension_level":3}}