{"host":"2i0myh7fqij2ti1z","time":1611638612,"event":{"mods":["Aspiration","BaseMod","Better Third Choice","Colored Powertips","Conspire","Evolution","FoggyMod","GifTheSpireLib","Highlight Path","Hubris","Minty Spire (QoL Compilation)","Permanent Neow","Quick Restart","Random Character Button","Random Character Mod","Replay The Spire","Shop Mod","Spicy Shops","StSLib","Stuff the Spire","Wandering Minibosses","óô»ðÖ¸ÄÏ"],"gold_per_floor":[210,160,160,179,179,205,205,218,269,269,269,269],"floor_reached":11,"language":"ENG","playtime":426,"items_purged":[],"score":120,"play_id":"a75f787a-9a23-4653-ad51-ee9faf48fcbd","local_time":"20210126132332","is_ascension_mode":true,"campfire_choices":[{"data":"ReplayTheSpireMod:Strike From Hell","floor":7.0,"key":"SMITH"},{"data":"Thunderclap","floor":10.0,"key":"SMITH"}],"circlet_count":0,"master_deck":["Headbutt","Strike_R","Strike_R","Defend_R","Bash","Thunderclap+1","ReplayTheSpireMod:Strike From Hell+1","StuffTheSpire:ClusterCrunch","Crippling Poison","Catalyst","Bloodletting","Headbutt"],"relics":["EVO:Axolotl","Replay:Wanted Poster","Lantern"],"acts_visited":["Exordium"],"potions_floor_usage":[11],"damage_taken":[{"damage":1.0,"enemies":"Cultist","floor":1.0,"turns":3.0},{"damage":11.0,"enemies":"2 Louse","floor":4.0,"turns":3.0},{"damage":30.0,"enemies":"3 Sentries","floor":6.0,"turns":4.0},{"damage":18.0,"enemies":"Small Slimes","floor":8.0,"turns":2.0},{"damage":18,"enemies":"Lagavulin","floor":11,"turns":4}],"seed_played":"-7305916567975460450","potions_obtained":[{"floor":4.0,"key":"GamblersBrew"},{"floor":8.0,"key":"ColorlessPotion"}],"is_trial":false,"path_per_floor":["M","?","?","M","?","E","R","M","T","R","E"],"character_chosen":"IRONCLAD","items_purchased":[],"campfire_rested":0,"item_purchase_floors":[],"current_hp_per_floor":[79,79,79,68,68,38,38,20,20,20,2,2],"gold":269,"neow_bonus":"BOSS_RELIC","is_daily":false,"chose_seed":false,"campfire_upgraded":2,"win_rate":0.0,"timestamp":1611638612,"path_taken":["M","?","?","?","?","E","R","?","T","R","E"],"items_purchased_type":[],"build_version":"2020-12-22","purchased_purges":0,"victory":false,"max_hp_per_floor":[80,80,80,80,80,80,80,80,80,80,80,80],"card_choices":[{"not_picked":["Clash","Anger"],"picked":"Thunderclap","floor":1.0},{"not_picked":["Life Link","Sever Soul"],"picked":"ReplayTheSpireMod:Strike From Hell","floor":4.0},{"not_picked":["Whirlwind","Pommel Strike"],"picked":"Bloodletting","floor":6.0},{"not_picked":["Massacre","conspire:ExplosiveBarrier"],"picked":"Headbutt","floor":8.0}],"player_experience":267273,"relics_obtained":[{"floor":6.0,"key":"Lantern"}],"event_choices":[{"cards_removed":["Strike_R"],"damage_healed":0.0,"max_hp_gain":0.0,"max_hp_loss":0.0,"gold_gain":0.0,"event_name":"The Cleric","player_choice":"Card Removal","floor":2.0,"gold_loss":50.0,"damage_taken":0.0},{"cards_removed":["Defend_R"],"damage_healed":0.0,"max_hp_gain":0.0,"max_hp_loss":0.0,"gold_gain":0.0,"event_name":"Purifier","player_choice":"Purged","floor":3.0,"gold_loss":0.0,"damage_taken":0.0}],"is_beta":false,"boss_relics":[],"items_purged_floors":[],"is_endless":false,"potions_floor_spawned":[4,8],"killed_by":"Lagavulin","ascension_level":5}}