{"host":"zrerxgu8lagrk16e","time":1611673516,"event":{"mods":["AchievementEnabler","BaseMod","Better Altar","Better Match","Better Note","Better Sensory Stone","Better Skull","Better Third Choice","Colored Map","Colored Powertips","Minty Spire (QoL Compilation)","Permanent Neow","Quick Restart","Relic Stats","StSLib","slay the spire mod where everything is the same but ironclad has a cowboy hat"],"gold_per_floor":[116,44,62,62,0,31,50,70,145,168,199,199,229,229,229,333,333,345,345,50,70,81,81,81],"floor_reached":23,"language":"ENG","playtime":1317,"items_purged":["Regret"],"score":281,"play_id":"1e5b1b93-a399-45ae-aab6-f291949b55f3","local_time":"20210126100516","is_ascension_mode":true,"campfire_choices":[{"floor":12.0,"key":"REST"},{"floor":15.0,"key":"REST"}],"circlet_count":0,"master_deck":["Strike_P+1","Strike_P","Strike_P","Strike_P+1","Defend_P","Defend_P","Defend_P+1","Defend_P","Eruption","Vigilance","FlurryOfBlows","LessonLearned+1","BowlingBash","Discovery+1","Enlightenment","Protect+1","Worship+1","Prostrate+1","BowlingBash","Consecrate","MasterReality","FollowUp","RitualDagger","Ragnarok","Halt","Wallop"],"relics":["PureWater","NeowsBlessing","Thread and Needle","Juzu Bracelet","War Paint","Ancient Tea Set","Bronze Scales","VioletLotus","Akabeko"],"acts_visited":["TheCity"],"potions_floor_usage":[23],"damage_taken":[{"damage":0.0,"enemies":"Jaw Worm","floor":1.0,"turns":1.0},{"damage":0.0,"enemies":"2 Louse","floor":3.0,"turns":1.0},{"damage":0.0,"enemies":"3 Sentries","floor":6.0,"turns":2.0},{"damage":0.0,"enemies":"Small Slimes","floor":7.0,"turns":3.0},{"damage":0.0,"enemies":"Looter","floor":8.0,"turns":1.0},{"damage":42.0,"enemies":"Gremlin Nob","floor":11.0,"turns":4.0},{"damage":21.0,"enemies":"Lagavulin","floor":13.0,"turns":7.0},{"damage":59.0,"enemies":"Slime Boss","floor":16.0,"turns":11.0},{"damage":38.0,"enemies":"Chosen","floor":18.0,"turns":8.0},{"damage":10.0,"enemies":"Shell Parasite","floor":21.0,"turns":4.0},{"damage":11.0,"enemies":"Snecko","floor":22.0,"turns":5.0},{"damage":18,"enemies":"Slavers","floor":23,"turns":3}],"seed_played":"-8787851511055035154","potions_obtained":[{"floor":3.0,"key":"BlessingOfTheForge"},{"floor":7.0,"key":"Energy Potion"},{"floor":8.0,"key":"EntropicBrew"},{"floor":11.0,"key":"Strength Potion"},{"floor":21.0,"key":"Energy Potion"},{"floor":22.0,"key":"Strength Potion"}],"is_trial":false,"path_per_floor":["M","$","M","?","?","E","M","M","T","T","E","R","E","?","R","B",null,"M","?","$","M","M","E"],"character_chosen":"WATCHER","items_purchased":["LessonLearned","Akabeko","Ragnarok"],"campfire_rested":2,"item_purchase_floors":[2,20,20],"current_hp_per_floor":[72,72,72,72,78,78,78,78,78,78,36,59,38,38,61,2,78,40,34,34,24,13,0,0],"gold":81,"neow_bonus":"THREE_ENEMY_KILL","is_daily":false,"chose_seed":false,"campfire_upgraded":0,"win_rate":0.0,"timestamp":1611673516,"path_taken":["M","$","M","?","?","E","?","M","T","?","E","R","E","?","R","BOSS","M","?","$","M","M","E"],"items_purchased_type":["Card","Relic","Card"],"build_version":"2020-12-22","purchased_purges":1,"victory":false,"max_hp_per_floor":[72,72,72,72,78,78,78,78,78,78,78,78,78,78,78,78,78,78,78,78,78,78,78,78],"relic_stats":{"counters":[12,50],"Bronze Scales":[67],"VioletLotus":[2],"Juzu Bracelet":0,"War Paint":["Protect","Discovery"],"obtain_stats":[{"NeowsBlessing":0,"Bronze Scales":14,"Thread and Needle":6,"VioletLotus":17,"Juzu Bracelet":10,"PureWater":0,"War Paint":11,"Ancient Tea Set":13,"Akabeko":20},{"NeowsBlessing":0,"Bronze Scales":7,"Thread and Needle":3,"VioletLotus":8,"Juzu Bracelet":5,"PureWater":0,"War Paint":6,"Ancient Tea Set":7,"Akabeko":9},{"NeowsBlessing":0,"Bronze Scales":19,"Thread and Needle":4,"VioletLotus":30,"Juzu Bracelet":8,"PureWater":0,"War Paint":12,"Ancient Tea Set":19,"Akabeko":38}]},"card_choices":[{"not_picked":["EmptyBody","FollowUp"],"picked":"FlurryOfBlows","floor":1.0},{"not_picked":["FlurryOfBlows","Meditate"],"picked":"BowlingBash","floor":3.0},{"not_picked":["Blind","Bandage Up"],"picked":"Discovery","floor":4.0},{"not_picked":["BowlingBash","Pray"],"picked":"Protect","floor":6.0},{"not_picked":["CrushJoints","WaveOfTheHand"],"picked":"Worship","floor":7.0},{"not_picked":["ClearTheMind","TalkToTheHand"],"picked":"Prostrate","floor":8.0},{"not_picked":["Crescendo","Pray"],"picked":"BowlingBash","floor":11.0},{"not_picked":["Prostrate","Judgement"],"picked":"Consecrate","floor":13.0},{"not_picked":["Brilliance","SpiritShield"],"picked":"MasterReality","floor":16.0},{"not_picked":["Consecrate","CrushJoints+1"],"picked":"FollowUp","floor":18.0},{"not_picked":["FollowUp","InnerPeace+1"],"picked":"Halt","floor":21.0},{"not_picked":["CutThroughFate","WaveOfTheHand"],"picked":"Wallop","floor":22.0}],"player_experience":163662,"relics_obtained":[{"floor":6.0,"key":"Thread and Needle"},{"floor":10.0,"key":"Juzu Bracelet"},{"floor":11.0,"key":"War Paint"},{"floor":13.0,"key":"Ancient Tea Set"}],"event_choices":[{"damage_healed":0.0,"max_hp_gain":0.0,"max_hp_loss":0.0,"gold_gain":1.0,"event_name":"betterStone:BetterStone","player_choice":"1","floor":4.0,"gold_loss":0.0,"damage_taken":0.0},{"damage_healed":0.0,"max_hp_gain":0.0,"max_hp_loss":0.0,"gold_gain":0.0,"event_name":"betterThird:BetterSerpent","player_choice":"RENOUNCE","floor":5.0,"gold_loss":62.0,"damage_taken":62.0,"cards_obtained":["Enlightenment"]},{"damage_healed":0.0,"max_hp_gain":0.0,"max_hp_loss":0.0,"gold_gain":0.0,"event_name":"Big Fish","player_choice":"Box","floor":14.0,"gold_loss":0.0,"damage_taken":0.0,"relics_obtained":["Bronze Scales"],"cards_obtained":["Regret"]},{"damage_healed":0.0,"max_hp_gain":0.0,"max_hp_loss":0.0,"gold_gain":0.0,"event_name":"betterThird:BetterNest","player_choice":"Dagger","floor":19.0,"gold_loss":0.0,"damage_taken":6.0,"cards_obtained":["RitualDagger"]}],"is_beta":false,"boss_relics":[{"not_picked":["Runic Dome","Runic Pyramid"],"picked":"VioletLotus"}],"items_purged_floors":[20],"is_endless":false,"potions_floor_spawned":[3,7,8,11,21,22],"killed_by":"Slavers","ascension_level":4}}