{"host":"19qo8qle2l71a8qw","time":1611687496,"event":{"mods":["BaseMod","Beaked The Cultist","BetterRewards","Colored Map","Colored Powertips","Conspire","Custom Start","Energized Spire","Friendly Minions","Halation","Hubris","Infinite Spire","Mimic Mod","Minty Spire (QoL Compilation)","Random Character Button","Random Character Mod","Replay The Spire","Reworked Bosses","Shop Mod","StSLib","Synergy Search","The Construct","The Druid","The Jungle","The Necromancer","The Runesmith","The Sage"],"gold_per_floor":[118,129,129,129,149,177,177,210,210,222,252,252,165,180,180,282,382,405,405,431,465,498,546,41,41,67,122,122,104,104,151,151,273,273,303,303,303,341,376,422,422,474,474,524,563,604,646,700,700,828,828,870,471,516,558,596,649,649,687,687,735,735,773,823,870,870,974,974,1018,1065,1095,714,749,805,843,892,919,919,953,1002,1002,1036,1036,1147,1147,1236,1236,1280,1393,1393,1526,1526,1671,1695,1695,560,560,560,610,610,610,610],"floor_reached":101,"language":"ENG","playtime":6908,"items_purged":["theDruid:Strike_O","hubris:Greed","hubris:Greed"],"score":2775,"play_id":"8cc4fd3c-1e06-4a00-b1dc-925950a71439","local_time":"20210126195816","is_ascension_mode":true,"campfire_choices":[{"data":"theDruid:BriarArmor","floor":7.0,"key":"SMITH"},{"floor":15.0,"key":"REST"},{"floor":25.0,"key":"REST"},{"floor":28.0,"key":"REST"},{"data":"theDruid:Recoil","floor":32.0,"key":"SMITH"},{"floor":41.0,"key":"RECALL"},{"floor":49.0,"key":"DIG"},{"data":"theDruid:Restoration","floor":66.0,"key":"SMITH"},{"floor":78.0,"key":"REST"},{"data":"theDruid:BlessedStrike","floor":83.0,"key":"SMITH"},{"data":"theDruid:Untamed","floor":92.0,"key":"SMITH"},{"floor":95.0,"key":"REST"},{"data":"theDruid:Earthquake","floor":97.0,"key":"SMITH"}],"circlet_count":0,"master_deck":["theDruid:Strike_O","theDruid:Strike_O","theDruid:Strike_O","theDruid:Defend_O","theDruid:Defend_O","theDruid:Defend_O","theDruid:Defend_O","theDruid:BriarArmor+1","theDruid:WildSlash","theDruid:BrambleLash","theDruid:Recoil+1","theDruid:BristlingBulwark","theDruid:IronbarkArmor","theDruid:ExposingSlash","theDruid:Untamed+1","theDruid:BrambleLash","hubris:Greed","theDruid:SerratedFlesh+1","hubris:Greed","theDruid:PrimalStrength","theDruid:Impale","theDruid:FuriousSlash","theDruid:IronbarkArmor","theDruid:NaturalAgility","theDruid:NaturalAgility+1","theDruid:Stampede","theDruid:ThornStrike+1","theDruid:HailofThorns","theDruid:Gore+1","Bandage Up+1","Metamorphosis","Parasite","hubris:NaturalOne","theDruid:BlessedStrike+1","theDruid:BrambleLash+1","theDruid:Restoration+1","hubris:Greed","theDruid:Recoil+1","theDruid:Guidance","hubris:Greed","theDruid:Rabid","theDruid:BristlingDefense+1","theDruid:FeralPlants","theDruid:FeralPlants","theDruid:FeralPlants","theDruid:Recoil+1","Juggernaut","theDruid:Swipe+1","Sword Boomerang","Replay:Many Hands","theDruid:Rabid","infinitespire:SevenWalls","Thunderclap","hubris:CleavingFinish","theDruid:Earthquake+1","HandOfGreed","Mind Blast"],"relics":["theDruid:CrownOfTheWilds","NeowsBlessing","halation:EternalFortune","Ring of Searing","Ring of Misfortune","ReplayTheSpireMod:Lightbulb","Durian","Oddly Smooth Stone","hubris:Icosahedron","MerchantsRug","infinitespire:Lucky Rock","halation:TrafficLight","infinitespire:Beetle Shell","Boot","halation:PromiseList","construct:ClawGrip","hubris:CrystalStatue","Centennial Puzzle","hubris:BottledRain","Pen Nib","Ice Cream","Replay:Bronze Core","hubris:Metronome","Tiny Chest","HornCleat","infinitespire:Satchel","halation:AfternoonTea","hubris:DisguiseKit","Replay:Baseball","Replay:Kaleidoscope","Orichalcum","Runesmith:Locket","hubris:TinFlute","ReplayFunnel","ReplayTheSpireMod:Shallot","hubris:BottledHeart","conspire:SeveredTorchhead","infinitespire:EvilPickle","War Paint","Akabeko","halation:SwordOfLegend","Potion Belt","infinitespire:Broken Mirror","Replay:Lucky Slots","infinitespire:EmpoweringShard","hubris:MobiusCoin"],"acts_visited":["Exordium","TheCity","TheBeyond","Exordium","TheCity","TheBeyond"],"potions_floor_usage":[],"damage_taken":[{"damage":0.0,"enemies":"Small Slimes","floor":1.0,"turns":1.0},{"damage":0.0,"enemies":"2 Louse","floor":2.0,"turns":1.0},{"damage":0.0,"enemies":"conspire:RoseBush","floor":5.0,"turns":1.0},{"damage":24.0,"enemies":"Gremlin Nob","floor":6.0,"turns":4.0},{"damage":13.0,"enemies":"3 Sentries","floor":8.0,"turns":6.0},{"damage":4.0,"enemies":"Blue Slaver","floor":10.0,"turns":4.0},{"damage":0.0,"enemies":"Lagavulin","floor":11.0,"turns":5.0},{"damage":8.0,"enemies":"Red Slaver","floor":14.0,"turns":3.0},{"damage":0.0,"enemies":"Slime Boss","floor":16.0,"turns":8.0},{"damage":13.0,"enemies":"Spheric Guardian","floor":18.0,"turns":4.0},{"damage":9.0,"enemies":"2 Thieves","floor":20.0,"turns":3.0},{"damage":16.0,"enemies":"Snake Plant","floor":21.0,"turns":3.0},{"damage":11.0,"enemies":"Centurion and Healer","floor":22.0,"turns":6.0},{"damage":23.0,"enemies":"Book of Stabbing","floor":23.0,"turns":4.0},{"damage":46.0,"enemies":"Slavers","floor":27.0,"turns":5.0},{"damage":0.0,"enemies":"Snecko","floor":29.0,"turns":4.0},{"damage":0.0,"enemies":"Nightmare","floor":31.0,"turns":5.0},{"damage":0.0,"enemies":"bossMod:newCollector","floor":33.0,"turns":5.0},{"damage":0.0,"enemies":"3 Shapes","floor":35.0,"turns":3.0},{"damage":0.0,"enemies":"3 Darklings","floor":38.0,"turns":4.0},{"damage":0.0,"enemies":"Maw","floor":39.0,"turns":5.0},{"damage":0.0,"enemies":"Giant Head","floor":40.0,"turns":6.0},{"damage":0.0,"enemies":"Reptomancer","floor":42.0,"turns":4.0},{"damage":4.0,"enemies":"Nemesis","floor":44.0,"turns":3.0},{"damage":0.0,"enemies":"Writhing Mass","floor":45.0,"turns":2.0},{"damage":0.0,"enemies":"Sphere and 2 Shapes","floor":46.0,"turns":2.0},{"damage":0.0,"enemies":"3 Darklings","floor":47.0,"turns":3.0},{"damage":0.0,"enemies":"beaked:SuperParasite","floor":48.0,"turns":3.0},{"damage":8.0,"enemies":"bossMod:newShapes","floor":50.0,"turns":3.0},{"damage":0.0,"enemies":"Small Slimes","floor":52.0,"turns":2.0},{"damage":0.0,"enemies":"2 Louse","floor":54.0,"turns":1.0},{"damage":15.0,"enemies":"Jaw Worm","floor":55.0,"turns":2.0},{"damage":0.0,"enemies":"2 Fungi Beasts","floor":56.0,"turns":2.0},{"damage":0.0,"enemies":"Lagavulin","floor":57.0,"turns":2.0},{"damage":0.0,"enemies":"Exordium Wildlife","floor":59.0,"turns":3.0},{"damage":0.0,"enemies":"Gremlin Nob","floor":61.0,"turns":2.0},{"damage":0.0,"enemies":"3 Louse","floor":63.0,"turns":1.0},{"damage":0.0,"enemies":"Lagavulin","floor":64.0,"turns":3.0},{"damage":0.0,"enemies":"Exordium Thugs","floor":65.0,"turns":1.0},{"damage":63.0,"enemies":"Hexaghost","floor":67.0,"turns":4.0},{"damage":39.0,"enemies":"2 Thieves","floor":69.0,"turns":3.0},{"damage":14.0,"enemies":"3 Byrds","floor":71.0,"turns":3.0},{"damage":0.0,"enemies":"Snake Plant","floor":73.0,"turns":2.0},{"damage":15.0,"enemies":"Gremlin Leader","floor":74.0,"turns":3.0},{"damage":0.0,"enemies":"Centurion and Healer","floor":75.0,"turns":1.0},{"damage":0.0,"enemies":"Book of Stabbing","floor":76.0,"turns":3.0},{"damage":0.0,"enemies":"Cultist and Chosen","floor":79.0,"turns":4.0},{"damage":0.0,"enemies":"conspire:SneckoGhost","floor":80.0,"turns":2.0},{"damage":0.0,"enemies":"Chosen and Byrds","floor":82.0,"turns":3.0},{"damage":0.0,"enemies":"Pondfish","floor":84.0,"turns":4.0},{"damage":0.0,"enemies":"3 Darklings","floor":86.0,"turns":4.0},{"damage":0.0,"enemies":"3 Shapes","floor":88.0,"turns":4.0},{"damage":0.0,"enemies":"3 Shapes","floor":89.0,"turns":3.0},{"damage":0.0,"enemies":"Reptomancer","floor":91.0,"turns":3.0},{"damage":0.0,"enemies":"Nemesis","floor":93.0,"turns":3.0},{"damage":0,"enemies":"Time Eater","floor":101,"turns":1}],"seed_played":"3176190899253041458","potions_obtained":[{"floor":6.0,"key":"DistilledChaos"},{"floor":8.0,"key":"PowerPotion"},{"floor":14.0,"key":"Block Potion"},{"floor":20.0,"key":"Swift Potion"},{"floor":22.0,"key":"Regen Potion"},{"floor":23.0,"key":"Swift Potion"}],"is_trial":false,"path_per_floor":["M","M","?","?","M","E","R","E","T","M","E","?","$","M","R_BF","B",null,"M","?","M","M","M","E","$","R","T","E","R","M","AVR","NM","R","B",null,"M","?","?","M","M","E","R","E","T","E","M","M","M","E","R_BF","B",null,"M","$","M","M","M","E","AVR","M","T","E","?","M","E","M","R","B",null,"M","T","M","$","M","E","M","E","T","R","M","E","?","M","R","B",null,"M","?","MIM","M","?","E","R","E","T","R","$","R","?","AVR","R_BF","B"],"character_chosen":"DRUID","items_purchased":["MerchantsRug","halation:TrafficLight","infinitespire:Beetle Shell","theDruid:NaturalAgility","hubris:Metronome","theDruid:BristlingDefense","Tiny Chest","Replay:Kaleidoscope","Orichalcum","infinitespire:Broken Mirror","sagemod:Wine","Replay:Lucky Slots","infinitespire:EmpoweringShard","theDruid:Earthquake","HandOfGreed","SteroidPotion"],"campfire_rested":5,"item_purchase_floors":[13,24,24,24,53,53,53,72,72,96,96,96,96,96,96,96],"current_hp_per_floor":[75,75,78,78,78,54,54,46,46,45,45,45,45,37,62,62,86,73,73,67,51,40,31,31,57,57,11,37,37,45,56,56,56,108,108,98,98,98,101,105,105,109,109,105,105,105,109,109,109,101,111,111,111,111,96,100,104,109,111,111,111,121,121,121,121,121,58,121,85,85,71,71,75,60,60,60,60,97,109,109,1,1,1,1,1,1,1,1,1,1,1,1,1,1,0,0,0,0,0,0,0,0],"gold":610,"neow_bonus":"THREE_ENEMY_KILL","is_daily":false,"chose_seed":false,"campfire_upgraded":6,"win_rate":0.0,"timestamp":1611687496,"path_taken":["M","M","?","?","M","E","R","E","T","M","E","?","$","M","R_BF","BOSS","M","?","M","M","?","E","$","R","T","E","R","M","AVR","NM","R","BOSS","M","?","?","?","M","E","R","E","T","E","M","M","M","E","R_BF","BOSS","M","$","M","M","M","E","AVR","?","T","E","?","M","E","?","R","BOSS","M","?","?","$","M","E","M","E","T","R","M","E","?","M","R","BOSS","M","?","?","M","?","E","R","E","T","R","$","R","?","AVR","R_BF","BOSS"],"items_purchased_type":["Relic","Relic","Relic","Card","Relic","Card","Relic","Relic","Relic","Relic","Potion","Relic","Relic","Card","Card","Potion"],"build_version":"2020-12-22","purchased_purges":3,"victory":false,"max_hp_per_floor":[75,75,78,78,78,78,78,83,83,86,86,86,86,86,86,86,86,86,86,89,89,89,89,89,89,89,89,89,89,97,108,108,108,108,108,108,108,108,111,111,111,111,111,111,111,111,111,111,111,111,111,111,111,111,111,111,111,111,111,111,111,121,121,121,121,121,121,121,124,124,124,124,124,124,124,124,124,124,124,124,1,1,1,1,1,1,1,1,1,1,1,1,1,1,1,1,1,1,1,1,1,1],"card_choices":[{"not_picked":["theDruid:MysticBarrier","theDruid:AstralShield"],"picked":"theDruid:BrambleLash","floor":1.0},{"not_picked":["theDruid:Scavenge","theDruid:PouncingStrike"],"picked":"theDruid:Recoil","floor":2.0},{"not_picked":["theDruid:ThornStrike","theDruid:IronClaw"],"picked":"theDruid:BristlingBulwark","floor":5.0},{"not_picked":["theDruid:BlessedStrike","theDruid:Entangle"],"picked":"theDruid:IronbarkArmor","floor":6.0},{"not_picked":["theDruid:IronClaw","theDruid:FaerieFire"],"picked":"theDruid:ExposingSlash","floor":8.0},{"not_picked":["theDruid:IronClaw","theDruid:FuriousSlash"],"picked":"theDruid:Untamed","floor":10.0},{"not_picked":["theDruid:Moonbeam","theDruid:Pathfinder","theDruid:Untamed"],"picked":"SKIP","floor":11.0},{"not_picked":["theDruid:ThickHide","theDruid:FelineGrace"],"picked":"theDruid:BrambleLash","floor":14.0},{"not_picked":["theDruid:Earthquake","theDruid:SpiritCall"],"picked":"theDruid:SerratedFlesh","floor":16.0},{"not_picked":["theDruid:LunarScythe","theDruid:BagofTricks","theDruid:BloodiedFur"],"picked":"SKIP","floor":18.0},{"not_picked":["theDruid:Starburst","theDruid:FelineGrace+1"],"picked":"theDruid:PrimalStrength","floor":20.0},{"not_picked":["theDruid:Mutilate","theDruid:Guidance"],"picked":"theDruid:Impale","floor":21.0},{"not_picked":["theDruid:BlessedStrike+1","theDruid:IronClaw+1"],"picked":"theDruid:FuriousSlash","floor":22.0},{"not_picked":["theDruid:Entangle","theDruid:BackupSupplies"],"picked":"theDruid:IronbarkArmor","floor":23.0},{"not_picked":["theDruid:IronClaw+1","theDruid:ForestGuard"],"picked":"theDruid:NaturalAgility+1","floor":27.0},{"not_picked":["theDruid:BlessedStrike","theDruid:ThickHide"],"picked":"theDruid:Stampede","floor":29.0},{"not_picked":["theDruid:Infestation+1","theDruid:ForestGuard"],"picked":"theDruid:ThornStrike+1","floor":31.0},{"not_picked":["theDruid:HerbalismKit","theDruid:WildFrenzy"],"picked":"theDruid:HailofThorns","floor":33.0},{"not_picked":["theDruid:ForestGuard","hubris:SpiceAddiction"],"picked":"theDruid:Gore+1","floor":35.0},{"not_picked":["ReplayTheSpireMod:Necrogeddon","Transmutation"],"picked":"Poisoned Strike","floor":36.0},{"not_picked":["Jack Of All Trades","Finesse"],"picked":"Bandage Up","floor":36.0},{"not_picked":["ReplayTheSpireMod:Private Reserves","ReplayTheSpireMod:Brewmster"],"picked":"Metamorphosis","floor":36.0},{"not_picked":["theDruid:Guidance+1","theDruid:Gore+1"],"picked":"theDruid:BlessedStrike","floor":38.0},{"not_picked":["theDruid:Gore+1","theDruid:Resourcefulness+1"],"picked":"theDruid:BrambleLash+1","floor":39.0},{"not_picked":["theDruid:BlessedStrike","theDruid:IronClaw","theDruid:AstralShield+1"],"picked":"SKIP","floor":40.0},{"not_picked":["theDruid:PlagueClaw","theDruid:ThornStrike"],"picked":"theDruid:Restoration","floor":42.0},{"not_picked":["hubris:SpiceAddiction","theDruid:Infestation","theDruid:ThornStrike+1"],"picked":"SKIP","floor":44.0},{"not_picked":["hubris:SpiceAddiction","theDruid:Infestation","theDruid:ThornStrike+1"],"picked":"SKIP","floor":44.0},{"not_picked":["theDruid:Gore+1","hubris:SpiceAddiction"],"picked":"theDruid:Recoil+1","floor":45.0},{"not_picked":["theDruid:IronClaw","theDruid:ThickHide+1","hubris:SpiceAddiction"],"picked":"SKIP","floor":46.0},{"not_picked":["theDruid:ForestGuard","theDruid:BrambleLash"],"picked":"theDruid:Guidance","floor":47.0},{"not_picked":["theDruid:Swipe","theDruid:IronbarkArmor","theDruid:Entangle"],"picked":"SKIP","floor":48.0},{"not_picked":["theDruid:TwinStars","theDruid:SpiritCall"],"picked":"theDruid:Rabid","floor":50.0},{"not_picked":["theDruid:Starfall","theDruid:IronClaw","theDruid:Prowl"],"picked":"SKIP","floor":52.0},{"not_picked":["theDruid:PlagueClaw","theDruid:ThickHide","theDruid:Guidance"],"picked":"SKIP","floor":54.0},{"not_picked":["theDruid:Guidance","theDruid:ThickHide","theDruid:Resupply"],"picked":"SKIP","floor":55.0},{"not_picked":["theDruid:Recoil","theDruid:Resupply"],"picked":"theDruid:FeralPlants","floor":56.0},{"not_picked":["theDruid:TwinStars","theDruid:ExposingSlash"],"picked":"theDruid:FeralPlants","floor":57.0},{"not_picked":["theDruid:PlagueClaw","theDruid:Slingshot","theDruid:FuriousSlash"],"picked":"SKIP","floor":59.0},{"not_picked":["theDruid:Resupply","theDruid:FelineGrace"],"picked":"theDruid:FeralPlants","floor":61.0},{"not_picked":["theDruid:AstralShield","theDruid:BagofTricks","theDruid:Scavenge"],"picked":"SKIP","floor":63.0},{"not_picked":["theDruid:WildFrenzy","theDruid:FeralPlants"],"picked":"theDruid:Recoil","floor":64.0},{"not_picked":["theDruid:BlessedStrike","theDruid:Slingshot","theDruid:AstralShield","Rage"],"picked":"SKIP","floor":65.0},{"not_picked":["theDruid:SpiritCall","theDruid:Earthquake","theDruid:Rabid"],"picked":"Juggernaut","floor":67.0},{"not_picked":["theDruid:Gore","theDruid:Pathfinder","theDruid:NaturalAgility","Flex"],"picked":"SKIP","floor":69.0},{"not_picked":["theDruid:Infestation","theDruid:TwilightsCall","theDruid:ForestGuard+1","Power Through"],"picked":"SKIP","floor":71.0},{"not_picked":["theDruid:ForestsSoul","theDruid:ThickHide","theDruid:FuriousSlash","Ghostly Armor"],"picked":"SKIP","floor":73.0},{"not_picked":["theDruid:FelineGrace+1","theDruid:Starfall","Clothesline"],"picked":"theDruid:Swipe+1","floor":74.0},{"not_picked":["theDruid:TwilightsCall","theDruid:FelineGrace+1","theDruid:Guidance","Wild Strike"],"picked":"SKIP","floor":75.0},{"not_picked":["theDruid:FuriousSlash","theDruid:LunarScythe","theDruid:Rabid"],"picked":"Sword Boomerang","floor":76.0},{"not_picked":["theDruid:Recoil","theDruid:RockSlide","theDruid:Prowl","Run Through"],"picked":"SKIP","floor":79.0},{"not_picked":["theDruid:Swipe","theDruid:LunarScythe","theDruid:Rummage"],"picked":"Replay:Many Hands","floor":80.0},{"not_picked":["theDruid:Fortitude","theDruid:ViralBites+1","theDruid:FuriousSlash","Run Through"],"picked":"SKIP","floor":82.0},{"not_picked":["theDruid:Earthquake","theDruid:SpiritCall","Bludgeon"],"picked":"theDruid:Rabid","floor":84.0},{"not_picked":["infinitespire:Oblivion","infinitespire:Starlight"],"picked":"infinitespire:SevenWalls","floor":85.0},{"not_picked":["theDruid:Prowl+1","theDruid:BackupSupplies","theDruid:Slingshot+1","Flex"],"picked":"SKIP","floor":86.0},{"not_picked":["theDruid:LunarScythe+1","theDruid:WildFrenzy","theDruid:Gore+1"],"picked":"Thunderclap","floor":89.0},{"not_picked":["theDruid:Prowl","theDruid:Gore","theDruid:TakeShelter+1"],"picked":"hubris:CleavingFinish","floor":91.0},{"not_picked":["theDruid:WallofRoots","theDruid:FelineGrace+1","theDruid:TakeShelter","Wild Strike"],"picked":"SKIP","floor":93.0},{"not_picked":["Madness","Finesse"],"picked":"Mind Blast","floor":98.0}],"player_experience":571755,"relics_obtained":[{"floor":4.0,"key":"Ring of Searing"},{"floor":4.0,"key":"Ring of Misfortune"},{"floor":6.0,"key":"ReplayTheSpireMod:Lightbulb"},{"floor":8.0,"key":"Durian"},{"floor":9.0,"key":"InkBottle"},{"floor":10.0,"key":"halation:EternalFortune"},{"floor":11.0,"key":"Oddly Smooth Stone"},{"floor":20.0,"key":"halation:EternalFortune"},{"floor":23.0,"key":"infinitespire:Lucky Rock"},{"floor":26.0,"key":"Boot"},{"floor":27.0,"key":"halation:PromiseList"},{"floor":31.0,"key":"halation:EternalFortune"},{"floor":31.0,"key":"hubris:Spice"},{"floor":39.0,"key":"halation:EternalFortune"},{"floor":40.0,"key":"hubris:CrystalStatue"},{"floor":42.0,"key":"Centennial Puzzle"},{"floor":44.0,"key":"hubris:BottledRain"},{"floor":48.0,"key":"Pen Nib"},{"floor":49.0,"key":"Ice Cream"},{"floor":57.0,"key":"HornCleat"},{"floor":60.0,"key":"infinitespire:Satchel"},{"floor":61.0,"key":"halation:AfternoonTea"},{"floor":64.0,"key":"hubris:DisguiseKit"},{"floor":69.0,"key":"halation:EternalFortune"},{"floor":70.0,"key":"Replay:Baseball"},{"floor":74.0,"key":"Runesmith:Locket"},{"floor":76.0,"key":"hubris:TinFlute"},{"floor":77.0,"key":"ReplayFunnel"},{"floor":80.0,"key":"ReplayTheSpireMod:Shallot"},{"floor":88.0,"key":"War Paint"},{"floor":88.0,"key":"halation:EternalFortune"},{"floor":91.0,"key":"Akabeko"},{"floor":93.0,"key":"halation:SwordOfLegend"},{"floor":94.0,"key":"Potion Belt"}],"event_choices":[{"damage_healed":0.0,"max_hp_gain":0.0,"max_hp_loss":0.0,"gold_gain":0.0,"event_name":"Upgrade Shrine","player_choice":"Upgraded","floor":19.0,"gold_loss":0.0,"damage_taken":0.0,"cards_upgraded":["theDruid:SerratedFlesh"]},{"damage_healed":0.0,"max_hp_gain":0.0,"max_hp_loss":0.0,"gold_gain":0.0,"event_name":"SensoryStone","player_choice":"Memory 3","floor":36.0,"gold_loss":0.0,"damage_taken":10.0},{"damage_healed":0.0,"max_hp_gain":0.0,"max_hp_loss":0.0,"gold_gain":0.0,"cards_transformed":["Normality"],"event_name":"Transmorgrifier","player_choice":"Transformed","floor":37.0,"gold_loss":0.0,"damage_taken":0.0,"cards_obtained":["Parasite"]},{"cards_removed":["Poisoned Strike"],"damage_healed":0.0,"max_hp_gain":10.0,"max_hp_loss":0.0,"gold_gain":0.0,"event_name":"Bonfire Elementals","player_choice":"Offered Rare","floor":62.0,"gold_loss":0.0,"damage_taken":0.0},{"damage_healed":0.0,"max_hp_gain":0.0,"max_hp_loss":0.0,"gold_gain":0.0,"event_name":"conspire:Investor","player_choice":"Leave","floor":87.0,"gold_loss":0.0,"damage_taken":0.0},{"damage_healed":0.0,"max_hp_gain":0.0,"max_hp_loss":0.0,"gold_gain":0.0,"event_name":"SensoryStone","player_choice":"Memory 1","floor":98.0,"gold_loss":0.0,"damage_taken":0.0}],"is_beta":false,"boss_relics":[{"not_picked":["Runic Pyramid","Fusion Hammer"],"picked":"Replay:Wanted Poster"},{"not_picked":["Honey Jar","hubris:Spice"],"picked":"construct:ClawGrip"},{"not_picked":["hubris:Spice","hubris:Spice"],"picked":"Replay:Bronze Core"},{"not_picked":["halation:PlatinumPhoenix","hubris:Stopwatch"],"picked":"energizedSpire:DeadBattery"},{"not_picked":["Kintsugi","conspire:SpecialSausage"],"picked":"conspire:SeveredTorchhead"}],"items_purged_floors":[72,96,99],"is_endless":true,"potions_floor_spawned":[6,8,14,16,20,22,23,33,35,38,40,46,50,54,57,59,65,67,69,73,74,82,84,89,93],"killed_by":"Time Eater","ascension_level":2}}