{"host":"Jade","time":1611663501,"event":{"mods":["2.2 Compatiblity","A Penny For Your Troubles","Aspiration","BaseMod","Better Altar","Better Match","Better Note","Better Skull","Better Third Choice","Better Vampires","BetterRewards","Colored Powertips","Conspire","Curses Come First","DeckTracker","GifTheSpireLib","Hero for Fun","Hubris","Infinite Spire","Minty Spire (QoL Compilation)","Quick Restart","Rare Cards Sparkle","Relic Stats","Replay The Spire","RumiaBox-????????","StSLib","Stuff the Spire","Wandering Minibosses"],"gold_per_floor":[116,130,90,109,124,152,162,189,189,200,213,241,241,255,255,358,358,374,374,250,261,261,261,360,377,456,456,456,467,499,499,499],"floor_reached":31,"language":"ENG","playtime":1572,"items_purged":["Defend_G"],"score":304,"play_id":"aae92925-cc25-4d3f-b77f-2cc1e6e373ed","local_time":"20210126201821","is_ascension_mode":false,"campfire_choices":[{"floor":15,"key":"REST"},{"data":"Infinite Blades","floor":23,"key":"SMITH"},{"data":"Cloak And Dagger","floor":27,"key":"SMITH"}],"circlet_count":0,"master_deck":["Strike_G","Strike_G","Strike_G","Strike_G","Strike_G","Defend_G","Defend_G","Defend_G","Defend_G","Survivor","Neutralize","Accuracy+1","Accuracy+1","Cloak And Dagger+1","Infinite Blades+1","StuffTheSpire:MirrorStance","Deflect","ReplayTheSpireMod:Shiv Toss","Choke","Doppelganger","Infinite Blades","hubris:Counter+1","infinitespire:UltimateForm","Blade Dance","Phantasmal Killer"],"relics":["Ring of the Snake","Sling","Replay:Towering Pillar of Hats","Nunchaku","StuffTheSpire:Tea","hubris:Reverence","aspiration:PoetsPen_weak","GodSword6","Bronze Scales"],"acts_visited":["Exordium","TheCity"],"potions_floor_usage":[4,6,7,11,12,14,14,18,21,29],"damage_taken":[{"damage":0,"enemies":"2 Louse","floor":1,"turns":4},{"damage":0,"enemies":"Cultist","floor":2,"turns":3},{"damage":1,"enemies":"Jaw Worm","floor":4,"turns":4},{"damage":0,"enemies":"2 Fungi Beasts","floor":5,"turns":4},{"damage":22,"enemies":"3 Sentries","floor":6,"turns":6},{"damage":0,"enemies":"Gremlin Gang","floor":7,"turns":4},{"damage":0,"enemies":"Lagavulin","floor":8,"turns":5},{"damage":0,"enemies":"Large Slime","floor":10,"turns":5},{"damage":0,"enemies":"Exordium Wildlife","floor":11,"turns":4},{"damage":13,"enemies":"3 Sentries","floor":12,"turns":4},{"damage":1,"enemies":"Blue Slaver","floor":14,"turns":4},{"damage":26,"enemies":"Fading Forest","floor":16,"turns":11},{"damage":8,"enemies":"2 Thieves","floor":18,"turns":3},{"damage":5,"enemies":"Shell Parasite","floor":21,"turns":3},{"damage":14,"enemies":"3 Cultists","floor":25,"turns":6},{"damage":0,"enemies":"Chosen and Byrds","floor":29,"turns":3},{"damage":12,"enemies":"conspire:SneckoGhost","floor":30,"turns":4},{"damage":16,"enemies":"Snake Plant","floor":31,"turns":2}],"seed_played":"4432240045810452749","potions_obtained":[{"floor":3,"key":"FearPotion"},{"floor":3,"key":"CultistPotion"},{"floor":3,"key":"conspire:TimeTravelPotion"},{"floor":5,"key":"Toxic Potion"},{"floor":6,"key":"AttackPotion"},{"floor":8,"key":"LifebloodPotion"},{"floor":10,"key":"Poison Potion"},{"floor":16,"key":"DistilledChaos"},{"floor":25,"key":"AttackPotion"}],"is_trial":false,"path_per_floor":["M","M","?","M","M","E","M","E","T","M","M","E","?","M","R","B",null,"M","?","$","M","?","R","?","M","T","R","?","M","E","M"],"character_chosen":"THE_SILENT","items_purchased":["Accuracy","Cloak And Dagger","Infinite Blades","Sling","Adrenaline Potion"],"campfire_rested":1,"item_purchase_floors":[0,0,0,0,20],"current_hp_per_floor":[38,38,38,37,37,28,28,28,28,28,28,15,15,14,35,23,70,62,62,62,57,41,41,41,27,27,27,27,27,15,0,0],"gold":499,"neow_bonus":"","is_daily":false,"chose_seed":false,"campfire_upgraded":2,"win_rate":0.0,"timestamp":1611663501,"path_taken":["M","M","?","M","M","E","M","E","T","M","?","E","?","M","R","BOSS","M","?","$","M","?","R","?","?","T","R","?","?","E","M"],"items_purchased_type":["Card","Card","Card","Relic","Potion"],"build_version":"2020-11-17","purchased_purges":1,"victory":false,"max_hp_per_floor":[70,70,70,70,70,70,70,70,70,70,70,70,70,70,70,70,70,70,70,70,70,70,70,70,70,70,70,70,70,70,70,70],"relic_stats":{"Nunchaku":[14],"counters":[18,79],"Bronze Scales":[9],"obtain_stats":[{"Nunchaku":8,"Replay:PocketPolymizer":0,"Replay:Towering Pillar of Hats":0,"PlanX":0,"Bronze Scales":30,"Vajra":0,"aspiration:PoetsPen_weak":17,"GodSword6":26,"Sling":0,"Ring of the Snake":0,"StuffTheSpire:Tea":9,"hubris:Reverence":12},{"Nunchaku":7,"Replay:PocketPolymizer":0,"Replay:Towering Pillar of Hats":0,"PlanX":0,"Bronze Scales":17,"Vajra":0,"aspiration:PoetsPen_weak":12,"GodSword6":15,"Sling":0,"Ring of the Snake":0,"StuffTheSpire:Tea":7,"hubris:Reverence":10},{"Nunchaku":30,"Replay:PocketPolymizer":0,"Replay:Towering Pillar of Hats":0,"PlanX":0,"Bronze Scales":77,"Vajra":0,"aspiration:PoetsPen_weak":58,"GodSword6":70,"Sling":0,"Ring of the Snake":0,"StuffTheSpire:Tea":30,"hubris:Reverence":43}],"Ring of the Snake":[36]},"card_choices":[{"not_picked":["Calculated Gamble","Acrobatics"],"picked":"StuffTheSpire:MirrorStance","floor":1},{"not_picked":["Poisoned Stab","Backflip"],"picked":"Deflect","floor":2},{"not_picked":["Underhanded Strike","All Out Attack","Outmaneuver"],"picked":"SKIP","floor":4},{"not_picked":["Leg Sweep","Envenom","Dagger Spray"],"picked":"SKIP","floor":5},{"not_picked":["Leg Sweep","Envenom","Dagger Spray"],"picked":"SKIP","floor":5},{"not_picked":["Predator","StuffTheSpire:Injection","Calculated Gamble"],"picked":"SKIP","floor":6},{"not_picked":["Predator","StuffTheSpire:Injection","Calculated Gamble"],"picked":"SKIP","floor":6},{"not_picked":["Sucker Punch","StuffTheSpire:Shiver","Underhanded Strike"],"picked":"SKIP","floor":7},{"not_picked":["StuffTheSpire:Shiver","Dodge and Roll","Slice"],"picked":"SKIP","floor":8},{"not_picked":["Outmaneuver","Quick Slash"],"picked":"ReplayTheSpireMod:Shiv Toss","floor":10},{"not_picked":["Leg Sweep","Flying Knee"],"picked":"Choke","floor":11},{"not_picked":["Toxin Wave","Dagger Throw","StuffTheSpire:Injection"],"picked":"SKIP","floor":12},{"not_picked":["StuffTheSpire:Python","Outmaneuver","Slice"],"picked":"SKIP","floor":14},{"not_picked":["Wraith Form v2","infinitespire:Neurotoxin"],"picked":"Doppelganger","floor":16},{"not_picked":["hubris:SlightOfHand","Slice"],"picked":"Infinite Blades","floor":18},{"not_picked":["Poisoned Stab+1","Escape Plan"],"picked":"hubris:Counter+1","floor":21},{"not_picked":["ReplayTheSpireMod:Echoes of Time","infinitespire:NeuralNetwork"],"picked":"infinitespire:UltimateForm","floor":22},{"not_picked":["StuffTheSpire:BumpUp","hubris:SlightOfHand","Noxious Fumes"],"picked":"SKIP","floor":25},{"not_picked":["Bane+1","StuffTheSpire:Injection"],"picked":"Blade Dance","floor":29},{"not_picked":["Calculated Gamble","StuffTheSpire:BrimstoneBlast"],"picked":"Phantasmal Killer","floor":30}],"player_experience":38891,"relics_obtained":[{"floor":8,"key":"Nunchaku"},{"floor":9,"key":"StuffTheSpire:Tea"},{"floor":12,"key":"hubris:Reverence"},{"floor":26,"key":"GodSword6"},{"floor":30,"key":"Bronze Scales"}],"event_choices":[{"damage_healed":0,"gold_gain":0,"player_choice":"Bought 3 Potions","damage_taken":0,"max_hp_gain":0,"max_hp_loss":0,"event_name":"The Woman in Blue","floor":3,"gold_loss":0},{"damage_healed":0,"gold_gain":0,"player_choice":"Grow","damage_taken":0,"max_hp_gain":0,"max_hp_loss":0,"event_name":"Living Wall","floor":13,"gold_loss":0,"cards_upgraded":["Accuracy"]},{"damage_healed":0,"gold_gain":0,"player_choice":"Ignored","damage_taken":0,"max_hp_gain":0,"max_hp_loss":0,"event_name":"betterNote:BetterNote","floor":19,"gold_loss":0,"cards_obtained":["ReplayTheSpireMod:Brewmster"]},{"damage_healed":0,"gold_gain":99,"player_choice":"Steal","damage_taken":0,"max_hp_gain":0,"max_hp_loss":0,"event_name":"betterThird:BetterNest","floor":24,"gold_loss":0},{"damage_healed":0,"gold_gain":0,"player_choice":"Forge","damage_taken":0,"max_hp_gain":0,"max_hp_loss":0,"event_name":"Accursed Blacksmith","floor":28,"gold_loss":0,"cards_upgraded":["Accuracy"]}],"is_beta":true,"boss_relics":[{"not_picked":["Coffee Dripper","conspire:RunicOctahedron"],"picked":"aspiration:PoetsPen_weak"}],"items_purged_floors":[20],"is_endless":false,"potions_floor_spawned":[5,6,8,10,16,25],"killed_by":"Snake Plant","ascension_level":0}}