{"host":"7gewg82ormp6yt4e","time":1611673954,"event":{"mods":["BaseMod","Block Reminder","Colored Map","DeckTracker","Highlight Path","Minty Spire (QoL Compilation)","Relic Stats","StSLib","ojb\u0027s Info Mod"],"gold_per_floor":[212,212,226,376,39,68,82,82,82,82,7,35,35,367,367,442,442,453,218,218,218,231,231,242,242,242,273,15,15,27,56,56,129,129,143,162,178,13,1012,1038,1038,333,333,293,319,329,363,390,390,390,390,390,390,8,43,43,43],"floor_reached":56,"language":"JPN","playtime":3754,"items_purged":["Strike_B","Defend_B"],"score":2234,"play_id":"201b33c4-0662-4703-b640-947eeafad364","local_time":"20210127001234","is_ascension_mode":true,"campfire_choices":[{"floor":8.0,"key":"REST"},{"data":"Hyperbeam","floor":10.0,"key":"SMITH"},{"data":"Beam Cell","floor":13.0,"key":"SMITH"},{"data":"Recycle","floor":15.0,"key":"SMITH"},{"floor":23.0,"key":"REST"},{"floor":25.0,"key":"REST"},{"data":"Apotheosis","floor":32.0,"key":"SMITH"},{"floor":41.0,"key":"RECALL"},{"data":"Echo Form","floor":49.0,"key":"SMITH"},{"data":"Reboot","floor":53.0,"key":"SMITH"}],"circlet_count":0,"master_deck":["AscendersBane","Strike_B+1","Defend_B","Defend_B+1","Zap","Dualcast","Glacier","Ball Lightning","Multi-Cast","Hyperbeam+1","Turbo","Beam Cell+1","Recycle+1","Echo Form+1","Conserve Battery","Necronomicurse","Turbo","Undo","Apotheosis+1","Undo+1","Hyperbeam","Meteor Strike","Hologram+1","Go for the Eyes+1","Chaos+1","Rebound","Coolheaded+1","Hyperbeam","Hologram","Stack","All For One","Reboot+1","Conserve Battery"],"relics":["Cracked Core","Chemical X","Matryoshka","Bag of Preparation","Lantern","Lizard Tail","Nuclear Battery","ClockworkSouvenir","Necronomicon","Nunchaku","Gremlin Horn","Omamori","Nloth\u0027s Gift","WingedGreaves","Astrolabe","PreservedInsect","Sundial","Lee\u0027s Waffle","Calipers","Eternal Feather","Frozen Egg 2","Meat on the Bone","Bottled Tornado","Blood Vial"],"acts_visited":["Exordium","TheCity","TheBeyond","TheEnding"],"potions_floor_usage":[56,56],"damage_taken":[{"damage":7.0,"enemies":"Jaw Worm","floor":1.0,"turns":3.0},{"damage":0.0,"enemies":"2 Louse","floor":3.0,"turns":1.0},{"damage":16.0,"enemies":"3 Sentries","floor":6.0,"turns":8.0},{"damage":0.0,"enemies":"Small Slimes","floor":7.0,"turns":2.0},{"damage":8.0,"enemies":"Gremlin Nob","floor":12.0,"turns":3.0},{"damage":2.0,"enemies":"3 Sentries","floor":14.0,"turns":2.0},{"damage":17.0,"enemies":"The Guardian","floor":16.0,"turns":11.0},{"damage":5.0,"enemies":"3 Byrds","floor":18.0,"turns":2.0},{"damage":0.0,"enemies":"Spheric Guardian","floor":22.0,"turns":1.0},{"damage":0.0,"enemies":"Centurion and Healer","floor":24.0,"turns":2.0},{"damage":0.0,"enemies":"Slavers","floor":27.0,"turns":1.0},{"damage":0.0,"enemies":"Snake Plant","floor":30.0,"turns":1.0},{"damage":0.0,"enemies":"Gremlin Leader","floor":31.0,"turns":5.0},{"damage":16.0,"enemies":"Automaton","floor":33.0,"turns":9.0},{"damage":0.0,"enemies":"3 Darklings","floor":35.0,"turns":2.0},{"damage":0.0,"enemies":"3 Shapes","floor":36.0,"turns":10.0},{"damage":8.0,"enemies":"Maw","floor":37.0,"turns":7.0},{"damage":0.0,"enemies":"Reptomancer","floor":40.0,"turns":2.0},{"damage":18.0,"enemies":"Giant Head","floor":45.0,"turns":6.0},{"damage":4.0,"enemies":"Sphere and 2 Shapes","floor":46.0,"turns":3.0},{"damage":0.0,"enemies":"Reptomancer","floor":47.0,"turns":2.0},{"damage":7.0,"enemies":"Nemesis","floor":48.0,"turns":5.0},{"damage":20.0,"enemies":"Donu and Deca","floor":50.0,"turns":5.0},{"damage":29.0,"enemies":"Time Eater","floor":51.0,"turns":7.0},{"damage":18.0,"enemies":"Shield and Spear","floor":55.0,"turns":2.0},{"damage":155,"enemies":"The Heart","floor":56,"turns":11}],"seed_played":"4667595592388945882","potions_obtained":[{"floor":1.0,"key":"LiquidMemories"},{"floor":3.0,"key":"PowerPotion"},{"floor":6.0,"key":"SneckoOil"},{"floor":18.0,"key":"SteroidPotion"},{"floor":31.0,"key":"FocusPotion"},{"floor":35.0,"key":"AttackPotion"},{"floor":37.0,"key":"DistilledChaos"},{"floor":44.0,"key":"Strength Potion"}],"is_trial":false,"path_per_floor":["M","?","M","?","$","E","M","R","T","R","?","E","R","E","R","B",null,"M","$","?","?","M","R","M","R","T","E","$","?","M","E","R","B",null,"M","M","M","$","?","E","R","$","T","?","E","M","E","E","R","B","B",null,"R","$","E","B"],"character_chosen":"DEFECT","items_purchased":["Multi-Cast","Chemical X","ClockworkSouvenir","Apotheosis","Swift Potion","PreservedInsect","Lee\u0027s Waffle","Calipers","Hologram","SpeedPotion","Dexterity Potion","Bottled Tornado","Conserve Battery"],"campfire_rested":3,"item_purchase_floors":[5,5,19,28,28,38,42,42,42,42,54,54,54],"current_hp_per_floor":[57,36,36,36,36,20,20,41,41,41,41,33,33,31,31,14,57,52,52,32,11,11,33,33,55,55,55,55,55,55,55,55,39,67,67,67,59,59,59,59,59,83,83,83,65,61,61,54,72,52,35,71,83,83,65,0,0],"gold":43,"neow_bonus":"HUNDRED_GOLD","is_daily":false,"chose_seed":false,"campfire_upgraded":6,"win_rate":0.0,"timestamp":1611673954,"path_taken":["M","?","M","?","$","E","M","R","T","R","?","E","R","E","R","BOSS","M","$","?","?","M","R","M","R","T","E","$","?","?","E","R","BOSS","M","M","M","$","?","E","R","$","T","?","E","?","E","E","R","BOSS","BOSS","R","$","E","BOSS"],"items_purchased_type":["Card","Relic","Relic","Card","Potion","Relic","Relic","Relic","Card","Potion","Potion","Relic","Card"],"build_version":"2020-12-22","purchased_purges":2,"victory":false,"max_hp_per_floor":[71,71,71,71,71,71,71,71,71,71,71,71,71,71,71,71,71,71,71,76,76,76,76,76,76,76,76,76,76,76,76,76,76,76,76,76,76,76,76,76,76,83,83,83,83,83,83,83,83,83,83,83,83,83,83,83,83],"relic_stats":{"Lee\u0027s Waffle":24,"Gremlin Horn":[19,19],"counters":[26,113],"Astrolabe":["Hologram","Go for the Eyes","Chaos"],"Eternal Feather":30,"PreservedInsect":379,"Bag of Preparation":[44],"Blood Vial":2,"Lizard Tail":41,"Nunchaku":[16],"Sundial":[2],"Necronomicon":[42],"Nloth\u0027s Gift":7,"Chemical X":[10],"obtain_stats":[{"Lantern":9,"Calipers":42,"Gremlin Horn":26,"Bag of Preparation":9,"Bottled Tornado":54,"Old Coin":14,"ClockworkSouvenir":19,"Blood Vial":55,"Lizard Tail":12,"Nunchaku":26,"Matryoshka":6,"Sundial":40,"WingedGreaves":31,"Necronomicon":21,"Chemical X":5,"Cracked Core":0,"Lee\u0027s Waffle":42,"Astrolabe":34,"Eternal Feather":45,"PreservedInsect":38,"Omamori":27,"Frozen Egg 2":47,"Nuclear Battery":17,"Nloth\u0027s Gift":29,"Meat on the Bone":48},{"Lantern":4,"Calipers":18,"Gremlin Horn":10,"Bag of Preparation":4,"Bottled Tornado":24,"Old Coin":6,"ClockworkSouvenir":8,"Blood Vial":25,"Lizard Tail":5,"Nunchaku":10,"Matryoshka":3,"Sundial":18,"WingedGreaves":13,"Necronomicon":8,"Chemical X":2,"Cracked Core":0,"Lee\u0027s Waffle":18,"Astrolabe":14,"Eternal Feather":19,"PreservedInsect":17,"Omamori":11,"Frozen Egg 2":21,"Nuclear Battery":7,"Nloth\u0027s Gift":11,"Meat on the Bone":22},{"Lantern":14,"Calipers":72,"Gremlin Horn":35,"Bag of Preparation":14,"Bottled Tornado":100,"Old Coin":19,"ClockworkSouvenir":32,"Blood Vial":102,"Lizard Tail":17,"Nunchaku":35,"Matryoshka":12,"Sundial":72,"WingedGreaves":42,"Necronomicon":32,"Chemical X":4,"Cracked Core":0,"Lee\u0027s Waffle":72,"Astrolabe":51,"Eternal Feather":78,"PreservedInsect":70,"Omamori":36,"Frozen Egg 2":83,"Nuclear Battery":30,"Nloth\u0027s Gift":36,"Meat on the Bone":88}],"Meat on the Bone":12},"card_choices":[{"not_picked":["Reinforced Body","Blizzard"],"picked":"Glacier","floor":1.0},{"not_picked":["Cold Snap","Barrage"],"picked":"Ball Lightning","floor":3.0},{"not_picked":["Rainbow","Steam Power"],"picked":"Hyperbeam","floor":6.0},{"not_picked":["Rebound","Blizzard"],"picked":"Turbo","floor":7.0},{"not_picked":["Compile Driver","Force Field"],"picked":"Beam Cell","floor":12.0},{"not_picked":["Genetic Algorithm","Coolheaded"],"picked":"Recycle","floor":14.0},{"not_picked":["Thunder Strike","Meteor Strike"],"picked":"Echo Form","floor":16.0},{"not_picked":["Turbo","Beam Cell"],"picked":"Conserve Battery","floor":18.0},{"not_picked":["Rebound","Gash"],"picked":"Turbo","floor":22.0},{"not_picked":["Rebound","Redo","Melter"],"picked":"SKIP","floor":24.0},{"not_picked":["Fission","Leap"],"picked":"Undo","floor":27.0},{"not_picked":["Capacitor","Ball Lightning"],"picked":"Undo+1","floor":30.0},{"not_picked":["Recycle+1","Turbo"],"picked":"Hyperbeam","floor":31.0},{"not_picked":["Amplify","Multi-Cast"],"picked":"Meteor Strike","floor":33.0},{"not_picked":["Hello World","Stack"],"picked":"Rebound","floor":35.0},{"not_picked":["Consume","Static Discharge+1"],"picked":"Coolheaded+1","floor":36.0},{"not_picked":["FTL","Sweeping Beam","Streamline"],"picked":"SKIP","floor":37.0},{"not_picked":["Rebound","Biased Cognition"],"picked":"Hyperbeam","floor":40.0},{"not_picked":["Machine Learning","Hyperbeam","Defragment+1"],"picked":"SKIP","floor":45.0},{"not_picked":["Machine Learning","Hyperbeam","Defragment+1"],"picked":"SKIP","floor":45.0},{"not_picked":["Barrage","Sweeping Beam"],"picked":"Stack","floor":46.0},{"not_picked":["Reboot","Barrage"],"picked":"All For One","floor":47.0},{"not_picked":["Redo","Blizzard"],"picked":"Reboot","floor":48.0},{"not_picked":["Turbo+1","Rip and Tear","Melter"],"picked":"SKIP","floor":55.0}],"player_experience":2697791,"relics_obtained":[{"floor":6.0,"key":"Matryoshka"},{"floor":9.0,"key":"Bag of Preparation"},{"floor":9.0,"key":"Lantern"},{"floor":12.0,"key":"Lizard Tail"},{"floor":14.0,"key":"Old Coin"},{"floor":21.0,"key":"Necronomicon"},{"floor":26.0,"key":"Nunchaku"},{"floor":26.0,"key":"Gremlin Horn"},{"floor":27.0,"key":"Omamori"},{"floor":31.0,"key":"WingedGreaves"},{"floor":40.0,"key":"Sundial"},{"floor":45.0,"key":"Eternal Feather"},{"floor":47.0,"key":"Frozen Egg 2"},{"floor":48.0,"key":"Meat on the Bone"},{"floor":55.0,"key":"Blood Vial"}],"event_choices":[{"damage_healed":0.0,"max_hp_gain":0.0,"max_hp_loss":0.0,"gold_gain":0.0,"event_name":"Shining Light","player_choice":"Entered Light","floor":2.0,"gold_loss":0.0,"damage_taken":21.0,"cards_upgraded":["Strike_B","Defend_B"]},{"damage_healed":0.0,"max_hp_gain":0.0,"max_hp_loss":0.0,"gold_gain":150.0,"event_name":"Liars Game","player_choice":"AGREE","floor":4.0,"gold_loss":0.0,"damage_taken":0.0,"cards_obtained":["Doubt"]},{"cards_removed":["Doubt"],"damage_healed":0.0,"max_hp_gain":0.0,"max_hp_loss":0.0,"gold_gain":0.0,"event_name":"The Cleric","player_choice":"Card Removal","floor":11.0,"gold_loss":75.0,"damage_taken":0.0},{"damage_healed":0.0,"max_hp_gain":5.0,"max_hp_loss":0.0,"gold_gain":0.0,"event_name":"Forgotten Altar","player_choice":"Shed Blood","floor":20.0,"gold_loss":0.0,"damage_taken":25.0},{"damage_healed":0.0,"max_hp_gain":0.0,"max_hp_loss":0.0,"gold_gain":0.0,"event_name":"Cursed Tome","player_choice":"Obtained Book","floor":21.0,"gold_loss":0.0,"damage_taken":21.0},{"damage_healed":0.0,"max_hp_gain":0.0,"max_hp_loss":0.0,"gold_gain":0.0,"event_name":"N\u0027loth","player_choice":"Traded Relic","floor":29.0,"relics_lost":["Old Coin"],"gold_loss":0.0,"damage_taken":0.0,"relics_obtained":["Nloth\u0027s Gift"]},{"damage_healed":0.0,"max_hp_gain":0.0,"max_hp_loss":0.0,"gold_gain":999.0,"event_name":"MindBloom","player_choice":"Gold","floor":39.0,"gold_loss":0.0,"damage_taken":0.0,"cards_obtained":["Normality","Normality"]},{"damage_healed":0.0,"max_hp_gain":0.0,"max_hp_loss":0.0,"gold_gain":0.0,"event_name":"The Woman in Blue","player_choice":"Bought 3 Potions","floor":44.0,"gold_loss":0.0,"damage_taken":0.0}],"is_beta":false,"boss_relics":[{"not_picked":["Tiny House","SacredBark"],"picked":"Nuclear Battery"},{"not_picked":["Pandora\u0027s Box","Empty Cage"],"picked":"Astrolabe"}],"items_purged_floors":[19,42],"is_endless":false,"potions_floor_spawned":[1,3,6,7,18,30,31,35,36,37],"killed_by":"The Heart","ascension_level":20}}