{"host":"s125e4bodcwm0i3t","time":1611644781,"event":{"mods":["BaseMod","Hermit","Infinite Spire","Minty Spire (QoL Compilation)","Quick Restart","Replay The Spire","StSLib","The Cursed"],"gold_per_floor":[110,55,75,94,54,89,89,0,45,45,45],"floor_reached":10,"language":"ENG","playtime":345,"items_purged":[],"score":73,"play_id":"20aec61c-03f8-4e99-85e9-310ebcf0230f","local_time":"20210126020621","is_ascension_mode":true,"campfire_choices":[{"floor":7,"key":"REST"}],"circlet_count":0,"master_deck":["TheCursedMod:Strike_TheCursed","TheCursedMod:Strike_TheCursed","TheCursedMod:Strike_TheCursed","TheCursedMod:Strike_TheCursed","TheCursedMod:Defend_TheCursed","TheCursedMod:Defend_TheCursed","TheCursedMod:Defend_TheCursed","TheCursedMod:Defend_TheCursed","TheCursedMod:CursedWand","TheCursedMod:CleanUpWorkshop","TheCursedMod:Dregs","TheCursedMod:Torture","TheCursedMod:BloodBarrier+1","TheCursedMod:Torture","TheCursedMod:SpitefulPray","TheCursedMod:CircleOfFlame","ReplayTheSpireMod:IOU","ReplayTheSpireMod:IOU","TheCursedMod:HellsGateOpen","TheCursedMod:CircleOfAmplification+1"],"relics":["TheCursedMod:BlackMagic101","NeowsBlessing","Replay:Wax Seal","Sling","Replay:Baseball"],"acts_visited":["Exordium"],"potions_floor_usage":[6,6],"damage_taken":[{"damage":0,"enemies":"Small Slimes","floor":1,"turns":1},{"damage":0,"enemies":"Cultist","floor":3,"turns":1},{"damage":0,"enemies":"Jaw Worm","floor":4,"turns":1},{"damage":47,"enemies":"Lagavulin","floor":6,"turns":8},{"damage":53,"enemies":"Gremlin Nob","floor":10,"turns":4}],"seed_played":"-4924733231731483944","potions_obtained":[{"floor":3,"key":"Elixir"},{"floor":4,"key":"PowerPotion"},{"floor":5,"key":"Weak Potion"},{"floor":5,"key":"DuplicationPotion"},{"floor":5,"key":"LiquidMemories"}],"is_trial":false,"path_per_floor":["M","$","M","M","?","E","R","$","T","E"],"character_chosen":"THE_CURSED","items_purchased":["TheCursedMod:BloodBarrier+1","Sling","TheCursedMod:HellsGateOpen","TheCursedMod:CircleOfAmplification+1"],"campfire_rested":1,"item_purchase_floors":[2,8,8,8],"current_hp_per_floor":[75,75,75,75,75,28,50,50,50,0,0],"gold":45,"neow_bonus":"THREE_ENEMY_KILL","is_daily":false,"chose_seed":false,"campfire_upgraded":0,"win_rate":0.0,"timestamp":1611644781,"path_taken":["M","$","M","M","?","E","R","?","T","E"],"items_purchased_type":["Card","Relic","Card","Card"],"build_version":"2020-12-22","purchased_purges":0,"victory":false,"max_hp_per_floor":[75,75,75,75,75,75,75,75,75,75,75],"card_choices":[{"not_picked":["TheCursedMod:SmokeScreen","TheCursedMod:RavingStaff"],"picked":"TheCursedMod:Torture","floor":1},{"not_picked":["TheCursedMod:CursedSpellbook","TheCursedMod:SmokeScreen"],"picked":"TheCursedMod:Torture","floor":3},{"not_picked":["TheCursedMod:BlessingInDisguise","TheCursedMod:AbyssShockwave"],"picked":"TheCursedMod:SpitefulPray","floor":4},{"not_picked":["TheCursedMod:WearCloak","TheCursedMod:RapidMovement"],"picked":"TheCursedMod:CircleOfFlame","floor":6}],"player_experience":288603,"relics_obtained":[{"floor":6,"key":"Replay:Wax Seal"},{"floor":9,"key":"Replay:Baseball"}],"event_choices":[{"damage_healed":0,"gold_gain":0,"player_choice":"Bought 3 Potions","damage_taken":0,"max_hp_gain":0,"max_hp_loss":0,"event_name":"The Woman in Blue","floor":5,"gold_loss":0}],"is_beta":false,"boss_relics":[],"items_purged_floors":[],"is_endless":false,"potions_floor_spawned":[3,4],"killed_by":"Gremlin Nob","ascension_level":2}}