{"host":"jumrmhf584hajrnz","time":1611704211,"event":{"mods":["BaseMod","Duelist Mod","GifTheSpireLib","Minty Spire (QoL Compilation)","Quick Restart","StSLib"],"gold_per_floor":[138,156,156,170,170,170,196,206,260,276,109,109,128,139,139,214,214,230,230,230,245,259,285,364,97,97,97,14,14,29,46,46,119,119,130,130,130,155,174,208,208,218,218,218,247,247,247,292,292,292,292,292],"floor_reached":51,"language":"ENG","playtime":3361,"items_purged":[],"score":1550,"play_id":"fd908466-0227-4d35-a0ea-b569b684b02d","local_time":"20210127003651","is_ascension_mode":true,"campfire_choices":[{"floor":6,"key":"RECALL"},{"floor":12,"key":"REST"},{"data":"theDuelist:MudragonSwamp","floor":15,"key":"SMITH"},{"floor":27,"key":"REST"},{"floor":32,"key":"REST"},{"floor":41,"key":"REST"},{"floor":49,"key":"REST"}],"circlet_count":0,"master_deck":["AscendersBane","theDuelist:CastleWalls+1","theDuelist:DarkMagician","theDuelist:MysticalElf","theDuelist:MysticalElf","theDuelist:NeoMagic","theDuelist:NeoMagic","theDuelist:Sparks","theDuelist:StormSparks+1","theDuelist:TimeWizard","theDuelist:MindAir","theDuelist:MudragonSwamp+1","theDuelist:InjectionFairy","theDuelist:MysticalElf","Apotheosis+1","theDuelist:MudragonSwamp","theDuelist:DarkMagician","theDuelist:RainbowMagician","theDuelist:LegendaryFlameLord","theDuelist:MillenniumGolem","theDuelist:FutureFusion","theDuelist:Hinotama","theDuelist:ApprenticeIllusionMagician","theDuelist:InjectionFairy","theDuelist:MysticalElf","theDuelist:DarkPaladin","theDuelist:InjectionFairy+1","theDuelist:BadReaction+1","theDuelist:DarkMagician","theDuelist:InjectionFairy","theDuelist:InjectionFairy+1","theDuelist:SkilledDarkMagician+1","theDuelist:Wiretap"],"relics":["theDuelist:MillenniumPuzzle","theDuelist:CardPoolRelic","theDuelist:CardPoolBasicRelic","theDuelist:BoosterPackPoolRelic","theDuelist:CardPoolAddRelic","theDuelist:CardPoolMinusRelic","theDuelist:CardPoolSaveRelic","theDuelist:CardPoolOptionsRelic","theDuelist:SpellcasterToken","War Paint","Mark of Pain","theDuelist:ZombieRelic","theDuelist:BlessingAnubis","Shuriken","Art of War","Fusion Hammer","Charon\u0027s Ashes","Juzu Bracelet","Thread and Needle","theDuelist:AeroRelic","Question Card","theDuelist:BoosterExtraAllRaresRelic","Incense Burner","Lizard Tail"],"acts_visited":["Exordium","TheCity","TheBeyond"],"potions_floor_usage":[23,33,40],"damage_taken":[{"damage":0,"enemies":"2 Louse","floor":1,"turns":3},{"damage":0,"enemies":"Small Slimes","floor":2,"turns":3},{"damage":0,"enemies":"Cultist","floor":4,"turns":4},{"damage":36,"enemies":"Gremlin Nob","floor":7,"turns":6},{"damage":0,"enemies":"Blue Slaver","floor":8,"turns":5},{"damage":0,"enemies":"Looter","floor":10,"turns":3},{"damage":0,"enemies":"3 Louse","floor":13,"turns":4},{"damage":3,"enemies":"Large Slime","floor":14,"turns":4},{"damage":36,"enemies":"Hexaghost","floor":16,"turns":7},{"damage":0,"enemies":"Chosen","floor":18,"turns":3},{"damage":23,"enemies":"2 Thieves","floor":21,"turns":4},{"damage":8,"enemies":"Cultist and Chosen","floor":22,"turns":5},{"damage":13,"enemies":"Slavers","floor":23,"turns":3},{"damage":23,"enemies":"Snecko","floor":30,"turns":4},{"damage":8,"enemies":"3 Cultists","floor":31,"turns":3},{"damage":0,"enemies":"Champ","floor":33,"turns":7},{"damage":13,"enemies":"Orb Walker","floor":35,"turns":3},{"damage":12,"enemies":"Mind Bloom Boss Battle","floor":38,"turns":6},{"damage":4,"enemies":"3 Shapes","floor":39,"turns":2},{"damage":20,"enemies":"Reptomancer","floor":40,"turns":5},{"damage":21,"enemies":"Transient","floor":42,"turns":6},{"damage":0,"enemies":"Nemesis","floor":45,"turns":5},{"damage":37,"enemies":"Nemesis","floor":48,"turns":6},{"damage":61,"enemies":"Donu and Deca","floor":50,"turns":8},{"damage":71,"enemies":"Time Eater","floor":51,"turns":8}],"seed_played":"-3837254096028280272","potions_obtained":[{"floor":1,"key":"theDuelist:TokenPotionB"},{"floor":7,"key":"Fire Potion"},{"floor":23,"key":"theDuelist:ExtraOrbsBottle"},{"floor":30,"key":"SkillPotion"},{"floor":38,"key":"theDuelist:BurningPotionB"},{"floor":40,"key":"theDuelist:DebuffFuryPotion"}],"is_trial":false,"path_per_floor":["M","M","?","M","?","R","E","M","T","M","$","R","M","M","R","B",null,"M","?","?","M","M","E","T","$","T","R","$","?","M","M","R","B",null,"M","?","$","?","M","E","R","M","T","?","E","?","?","?","R","B","B"],"character_chosen":"THE_DUELIST","items_purchased":["War Paint","Shuriken","theDuelist:ApprenticeIllusionMagician"],"campfire_rested":5,"item_purchase_floors":[11,25,28],"current_hp_per_floor":[63,63,63,63,63,63,27,31,31,35,35,56,65,67,67,40,63,67,47,47,24,21,13,13,13,13,35,35,35,17,13,35,54,70,57,57,57,59,60,48,70,68,68,60,75,75,75,41,63,12,0,0],"gold":292,"neow_bonus":"UPGRADE_CARD","is_daily":false,"chose_seed":false,"campfire_upgraded":1,"win_rate":0.0,"timestamp":1611704211,"path_taken":["M","M","?","M","?","R","E","M","T","M","$","R","M","M","R","BOSS","M","?","?","M","M","E","?","?","T","R","$","?","M","M","R","BOSS","M","?","$","?","M","E","R","M","T","?","E","?","?","?","R","BOSS","BOSS"],"items_purchased_type":["Relic","Relic","Card"],"build_version":"2020-12-22","purchased_purges":0,"victory":false,"max_hp_per_floor":[70,70,70,70,70,70,70,70,70,70,70,70,70,70,70,70,70,70,75,75,75,75,75,75,75,75,75,75,75,75,75,75,75,75,75,75,75,75,75,75,75,75,75,75,75,75,75,75,75,75,75,75],"card_choices":[{"not_picked":["theDuelist:GoblinSecret","theDuelist:BadReaction","theDuelist:WonderWand"],"picked":"theDuelist:TimeWizard","floor":1},{"not_picked":["theDuelist:DarkMagician","theDuelist:AltarTribute","theDuelist:SangaThunder","theDuelist:FlyingSaucer"],"picked":"theDuelist:MindAir","floor":2},{"not_picked":["theDuelist:Mudora","theDuelist:GreenGraveOni","theDuelist:HeavyStorm","theDuelist:Kuribohrn"],"picked":"theDuelist:MudragonSwamp","floor":4},{"not_picked":["theDuelist:NeoMagic","theDuelist:ExodiaRA","theDuelist:SkilledDarkMagician","theDuelist:SpellShatteringArrow"],"picked":"theDuelist:InjectionFairy","floor":7},{"not_picked":["theDuelist:NeoMagic","theDuelist:WhiteMagicalHat","theDuelist:SangaThunder","theDuelist:PowerKaishin"],"picked":"theDuelist:MysticalElf","floor":8},{"not_picked":["Deep Breath","Discovery","Transmutation"],"picked":"Apotheosis","floor":10},{"not_picked":["theDuelist:MindAir"],"picked":"theDuelist:MudragonSwamp","floor":13},{"not_picked":["theDuelist:SangaThunder","theDuelist:WhiteMagicalHat","theDuelist:ThousandEyesIdol","theDuelist:GuardianAngel"],"picked":"theDuelist:DarkMagician","floor":14},{"not_picked":["theDuelist:RainbowDarkDragon","theDuelist:IrisEarthMother","theDuelist:QueenDragunDjinn","theDuelist:SangaWater"],"picked":"theDuelist:RainbowMagician","floor":16},{"not_picked":["theDuelist:LegendaryExodia","theDuelist:CrystalWingDragon+1","theDuelist:BlueDragonSummoner","theDuelist:MagiciansRobe"],"picked":"theDuelist:LegendaryFlameLord","floor":18},{"not_picked":["theDuelist:GilfordLegend","theDuelist:Sangan","theDuelist:WingedKuriboh","theDuelist:PowerGiant"],"picked":"theDuelist:MillenniumGolem","floor":21},{"not_picked":["theDuelist:GaiaMidNightSun+1","theDuelist:GemArmadillo","theDuelist:BigKoala","theDuelist:EvilswarmHeliotrope+1"],"picked":"theDuelist:FutureFusion","floor":22},{"not_picked":["theDuelist:GraniteLoyalist+1","theDuelist:LightningRodLord","theDuelist:RainbowOverdragon","theDuelist:GaiaMidNightSun"],"picked":"theDuelist:Hinotama","floor":23},{"not_picked":["theDuelist:NeoMagic","theDuelist:MysticalElf","theDuelist:DarkMagicianGirl","theDuelist:MythicalBeast"],"picked":"theDuelist:InjectionFairy","floor":30},{"not_picked":["theDuelist:NeoMagic","theDuelist:BlueDragonSummoner","theDuelist:ExodiaRL","theDuelist:OnslaughtFireKings"],"picked":"theDuelist:MysticalElf","floor":31},{"not_picked":["theDuelist:IrisEarthMother","theDuelist:QueenDragunDjinn","theDuelist:SwordsRevealing","theDuelist:IceQueen"],"picked":"theDuelist:DarkPaladin","floor":33},{"not_picked":["theDuelist:BlizzardWarrior","theDuelist:AncientElf","theDuelist:FlyingSaucer","theDuelist:MagiciansRod"],"picked":"theDuelist:InjectionFairy+1","floor":35},{"not_picked":["theDuelist:WhiteHowling+1","theDuelist:AltarTribute+1","theDuelist:FairyBox","theDuelist:IcyCrevasse"],"picked":"theDuelist:BadReaction+1","floor":38},{"not_picked":["theDuelist:BlizzardWarrior+1","theDuelist:WhiteMagicalHat","theDuelist:AltarTribute","theDuelist:FrontierWiseman"],"picked":"theDuelist:DarkMagician","floor":39},{"not_picked":["theDuelist:SpellShatteringArrow+1","theDuelist:ExodiaLA","theDuelist:CosmicHorrorGangiel","theDuelist:NeoMagic"],"picked":"theDuelist:InjectionFairy","floor":40},{"not_picked":["theDuelist:Mudballman","theDuelist:ThousandEyesIdol+1","theDuelist:DarkMagicianGirl","theDuelist:CharcoalInpachi"],"picked":"theDuelist:InjectionFairy+1","floor":42},{"not_picked":["theDuelist:ExodiaRA+1","theDuelist:SilentDoom+1"],"picked":"theDuelist:SkilledDarkMagician+1","floor":45},{"not_picked":["theDuelist:CharcoalInpachi+1","theDuelist:SilentDoom+1","theDuelist:MagicalStone+1","theDuelist:OneForOne+1"],"picked":"theDuelist:Wiretap","floor":48}],"player_experience":1575756,"relics_obtained":[{"floor":7,"key":"theDuelist:SpellcasterToken"},{"floor":23,"key":"theDuelist:ZombieRelic"},{"floor":24,"key":"theDuelist:BlessingAnubis"},{"floor":26,"key":"Art of War"},{"floor":38,"key":"Charon\u0027s Ashes"},{"floor":40,"key":"Juzu Bracelet"},{"floor":43,"key":"Thread and Needle"},{"floor":45,"key":"Question Card"},{"floor":48,"key":"theDuelist:BoosterExtraAllRaresRelic"},{"floor":48,"key":"Incense Burner"},{"floor":48,"key":"Lizard Tail"}],"event_choices":[{"damage_healed":0,"gold_gain":0,"player_choice":"Leave","duelist":true,"damage_taken":0,"max_hp_gain":0,"max_hp_loss":0,"event_name":"Tomb of the Nameless","floor":3,"gold_loss":0},{"damage_healed":0,"gold_gain":0,"player_choice":"0 cards matched","damage_taken":0,"max_hp_gain":0,"max_hp_loss":0,"event_name":"Match and Keep!","floor":5,"gold_loss":0,"cards_obtained":[]},{"damage_healed":0,"gold_gain":0,"player_choice":"Shed Blood","damage_taken":25,"max_hp_gain":5,"max_hp_loss":0,"event_name":"Forgotten Altar","floor":19,"gold_loss":0},{"damage_healed":0,"gold_gain":0,"player_choice":"Leave","duelist":true,"damage_taken":0,"max_hp_gain":0,"max_hp_loss":0,"event_name":"Relic Duplicator","floor":20,"gold_loss":0},{"damage_healed":0,"gold_gain":0,"player_choice":"Ignored","damage_taken":0,"max_hp_gain":0,"max_hp_loss":0,"event_name":"Vampires","floor":29,"gold_loss":0},{"damage_healed":0,"gold_gain":0,"player_choice":"Leave","duelist":true,"damage_taken":0,"max_hp_gain":0,"max_hp_loss":0,"event_name":"Egyptian Village","floor":36,"gold_loss":0},{"damage_healed":0,"gold_gain":0,"player_choice":"Fight","damage_taken":0,"max_hp_gain":0,"max_hp_loss":0,"event_name":"MindBloom","floor":38,"gold_loss":0},{"damage_healed":0,"gold_gain":0,"player_choice":"Dig - random Duelist relic","duelist":true,"damage_taken":0,"max_hp_gain":0,"max_hp_loss":0,"event_name":"Aknamkanon\u0027s Tomb","floor":44,"gold_loss":0},{"cards_removed":["theDuelist:Sparks"],"damage_healed":0,"gold_gain":0,"player_choice":"Removed Attack","damage_taken":0,"max_hp_gain":0,"max_hp_loss":0,"event_name":"Falling","floor":46,"gold_loss":0},{"cards_removed":["theDuelist:CastleWalls"],"damage_healed":0,"gold_gain":0,"player_choice":"Purged","damage_taken":0,"max_hp_gain":0,"max_hp_loss":0,"event_name":"Purifier","floor":47,"gold_loss":0},{"damage_healed":0,"gold_gain":0,"player_choice":"Fight","duelist":true,"damage_taken":0,"max_hp_gain":0,"max_hp_loss":0,"event_name":"Battle City","floor":48,"gold_loss":0}],"is_beta":false,"boss_relics":[{"not_picked":["theDuelist:HauntedRelic","Ectoplasm"],"picked":"Mark of Pain"},{"not_picked":["Velvet Choker","Runic Cube"],"picked":"Fusion Hammer"}],"items_purged_floors":[],"is_endless":false,"potions_floor_spawned":[1,7,10,13,16,21,22,23,30,38,40,42,48],"killed_by":"Time Eater","ascension_level":20}}