{"host":"c44ey07ufggfw2m8","time":1611659873,"event":{"mods":["2.2 Compatiblity","BaseMod","Colored Map","DeckTracker","Highlight Path","Keyboard Shortcuts","Minty Spire (QoL Compilation)","Permanent Neow","Quick Restart","StSLib","SuperFastMode","UnlockEverythingMod"],"gold_per_floor":[117,127,146,246,86,86,101,119,119,119,137,167,187,199,199,302,302,317,41,0,99,119,80,92,167,167,185,30,56,56,76,76,178,178,192,192,242,124,6,32,52,81,106,123,123,0,0,15,15,15],"floor_reached":51,"language":"KOR","playtime":2018,"items_purged":["Strike_G","Strike_G"],"score":1093,"play_id":"0981e28b-0e55-499d-9638-c243bea2e8a2","local_time":"20210126201753","is_ascension_mode":true,"campfire_choices":[{"data":"Blade Dance","floor":6.0,"key":"SMITH"},{"data":"Footwork","floor":10.0,"key":"SMITH"},{"data":"Terror","floor":15.0,"key":"SMITH"},{"data":"Apotheosis","floor":30.0,"key":"SMITH"},{"floor":32.0,"key":"REST"},{"data":"Tactician","floor":45,"key":"SMITH"},{"data":"Adrenaline","floor":47,"key":"SMITH"},{"floor":49,"key":"REST"}],"circlet_count":0,"master_deck":["Defend_G","Defend_G","Defend_G","Defend_G","Defend_G","Survivor","Neutralize","Choke","Bouncing Flask","Deadly Poison","Blade Dance+1","Accuracy","Cloak And Dagger","Footwork+1","Backflip","Blade Dance","Terror+1","Finisher","Adrenaline+1","Apotheosis+1","Calculated Gamble+1","Tactician+1","Acrobatics","Dagger Spray","Prepared","Crippling Poison","Adrenaline","Prepared","Violence","Backflip","Adrenaline","Calculated Gamble+1","Blade Dance+1","Reflex+1","Escape Plan+1"],"relics":["Ring of the Snake","Centennial Puzzle","Omamori","Odd Mushroom","Empty Cage","The Courier","Medical Kit","StrikeDummy","HoveringKite","The Specimen","Sling","Regal Pillow","Ancient Tea Set","Juzu Bracelet","Red Mask"],"acts_visited":["Exordium","TheCity","TheBeyond"],"potions_floor_usage":[50,50],"damage_taken":[{"damage":0.0,"enemies":"Small Slimes","floor":1.0,"turns":8.0},{"damage":6.0,"enemies":"Cultist","floor":2.0,"turns":3.0},{"damage":0.0,"enemies":"Jaw Worm","floor":3.0,"turns":4.0},{"damage":1.0,"enemies":"Large Slime","floor":7.0,"turns":4.0},{"damage":0.0,"enemies":"Looter","floor":8.0,"turns":3.0},{"damage":0.0,"enemies":"Lots of Slimes","floor":11.0,"turns":1.0},{"damage":1.0,"enemies":"Lagavulin","floor":12.0,"turns":6.0},{"damage":25.0,"enemies":"The Mushroom Lair","floor":13.0,"turns":5.0},{"damage":6.0,"enemies":"Red Slaver","floor":14.0,"turns":3.0},{"damage":3.0,"enemies":"The Guardian","floor":16.0,"turns":8.0},{"damage":8.0,"enemies":"Chosen","floor":18.0,"turns":3.0},{"damage":2.0,"enemies":"Shell Parasite","floor":22.0,"turns":4.0},{"damage":7.0,"enemies":"Snake Plant","floor":24.0,"turns":3.0},{"damage":4.0,"enemies":"Cultist and Chosen","floor":27.0,"turns":5.0},{"damage":11.0,"enemies":"Book of Stabbing","floor":29.0,"turns":3.0},{"damage":11.0,"enemies":"Sentry and Sphere","floor":31.0,"turns":5.0},{"damage":14.0,"enemies":"Automaton","floor":33.0,"turns":5.0},{"damage":0.0,"enemies":"Orb Walker","floor":35.0,"turns":2.0},{"damage":0.0,"enemies":"Mind Bloom Boss Battle","floor":37.0,"turns":3.0},{"damage":8.0,"enemies":"Giant Head","floor":40.0,"turns":3.0},{"damage":3,"enemies":"3 Darklings","floor":41,"turns":3},{"damage":0,"enemies":"Nemesis","floor":42,"turns":1},{"damage":0,"enemies":"Transient","floor":44,"turns":5},{"damage":12,"enemies":"Maw","floor":48,"turns":5},{"damage":70,"enemies":"Awakened One","floor":50,"turns":7}],"seed_played":"3198201614655763757","potions_obtained":[{"floor":1.0,"key":"FairyPotion"},{"floor":3.0,"key":"EssenceOfSteel"},{"floor":8.0,"key":"SteroidPotion"},{"floor":12.0,"key":"Fire Potion"},{"floor":16.0,"key":"ColorlessPotion"},{"floor":18.0,"key":"AttackPotion"},{"floor":27.0,"key":"AttackPotion"},{"floor":31.0,"key":"Dexterity Potion"},{"floor":33.0,"key":"Strength Potion"},{"floor":35.0,"key":"GamblersBrew"}],"is_trial":false,"path_per_floor":["M","M","M","?","$","R","M","M","T","R","M","E","?","M","R","B",null,"M","$","?","?","M","$","M","?","T","M","$","E","R","M","R","B",null,"M","?","?","$","$","E","M","E","T","M","R","?","R","M","R","B",null],"character_chosen":"THE_SILENT","items_purchased":["Blade Dance","Accuracy","Apotheosis","Tactician","Prepared","Medical Kit","Sling","Adrenaline"],"campfire_rested":2,"item_purchase_floors":[5,5,19,23,28,28,38,39],"current_hp_per_floor":[63,57,57,57,57,57,56,56,56,56,56,55,30,24,24,21,58,50,50,50,50,48,48,41,34,34,30,30,19,19,8,29,15,56,56,56,56,56,56,48,45,45,45,45,45,45,45,33,69,21],"gold":15,"neow_bonus":"REMOVE_CARD","is_daily":false,"chose_seed":false,"campfire_upgraded":6,"win_rate":0.0,"timestamp":1611659873,"path_taken":["M","M","M","?","$","R","M","?","T","R","M","E","?","M","R","BOSS","M","$","?","?","M","$","M","?","T","?","$","E","R","M","R","BOSS","M","?","?","?","$","E","M","E","T","M","R","?","R","M","R","BOSS"],"items_purchased_type":["Card","Card","Card","Card","Card","Relic","Relic","Card"],"build_version":"2020-12-22","purchased_purges":2,"victory":true,"max_hp_per_floor":[70,70,70,70,70,70,70,70,70,70,70,70,70,70,70,70,70,70,70,70,70,70,70,70,70,70,70,70,70,70,70,70,70,70,70,70,70,70,70,70,70,70,70,70,70,70,70,70,70,70],"card_choices":[{"not_picked":["Crippling Poison","Dodge and Roll"],"picked":"Choke","floor":1.0},{"not_picked":["Poisoned Stab","Deadly Poison"],"picked":"Bouncing Flask","floor":2.0},{"not_picked":["Dodge and Roll","Cloak And Dagger"],"picked":"Deadly Poison","floor":3.0},{"not_picked":["Prepared","Backstab"],"picked":"Cloak And Dagger","floor":7.0},{"not_picked":["Prepared","Acrobatics"],"picked":"Footwork","floor":8.0},{"not_picked":["Outmaneuver","Underhanded Strike"],"picked":"Backflip","floor":11.0},{"not_picked":["Unload","Calculated Gamble"],"picked":"Blade Dance","floor":12.0},{"not_picked":["Dagger Spray","Deadly Poison"],"picked":"Terror","floor":13.0},{"not_picked":["Prepared","Riddle With Holes"],"picked":"Finisher","floor":14.0},{"not_picked":["Doppelganger","Phantasmal Killer"],"picked":"Adrenaline","floor":16.0},{"not_picked":["Distraction+1","Deflect","Sucker Punch"],"picked":"SKIP","floor":18.0},{"not_picked":["Deflect","Leg Sweep"],"picked":"Calculated Gamble+1","floor":22.0},{"not_picked":["Footwork","Setup"],"picked":"Acrobatics","floor":24.0},{"not_picked":["Footwork","Poisoned Stab"],"picked":"Dagger Spray","floor":27.0},{"not_picked":["Quick Slash","Doppelganger"],"picked":"Crippling Poison","floor":29.0},{"not_picked":["Dagger Spray","Quick Slash","Cloak And Dagger"],"picked":"SKIP","floor":31.0},{"not_picked":["Wraith Form v2","Grand Finale"],"picked":"Adrenaline","floor":33.0},{"not_picked":["Slice","Noxious Fumes"],"picked":"Prepared","floor":35.0},{"not_picked":["Bandage Up","PanicButton"],"picked":"Violence","floor":36.0},{"not_picked":["Underhanded Strike+1","Deflect+1"],"picked":"Backflip","floor":37.0},{"not_picked":["Underhanded Strike+1","Eviscerate"],"picked":"Calculated Gamble+1","floor":40.0},{"not_picked":["Deadly Poison+1","Dodge and Roll"],"picked":"Blade Dance+1","floor":41},{"not_picked":["Slice+1","Malaise","Backstab+1"],"picked":"SKIP","floor":42},{"not_picked":["Heel Hook","Poisoned Stab"],"picked":"Reflex+1","floor":44},{"not_picked":["Footwork+1","Concentrate+1"],"picked":"Escape Plan+1","floor":48}],"player_experience":72637,"relics_obtained":[{"floor":9.0,"key":"Centennial Puzzle"},{"floor":12.0,"key":"Omamori"},{"floor":13.0,"key":"Odd Mushroom"},{"floor":26.0,"key":"The Courier"},{"floor":29.0,"key":"StrikeDummy"},{"floor":37.0,"key":"The Specimen"},{"floor":40.0,"key":"Regal Pillow"},{"floor":42,"key":"Ancient Tea Set"},{"floor":43,"key":"Juzu Bracelet"}],"event_choices":[{"damage_healed":0.0,"max_hp_gain":0.0,"max_hp_loss":0.0,"gold_gain":100.0,"event_name":"Golden Shrine","player_choice":"Pray","floor":4.0,"gold_loss":0.0,"damage_taken":0.0},{"damage_healed":0.0,"max_hp_gain":0.0,"max_hp_loss":0.0,"gold_gain":0.0,"event_name":"Mushrooms","player_choice":"Fought Mushrooms","floor":13.0,"gold_loss":0.0,"damage_taken":0.0},{"damage_healed":0.0,"max_hp_gain":0.0,"max_hp_loss":0.0,"gold_gain":0.0,"event_name":"Masked Bandits","player_choice":"Paid Fearfully","floor":20.0,"gold_loss":41.0,"damage_taken":0.0},{"damage_healed":0.0,"max_hp_gain":0.0,"max_hp_loss":0.0,"gold_gain":99.0,"event_name":"Nest","player_choice":"Stole From Cult","floor":21.0,"gold_loss":0.0,"damage_taken":0.0},{"damage_healed":0.0,"max_hp_gain":0.0,"max_hp_loss":0.0,"gold_gain":75.0,"event_name":"FaceTrader","player_choice":"Touch","floor":25.0,"gold_loss":0.0,"damage_taken":7.0},{"damage_healed":0.0,"max_hp_gain":0.0,"max_hp_loss":0.0,"gold_gain":0.0,"event_name":"SensoryStone","player_choice":"Memory 1","floor":36.0,"gold_loss":0.0,"damage_taken":0.0},{"damage_healed":0.0,"max_hp_gain":0.0,"max_hp_loss":0.0,"gold_gain":0.0,"event_name":"MindBloom","player_choice":"Fight","floor":37.0,"gold_loss":0.0,"damage_taken":0.0},{"damage_healed":0,"gold_gain":0,"player_choice":"Paid","damage_taken":0,"relics_obtained":["Red Mask"],"max_hp_gain":0,"max_hp_loss":0,"event_name":"Tomb of Lord Red Mask","floor":46,"gold_loss":123}],"is_beta":false,"boss_relics":[{"not_picked":["Busted Crown","SacredBark"],"picked":"Empty Cage"},{"not_picked":["Fusion Hammer","Philosopher\u0027s Stone"],"picked":"HoveringKite"}],"items_purged_floors":[5,19],"is_endless":false,"potions_floor_spawned":[1,3,8,12,16,18,27,31,33,35],"ascension_level":8}}