{"host":"9kesdg97wkrx2bva","time":1611622847,"event":{"mods":["AchievementEnabler","BaseMod","Colored Map","GifTheSpireLib","Infinite Spire","Minty Spire (QoL Compilation)","Replay The Spire","StSLib"],"gold_per_floor":[110,35,35,45,45,45,64,64,64,92,108,118,118,18,18,94,94,114,64,75,85,85,112,124,124,124,124,153,166,166,166,166,166,166],"floor_reached":33,"language":"ENG","playtime":1206,"items_purged":["Strike_G","Strike_G"],"score":513,"play_id":"565e2597-7c98-4fd5-a421-cad235d302a7","local_time":"20210125190047","is_ascension_mode":true,"campfire_choices":[{"data":"Deadly Poison","floor":6,"key":"SMITH"},{"data":"Bouncing Flask","floor":13,"key":"SMITH"},{"data":"Deadly Poison","floor":15,"key":"SMITH"},{"floor":27,"key":"REST"},{"data":"Replay:Bag of Tricks","floor":27,"key":"SMITH"},{"data":"1","floor":32,"key":"LIFT"}],"circlet_count":0,"master_deck":["AscendersBane","Strike_G","Strike_G","Defend_G+1","Defend_G+1","Defend_G+1","Defend_G+1","Defend_G+1","Survivor","Neutralize+1","Deadly Poison+1","Deadly Poison+1","Escape Plan","Footwork+1","Bouncing Flask+1","Slice","Replay:Bag of Tricks+1","ReplayTheSpireMod:Speed Training","Replay:Bag of Tricks","Slice","Slice","Sneak Up","Replay:Poison Smokescreen","Normality"],"relics":["Ring of the Snake","Replay:Bottled Eggs","infinitespire:BottledMercury","Coffee Dripper","infinitespire:Lucky Rock","infinitespire:Magic Flask","Replay:Bottled Flurry","Girya","ReplayTheSpireMod:Ring of Exchange","ReplayTheSpireMod:Ring of Collecting"],"acts_visited":["Exordium","TheCity"],"potions_floor_usage":[18,23,23,24,29,33],"damage_taken":[{"damage":3,"enemies":"Jaw Worm","floor":1,"turns":4},{"damage":0,"enemies":"Small Slimes","floor":4,"turns":4},{"damage":0,"enemies":"Cultist","floor":7,"turns":3},{"damage":10,"enemies":"Lagavulin","floor":10,"turns":5},{"damage":2,"enemies":"2 Fungi Beasts","floor":11,"turns":3},{"damage":5,"enemies":"3 Louse","floor":12,"turns":4},{"damage":33,"enemies":"Slime Boss","floor":16,"turns":16},{"damage":0,"enemies":"Chosen","floor":18,"turns":4},{"damage":8,"enemies":"3 Byrds","floor":20,"turns":6},{"damage":3,"enemies":"Centurion and Healer","floor":21,"turns":6},{"damage":8,"enemies":"Slavers","floor":23,"turns":6},{"damage":4,"enemies":"Snecko","floor":24,"turns":5},{"damage":6,"enemies":"Book of Stabbing","floor":28,"turns":6},{"damage":0,"enemies":"Chosen and Byrds","floor":29,"turns":4},{"damage":60,"enemies":"Automaton","floor":33,"turns":6}],"seed_played":"7477641623144967212","potions_obtained":[{"floor":7,"key":"Milkshake"},{"floor":11,"key":"Toxic Potion"},{"floor":21,"key":"Dexterity Potion"},{"floor":23,"key":"Dexterity Potion"},{"floor":28,"key":"Energy Potion"},{"floor":29,"key":"Fruit Juice"}],"is_trial":false,"path_per_floor":["M","$","?","M","?","R","M","?","T","E","M","M","R","$","R_BF","B",null,"M","?","M","M","$","E","M","T","T","R","E","M","?","?","R","B"],"character_chosen":"THE_SILENT","items_purchased":[],"campfire_rested":1,"item_purchase_floors":[],"current_hp_per_floor":[56,56,56,56,56,56,56,56,56,46,44,39,39,39,39,6,51,51,51,43,40,40,32,28,28,28,47,41,41,41,41,41,0,0],"gold":166,"neow_bonus":"THREE_CARDS","is_daily":false,"chose_seed":false,"campfire_upgraded":4,"win_rate":0.0,"timestamp":1611622847,"path_taken":["M","$","?","M","?","R","?","?","T","E","M","M","R","$","R_BF","BOSS","M","?","M","?","$","E","?","?","T","R","E","M","?","?","R","BOSS"],"items_purchased_type":[],"build_version":"2020-12-22","purchased_purges":2,"victory":false,"max_hp_per_floor":[66,66,66,66,66,66,66,66,66,66,66,66,66,66,66,66,66,66,66,66,66,66,66,66,66,66,66,66,66,66,66,66,71,71],"card_choices":[{"not_picked":["Heel Hook","Leg Sweep"],"picked":"Deadly Poison","floor":0},{"not_picked":["Blade Dance","Finisher"],"picked":"Deadly Poison","floor":1},{"not_picked":["Flying Knee","Dodge and Roll"],"picked":"Escape Plan","floor":4},{"not_picked":["Distraction","Quick Slash"],"picked":"Bouncing Flask","floor":7},{"not_picked":["Underhanded Strike","Outmaneuver"],"picked":"Slice","floor":10},{"not_picked":["Quick Slash","Fluid Movement"],"picked":"Replay:Bag of Tricks","floor":11},{"not_picked":["Outmaneuver","Hidden Blade"],"picked":"ReplayTheSpireMod:Speed Training","floor":12},{"not_picked":["ReplayTheSpireMod:From All Sides","Malaise"],"picked":"Replay:Bag of Tricks","floor":16},{"not_picked":["Predator","Dash"],"picked":"Slice","floor":18},{"not_picked":["Blur","Hidden Blade+1","Sucker Punch"],"picked":"SKIP","floor":20},{"not_picked":["Dodge and Roll","Poisoned Stab+1"],"picked":"Slice","floor":21},{"not_picked":["Cloak And Dagger","Setup"],"picked":"Sneak Up","floor":23},{"not_picked":["Dagger Throw+1","Underhanded Strike","Backstab"],"picked":"SKIP","floor":24},{"not_picked":["ReplayTheSpireMod:Shiv Toss","Quick Slash"],"picked":"Replay:Poison Smokescreen","floor":28},{"not_picked":["Poisoned Stab","Outmaneuver+1","ReplayTheSpireMod:Exploit Weakness"],"picked":"SKIP","floor":29}],"player_experience":967687,"relics_obtained":[{"floor":9,"key":"Replay:Bottled Eggs"},{"floor":10,"key":"infinitespire:BottledMercury"},{"floor":23,"key":"infinitespire:Lucky Rock"},{"floor":25,"key":"infinitespire:Magic Flask"},{"floor":26,"key":"Replay:Bottled Flurry"},{"floor":28,"key":"Girya"},{"floor":31,"key":"ReplayTheSpireMod:Ring of Exchange"},{"floor":31,"key":"ReplayTheSpireMod:Ring of Collecting"}],"event_choices":[{"damage_healed":0,"gold_gain":0,"player_choice":"1 cards matched","damage_taken":0,"max_hp_gain":0,"max_hp_loss":0,"event_name":"Match and Keep!","floor":5,"gold_loss":0,"cards_obtained":["Footwork"]},{"damage_healed":0,"gold_gain":0,"player_choice":"Upgraded Two","damage_taken":0,"max_hp_gain":0,"max_hp_loss":0,"event_name":"Designer","floor":19,"gold_loss":50,"cards_upgraded":["Footwork","Neutralize"]},{"damage_healed":0,"gold_gain":0,"player_choice":"Ignored","damage_taken":0,"max_hp_gain":0,"max_hp_loss":0,"event_name":"Ghosts","floor":30,"gold_loss":0}],"is_beta":false,"boss_relics":[{"not_picked":["Snecko Heart","Runic Dome"],"picked":"Coffee Dripper"}],"items_purged_floors":[2,14],"is_endless":false,"potions_floor_spawned":[7,11,21,23,28,29],"killed_by":"Automaton","ascension_level":16}}