{"host":"x205naxbihvu3p76","time":1611664113,"event":{"mods":["AchievementEnabler","BaseMod","Minty Spire (QoL Compilation)","StSLib","SuperFastMode"],"gold_per_floor":[111,58,58,71,84,115,129,154,205,205,38,38,38,55,55,132,132,150,150,166,166,166,166,185,199,199,213,227,260,278,294,294,371,371,386,386,386],"floor_reached":36,"language":"KOR","playtime":1163,"items_purged":["Strike_B"],"score":756,"play_id":"a7806075-e3b7-4d16-8049-897e9949e883","local_time":"20210126212833","is_ascension_mode":true,"campfire_choices":[{"data":"Barrage","floor":13,"key":"SMITH"},{"data":"Capacitor","floor":15,"key":"SMITH"},{"data":"Self Repair","floor":23,"key":"SMITH"},{"data":"Defragment","floor":32,"key":"SMITH"}],"circlet_count":0,"master_deck":["AscendersBane","Strike_B+1","Defend_B+1","Defend_B+1","Defend_B+1","Defend_B+1","Zap","Dualcast","FTL","Cold Snap","Cold Snap","Capacitor+1","Self Repair+1","BootSequence","Glacier","Barrage+1","Echo Form","Go for the Eyes+1","Beam Cell","Defragment+1","Hologram","Ball Lightning","Hello World"],"relics":["Cracked Core","Happy Flower","Kunai","Tiny Chest","Inserter","Centennial Puzzle","Lantern","Red Mask","Philosopher\u0027s Stone"],"acts_visited":["Exordium","TheCity","TheBeyond"],"potions_floor_usage":[6,8,28,29,33,36],"damage_taken":[{"damage":2,"enemies":"Jaw Worm","floor":1,"turns":4},{"damage":0,"enemies":"2 Louse","floor":4,"turns":3},{"damage":1,"enemies":"Small Slimes","floor":5,"turns":4},{"damage":17,"enemies":"3 Sentries","floor":6,"turns":8},{"damage":5,"enemies":"Exordium Wildlife","floor":7,"turns":4},{"damage":17,"enemies":"Lagavulin","floor":8,"turns":8},{"damage":0,"enemies":"Looter","floor":14,"turns":3},{"damage":23,"enemies":"The Guardian","floor":16,"turns":12},{"damage":15,"enemies":"Spheric Guardian","floor":18,"turns":6},{"damage":23,"enemies":"2 Thieves","floor":20,"turns":4},{"damage":17,"enemies":"Shelled Parasite and Fungi","floor":24,"turns":6},{"damage":24,"enemies":"Cultist and Chosen","floor":25,"turns":8},{"damage":7,"enemies":"Centurion and Healer","floor":27,"turns":7},{"damage":2,"enemies":"3 Cultists","floor":28,"turns":6},{"damage":16,"enemies":"Masked Bandits","floor":29,"turns":6},{"damage":10,"enemies":"Cultist and Chosen","floor":30,"turns":7},{"damage":14,"enemies":"Snecko","floor":31,"turns":7},{"damage":40,"enemies":"Collector","floor":33,"turns":10},{"damage":4,"enemies":"Orb Walker","floor":35,"turns":4},{"damage":68,"enemies":"3 Darklings","floor":36,"turns":4}],"seed_played":"-2852863137512308252","potions_obtained":[{"floor":1,"key":"Block Potion"},{"floor":6,"key":"DuplicationPotion"},{"floor":14,"key":"Strength Potion"},{"floor":16,"key":"LiquidMemories"},{"floor":31,"key":"Strength Potion"},{"floor":33,"key":"SkillPotion"}],"is_trial":false,"path_per_floor":["M","$","?","M","M","E","M","E","T","?","$","?","R","M","R","B",null,"M","?","M","T","?","R","M","M","T","M","M","?","M","M","R","B",null,"M","M"],"character_chosen":"DEFECT","items_purchased":["Cold Snap","Glacier","Barrage"],"campfire_rested":0,"item_purchase_floors":[2,11,11],"current_hp_per_floor":[62,62,62,62,61,44,39,36,36,41,41,41,41,41,41,25,63,55,55,32,32,32,32,35,21,21,24,32,36,46,52,52,12,60,66,0,0],"gold":386,"neow_bonus":"TRANSFORM_CARD","is_daily":false,"chose_seed":false,"campfire_upgraded":4,"win_rate":0.0,"timestamp":1611664113,"path_taken":["M","$","?","M","M","E","M","E","T","?","$","?","R","M","R","BOSS","M","?","M","?","?","R","M","M","T","?","M","?","M","M","R","BOSS","M","M"],"items_purchased_type":["Card","Card","Card"],"build_version":"2020-12-22","purchased_purges":1,"victory":false,"max_hp_per_floor":[71,71,71,71,71,71,71,71,71,76,76,76,76,76,76,76,76,76,76,76,76,76,76,76,76,76,76,76,76,76,76,76,76,76,76,76,76],"card_choices":[{"not_picked":["Melter","Consume","Barrage"],"picked":"SKIP","floor":1},{"not_picked":["Reprogram","Stack","Go for the Eyes"],"picked":"SKIP","floor":4},{"not_picked":["Gash","Darkness"],"picked":"Capacitor","floor":5},{"not_picked":["Aggregate","Leap","Scrape"],"picked":"SKIP","floor":6},{"not_picked":["Gash","Reinforced Body"],"picked":"Self Repair","floor":7},{"not_picked":["Auto Shields","Hologram"],"picked":"BootSequence","floor":8},{"not_picked":["Stack","Steam","Glacier"],"picked":"SKIP","floor":14},{"not_picked":["Meteor Strike","Reboot"],"picked":"Echo Form","floor":16},{"not_picked":["Lockon","Steam+1"],"picked":"Go for the Eyes+1","floor":18},{"not_picked":["Conserve Battery","Storm","Redo"],"picked":"SKIP","floor":20},{"not_picked":["Chaos","Rebound"],"picked":"Beam Cell","floor":24},{"not_picked":["Auto Shields","White Noise"],"picked":"Defragment","floor":25},{"not_picked":["Conserve Battery","Turbo"],"picked":"Hologram","floor":27},{"not_picked":["Hologram","Sweeping Beam","Streamline"],"picked":"SKIP","floor":28},{"not_picked":["Multi-Cast","Double Energy"],"picked":"Ball Lightning","floor":29},{"not_picked":["Beam Cell","Coolheaded","Hologram"],"picked":"SKIP","floor":30},{"not_picked":["Go for the Eyes+1","Gash","Hello World"],"picked":"SKIP","floor":31},{"not_picked":["Go for the Eyes+1","Gash"],"picked":"Hello World","floor":31},{"not_picked":["Turbo","Streamline+1","Gash+1"],"picked":"SKIP","floor":35}],"player_experience":999198,"relics_obtained":[{"floor":6,"key":"Happy Flower"},{"floor":8,"key":"Kunai"},{"floor":9,"key":"Tiny Chest"},{"floor":21,"key":"Centennial Puzzle"},{"floor":26,"key":"Lantern"},{"floor":29,"key":"Red Mask"}],"event_choices":[{"damage_healed":0,"gold_gain":0,"cards_transformed":["Strike_B"],"player_choice":"Change","damage_taken":0,"max_hp_gain":0,"max_hp_loss":0,"event_name":"Living Wall","floor":3,"gold_loss":0,"cards_obtained":["Cold Snap"]},{"damage_healed":0,"gold_gain":0,"player_choice":"Donut","damage_taken":0,"max_hp_gain":5,"max_hp_loss":0,"event_name":"Big Fish","floor":10,"gold_loss":0},{"damage_healed":0,"gold_gain":0,"player_choice":"Leave","damage_taken":0,"max_hp_gain":0,"max_hp_loss":0,"event_name":"The Cleric","floor":12,"gold_loss":0},{"damage_healed":0,"gold_gain":0,"player_choice":"Ignored","damage_taken":0,"max_hp_gain":0,"max_hp_loss":0,"event_name":"Vampires","floor":19,"gold_loss":0},{"damage_healed":0,"gold_gain":0,"player_choice":"Simplicity","damage_taken":0,"max_hp_gain":0,"max_hp_loss":0,"event_name":"Back to Basics","floor":22,"gold_loss":0,"cards_upgraded":["Strike_B","Defend_B","Defend_B","Defend_B","Defend_B"]},{"damage_healed":0,"gold_gain":0,"player_choice":"Fought Bandits","damage_taken":0,"max_hp_gain":0,"max_hp_loss":0,"event_name":"Masked Bandits","floor":29,"gold_loss":0}],"is_beta":false,"boss_relics":[{"not_picked":["Busted Crown","Snecko Eye"],"picked":"Inserter"},{"not_picked":["Tiny House","Black Star"],"picked":"Philosopher\u0027s Stone"}],"items_purged_floors":[11],"is_endless":false,"potions_floor_spawned":[1,6,14,16,25,27,31,33],"killed_by":"3 Darklings","ascension_level":20}}