{"host":"1omuyl0df1yi03p2","time":1611656329,"event":{"mods":["BaseMod","Colored Map","Infinite Spire","Minty Spire (QoL Compilation)","Replay The Spire","StSLib","The Bug Knight","The Necromancer","The Wild Card"],"gold_per_floor":[111,38,53,64,81,111,111,111,161,178,188,82,98,115,173,278,278,297,315,335,335,335],"floor_reached":21,"language":"ENG","playtime":3443,"items_purged":[],"score":187,"play_id":"1c5a7c0c-450c-4339-9805-a8012ec9c86d","local_time":"20210126041849","is_ascension_mode":false,"campfire_choices":[{"floor":8,"key":"REST"}],"circlet_count":0,"master_deck":["HollowMod:NailStrikeStart","HollowMod:NailStrikeStart","HollowMod:NailStrikeStart","HollowMod:NailStrikeStart","HollowMod:QuickDashStart","HollowMod:QuickDashStart","HollowMod:QuickDashStart","HollowMod:QuickDashStart","HollowMod:FocusHealStart","HollowMod:PogoStrike","HollowMod:ShapeofUnn","HollowMod:VengefulSpirit","HollowMod:CycloneSlash","HollowMod:SharpenedNail","HollowMod:MantisMark","HollowMod:AbyssShriek","HollowMod:VengefulVoid","HollowMod:MantisMark","HollowMod:LifebloodCocoon","HollowMod:Grubsong","HollowMod:Grubsong","HollowMod:NewJinnsSoul","HollowMod:InfectedCysts","HollowMod:Hiveblood","CurseOfTheBell","HollowMod:MantisMark+1","HollowMod:VengefulVoid+1","HollowMod:DashSlash","HollowMod:InfectedCysts","HollowMod:ShapeofUnn+1","HollowMod:FastStrike"],"relics":["HollowMod:VesselMask","NeowsBlessing","Divine Protection","infinitespire:Beetle Shell","Calling Bell","infinitespire:Satchel","infinitespire:FocusingShard","Prayer Wheel"],"acts_visited":["Exordium","TheCity"],"potions_floor_usage":[16,16,18,20,20],"damage_taken":[{"damage":0,"enemies":"Cultist","floor":1,"turns":1},{"damage":0,"enemies":"Jaw Worm","floor":3,"turns":1},{"damage":0,"enemies":"2 Louse","floor":4,"turns":1},{"damage":27,"enemies":"Gremlin Gang","floor":5,"turns":5},{"damage":23,"enemies":"Replay:BlueRogue","floor":6,"turns":6},{"damage":0,"enemies":"HollowMod:HuskWarrior","floor":10,"turns":5},{"damage":9,"enemies":"Large Slime","floor":11,"turns":5},{"damage":5,"enemies":"Blue Slaver","floor":13,"turns":3},{"damage":0,"enemies":"3 Louse","floor":14,"turns":2},{"damage":39,"enemies":"Fading Forest","floor":16,"turns":11},{"damage":48,"enemies":"Spheric Guardian","floor":18,"turns":6},{"damage":11,"enemies":"Chosen","floor":19,"turns":5},{"damage":15,"enemies":"Snecko","floor":20,"turns":5},{"damage":23,"enemies":"Sentry and Sphere","floor":21,"turns":3}],"seed_played":"-3530902078449259801","potions_obtained":[{"floor":3,"key":"Swift Potion"},{"floor":4,"key":"Weak Potion"},{"floor":5,"key":"Strength Potion"},{"floor":16,"key":"Dexterity Potion"},{"floor":19,"key":"Weak Potion"},{"floor":20,"key":"BlessingOfTheForge"}],"is_trial":false,"path_per_floor":["M","$","M","M","M","E","?","R","T","M","M","$","M","M","R_BF","B",null,"M","M","M","M"],"character_chosen":"THE_BUGKNIGHT","items_purchased":["HollowMod:VengefulSpirit","HollowMod:LifebloodCocoon","HollowMod:Grubsong"],"campfire_rested":1,"item_purchase_floors":[2,12,12],"current_hp_per_floor":[75,75,75,75,54,37,37,59,59,59,50,50,45,45,45,36,75,39,28,13,0,0],"gold":335,"neow_bonus":"THREE_ENEMY_KILL","is_daily":false,"chose_seed":false,"campfire_upgraded":0,"win_rate":0.0,"timestamp":1611656329,"path_taken":["M","?","M","M","M","E","?","R","T","M","M","$","M","?","R_BF","BOSS","M","M","M","M"],"items_purchased_type":["Card","Card","Card"],"build_version":"2020-12-22","purchased_purges":0,"victory":false,"max_hp_per_floor":[75,75,75,75,75,75,75,75,75,75,75,75,75,75,75,75,75,75,75,75,75,75],"card_choices":[{"not_picked":["HollowMod:HeavyBlow","HollowMod:SiblingsSouls"],"picked":"HollowMod:ShapeofUnn","floor":1},{"not_picked":["HollowMod:DoubleDash","HollowMod:VengefulSpirit"],"picked":"HollowMod:CycloneSlash","floor":3},{"not_picked":["HollowMod:DungDefenderAura","HollowMod:Weaversong"],"picked":"HollowMod:SharpenedNail","floor":4},{"not_picked":["HollowMod:VengefulVoid","HollowMod:SoulStrike"],"picked":"HollowMod:MantisMark","floor":5},{"not_picked":["HollowMod:DoubleDash","HollowMod:SiblingsShadow"],"picked":"HollowMod:AbyssShriek","floor":6},{"not_picked":["HollowMod:DoubleDash","HollowMod:VengefulSpirit"],"picked":"HollowMod:VengefulVoid","floor":10},{"not_picked":["HollowMod:CloakDash","HollowMod:AbyssShriek"],"picked":"HollowMod:MantisMark","floor":11},{"not_picked":["HollowMod:VengefulVoid","HollowMod:CoiledNail"],"picked":"HollowMod:NewJinnsSoul","floor":13},{"not_picked":["HollowMod:SoulSplash","HollowMod:SoulMaster"],"picked":"HollowMod:InfectedCysts","floor":14},{"not_picked":["HollowMod:MidwifesHunger","HollowMod:ZotesMagnificence"],"picked":"HollowMod:Hiveblood","floor":16},{"not_picked":["HollowMod:VengefulVoid","HollowMod:MothsMistake"],"picked":"HollowMod:MantisMark+1","floor":18},{"not_picked":["HollowMod:SoulMaster","HollowMod:InfectionAssault"],"picked":"HollowMod:VengefulVoid+1","floor":18},{"not_picked":["HollowMod:NewLittleFool","HollowMod:InfectedCysts"],"picked":"HollowMod:DashSlash","floor":19},{"not_picked":["HollowMod:SharpenedNail","HollowMod:AbyssShriek"],"picked":"HollowMod:InfectedCysts","floor":19},{"not_picked":["HollowMod:RecoilStrike","HollowMod:SoulVessel"],"picked":"HollowMod:ShapeofUnn+1","floor":20},{"not_picked":["HollowMod:CornifersMapStart","HollowMod:CoiledNail+1"],"picked":"HollowMod:FastStrike","floor":20}],"player_experience":149006,"relics_obtained":[{"floor":6,"key":"Divine Protection"},{"floor":9,"key":"infinitespire:Beetle Shell"},{"floor":17,"key":"infinitespire:Satchel"},{"floor":17,"key":"infinitespire:FocusingShard"},{"floor":17,"key":"Prayer Wheel"}],"event_choices":[{"damage_healed":0,"gold_gain":0,"player_choice":"Got Potions","damage_taken":0,"max_hp_gain":0,"max_hp_loss":0,"event_name":"Lab","floor":7,"gold_loss":0}],"is_beta":false,"boss_relics":[{"not_picked":["Tiny House","Cursed Key"],"picked":"Calling Bell"}],"items_purged_floors":[],"is_endless":false,"potions_floor_spawned":[3,4,5,13,16,19,20],"killed_by":"Sentry and Sphere","ascension_level":0}}