{"host":"ftwnpa9ceeptmrn1","time":1611658482,"event":{"mods":["Aspiration","BaseMod","Colored Map","Colored Powertips","Conspire","Hubris","Infinite Spire","Minty Spire (QoL Compilation)","Relic Stats","Replay The Spire","StSLib"],"gold_per_floor":[211,311,322,342,67,67,67,93,119,154,154,170,170,181,181,276,276,250,52,52,52,62,97,97,128,128,155,80,3,37,67,79,196,208,239,266,297,309,321,364,376,416,428,452,464,71,121,121,121,121,121,121,41,72,72],"floor_reached":56,"language":"ENG","playtime":7169,"items_purged":["Strike_R","Strike_R","Strike_R"],"score":1415,"play_id":"54c6279e-78e2-436c-8ffb-6659476c3197","local_time":"20210126045442","is_ascension_mode":true,"campfire_choices":[{"data":"True Grit","floor":6,"key":"SMITH"},{"floor":11,"key":"RECALL"},{"data":"Fire Breathing","floor":13,"key":"SMITH"},{"floor":15,"key":"REST"},{"data":"Spot Weakness","floor":24,"key":"SMITH"},{"data":"Life Link","floor":32,"key":"SMITH"},{"data":"Double Tap","floor":41,"key":"SMITH"},{"data":"Collect","floor":49,"key":"SMITH"},{"data":"Clothesline","floor":52,"key":"SMITH"}],"circlet_count":0,"master_deck":["Defend_R","Defend_R","Defend_R","Defend_R","Bash","Replay:Undeath\u0027s Touch","Pommel Strike","Fire Breathing+1","True Grit+1","ReplayTheSpireMod:Stacked","Reckless Charge","Flex","Flex","Headbutt","Reaper","Iron Wave+1","Spot Weakness+1","Dropkick","Armaments+1","Clothesline+1","Life Link+1","Body Slam+1","ReplayTheSpireMod:Stacked","Flex","Reaper","Double Tap+1","Consecrate","ThirdEye+1","CutThroughFate+1","Languid","Worship","DevaForm+1","Battle Trance+1","Collect+1","Prostrate+1","Wallop","Spot Weakness+1"],"relics":["Burning Blood","Potion Belt","infinitespire:Satchel","hubris:GlazedTorus","Runic Pyramid","hubris:ToyBattleship","Blue Candle","hubris:SphereOfDissonance","aspiration:FrozenJewel","MawBank","aspiration:WatcherSkillbook","Ring of Peace","Sundial","ReplayTheSpireMod:Lightbulb","Brimstone","StoneCalendar","hubris:SlimyHat"],"acts_visited":["Exordium","TheCity","TheBeyond","TheEnding"],"potions_floor_usage":[10,23,23,23,25,27,31,42,42,55,55,55],"damage_taken":[{"damage":14,"enemies":"Small Slimes","floor":1,"turns":5},{"damage":10,"enemies":"Cultist","floor":3,"turns":5},{"damage":3,"enemies":"2 Louse","floor":4,"turns":4},{"damage":13,"enemies":"3 Sentries","floor":8,"turns":7},{"damage":7,"enemies":"Lagavulin","floor":10,"turns":7},{"damage":2,"enemies":"Exordium Thugs","floor":12,"turns":5},{"damage":23,"enemies":"Lots of Slimes","floor":14,"turns":5},{"damage":6,"enemies":"Slime Boss","floor":16,"turns":7},{"damage":18,"enemies":"2 Thieves","floor":18,"turns":5},{"damage":18,"enemies":"3 Byrds","floor":22,"turns":4},{"damage":26,"enemies":"Book of Stabbing","floor":23,"turns":6},{"damage":55,"enemies":"conspire:Head Lice","floor":25,"turns":7},{"damage":57,"enemies":"Slavers","floor":27,"turns":6},{"damage":33,"enemies":"Book of Stabbing","floor":30,"turns":6},{"damage":5,"enemies":"conspire:HollyBat","floor":31,"turns":9},{"damage":30,"enemies":"Collector","floor":33,"turns":10},{"damage":12,"enemies":"3 Shapes","floor":35,"turns":5},{"damage":7,"enemies":"3 Darklings","floor":36,"turns":4},{"damage":0,"enemies":"Spire Growth","floor":37,"turns":4},{"damage":65,"enemies":"Nemesis","floor":40,"turns":9},{"damage":0,"enemies":"Giant Head","floor":42,"turns":7},{"damage":33,"enemies":"4 Shapes","floor":44,"turns":5},{"damage":12,"enemies":"Mind Bloom Boss Battle","floor":47,"turns":6},{"damage":67,"enemies":"conspire:OrnateMirror","floor":50,"turns":6},{"damage":28,"enemies":"Shield and Spear","floor":54,"turns":4},{"damage":132,"enemies":"The Heart","floor":55,"turns":7}],"seed_played":"-5917107263769388249","potions_obtained":[{"floor":1,"key":"Block Potion"},{"floor":3,"key":"Elixir"},{"floor":16,"key":"LifebloodPotion"},{"floor":18,"key":"ColorlessPotion"},{"floor":22,"key":"Adrenaline Potion"},{"floor":23,"key":"BloodPotion"},{"floor":25,"key":"SpeedPotion"},{"floor":36,"key":"AttackPotion"},{"floor":40,"key":"Venom Potion"},{"floor":44,"key":"ColorlessPotion"},{"floor":54,"key":"AttackPotion"}],"is_trial":false,"path_per_floor":["M","?","M","M","$","R","$","E","T","E","R","M","R","M","R","B",null,"M","$","$","?","M","E","R","E","T","E","?","$","E","M","R","B",null,"M","M","M","?","?","E","R","E","T","M","?","$","?","?","R","B",null,"R","$","E","B",null],"character_chosen":"IRONCLAD","items_purchased":["Fire Breathing","True Grit","ReplayTheSpireMod:Stacked","Spot Weakness","Headbutt","ReplayTheSpireMod:Stacked","Collect","Brimstone","SteroidPotion","Wallop"],"campfire_rested":1,"item_purchase_floors":[5,5,5,19,19,29,46,46,46,53],"current_hp_per_floor":[72,72,68,71,71,71,71,64,64,63,63,67,67,50,74,74,80,80,80,80,80,80,70,70,80,80,51,51,51,43,62,62,74,80,80,80,80,80,80,43,43,80,80,80,80,80,80,80,80,80,80,80,80,80,28],"gold":72,"neow_bonus":"HUNDRED_GOLD","is_daily":false,"chose_seed":false,"campfire_upgraded":7,"win_rate":0.0,"timestamp":1611658482,"path_taken":["M","?","M","M","$","R","?","E","T","E","R","?","R","M","R","BOSS","M","?","$","?","?","E","R","E","T","E","?","$","E","M","R","BOSS","M","M","M","?","?","E","R","E","T","M","?","$","?","?","R","BOSS","R","$","E","BOSS"],"items_purchased_type":["Card","Card","Card","Card","Card","Card","Card","Relic","Potion","Card"],"build_version":"2020-12-22","purchased_purges":3,"victory":true,"max_hp_per_floor":[80,80,80,80,80,80,80,80,80,80,80,80,80,80,80,80,80,80,80,80,80,80,80,80,80,80,80,80,80,80,80,80,80,80,80,80,80,80,80,80,80,80,80,80,80,80,80,80,80,80,80,80,80,80,80],"relic_stats":{"counters":[26,155],"Sundial":[0],"Blue Candle":[5],"StoneCalendar":[0],"MawBank":192,"obtain_stats":[{"Potion Belt":8,"Blue Candle":25,"hubris:SphereOfDissonance":26,"StoneCalendar":47,"hubris:SlimyHat":54,"MawBank":30,"Burning Blood":0,"aspiration:FrozenJewel":27,"Sundial":40,"Brimstone":46,"Ring of Peace":39,"infinitespire:Satchel":9,"aspiration:WatcherSkillbook":34,"hubris:ToyBattleship":23,"ReplayTheSpireMod:Lightbulb":42,"hubris:GlazedTorus":10,"Runic Pyramid":17},{"Potion Belt":4,"Blue Candle":12,"hubris:SphereOfDissonance":12,"StoneCalendar":23,"hubris:SlimyHat":25,"MawBank":14,"Burning Blood":0,"aspiration:FrozenJewel":13,"Sundial":20,"Brimstone":22,"Ring of Peace":19,"infinitespire:Satchel":4,"aspiration:WatcherSkillbook":16,"hubris:ToyBattleship":11,"ReplayTheSpireMod:Lightbulb":21,"hubris:GlazedTorus":5,"Runic Pyramid":8},{"Potion Belt":21,"Blue Candle":67,"hubris:SphereOfDissonance":67,"StoneCalendar":138,"hubris:SlimyHat":148,"MawBank":79,"Burning Blood":0,"aspiration:FrozenJewel":73,"Sundial":120,"Brimstone":132,"Ring of Peace":111,"infinitespire:Satchel":21,"aspiration:WatcherSkillbook":98,"hubris:ToyBattleship":60,"ReplayTheSpireMod:Lightbulb":127,"hubris:GlazedTorus":28,"Runic Pyramid":45}],"Burning Blood":93},"card_choices":[{"not_picked":["Wild Strike","Anger"],"picked":"Replay:Undeath\u0027s Touch","floor":1},{"not_picked":["Anger","Clash"],"picked":"Pommel Strike","floor":3},{"not_picked":["Heavy Blade","Massacre","hubris:CleavingFinish"],"picked":"SKIP","floor":4},{"not_picked":["Sentinel","Replay:Undeath\u0027s Touch"],"picked":"Reckless Charge","floor":8},{"not_picked":["hubris:ReadiedAction","ReplayTheSpireMod:Corrosion Curse"],"picked":"Flex","floor":10},{"not_picked":["Juggernaut","hubris:SharpeningStone"],"picked":"Flex","floor":12},{"not_picked":["Entrench","Warcry"],"picked":"Headbutt","floor":14},{"not_picked":["Eclipse","hubris:StunningStrike"],"picked":"Reaper","floor":16},{"not_picked":["Shrug It Off","Pommel Strike"],"picked":"Iron Wave+1","floor":18},{"not_picked":["Body Slam","Bludgeon"],"picked":"Armaments+1","floor":22},{"not_picked":["Anger+1","Replay:Undeath\u0027s Touch"],"picked":"Clothesline","floor":23},{"not_picked":["Inflame","True Grit+1"],"picked":"Life Link","floor":25},{"not_picked":["Twin Strike","Pommel Strike+1"],"picked":"Body Slam+1","floor":27},{"not_picked":["Heavy Blade","Twin Strike"],"picked":"Flex","floor":30},{"not_picked":["Heavy Blade","Wild Strike"],"picked":"Reaper","floor":31},{"not_picked":["Offering","Eclipse"],"picked":"Double Tap","floor":33},{"not_picked":["EmptyFist","Inflame","WreathOfFlame"],"picked":"Consecrate","floor":35},{"not_picked":["Replay:ManipulateFuture","Consecrate+1","ReplayTheSpireMod:Muscle Training+1"],"picked":"ThirdEye+1","floor":36},{"not_picked":["ThirdEye+1","hubris:ReadiedAction+1","Tantrum+1"],"picked":"CutThroughFate+1","floor":37},{"not_picked":["Anger+1","Replay:Cycle+1","Life Link"],"picked":"Worship","floor":40},{"not_picked":["hubris:ReadiedAction","Halt+1","Replay:AtTheReady+1"],"picked":"DevaForm","floor":42},{"not_picked":["WheelKick","PathToVictory+1","SandsOfTime+1"],"picked":"Battle Trance+1","floor":44},{"not_picked":["Protect","CrushJoints","Replay:Battleflow+1"],"picked":"Prostrate+1","floor":47},{"not_picked":["Replay:ManipulateFuture","Ghostly Armor","Hemokinesis"],"picked":"Spot Weakness+1","floor":54}],"player_experience":241595,"relics_obtained":[{"floor":8,"key":"Potion Belt"},{"floor":9,"key":"infinitespire:Satchel"},{"floor":10,"key":"hubris:GlazedTorus"},{"floor":23,"key":"hubris:ToyBattleship"},{"floor":25,"key":"Blue Candle"},{"floor":26,"key":"hubris:SphereOfDissonance"},{"floor":27,"key":"aspiration:FrozenJewel"},{"floor":30,"key":"MawBank"},{"floor":39,"key":"Ring of Peace"},{"floor":40,"key":"Sundial"},{"floor":42,"key":"ReplayTheSpireMod:Lightbulb"},{"floor":47,"key":"StoneCalendar"},{"floor":54,"key":"hubris:SlimyHat"}],"event_choices":[{"damage_healed":0,"gold_gain":100,"player_choice":"Gold","damage_taken":0,"max_hp_gain":0,"max_hp_loss":0,"event_name":"Wheel of Change","floor":2,"gold_loss":0},{"damage_healed":0,"gold_gain":0,"cards_transformed":["Strike_R"],"player_choice":"Transformed","damage_taken":0,"max_hp_gain":0,"max_hp_loss":0,"event_name":"Transmorgrifier","floor":21,"gold_loss":0,"cards_obtained":["Dropkick"]},{"cards_removed":["Strike_R"],"damage_healed":0,"gold_gain":0,"player_choice":"Gave Gold","damage_taken":0,"max_hp_gain":0,"max_hp_loss":0,"event_name":"Beggar","floor":28,"gold_loss":75},{"cards_removed":["Headbutt"],"damage_healed":0,"gold_gain":0,"player_choice":"Removed Attack","damage_taken":0,"max_hp_gain":0,"max_hp_loss":0,"event_name":"Falling","floor":38,"gold_loss":0},{"damage_healed":0,"gold_gain":0,"player_choice":"Fight","damage_taken":0,"max_hp_gain":0,"max_hp_loss":0,"event_name":"MindBloom","floor":47,"gold_loss":0}],"is_beta":false,"boss_relics":[{"not_picked":["Ectoplasm","Tiny House"],"picked":"Runic Pyramid"},{"not_picked":["hubris:RunicObelisk","Runic Cube"],"picked":"aspiration:WatcherSkillbook"}],"items_purged_floors":[5,19,46],"is_endless":false,"potions_floor_spawned":[1,3,16,18,22,23,25,36,40,44,54],"ascension_level":2}}