{"host":"9p8ljyyt9iu4be92","time":1611694451,"event":{"mods":["AchievementEnabler","BaseMod","Challenge The Spire","Colored Map","Downfall","Hubris","Minty Spire (QoL Compilation)","StSLib","The Bug Knight","slay the spire mod where everything is the same but ironclad has a cowboy hat"],"gold_per_floor":[99,114,133,151,151,173,211,323,346,377,401,429,441,468,491,601,613,625,654,679,691,803,850,889,920,160,193,93,123,123,137,148,252,252,252,268,288,124,124,141,141,191,191,18,18,48,48,48,62,62],"floor_reached":51,"language":"ENG","playtime":7017,"items_purged":["Slimebound:Strike_Slimebound"],"score":758,"play_id":"ec7e55be-ab40-4730-8e35-e3ff81263819","local_time":"20210126155411","is_ascension_mode":false,"campfire_choices":[{"data":"Slimebound:CorrosiveSpit","floor":1,"key":"SMITH"},{"floor":13,"key":"REST"},{"data":"Slimebound:FirmFortitude","floor":18,"key":"SMITH"},{"floor":28,"key":"REST"},{"floor":30,"key":"REST"},{"floor":35,"key":"RECALL"},{"floor":45,"key":"REST"}],"circlet_count":0,"master_deck":["Slimebound:Strike_Slimebound","Slimebound:Strike_Slimebound","Slimebound:Tackle","Slimebound:Defend_Slimebound","Slimebound:Defend_Slimebound","Slimebound:Defend_Slimebound","Slimebound:Defend_Slimebound","Slimebound:Split+1","Slimebound:CorrosiveSpit+1","Slimebound:LeadByExample","Slimebound:FormOfPuddle","Slimebound:SplitLeeching","Slimebound:SplitAcid","Slimebound:Prepare","Slimebound:MegaLick","Slimebound:PressTheAttack","Slimebound:SlimeSpikes","Slimebound:GoopSpray","Slimebound:RejuvenatingLick+1","Slimebound:LeadByExample+1","Slimebound:PressTheAttack+1","Slimebound:HauntingLick+1","Slimebound:GoopSpray+1","Slimebound:SpikyOuterGoop+1","expansioncontent:StudyTheSpire","hubris:Insight","Slimebound:SplitMire","Slimebound:SplitLeeching","Slimebound:Repurpose+1","Slimebound:MassRepurpose","Slimebound:PressTheAttack+1","Slimebound:SplitBruiser+1","Slimebound:LeechingTouch+1","Slimebound:SlimeTap","Slimebound:Overexert+1","Slimebound:SplitAcid+1","Slimebound:ComboTackle+1","Slimebound:RallyTheTroops","Slimebound:Gluttony+1","Slimebound:Darklings"],"relics":["Slimebound:AbsorbEndCombat","MawBank","Juzu Bracelet","SacredBark","Nilry\u0027s Codex","hubris:64BitClover","Darkstone Periapt","Anchor","Potion Belt","Lantern","Bottled Flame","Du-Vu Doll","downfall:HeartBlessingGreen","Akabeko","hubris:Backtick","Mummified Hand","Omamori","Oddly Smooth Stone","hubris:AstralHammer","hubris:EmptyBottle","Bird Faced Urn","Strawberry"],"acts_visited":["Exordium","TheCity","TheBeyond"],"potions_floor_usage":[8,16,22,23,25,29,33,42,50,50],"damage_taken":[{"damage":1,"enemies":"Jaw Worm","floor":2,"turns":3},{"damage":1,"enemies":"Small Slimes","floor":3,"turns":2},{"damage":6,"enemies":"2 Louse","floor":4,"turns":1},{"damage":12,"enemies":"Blue Slaver","floor":6,"turns":3},{"damage":34,"enemies":"downfall:Heads","floor":8,"turns":5},{"damage":1,"enemies":"Exordium Wildlife","floor":9,"turns":3},{"damage":10,"enemies":"Large Slime","floor":10,"turns":4},{"damage":6,"enemies":"3 Louse","floor":11,"turns":2},{"damage":6,"enemies":"2 Fungi Beasts","floor":12,"turns":2},{"damage":7,"enemies":"Exordium Wildlife","floor":14,"turns":4},{"damage":3,"enemies":"Gremlin Gang","floor":15,"turns":2},{"damage":29,"enemies":"WA_ARCHETYPE_RETAIN","floor":16,"turns":10},{"damage":8,"enemies":"3 Byrds","floor":19,"turns":3},{"damage":3,"enemies":"Chosen","floor":20,"turns":4},{"damage":37,"enemies":"DF_ARCHETYPE_STREAMLINE","floor":22,"turns":6},{"damage":15,"enemies":"Slavers","floor":23,"turns":4},{"damage":7,"enemies":"Shelled Parasite and Fungi","floor":25,"turns":6},{"damage":0,"enemies":"downfall:FleeingMerchant","floor":26,"turns":4},{"damage":8,"enemies":"HollowMod:Nosk","floor":27,"turns":6},{"damage":0,"enemies":"Gremlin Leader","floor":29,"turns":5},{"damage":2,"enemies":"Sentry and Sphere","floor":31,"turns":5},{"damage":10,"enemies":"Snake Plant","floor":32,"turns":5},{"damage":7,"enemies":"IC_MUSHROOM_ARCHETYPE","floor":33,"turns":7},{"damage":0,"enemies":"3 Darklings","floor":36,"turns":4},{"damage":0,"enemies":"3 Shapes","floor":37,"turns":4},{"damage":0,"enemies":"downfall:FleeingMerchant","floor":38,"turns":4},{"damage":46,"enemies":"Writhing Mass","floor":40,"turns":5},{"damage":0,"enemies":"Writhing Mass","floor":42,"turns":2},{"damage":3,"enemies":"downfall:FleeingMerchant","floor":44,"turns":4},{"damage":4,"enemies":"Nemesis","floor":46,"turns":7},{"damage":0,"enemies":"4 Shapes","floor":49,"turns":3},{"damage":90,"enemies":"DF_ARCHETYPE_ORBS","floor":50,"turns":7}],"seed_played":"7034968139443122036","potions_obtained":[{"floor":3,"key":"SteroidPotion"},{"floor":4,"key":"champ:CounterPotion"},{"floor":8,"key":"LiquidBronze"},{"floor":9,"key":"DuplicationPotion"},{"floor":12,"key":"Swift Potion"},{"floor":16,"key":"SpeedPotion"},{"floor":22,"key":"LiquidMemories"},{"floor":23,"key":"SteroidPotion"},{"floor":25,"key":"Swift Potion"},{"floor":27,"key":"hexamod:SoulburnPotion"},{"floor":32,"key":"LiquidBronze"},{"floor":33,"key":"Strength Potion"},{"floor":36,"key":"PowerPotion"},{"floor":46,"key":"PowerPotion"}],"is_trial":false,"path_per_floor":["R","M","M","M","?","M","T","?","M","M","M","M","R","M","M","B",null,"R","M","M","?","?","E","T","M","$","E","R","E","R","M","M","B",null,"R","M","M","$","?","M","T","?","?","$","R","E","?","?","M","B",null],"character_chosen":"SLIMEBOUND","items_purchased":["Lantern","expansioncontent:StudyTheSpire","hubris:Insight","Bottled Flame","Slimebound:SlimeTap","Slimebound:Overexert","hubris:EmptyBottle","Bird Faced Urn","Block Potion"],"campfire_rested":4,"item_purchase_floors":[26,26,26,26,38,38,44,44,44],"current_hp_per_floor":[71,71,71,67,67,57,57,27,30,26,22,18,39,40,43,22,71,71,65,66,50,21,14,14,15,21,21,42,50,71,71,63,64,71,71,71,71,71,71,33,33,37,37,42,63,78,78,78,78,18],"gold":62,"neow_bonus":"TEN_PERCENT_HP_BONUS","is_daily":false,"chose_seed":false,"campfire_upgraded":2,"win_rate":0.0,"timestamp":1611694451,"path_taken":["R","M","M","M","?","M","T","?","M","M","M","M","R","M","M","BOSS","R","M","M","?","?","E","T","M","$","E","R","E","R","M","M","BOSS","R","M","M","$","?","M","T","?","?","$","R","E","?","?","M","BOSS"],"items_purchased_type":["Relic","Card","Card","Relic","Card","Card","Relic","Relic","Potion"],"build_version":"2020-12-22","purchased_purges":1,"victory":true,"max_hp_per_floor":[71,71,71,71,71,71,71,71,71,71,71,71,71,71,71,71,71,71,71,71,71,71,71,71,71,71,71,71,71,71,71,71,71,71,71,71,71,71,71,71,71,71,71,71,71,78,78,78,78,78],"card_choices":[{"not_picked":["Slimebound:HauntingLick","Slimebound:RainOfGoop"],"picked":"Slimebound:GoopTackle","floor":2},{"not_picked":["Slimebound:SplitAcid","Slimebound:SlimeSpikes"],"picked":"Slimebound:LeadByExample","floor":3},{"not_picked":["Slimebound:Replication","Slimebound:FinishingTackle"],"picked":"Slimebound:FormOfPuddle","floor":4},{"not_picked":["Slimebound:Dissolve","Slimebound:Schlurp"],"picked":"Slimebound:SplitLeeching","floor":6},{"not_picked":["Slimebound:HauntingLick","Slimebound:WasteNot"],"picked":"Slimebound:Prepare","floor":8},{"not_picked":["Slimebound:SplitLeeching","Slimebound:FlameTackle"],"picked":"Slimebound:MegaLick","floor":9},{"not_picked":["Slimebound:Schlurp","Slimebound:BestDefense","Slimebound:RollThrough"],"picked":"SKIP","floor":10},{"not_picked":["Slimebound:Prepare","Slimebound:AcidTongue"],"picked":"Slimebound:PressTheAttack","floor":11},{"not_picked":["Slimebound:Schlurp","Slimebound:LeechingTouch"],"picked":"Slimebound:SlimeSpikes","floor":12},{"not_picked":["Slimebound:PressTheAttack","Slimebound:LeechEnergy"],"picked":"Slimebound:GoopSpray","floor":14},{"not_picked":["Slimebound:Replication","Slimebound:TongueLash","Slimebound:PressTheAttack"],"picked":"SKIP","floor":15},{"not_picked":["Slimebound:WasteNot","Slimebound:RallyTheTroops"],"picked":"Slimebound:FirmFortitude","floor":16},{"not_picked":["Slimebound:SplitMire","Slimebound:SplitBruiser"],"picked":"Slimebound:RejuvenatingLick+1","floor":19},{"not_picked":["Slimebound:SplitAcid","Slimebound:HauntingLick"],"picked":"Slimebound:LeadByExample+1","floor":20},{"not_picked":["Slimebound:ItLooksTasty","Slimebound:HauntingLick"],"picked":"Slimebound:PressTheAttack+1","floor":22},{"not_picked":["Slimebound:Schlurp+1","Slimebound:WasteNot"],"picked":"Slimebound:HauntingLick+1","floor":23},{"not_picked":["Slimebound:ComboTackle","Slimebound:GoopTackle"],"picked":"Slimebound:GoopSpray+1","floor":25},{"not_picked":["Slimebound:Schlurp+1","Slimebound:SamplingLick"],"picked":"Slimebound:SpikyOuterGoop+1","floor":26},{"not_picked":["Slimebound:FinishingTackle","Slimebound:ItLooksTasty+1"],"picked":"Slimebound:SplitMire","floor":27},{"not_picked":["Slimebound:DisruptingSlam","Slimebound:Gluttony"],"picked":"Slimebound:SplitLeeching","floor":29},{"not_picked":["Slimebound:LivingWall","Slimebound:ItLooksTasty+1","Slimebound:HauntingLick"],"picked":"SKIP","floor":31},{"not_picked":["Slimebound:FormOfPuddle+1","Slimebound:LivingWall"],"picked":"Slimebound:Repurpose+1","floor":32},{"not_picked":["Slimebound:DouseInSlime","Slimebound:MassFeed"],"picked":"Slimebound:MassRepurpose","floor":33},{"not_picked":["Slimebound:SplitAcid","Slimebound:SplitLeeching"],"picked":"Slimebound:PressTheAttack+1","floor":36},{"not_picked":["Slimebound:PressTheAttack","Slimebound:SplitMire+1"],"picked":"Slimebound:SplitBruiser+1","floor":37},{"not_picked":["Slimebound:MegaLick","Slimebound:FormOfPuddle"],"picked":"Slimebound:LeechingTouch+1","floor":38},{"not_picked":["Slimebound:BestDefense","Slimebound:SplitMire"],"picked":"Slimebound:SplitAcid+1","floor":40},{"not_picked":["Slimebound:GoopTackle+1","Slimebound:ItLooksTasty+1"],"picked":"Slimebound:ComboTackle+1","floor":42},{"not_picked":["Slimebound:LevelUp","Slimebound:SlimeBarrage"],"picked":"Slimebound:RallyTheTroops","floor":44},{"not_picked":["Slimebound:SplitLeeching","Slimebound:SplitMire"],"picked":"Slimebound:Gluttony+1","floor":46},{"not_picked":["Slimebound:TongueLash","Slimebound:PressTheAttack","Slimebound:RollThrough+1"],"picked":"SKIP","floor":49}],"player_experience":494967,"relics_obtained":[{"floor":7,"key":"Juzu Bracelet"},{"floor":21,"key":"Nilry\u0027s Codex"},{"floor":22,"key":"hubris:64BitClover"},{"floor":22,"key":"Darkstone Periapt"},{"floor":23,"key":"Anchor"},{"floor":24,"key":"Potion Belt"},{"floor":27,"key":"Du-Vu Doll"},{"floor":29,"key":"Akabeko"},{"floor":39,"key":"Omamori"},{"floor":40,"key":"Oddly Smooth Stone"},{"floor":42,"key":"hubris:AstralHammer"},{"floor":46,"key":"Strawberry"}],"event_choices":[{"damage_healed":0,"gold_gain":0,"player_choice":"Box","damage_taken":0,"relics_obtained":["MawBank"],"max_hp_gain":0,"max_hp_loss":0,"event_name":"Big Fish","floor":5,"gold_loss":0,"cards_obtained":["Regret"]}],"is_beta":false,"boss_relics":[{"not_picked":["hubris:BlackHole","Busted Crown"],"picked":"SacredBark"},{"not_picked":["Empty Cage","Pandora\u0027s Box"],"picked":"hubris:Backtick"}],"items_purged_floors":[26],"is_endless":false,"potions_floor_spawned":[3,4,8,9,12,16,22,23,25,27,32,33,36,46,49],"ascension_level":0}}