{"host":"jg1kdgv8lq0s5kn4","time":1611671359,"event":{"mods":["AchievementEnabler","Act Like it!","Alarm Clock","AlwaysNeverKeys","Arknights The Spire","BaseMod","Colored Powertips","Easy Mod","Gold Saver","Minty Spire (QoL Compilation)","Remove Card Discount Mod","Shop Mod","Spicy Shops","StSLib","SuperFastMode","【功能Mod】Neow奖励","【功能Mod】强力的原版药水","【遗物Mod】简单游戏","没有小屋子和绿帽子啦","篝火指南"],"gold_per_floor":[117,129,129,147,222,254,254,283,283,318,318,344,30,48,48,148,-352,-341,-341,-330,-314,-314,-267,-267,-220,-220,-220,-187,-162,-162,-121,-121,-5,-5,29,64,129,117,180,225,225,270,310,356,356,381,381,421,174,174,174,174,174,218,218],"floor_reached":56,"language":"ZHS","playtime":2803,"items_purged":["ats:Strike V","ats:Defend","ats:Strike G","ats:Strike C","ats:Defend","ats:Ignite","ats:Mental Burst","ats:Collapsing Strike","ats:Defend","ats:Defend","ats:Armor Crushing Shot","ats:Explosion Area Strengthen","ats:Revitalization+1","ats:Curse Doll+1"],"score":1818,"play_id":"61e42dea-6e64-4800-88c3-6035e4f36e38","local_time":"20210126222919","is_ascension_mode":true,"campfire_choices":[{"data":"ats:Emotion Absorption","floor":7,"key":"SMITH"},{"data":"ats:Revitalization","floor":11,"key":"SMITH"},{"data":"ats:Thorns","floor":15,"key":"SMITH"},{"data":"ats:Revitalization","floor":24,"key":"SMITH"},{"data":"ats:Flexible Camouflage","floor":30,"key":"SMITH"},{"data":"ats:Calcification","floor":32,"key":"SMITH"},{"data":"ats:Nebulous Foxfire","floor":45,"key":"SMITH"},{"data":"ats:Closed Bolt Burst Fire","floor":47,"key":"SMITH"},{"data":"ats:Charging Defense","floor":52,"key":"SMITH"}],"circlet_count":0,"master_deck":["ats:Emotion Absorption+1","ats:Rapid Magazine","ats:Wolf Pack","ats:Charging Defense+1","ats:Thorns+1","ats:Revitalization+1","ats:Closed Bolt Burst Fire+1","ats:Calcification+1","ats:Flexible Camouflage+1","ats:Guard Mode+1","ats:Poison Spread","ats:Poison Spread","ats:Nebulous Foxfire+1","ats:Thorns+1","ats:Overload+1","ats:Assault Order+1","ats:Apocalypse+1","ats:LN2 Cannon+1"],"relics":["ats:Sanity","EasyMod:Easy_1","EasyRelic","ats:Originium","Blue Candle","HornCleat","Mummified Hand","Thread and Needle","EasyMod:Hard_0","EasyMod:Easy_2","Tiny House","Bag of Marbles","ats:Gyao","FossilizedHelix","Orichalcum","CaptainsWheel","Ancient Tea Set","StoneCalendar","EasyMod:Easy_9","PreservedInsect","Omamori","MerchantsRug","ats:Assault","Boot","Mango","Bronze Scales","Oddly Smooth Stone","Shuriken"],"acts_visited":["Exordium","TheCity","TheBeyond","TheEnding"],"potions_floor_usage":[10,55,55,55],"damage_taken":[{"damage":0,"enemies":"Small Slimes","floor":1,"turns":3},{"damage":0,"enemies":"2 Louse","floor":2,"turns":3},{"damage":4,"enemies":"Jaw Worm","floor":4,"turns":4},{"damage":39,"enemies":"3 Sentries","floor":6,"turns":14},{"damage":14,"enemies":"Gremlin Nob","floor":8,"turns":3},{"damage":4,"enemies":"Lagavulin","floor":10,"turns":5},{"damage":5,"enemies":"3 Sentries","floor":12,"turns":18},{"damage":7,"enemies":"Exordium Thugs","floor":14,"turns":4},{"damage":0,"enemies":"The Guardian","floor":16,"turns":8},{"damage":0,"enemies":"Spheric Guardian","floor":18,"turns":1},{"damage":0,"enemies":"Chosen","floor":20,"turns":4},{"damage":0,"enemies":"Snake Plant","floor":21,"turns":1},{"damage":27,"enemies":"Gremlin Leader","floor":23,"turns":6},{"damage":0,"enemies":"Book of Stabbing","floor":25,"turns":4},{"damage":0,"enemies":"Sentry and Sphere","floor":28,"turns":2},{"damage":0,"enemies":"3 Cultists","floor":29,"turns":3},{"damage":12,"enemies":"Gremlin Leader","floor":31,"turns":5},{"damage":0,"enemies":"Collector","floor":33,"turns":6},{"damage":15,"enemies":"3 Shapes","floor":35,"turns":4},{"damage":0,"enemies":"Orb Walker","floor":36,"turns":2},{"damage":0,"enemies":"Mind Bloom Boss Battle","floor":37,"turns":6},{"damage":0,"enemies":"2 Orb Walkers","floor":39,"turns":4},{"damage":0,"enemies":"Nemesis","floor":40,"turns":5},{"damage":0,"enemies":"Reptomancer","floor":42,"turns":4},{"damage":0,"enemies":"Nemesis","floor":44,"turns":3},{"damage":0,"enemies":"Writhing Mass","floor":46,"turns":3},{"damage":0,"enemies":"Giant Head","floor":48,"turns":4},{"damage":0,"enemies":"Awakened One","floor":50,"turns":9},{"damage":0,"enemies":"Shield and Spear","floor":54,"turns":3},{"damage":55,"enemies":"The Heart","floor":55,"turns":7}],"seed_played":"-4942437017005202818","potions_obtained":[{"floor":1,"key":"Explosive Potion"},{"floor":10,"key":"CultistPotion"},{"floor":12,"key":"SkillPotion"},{"floor":16,"key":"AttackPotion"},{"floor":33,"key":"LiquidBronze"}],"is_trial":false,"path_per_floor":["M","M","?","M","?","E","R","E","T","E","R","E","$","M","R","B",null,"M","?","M","M","?","E","R","E","T","$","M","M","R","E","R","B",null,"M","M","?","$","?","E","?","E","T","E","R","M","R","E","R","B",null,"R","$","E","B",null],"character_chosen":"DOCTOR_CLASS","items_purchased":["EasyMod:Hard_1","ats:Thorns","ats:Revitalization","ats:Ignite","MerchantsRug","ats:Assault","Boot","Mango","Bronze Scales"],"campfire_rested":0,"item_purchase_floors":[13,13,13,13,49,49,49,49,49],"current_hp_per_floor":[72,72,65,66,55,33,33,19,19,20,20,72,72,72,72,72,72,72,59,70,70,70,77,77,77,77,77,77,77,77,77,77,77,77,69,69,77,77,77,77,77,77,77,77,77,77,77,77,91,91,91,91,91,91,55],"gold":218,"neow_bonus":"REMOVE_CARD","is_daily":false,"chose_seed":false,"campfire_upgraded":9,"win_rate":0.0,"timestamp":1611671359,"path_taken":["M","M","?","M","?","E","R","E","T","E","R","E","?","M","R","BOSS","M","?","M","M","?","E","R","E","T","?","?","M","R","E","R","BOSS","M","M","?","$","?","E","?","E","T","E","R","M","R","E","R","BOSS","R","$","E","BOSS"],"items_purchased_type":["Relic","Card","Card","Card","Relic","Relic","Relic","Relic","Relic"],"build_version":"2020-12-22","purchased_purges":14,"victory":true,"max_hp_per_floor":[72,72,72,72,72,72,72,72,72,72,72,72,72,72,72,72,72,72,77,77,77,77,77,77,77,77,77,77,77,77,77,77,77,77,77,77,77,77,77,77,77,77,77,77,77,77,77,77,91,91,91,91,91,91,91],"card_choices":[{"not_picked":["ats:Directed Diagnosis","ats:Cat Scratch"],"picked":"ats:Revitalization","floor":1},{"not_picked":["ats:Shell Defense","ats:Leaping Hammer"],"picked":"ats:Ignite","floor":2},{"not_picked":["ats:Revitalization","ats:Apocalypse"],"picked":"ats:Collapsing Strike","floor":4},{"not_picked":["ats:Apocalypse","ats:Consecutive Shot Auto"],"picked":"ats:Explosion Area Strengthen","floor":6},{"not_picked":["ats:Beaten Up","ats:Directed Diagnosis"],"picked":"ats:Rapid Magazine","floor":8},{"not_picked":["ats:Explosion Area Strengthen","ats:Flexible Camouflage"],"picked":"ats:Wolf Pack","floor":10},{"not_picked":["ats:Flexible Camouflage","ats:Fractured Body"],"picked":"ats:Charging Defense","floor":12},{"not_picked":["ats:Hammer On","ats:Sunburst"],"picked":"ats:Closed Bolt Burst Fire","floor":14},{"not_picked":["ats:Disruption Kick","ats:Dogmatic Field"],"picked":"ats:Calcification","floor":16},{"not_picked":["ats:Consecutive Shot Auto","ats:Flexible Camouflage"],"picked":"ats:Mental Burst","floor":18},{"not_picked":["ats:Hammer On","ats:Cat Scratch"],"picked":"ats:Curse Doll+1","floor":20},{"not_picked":["ats:Hook Shot","ats:Ignite"],"picked":"ats:Flexible Camouflage","floor":21},{"not_picked":["ats:Hook Shot","ats:Shell Defense"],"picked":"ats:Guard Mode+1","floor":23},{"not_picked":["ats:Mental Burst","ats:Assault Order+1","ats:Curse Doll+1"],"picked":"SKIP","floor":25},{"not_picked":["ats:Part Time Job+1","ats:Leaping Hammer+1"],"picked":"ats:Poison Spread","floor":28},{"not_picked":["ats:Explosion Area Strengthen+1","ats:Powerful Strike","ats:Consecutive Shot Auto"],"picked":"SKIP","floor":29},{"not_picked":["ats:Curse Doll+1","ats:Hook Shot"],"picked":"ats:Poison Spread","floor":31},{"not_picked":["ats:Durian","ats:Rat Pack"],"picked":"ats:Nebulous Foxfire","floor":33},{"not_picked":["ats:Rapid Magazine","ats:Leaping Hammer+1","ats:Cat Scratch+1"],"picked":"SKIP","floor":35},{"not_picked":["ats:Closed Bolt Burst Fire+1","ats:Blood Oath","ats:Hammer On"],"picked":"SKIP","floor":36},{"not_picked":["ats:Closed Bolt Burst Fire","ats:Support Order","ats:Hammer On+1"],"picked":"SKIP","floor":40},{"not_picked":["ats:True Silver Slash","ats:Assault Order","ats:Flame Of Heaven+1"],"picked":"SKIP","floor":42},{"not_picked":["ats:Flame Of Heaven","ats:Encircling Forest"],"picked":"ats:Overload+1","floor":44},{"not_picked":["ats:Absolute Focus","ats:Guard Mode"],"picked":"ats:Assault Order+1","floor":46},{"not_picked":["ats:Hammer On","ats:Explosion Area Strengthen+1"],"picked":"ats:Apocalypse+1","floor":48},{"not_picked":["ats:Flexible Camouflage","ats:Very Hot Blade"],"picked":"ats:LN2 Cannon+1","floor":54}],"player_experience":34578,"relics_obtained":[{"floor":4,"key":"ats:Berate"},{"floor":6,"key":"MealTicket"},{"floor":6,"key":"ats:Originium"},{"floor":6,"key":"Blue Candle"},{"floor":8,"key":"ats:Originium"},{"floor":8,"key":"HornCleat"},{"floor":9,"key":"Mummified Hand"},{"floor":10,"key":"ats:Originium"},{"floor":10,"key":"Thread and Needle"},{"floor":12,"key":"EasyMod:Hard_0"},{"floor":12,"key":"ats:Originium"},{"floor":12,"key":"EasyMod:Easy_2"},{"floor":20,"key":"Bag of Marbles"},{"floor":23,"key":"ats:Gyao"},{"floor":25,"key":"FossilizedHelix"},{"floor":26,"key":"Toy Ornithopter"},{"floor":29,"key":"Orichalcum"},{"floor":31,"key":"CaptainsWheel"},{"floor":35,"key":"Ancient Tea Set"},{"floor":37,"key":"StoneCalendar"},{"floor":39,"key":"WingedGreaves"},{"floor":42,"key":"EasyMod:Easy_9"},{"floor":42,"key":"Pantograph"},{"floor":43,"key":"PreservedInsect"},{"floor":44,"key":"Omamori"},{"floor":48,"key":"Smiling Mask"},{"floor":54,"key":"Oddly Smooth Stone"},{"floor":54,"key":"Shuriken"}],"event_choices":[{"cards_removed":["ats:Strike S"],"damage_healed":0,"gold_gain":0,"player_choice":"Card Removal","damage_taken":7,"max_hp_gain":0,"max_hp_loss":0,"event_name":"Golden Wing","floor":3,"gold_loss":0},{"damage_healed":0,"gold_gain":75,"player_choice":"Gather Gold","damage_taken":11,"max_hp_gain":0,"max_hp_loss":0,"event_name":"World of Goop","floor":5,"gold_loss":0},{"damage_healed":0,"gold_gain":0,"player_choice":"Shed Blood","damage_taken":18,"max_hp_gain":5,"max_hp_loss":0,"event_name":"Forgotten Altar","floor":19,"gold_loss":0},{"cards_removed":["ats:Ignite"],"damage_healed":0,"gold_gain":0,"player_choice":"Elegance","damage_taken":0,"max_hp_gain":0,"max_hp_loss":0,"event_name":"Back to Basics","floor":22,"gold_loss":0},{"damage_healed":0,"gold_gain":0,"player_choice":"Fight","damage_taken":0,"max_hp_gain":0,"max_hp_loss":0,"event_name":"MindBloom","floor":37,"gold_loss":0},{"damage_healed":0,"gold_gain":0,"player_choice":"Fight","damage_taken":0,"max_hp_gain":0,"max_hp_loss":0,"event_name":"Mysterious Sphere","floor":39,"gold_loss":0},{"damage_healed":0,"gold_gain":0,"player_choice":"Copied","damage_taken":0,"max_hp_gain":0,"max_hp_loss":0,"event_name":"Duplicator","floor":41,"gold_loss":0,"cards_obtained":["ats:Thorns"]}],"is_beta":false,"boss_relics":[{"not_picked":["SacredBark","Empty Cage"],"picked":"Tiny House"},{"not_picked":["Fusion Hammer","Velvet Choker"],"picked":"Runic Pyramid"}],"items_purged_floors":[13,13,13,13,13,38,38,38,38,38,38,49,49,49],"is_endless":false,"potions_floor_spawned":[1,10,12,16,18,20,28,29,33,36,37,39,42],"ascension_level":1}}