{"host":"nlowmoq7gy18n72d","time":1611679159,"event":{"mods":["BaseMod","Colored Powertips","Conspire","Downfall","Hermit","Highlight Path","Infinite Spire","Jorbs\u0027s Wanderer Trilogy","Minty Spire (QoL Compilation)","Rare Cards Sparkle","Replay The Spire","StSLib","The Cursed","The Hierophant"],"gold_per_floor":[17,17,29,48,48,81,81,81,81,127,144,177,191,218,218,318,318,348,63,63,82,7,67,67,98,98,8,36,50,50,50,50,220,220,239,239,259,259,159,190,210,210,234,250,250,285,285,305,305,313,313,313,43,109,189,189],"floor_reached":55,"language":"ENG","playtime":2041,"items_purged":["hermit:Strike_Hermit","ReplayTheSpireMod:Restless Dread","ReplayTheSpireMod:Restless Dread","Parasite"],"score":933,"play_id":"43270211-897a-467e-b6e1-b24746534fff","local_time":"20210126193919","is_ascension_mode":false,"campfire_choices":[{"data":"Apotheosis","floor":7,"key":"SMITH"},{"floor":15,"key":"REST"},{"floor":24,"key":"RECALL"},{"floor":30,"key":"REST"},{"data":"hermit:Quickdraw","floor":32,"key":"SMITH"},{"data":"1","floor":42,"key":"LIFT"},{"data":"2","floor":47,"key":"LIFT"},{"data":"3","floor":49,"key":"LIFT"},{"data":"hermit:FlashPowder","floor":52,"key":"SMITH"}],"circlet_count":0,"master_deck":["hermit:Strike_Hermit","hermit:Strike_Hermit","hermit:Defend_Hermit","hermit:Defend_Hermit","hermit:Defend_Hermit+1","hermit:Snapshot","hermit:Covet","Apotheosis+1","hermit:Enervate","hermit:Horror","hermit:FlashPowder+1","hermit:Desperado","hermit:Quickdraw+1","hermit:PistolWhip","hermit:DeadOrAlive","CurseOfTheBell","hermit:GoldenBullet+1","hermit:FlashPowder+1","hermit:HighNoon+1","hermit:Brawl+1","hermit:Roughhouse+1","hermit:GoldenBullet+1","hermit:LoneWolf"],"relics":["hermit:Momento","Kunai","Singing Bowl","Darkstone Periapt","infinitespire:Satchel","Onion Ring","Replay:Grab Bag","Sozu","Philosopher\u0027s Stone","Calling Bell","Ancient Tea Set","Golden Egg","Ice Cream","Bottled Lightning","hermit:Horseshoe","infinitespire:Midas Blood","Replay:Accelerometer","Toy Ornithopter","Bottled Flame","Replay:Ancient Bell","Akabeko","Shuriken","Girya","conspire:DeflatedDodgeball","hexamod:BolsterEngine","Guardian:PocketSentry","Anchor","infinitespire:PuzzleCube","Lantern"],"acts_visited":["Exordium","TheCity","TheBeyond","TheEnding"],"potions_floor_usage":[6,14,14,50],"damage_taken":[{"damage":3,"enemies":"2 Louse","floor":1,"turns":3},{"damage":0,"enemies":"conspire:RoseBush","floor":3,"turns":3},{"damage":1,"enemies":"Jaw Worm","floor":4,"turns":3},{"damage":32,"enemies":"Gremlin Nob","floor":6,"turns":5},{"damage":7,"enemies":"Looter","floor":11,"turns":3},{"damage":4,"enemies":"Lagavulin","floor":12,"turns":5},{"damage":5,"enemies":"Red Slaver","floor":13,"turns":2},{"damage":9,"enemies":"Gremlin Nob","floor":14,"turns":3},{"damage":11,"enemies":"Fading Forest","floor":16,"turns":11},{"damage":0,"enemies":"Spheric Guardian","floor":18,"turns":2},{"damage":12,"enemies":"2 Thieves","floor":21,"turns":3},{"damage":17,"enemies":"Slavers","floor":23,"turns":4},{"damage":0,"enemies":"Gremlin Leader","floor":25,"turns":3},{"damage":0,"enemies":"Centurion and Healer","floor":28,"turns":4},{"damage":0,"enemies":"Snake Plant","floor":29,"turns":3},{"damage":0,"enemies":"Champ","floor":33,"turns":9},{"damage":14,"enemies":"3 Darklings","floor":35,"turns":5},{"damage":6,"enemies":"3 Shapes","floor":37,"turns":3},{"damage":1,"enemies":"Nemesis","floor":40,"turns":7},{"damage":10,"enemies":"Maw","floor":41,"turns":6},{"damage":6,"enemies":"3 Darklings","floor":44,"turns":2},{"damage":8,"enemies":"R_Hoarder","floor":46,"turns":6},{"damage":0,"enemies":"Writhing Mass","floor":48,"turns":3},{"damage":37,"enemies":"Donu and Deca","floor":50,"turns":6},{"damage":29,"enemies":"Shield and Spear","floor":54,"turns":5},{"damage":96,"enemies":"The Heart","floor":55,"turns":8}],"seed_played":"-5705766602149345583","potions_obtained":[{"floor":1,"key":"champ:CounterPotion"},{"floor":11,"key":"GamblersBrew"},{"floor":13,"key":"Energy Potion"},{"floor":16,"key":"Guardian:BlockOnCardUsePotion"}],"is_trial":false,"path_per_floor":["M","?","M","M","?","E","R","?","T","T","M","E","M","E","R","B",null,"M","$","?","M","$","E","R","E","T","?","M","M","R","T","R","B",null,"M","AVR","M","?","$","E","M","R","T","M","?","E","R","M","R","B",null,"R","$","E","B"],"character_chosen":"HERMIT","items_purchased":["Bottled Lightning","hermit:FlashPowder","infinitespire:PuzzleCube"],"campfire_rested":2,"item_purchase_floors":[19,19,53],"current_hp_per_floor":[72,72,72,71,71,39,39,39,39,39,34,30,25,16,39,48,83,83,83,83,71,71,56,56,58,58,58,60,60,86,86,86,86,113,101,101,95,95,95,96,88,88,88,84,84,78,78,80,80,48,125,125,122,93,0,0],"gold":189,"neow_bonus":"RANDOM_COLORLESS_2","is_daily":false,"chose_seed":false,"campfire_upgraded":3,"win_rate":0.0,"timestamp":1611679159,"path_taken":["M","?","M","M","?","E","R","?","T","?","M","E","M","E","R","BOSS","M","$","?","M","?","E","R","E","T","?","?","M","R","?","R","BOSS","M","AVR","M","?","?","E","M","R","T","M","?","E","R","M","R","BOSS","R","$","E","BOSS"],"items_purchased_type":["Relic","Card","Relic"],"build_version":"2020-12-22","purchased_purges":4,"victory":false,"max_hp_per_floor":[75,75,75,75,75,75,75,75,75,75,77,77,77,77,77,77,83,83,83,83,83,83,85,85,87,87,87,89,89,89,89,89,89,113,115,115,115,115,115,117,119,119,119,121,121,123,123,125,125,125,125,125,122,122,122,122],"card_choices":[{"not_picked":["Mayhem","Transmutation"],"picked":"Apotheosis","floor":0},{"not_picked":["hermit:Scavenge","hermit:LoneWolf"],"picked":"hermit:Enervate","floor":1},{"not_picked":["hermit:LowProfile","hermit:HighCaliber"],"picked":"hermit:Horror","floor":3},{"not_picked":["hermit:Malice","hermit:Feint"],"picked":"hermit:FlashPowder","floor":4},{"not_picked":["hermit:Vantage","hermit:BodyArmor"],"picked":"hermit:Desperado","floor":6},{"not_picked":["hermit:Spite","hermit:Snipe","hermit:Combo"],"picked":"Singing Bowl","floor":11},{"not_picked":["hermit:LuckOfTheDraw","hermit:Manifest"],"picked":"hermit:LoneWolf","floor":12},{"not_picked":["hermit:Gambit","hermit:CalledShot"],"picked":"hermit:Quickdraw","floor":13},{"not_picked":["hermit:TakeAim","hermit:NoHoldsBarred"],"picked":"hermit:PistolWhip","floor":14},{"not_picked":["hermit:BlackWind","hermit:Reprieve"],"picked":"hermit:DeadOrAlive","floor":16},{"not_picked":["hermit:Desperado+1","hermit:CalledShot+1"],"picked":"hermit:GoldenBullet+1","floor":18},{"not_picked":["hermit:FullyLoaded","hermit:SprayPray"],"picked":"hermit:HighNoon","floor":21},{"not_picked":["hermit:Enervate","hermit:EyeOfTheStorm+1","hermit:Maintenance"],"picked":"Singing Bowl","floor":23},{"not_picked":["hermit:Combo","hermit:Misfire","hermit:CursedWeapon+1"],"picked":"Singing Bowl","floor":25},{"not_picked":["hermit:Headshot","hermit:LoneWolf","hermit:WideOpen"],"picked":"Singing Bowl","floor":28},{"not_picked":["hermit:NoHoldsBarred","hermit:HighCaliber"],"picked":"hermit:Brawl","floor":29},{"not_picked":["hermit:Reprieve","hermit:RoundhouseKick"],"picked":"hermit:Roughhouse","floor":33},{"not_picked":["ReplayTheSpireMod:Restless Dread","Clumsy","Writhe"],"picked":"Singing Bowl","floor":34},{"not_picked":["CommonCold","Overencumbered","Parasite"],"picked":"Singing Bowl","floor":34},{"not_picked":["Languid","ReplayTheSpireMod:Restless Dread","ReplayTheSpireMod:IOU"],"picked":"Singing Bowl","floor":34},{"not_picked":["hermit:Maintenance","hermit:Quickdraw","hermit:Gestalt+1"],"picked":"Singing Bowl","floor":35},{"not_picked":["hermit:Roulette","hermit:Headshot+1"],"picked":"hermit:GoldenBullet+1","floor":37},{"not_picked":["hermit:TakeAim","hermit:Roulette+1","hermit:Deadeye+1"],"picked":"Singing Bowl","floor":40},{"not_picked":["hermit:Shortfuse","hermit:Headshot+1","hermit:SprayPray"],"picked":"Singing Bowl","floor":41},{"not_picked":["hermit:OverwhelmingPower","hermit:Headshot+1","hermit:CalledShot+1"],"picked":"Singing Bowl","floor":44},{"not_picked":["hermit:Vantage+1","hermit:SprayPray","hermit:Combo"],"picked":"Singing Bowl","floor":46},{"not_picked":["hermit:Manifest","hermit:Malice","hermit:Shortfuse"],"picked":"Singing Bowl","floor":48},{"not_picked":["hermit:ItchyTrigger","hermit:SprayPray"],"picked":"hermit:LoneWolf","floor":54}],"player_experience":731287,"relics_obtained":[{"floor":6,"key":"Kunai"},{"floor":8,"key":"Singing Bowl"},{"floor":9,"key":"Darkstone Periapt"},{"floor":12,"key":"infinitespire:Satchel"},{"floor":14,"key":"Onion Ring"},{"floor":17,"key":"Ancient Tea Set"},{"floor":17,"key":"Golden Egg"},{"floor":17,"key":"Ice Cream"},{"floor":23,"key":"infinitespire:Midas Blood"},{"floor":25,"key":"Replay:Accelerometer"},{"floor":26,"key":"Toy Ornithopter"},{"floor":31,"key":"Bottled Flame"},{"floor":40,"key":"hexamod:BolsterEngine"},{"floor":43,"key":"Guardian:PocketSentry"},{"floor":46,"key":"Anchor"},{"floor":54,"key":"Lantern"}],"event_choices":[{"damage_healed":0,"gold_gain":0,"player_choice":"Opened","damage_taken":0,"relics_obtained":["hermit:Horseshoe"],"max_hp_gain":0,"max_hp_loss":0,"event_name":"The Mausoleum","floor":20,"gold_loss":0},{"cards_removed":["hermit:LoneWolf"],"damage_healed":0,"gold_gain":0,"player_choice":"Upgrade and Remove","damage_taken":0,"max_hp_gain":0,"max_hp_loss":0,"event_name":"Designer","floor":27,"gold_loss":90,"cards_upgraded":["hermit:Defend_Hermit"]},{"damage_healed":0,"gold_gain":0,"player_choice":"Upgraded","damage_taken":0,"max_hp_gain":0,"max_hp_loss":0,"event_name":"Upgrade Shrine","floor":38,"gold_loss":0,"cards_upgraded":["hermit:Brawl"]},{"cards_removed":["hermit:Defend_Hermit"],"damage_healed":0,"gold_gain":0,"player_choice":"Removed Skill","damage_taken":0,"max_hp_gain":0,"max_hp_loss":0,"event_name":"Falling","floor":45,"gold_loss":0}],"is_beta":false,"boss_relics":[{"not_picked":["Velvet Choker","Cursed Key"],"picked":"Replay:Grab Bag"},{"not_picked":["Painkiller Herb","Coffee Dripper"],"picked":"Sozu"},{"not_picked":["Runic Dome","Ectoplasm"],"picked":"Philosopher\u0027s Stone"},{"not_picked":["Empty Cage","SlaversCollar"],"picked":"Calling Bell"},{"not_picked":["Astrolabe","Tiny House"],"picked":"Replay:Ancient Bell"},{"not_picked":["Centennial Puzzle","Nunchaku"],"picked":"Akabeko"},{"not_picked":["Mercury Hourglass","infinitespire:Broken Mirror"],"picked":"Shuriken"},{"not_picked":["Pondfish Scales","infinitespire:Joker Card"],"picked":"Girya"}],"items_purged_floors":[22,36,39,53],"is_endless":false,"potions_floor_spawned":[1,11,13,16,23,25,28,40,44,48],"killed_by":"The Heart","ascension_level":0}}