{"host":"9709z2dy8v1s63sm","time":1611647602,"event":{"mods":["AchievementEnabler","BaseMod","Minty Spire (QoL Compilation)","StSLib","SuperFastMode"],"gold_per_floor":[119,132,151,169,169,195,215,243,268,268,301,317,317,349,349,453,453,465,465,309,309,309,343,343,378,378,303,335,354,367,394,394,492,492,508,520,520,315,328,328,328,328],"floor_reached":41,"language":"KOR","playtime":2458,"items_purged":["Strike_R","Strike_R"],"score":824,"play_id":"011eba7b-3a41-4b46-aa40-90538bd3a643","local_time":"20210126165322","is_ascension_mode":true,"campfire_choices":[{"data":"Shockwave","floor":10.0,"key":"SMITH"},{"data":"Flex","floor":15.0,"key":"SMITH"},{"data":"Limit Break","floor":24,"key":"SMITH"},{"data":"1","floor":32,"key":"LIFT"},{"data":"Barricade","floor":40,"key":"SMITH"}],"circlet_count":0,"master_deck":["AscendersBane","Strike_R","Strike_R","Defend_R+1","Defend_R","Defend_R","Bash","Flex+1","Evolve","Pommel Strike+1","Shockwave+1","Disarm+1","Pummel","Shrug It Off","Limit Break+1","Impervious","Headbutt+1","Second Wind","Feel No Pain","Necronomicurse","Warcry+1","Inflame","Barricade+1","Body Slam+1","Heavy Blade","Heavy Blade+1","Reaper"],"relics":["Burning Blood","War Paint","Darkstone Periapt","Smiling Mask","MealTicket","Bronze Scales","Nunchaku","Velvet Choker","Necronomicon","Oddly Smooth Stone","Girya","Lantern","PreservedInsect","Bag of Preparation","Matryoshka","Black Star","Orrery"],"acts_visited":["Exordium","TheCity","TheBeyond"],"potions_floor_usage":[23,23,41],"damage_taken":[{"damage":3.0,"enemies":"2 Louse","floor":1.0,"turns":4.0},{"damage":11.0,"enemies":"Cultist","floor":2.0,"turns":4.0},{"damage":7.0,"enemies":"Jaw Worm","floor":3.0,"turns":3.0},{"damage":10.0,"enemies":"2 Fungi Beasts","floor":4.0,"turns":4.0},{"damage":5.0,"enemies":"3 Sentries","floor":6.0,"turns":9.0},{"damage":12.0,"enemies":"Large Slime","floor":7.0,"turns":6.0},{"damage":6.0,"enemies":"Lagavulin","floor":8.0,"turns":6.0},{"damage":20.0,"enemies":"Gremlin Nob","floor":11.0,"turns":4.0},{"damage":0.0,"enemies":"Lots of Slimes","floor":12.0,"turns":4.0},{"damage":30.0,"enemies":"3 Sentries","floor":14.0,"turns":6.0},{"damage":12.0,"enemies":"The Guardian","floor":16.0,"turns":12.0},{"damage":16.0,"enemies":"Spheric Guardian","floor":18.0,"turns":4.0},{"damage":15,"enemies":"Gremlin Leader","floor":23,"turns":7},{"damage":0,"enemies":"Book of Stabbing","floor":25,"turns":7},{"damage":20,"enemies":"Slavers","floor":28,"turns":5},{"damage":2,"enemies":"2 Thieves","floor":29,"turns":3},{"damage":5,"enemies":"Snecko","floor":30,"turns":5},{"damage":0,"enemies":"Gremlin Leader","floor":31,"turns":5},{"damage":8,"enemies":"Champ","floor":33,"turns":8},{"damage":6,"enemies":"Orb Walker","floor":35,"turns":4},{"damage":27,"enemies":"3 Darklings","floor":36,"turns":8},{"damage":54,"enemies":"Maw","floor":39,"turns":7},{"damage":51,"enemies":"Reptomancer","floor":41,"turns":2}],"seed_played":"1387398634287941880","potions_obtained":[{"floor":3.0,"key":"EntropicBrew"},{"floor":6.0,"key":"DistilledChaos"},{"floor":7.0,"key":"DistilledChaos"},{"floor":8.0,"key":"Weak Potion"},{"floor":12.0,"key":"HeartOfIron"},{"floor":18.0,"key":"Strength Potion"},{"floor":30,"key":"Strength Potion"},{"floor":31,"key":"AttackPotion"},{"floor":33,"key":"BloodPotion"},{"floor":36,"key":"DistilledChaos"}],"is_trial":false,"path_per_floor":["M","M","M","M","?","E","M","E","T","R","E","M","T","E","R","B",null,"M","?","$","?","?","E","R","E","T","?","E","M","M","E","R","B",null,"M","M","?","$","M","R","E"],"character_chosen":"IRONCLAD","items_purchased":["Second Wind","Feel No Pain","Orrery"],"campfire_rested":0,"item_purchase_floors":[20,20,38],"current_hp_per_floor":[75,70,69,65,65,66,60,60,60,60,46,52,52,28,28,22,66,56,56,71,61,67,58,58,64,64,64,50,54,55,61,61,59,84,84,63,63,78,30,30,0,0],"gold":328,"neow_bonus":"REMOVE_CARD","is_daily":false,"chose_seed":false,"campfire_upgraded":4,"win_rate":0.0,"timestamp":1611647602,"path_taken":["M","M","M","M","?","E","?","E","T","R","E","M","?","E","R","BOSS","M","?","$","?","?","E","R","E","T","?","E","M","M","E","R","BOSS","M","M","?","$","M","R","E"],"items_purchased_type":["Card","Card","Relic"],"build_version":"2020-12-22","purchased_purges":2,"victory":false,"max_hp_per_floor":[80,80,80,80,80,80,80,80,80,80,80,80,80,80,80,80,80,80,80,80,86,92,92,92,92,92,92,92,92,92,92,92,92,92,92,92,92,92,92,92,92,92],"card_choices":[{"not_picked":["Heavy Blade","Dual Wield"],"picked":"Flex","floor":1.0},{"not_picked":["Havoc","Thunderclap"],"picked":"Evolve","floor":2.0},{"not_picked":["Flex","Cleave"],"picked":"Pommel Strike","floor":3.0},{"not_picked":["Flex","Havoc"],"picked":"Shockwave","floor":4.0},{"not_picked":["Blood for Blood","Sword Boomerang"],"picked":"Disarm","floor":6.0},{"not_picked":["Sword Boomerang","True Grit"],"picked":"Pummel","floor":7.0},{"not_picked":["True Grit","Pommel Strike"],"picked":"Shrug It Off","floor":8.0},{"not_picked":["Uppercut","Searing Blow"],"picked":"Limit Break","floor":11.0},{"not_picked":["Clothesline","Sentinel","Anger"],"picked":"SKIP","floor":12.0},{"not_picked":["Anger","Wild Strike","Shockwave"],"picked":"SKIP","floor":14.0},{"not_picked":["Berserk","Juggernaut"],"picked":"Impervious","floor":16.0},{"not_picked":["Searing Blow","Fire Breathing"],"picked":"Headbutt+1","floor":18.0},{"not_picked":["Intimidate","Seeing Red"],"picked":"Warcry+1","floor":23},{"not_picked":["Flex","Headbutt","Bloodletting"],"picked":"SKIP","floor":25},{"not_picked":["Perfected Strike","Reckless Charge","Pummel"],"picked":"SKIP","floor":28},{"not_picked":["Blood for Blood","Clothesline","Ghostly Armor+1"],"picked":"SKIP","floor":29},{"not_picked":["Headbutt+1","Anger+1","Iron Wave"],"picked":"SKIP","floor":30},{"not_picked":["Carnage","Anger"],"picked":"Inflame","floor":31},{"not_picked":["Berserk","Bludgeon"],"picked":"Barricade","floor":33},{"not_picked":["Metallicize","Cleave+1"],"picked":"Body Slam+1","floor":35},{"not_picked":["Havoc","Intimidate+1"],"picked":"Heavy Blade","floor":36},{"not_picked":["Sever Soul","Anger"],"picked":"Heavy Blade+1","floor":38},{"not_picked":["Iron Wave+1","Wild Strike+1"],"picked":"Reaper","floor":38},{"not_picked":["Clothesline+1","Cleave+1","Clash+1"],"picked":"SKIP","floor":39}],"player_experience":85947,"relics_obtained":[{"floor":6.0,"key":"War Paint"},{"floor":8.0,"key":"Darkstone Periapt"},{"floor":9.0,"key":"Smiling Mask"},{"floor":11.0,"key":"MealTicket"},{"floor":13.0,"key":"Bronze Scales"},{"floor":14.0,"key":"Nunchaku"},{"floor":21.0,"key":"Necronomicon"},{"floor":23,"key":"Girya"},{"floor":25,"key":"Lantern"},{"floor":26,"key":"PreservedInsect"},{"floor":28,"key":"Bag of Preparation"},{"floor":31,"key":"Matryoshka"}],"event_choices":[{"damage_healed":0.0,"max_hp_gain":0.0,"max_hp_loss":0.0,"gold_gain":0.0,"event_name":"Accursed Blacksmith","player_choice":"Forge","floor":5.0,"gold_loss":0.0,"damage_taken":0.0,"cards_upgraded":["Pommel Strike"]},{"damage_healed":0.0,"max_hp_gain":0.0,"max_hp_loss":0.0,"gold_gain":0.0,"event_name":"Vampires","player_choice":"Ignored","floor":19.0,"gold_loss":0.0,"damage_taken":0.0},{"damage_healed":0.0,"max_hp_gain":0.0,"max_hp_loss":0.0,"gold_gain":0.0,"event_name":"Cursed Tome","player_choice":"Obtained Book","floor":21.0,"gold_loss":0.0,"damage_taken":16.0},{"damage_healed":0.0,"max_hp_gain":0.0,"max_hp_loss":0.0,"gold_gain":0.0,"event_name":"The Mausoleum","player_choice":"Opened","floor":22.0,"gold_loss":0.0,"damage_taken":0.0,"relics_obtained":["Oddly Smooth Stone"],"cards_obtained":["Writhe"]},{"cards_removed":["Defend_R"],"damage_healed":0,"gold_gain":0,"player_choice":"Gave Gold","damage_taken":0,"max_hp_gain":0,"max_hp_loss":0,"event_name":"Beggar","floor":27,"gold_loss":75},{"cards_removed":["Writhe"],"damage_healed":0,"gold_gain":0,"player_choice":"Removed Curses","damage_taken":0,"max_hp_gain":0,"max_hp_loss":0,"event_name":"Fountain of Cleansing","floor":37,"gold_loss":0}],"is_beta":false,"boss_relics":[{"not_picked":["Astrolabe","Busted Crown"],"picked":"Velvet Choker"},{"not_picked":["SlaversCollar","Cursed Key"],"picked":"Black Star"}],"items_purged_floors":[20,38],"is_endless":false,"potions_floor_spawned":[3,6,7,8,12,18,30,31,33,36],"killed_by":"Reptomancer","ascension_level":10}}