{"host":"hcgx0xuxlgmwc1io","time":1611628677,"event":{"mods":["BaseMod","Downfall","Minty Spire (QoL Compilation)","StSLib","The Cursed"],"gold_per_floor":[99,111,111,172,172,186,211,224,224,238,258,272,372,672,688,789,789,789,803,821,413,430,440,465,315,328,346,366,376,276,288,307,307,307,307],"floor_reached":33,"language":"ENG","playtime":1940,"items_purged":[],"score":249,"play_id":"fe34c38c-679b-4e0f-a782-c1f9ba386d2f","local_time":"20210125233757","is_ascension_mode":false,"campfire_choices":[{"data":"champ:BringItOn","floor":1.0,"key":"SMITH"},{"data":"champ:StanceDance","floor":9.0,"key":"SMITH"},{"floor":18.0,"key":"RECALL"},{"data":"expansioncontent:PolyBeam","floor":30,"key":"SMITH"}],"circlet_count":0,"master_deck":["champ:Strike","champ:Defend","champ:Defend","champ:Defend","champ:Defend","champ:Execute","champ:Taunt","champ:BringItOn+1","champ:Shatter","champ:FanOfKnives","champ:PreciseThrust","champ:StanceDance+1","champ:FaceSlap","champ:SteelEdge","champ:Parry","downfall:Icky","downfall:Icky","champ:ShieldWall","champ:StrikeOfGenius","champ:FanOfKnives+1","champ:RecklessLeap+1","champ:TornadoPunch+1","champ:GladiatorStyle+1","champ:EnGarde","champ:ShieldWall+1","expansioncontent:PolyBeam+1","champ:FalseCounter","champ:AdrenalArmor+1","champ:IronFortress","champ:ShieldThrow","champ:BringItOn","champ:Endure","champ:StrikeOfGenius","champ:TornadoPunch+1"],"relics":["champ:ChampionCrown","champ:LiftRelic","Lantern","InkBottle","Blood Vial","Astrolabe","Pen Nib","Bag of Marbles","Orichalcum","downfall:HeartBlessingRed"],"acts_visited":["Exordium","TheCity"],"potions_floor_usage":[33,33],"damage_taken":[{"damage":10.0,"enemies":"2 Louse","floor":2.0,"turns":3.0},{"damage":22.0,"enemies":"Lagavulin Event","floor":4.0,"turns":7.0},{"damage":10.0,"enemies":"Jaw Worm","floor":6.0,"turns":3.0},{"damage":10.0,"enemies":"Cultist","floor":8.0,"turns":3.0},{"damage":21.0,"enemies":"Large Slime","floor":10.0,"turns":5.0},{"damage":0.0,"enemies":"2 Fungi Beasts","floor":11.0,"turns":3.0},{"damage":0.0,"enemies":"Lots of Slimes","floor":12.0,"turns":2.0},{"damage":2.0,"enemies":"Blue Slaver","floor":15.0,"turns":2.0},{"damage":71.0,"enemies":"DF_ARCHETYPE_STREAMLINE","floor":16.0,"turns":8.0},{"damage":10.0,"enemies":"Spheric Guardian","floor":19.0,"turns":3.0},{"damage":15,"enemies":"Shell Parasite","floor":20,"turns":4},{"damage":20,"enemies":"downfall:FleeingMerchant","floor":21,"turns":4},{"damage":1,"enemies":"3 Cultists","floor":22,"turns":4},{"damage":7,"enemies":"Snecko","floor":23,"turns":5},{"damage":44,"enemies":"Centurion and Healer","floor":26,"turns":5},{"damage":0,"enemies":"Snake Plant","floor":27,"turns":2},{"damage":43,"enemies":"Cultist and Chosen","floor":28,"turns":5},{"damage":10,"enemies":"Chosen and Byrds","floor":29,"turns":6},{"damage":8,"enemies":"Snecko","floor":31,"turns":4},{"damage":0,"enemies":"Snake Plant","floor":32,"turns":1},{"damage":90,"enemies":"SI_MIRROR_ARCHETYPE","floor":33,"turns":8}],"seed_played":"7876586475466319299","potions_obtained":[{"floor":2.0,"key":"BlessingOfTheForge"},{"floor":4.0,"key":"Fire Potion"},{"floor":10.0,"key":"CultistPotion"},{"floor":15.0,"key":"FearPotion"},{"floor":16.0,"key":"Energy Potion"},{"floor":19,"key":"AttackPotion"},{"floor":23,"key":"SkillPotion"},{"floor":26,"key":"champ:CounterPotion"}],"is_trial":false,"path_per_floor":["R","M","?","?","T","M","T","M","R","M","M","M","?","?","M","B",null,"R","M","M","$","M","M","T","?","M","M","M","M","R","M","M","B"],"character_chosen":"THE_CHAMP","items_purchased":["Pen Nib","Bag of Marbles","expansioncontent:PolyBeam"],"campfire_rested":0,"item_purchase_floors":[21,21,21],"current_hp_per_floor":[90,90,90,78,78,78,78,80,80,71,73,75,75,75,75,26,90,90,80,67,59,60,55,55,100,91,93,82,84,84,78,80,0,0,0],"gold":307,"neow_bonus":"THREE_CARDS","is_daily":false,"chose_seed":false,"campfire_upgraded":3,"win_rate":0.0,"timestamp":1611628677,"path_taken":["R","M","?","?","?","M","T","?","R","M","M","M","?","?","M","BOSS","R","M","M","$","M","M","T","?","M","M","?","M","R","M","M","BOSS"],"items_purchased_type":["Relic","Relic","Card"],"build_version":"2020-12-22","purchased_purges":0,"victory":false,"max_hp_per_floor":[90,90,90,90,90,90,90,90,90,90,90,90,90,90,90,90,90,90,90,90,90,90,90,90,100,100,100,100,100,100,100,100,100,100,100],"card_choices":[{"not_picked":["champ:Lariat","champ:Circumvent"],"picked":"champ:BringItOn","floor":0.0},{"not_picked":["champ:Circumvent","champ:HeartStrike"],"picked":"champ:Shatter","floor":2.0},{"not_picked":["champ:FocusedDefense","champ:ArenaPreparation"],"picked":"champ:FanOfKnives","floor":4.0},{"not_picked":["champ:CrownThrow","champ:FaceSlap"],"picked":"champ:PreciseThrust","floor":6.0},{"not_picked":["champ:AdrenalArmor","champ:BerserkersShout"],"picked":"champ:StanceDance","floor":8.0},{"not_picked":["champ:FlashCut","champ:StanceDance"],"picked":"champ:FaceSlap","floor":10.0},{"not_picked":["champ:Shatter","champ:Backstep"],"picked":"champ:SteelEdge","floor":11.0},{"not_picked":["champ:CrownThrow","champ:PerfectedStrike"],"picked":"champ:Parry","floor":12.0},{"not_picked":["champ:FlashCut","champ:DefensiveStyle"],"picked":"champ:ShieldWall","floor":15.0},{"not_picked":["champ:SwordThrow","champ:MurderStrike"],"picked":"champ:StrikeOfGenius","floor":16.0},{"not_picked":["champ:ArenaPreparation","champ:Encircle"],"picked":"champ:GladiatorStyle+1","floor":19},{"not_picked":["champ:StanceDance","champ:Haymaker"],"picked":"champ:EnGarde","floor":20},{"not_picked":["champ:PerfectedStrike","champ:EndlessRage"],"picked":"champ:ShieldWall+1","floor":21},{"not_picked":["champ:PerfectedStrike+1","champ:Shatter+1"],"picked":"champ:FalseCounter","floor":22},{"not_picked":["champ:TornadoPunch","champ:FaceSlap"],"picked":"champ:AdrenalArmor+1","floor":23},{"not_picked":["champ:Backstep","champ:AdrenalArmor"],"picked":"champ:IronFortress","floor":26},{"not_picked":["champ:CrownThrow+1","champ:BringItOn"],"picked":"champ:ShieldThrow","floor":27},{"not_picked":["champ:FanOfKnives","champ:AdrenalArmor+1"],"picked":"champ:BringItOn","floor":28},{"not_picked":["champ:Haymaker","champ:FocusedBerserking"],"picked":"champ:Endure","floor":29},{"not_picked":["champ:FanOfKnives","champ:FlashCut"],"picked":"champ:StrikeOfGenius","floor":31},{"not_picked":["champ:StanceDance","champ:BladeFlurry"],"picked":"champ:TornadoPunch+1","floor":32}],"player_experience":23179,"relics_obtained":[{"floor":4.0,"key":"Lantern"},{"floor":5.0,"key":"InkBottle"},{"floor":7.0,"key":"Blood Vial"},{"floor":24,"key":"Orichalcum"}],"event_choices":[],"is_beta":false,"boss_relics":[{"not_picked":["Runic Dome","Cursed Key"],"picked":"Astrolabe"}],"items_purged_floors":[],"is_endless":false,"potions_floor_spawned":[2,4,10,15,16,19,22,23,26,32],"killed_by":"SI_MIRROR_ARCHETYPE","ascension_level":0}}