{"host":"x6h2w7w5b570y81k","time":1611624480,"event":{"mods":["AchievementEnabler","Act Like it!","BaseMod","Colored Map","Colored Powertips","Friendly Minions","Koishi","Marisa????????","Minty Spire (QoL Compilation)","Remilia??????","StSLib"],"gold_per_floor":[111,111,122,83,99,134,154,154,154,169,199,199,224,242,242,242,242],"floor_reached":16,"language":"DEU","playtime":1465,"items_purged":[],"score":112,"play_id":"baeb1705-fbdf-4f23-8a15-6e44b8c47121","local_time":"20210126022800","is_ascension_mode":false,"campfire_choices":[{"data":"Koishi:GhostParty","floor":12,"key":"SMITH"},{"data":"Koishi:EmbryosDream","floor":15,"key":"SMITH"}],"circlet_count":0,"master_deck":["Koishi:BasicStrike","Koishi:BasicStrike","Koishi:BasicStrike","Koishi:BasicDefend","Koishi:BasicDefend","Koishi:BasicDefend","Koishi:BasicDefend","Koishi:Provoke","Koishi:HauntingSlash","Koishi:Possession","Koishi:SubterraneanRose","Koishi:Jaunt","Koishi:UnseenTerror","Koishi:DreadfulBlow","Koishi:Prune","Koishi:CatchAndRose","Koishi:BloodcurdlingScream","Koishi:CatchAndRose","Koishi:GhostParty+1","Koishi:EmbryosDream+1"],"relics":["Koishi:ImaginaryFriend","HornCleat","The Courier","Question Card","Juzu Bracelet"],"acts_visited":["Exordium"],"potions_floor_usage":[6,16,16,16],"damage_taken":[{"damage":2,"enemies":"Small Slimes","floor":1,"turns":6},{"damage":0,"enemies":"Jaw Worm","floor":3,"turns":4},{"damage":0,"enemies":"2 Louse","floor":5,"turns":3},{"damage":30,"enemies":"Gremlin Nob","floor":6,"turns":5},{"damage":0,"enemies":"Looter","floor":7,"turns":4},{"damage":5,"enemies":"Exordium Thugs","floor":10,"turns":4},{"damage":8,"enemies":"3 Sentries","floor":11,"turns":5},{"damage":5,"enemies":"Gremlin Gang","floor":14,"turns":4},{"damage":27,"enemies":"Slime Boss","floor":16,"turns":11}],"seed_played":"2439975251495867126","potions_obtained":[{"floor":3,"key":"DuplicationPotion"},{"floor":5,"key":"Strength Potion"},{"floor":7,"key":"SteroidPotion"},{"floor":11,"key":"CultistPotion"}],"is_trial":false,"path_per_floor":["M","?","M","$","M","E","M","?","T","M","E","R","T","M","R","B"],"character_chosen":"KOISHI","items_purchased":["Koishi:UnseenTerror"],"campfire_rested":0,"item_purchase_floors":[4],"current_hp_per_floor":[59,59,60,60,60,36,40,40,40,38,31,31,31,28,28,1,1],"gold":242,"neow_bonus":"THREE_CARDS","is_daily":false,"chose_seed":false,"campfire_upgraded":2,"win_rate":0.0,"timestamp":1611624480,"path_taken":["M","?","M","$","M","E","M","?","T","M","E","R","?","M","R","BOSS"],"items_purchased_type":["Card"],"build_version":"2020-12-22","purchased_purges":0,"victory":false,"max_hp_per_floor":[60,60,60,60,60,60,60,60,60,60,60,60,60,60,60,60,60],"card_choices":[{"not_picked":["Koishi:Prune","Koishi:RacingHeart"],"picked":"Koishi:Possession","floor":0},{"not_picked":["Koishi:FleetingPhantom","Koishi:ParalyzingFear"],"picked":"Koishi:SubterraneanRose","floor":1},{"not_picked":["Koishi:RacingHeart","Koishi:SprinkleStarAndHeart"],"picked":"Koishi:Jaunt","floor":3},{"not_picked":["Koishi:SprinkleStarAndHeart","Koishi:ParalyzingFear"],"picked":"Koishi:DreadfulBlow","floor":5},{"not_picked":["Koishi:FadingMemory","Koishi:EmbryosDream"],"picked":"Koishi:Prune","floor":6},{"not_picked":["Koishi:PhantomStrike","Koishi:DNAsFlaw"],"picked":"Koishi:CatchAndRose","floor":7},{"not_picked":["Koishi:ApparitionsStalkTheNight","Koishi:BramblyRoseGarden"],"picked":"Koishi:CatchAndRose","floor":10},{"not_picked":["Koishi:ReflexRadar","Koishi:UnseenTerror"],"picked":"Koishi:GhostParty","floor":11},{"not_picked":["Koishi:Jaunt","Koishi:DNAsFlaw","Koishi:SubconsciousSweep"],"picked":"Koishi:EmbryosDream","floor":14}],"player_experience":134085,"relics_obtained":[{"floor":6,"key":"HornCleat"},{"floor":9,"key":"The Courier"},{"floor":11,"key":"Question Card"},{"floor":13,"key":"Juzu Bracelet"}],"event_choices":[{"damage_healed":0,"gold_gain":0,"player_choice":"Leave","damage_taken":0,"max_hp_gain":0,"max_hp_loss":0,"event_name":"The Cleric","floor":2,"gold_loss":0},{"damage_healed":0,"gold_gain":0,"cards_transformed":["Koishi:BasicStrike"],"player_choice":"Change","damage_taken":0,"max_hp_gain":0,"max_hp_loss":0,"event_name":"Living Wall","floor":8,"gold_loss":0,"cards_obtained":["Koishi:BloodcurdlingScream"]}],"is_beta":false,"boss_relics":[],"items_purged_floors":[],"is_endless":false,"potions_floor_spawned":[3,5,7,11],"killed_by":"Slime Boss","ascension_level":0}}