{"host":"9kesdg97wkrx2bva","time":1611635332,"event":{"mods":["AchievementEnabler","BaseMod","Colored Map","GifTheSpireLib","Infinite Spire","Minty Spire (QoL Compilation)","Replay The Spire","StSLib"],"gold_per_floor":[116,134,5,5,17,17,17,17,63,75,38,56,74,109,109,181,181,192,7,7,7,20,20,39,39,86,105,205,223,223,223,223,223,223],"floor_reached":33,"language":"ENG","playtime":5536,"items_purged":["Strike_G","Strike_G","Masterful Stab"],"score":427,"play_id":"406e2f3d-560c-4f96-b123-eadc1e8cdadf","local_time":"20210125222852","is_ascension_mode":true,"campfire_choices":[{"data":"Pot Of Greed","floor":6,"key":"SMITH"},{"data":"Pot Of Greed","floor":8,"key":"SMITH"},{"floor":15,"key":"REST"},{"data":"Replay:Bag of Tricks","floor":23,"key":"SMITH"},{"data":"infinitespire:Oblivion","floor":25,"key":"SMITH"},{"floor":32,"key":"REST"}],"circlet_count":0,"master_deck":["AscendersBane","Defend_G+1","Defend_G+1","Defend_G+1","Defend_G+1","Defend_G+1","Survivor","Neutralize","Pot Of Greed+1","Pot Of Greed+1","Deadly Poison","ReplayTheSpireMod:Speed Training","Deadly Poison","Burst","Replay:Poison Smokescreen","Crippling Poison","Blade Dance","ReplayTheSpireMod:Speed Training+1","Calculated Gamble","Pot Of Greed+1","Replay:Bag of Tricks+1","Fluid Movement+1","ReplayTheSpireMod:Scrap Shanks","infinitespire:Oblivion+1","Footwork","Dagger Throw+1","Catalyst","Well Laid Plans","Tactician"],"relics":["Ring of the Snake","Grinning Jar","Gremlin Food","Bag of Marbles","Sozu","Empty Cage","Replay:Baseball","Akabeko","Incense Burner","infinitespire:ShieldingShard"],"acts_visited":["Exordium","TheCity"],"potions_floor_usage":[16,18,28],"damage_taken":[{"damage":0,"enemies":"2 Louse","floor":1,"turns":4},{"damage":0,"enemies":"Cultist","floor":2,"turns":4},{"damage":0,"enemies":"Jaw Worm","floor":5,"turns":5},{"damage":1,"enemies":"3 Louse","floor":10,"turns":3},{"damage":0,"enemies":"Blue Slaver","floor":12,"turns":3},{"damage":10,"enemies":"Lots of Slimes","floor":13,"turns":3},{"damage":2,"enemies":"Hexaghost","floor":16,"turns":9},{"damage":7,"enemies":"2 Thieves","floor":18,"turns":4},{"damage":0,"enemies":"Chosen","floor":22,"turns":4},{"damage":7,"enemies":"Centurion and Healer","floor":24,"turns":6},{"damage":4,"enemies":"Snake Plant","floor":27,"turns":4},{"damage":0,"enemies":"Colosseum Slavers","floor":28,"turns":1},{"damage":26,"enemies":"Colosseum Nobs","floor":28,"turns":4},{"damage":0,"enemies":"Snecko","floor":29,"turns":4},{"damage":35,"enemies":"Collector","floor":33,"turns":5}],"seed_played":"-8412901467538281492","potions_obtained":[{"floor":1,"key":"Dexterity Potion"},{"floor":5,"key":"SmokeBomb"},{"floor":16,"key":"Adrenaline Potion"}],"is_trial":false,"path_per_floor":["M","M","$","?","M","R","?","R","T","M","$","M","M","?","R","B",null,"M","$","AVR","?","M","R","M","R","T","M","?","M","$","?","R","B"],"character_chosen":"THE_SILENT","items_purchased":["Deadly Poison","Crippling Poison","ReplayTheSpireMod:Scrap Shanks"],"campfire_rested":2,"item_purchase_floors":[3,11,19],"current_hp_per_floor":[59,59,59,59,59,59,52,52,52,51,51,51,41,15,34,32,58,51,51,51,51,51,51,44,44,44,40,14,14,14,14,33,0,0],"gold":223,"neow_bonus":"RANDOM_COMMON_RELIC","is_daily":false,"chose_seed":false,"campfire_upgraded":4,"win_rate":0.0,"timestamp":1611635332,"path_taken":["M","M","$","?","?","R","?","R","T","M","$","M","M","?","R","BOSS","M","?","AVR","?","?","R","M","R","T","M","?","M","$","?","R","BOSS"],"items_purchased_type":["Card","Card","Card"],"build_version":"2020-12-22","purchased_purges":3,"victory":false,"max_hp_per_floor":[66,66,66,66,66,66,66,66,66,66,66,66,66,66,66,66,66,66,66,66,66,66,66,66,66,66,66,66,66,66,66,66,66,66],"card_choices":[{"not_picked":["PiercingWail","Toxin Wave"],"picked":"Deadly Poison","floor":1},{"not_picked":["Flying Knee","Toxin Wave"],"picked":"ReplayTheSpireMod:Speed Training","floor":2},{"not_picked":["Backflip","Caltrops"],"picked":"Replay:Poison Smokescreen","floor":5},{"not_picked":["Backflip","Grand Finale"],"picked":"Masterful Stab","floor":10},{"not_picked":["Distraction","Acrobatics"],"picked":"Slice","floor":12},{"not_picked":["Cloak And Dagger","Toxin Wave"],"picked":"Blade Dance","floor":13},{"not_picked":["Hidden Blade","Deflect"],"picked":"ReplayTheSpireMod:Speed Training","floor":14},{"not_picked":["Well Laid Plans","Riddle With Holes"],"picked":"Calculated Gamble","floor":14},{"not_picked":["ReplayTheSpireMod:Necrosis","Doppelganger"],"picked":"Replay:Bag of Tricks","floor":16},{"not_picked":["PiercingWail","All Out Attack"],"picked":"Fluid Movement+1","floor":18},{"not_picked":["ReplayTheSpireMod:Tripwire","Outmaneuver"],"picked":"Footwork","floor":22},{"not_picked":["Deflect","Underhanded Strike"],"picked":"Dagger Throw","floor":24},{"not_picked":["Choke","ReplayTheSpireMod:Exploit Weakness"],"picked":"Catalyst","floor":27},{"not_picked":["Flying Knee","PiercingWail"],"picked":"Well Laid Plans","floor":28},{"not_picked":["Flying Knee+1","Finisher"],"picked":"Tactician","floor":29}],"player_experience":975566,"relics_obtained":[{"floor":9,"key":"Gremlin Food"},{"floor":14,"key":"Bag of Marbles"},{"floor":26,"key":"Akabeko"},{"floor":28,"key":"Incense Burner"},{"floor":28,"key":"infinitespire:ShieldingShard"}],"event_choices":[{"damage_healed":0,"gold_gain":0,"cards_transformed":["Strike_G"],"player_choice":"Transformed","damage_taken":0,"max_hp_gain":0,"max_hp_loss":0,"event_name":"Transmorgrifier","floor":4,"gold_loss":0,"cards_obtained":["Burst"]},{"cards_removed":["Strike_G"],"damage_healed":0,"gold_gain":0,"player_choice":"Card Removal","damage_taken":7,"max_hp_gain":0,"max_hp_loss":0,"event_name":"Golden Wing","floor":7,"gold_loss":0},{"damage_healed":0,"gold_gain":0,"player_choice":"Forge","damage_taken":0,"max_hp_gain":0,"max_hp_loss":0,"event_name":"Accursed Blacksmith","floor":21,"gold_loss":0,"cards_upgraded":["Pot Of Greed"]},{"damage_healed":0,"gold_gain":0,"player_choice":"Fight","damage_taken":0,"max_hp_gain":0,"max_hp_loss":0,"event_name":"Colosseum","floor":28,"gold_loss":0},{"damage_healed":0,"gold_gain":0,"player_choice":"Fought Nobs","damage_taken":0,"max_hp_gain":0,"max_hp_loss":0,"event_name":"Colosseum","floor":28,"gold_loss":0},{"damage_healed":0,"gold_gain":0,"player_choice":"Simplicity","damage_taken":0,"max_hp_gain":0,"max_hp_loss":0,"event_name":"Back to Basics","floor":31,"gold_loss":0,"cards_upgraded":["Defend_G","Defend_G","Defend_G","Defend_G","Defend_G"]}],"is_beta":false,"boss_relics":[{"not_picked":["Replay:Ancient Bell","Black Star"],"picked":"Sozu"}],"items_purged_floors":[3,19,20],"is_endless":false,"potions_floor_spawned":[1,5,12,16,18,24,28],"killed_by":"Collector","ascension_level":16}}