{"host":"7iv10lxbxedtd0qh","time":1611693470,"event":{"mods":["BaseMod","Colored Map","Colored Powertips","Downfall","Minty Spire (QoL Compilation)","StSLib"],"gold_per_floor":[99,114,129,144,154,64,87,87,113,113,139,51,83,102,112,213,213,113,132,146,163,180,265,291,191,207,92,123,123,151,151,167,269,269,269,284,298,311,606,606,606,506,526,546,546,546,546,581,598,598,598,630,26,26,26,26,26,26],"floor_reached":56,"language":"ENG","playtime":4375,"items_purged":["champ:Execute","champ:Strike","champ:Strike","champ:Strike+1"],"score":1066,"play_id":"446f8f6b-ad1c-459b-b24c-50c87c2c8ef3","local_time":"20210126213750","is_ascension_mode":false,"campfire_choices":[{"data":"champ:Taunt","floor":1.0,"key":"SMITH"},{"data":"champ:AdrenalArmor","floor":8.0,"key":"SMITH"},{"data":"champ:HeartStrike","floor":10.0,"key":"SMITH"},{"floor":18.0,"key":"RECALL"},{"data":"champ:Improvising","floor":25.0,"key":"SMITH"},{"data":"champ:AdrenalArmor","floor":35,"key":"SMITH"},{"floor":42,"key":"REST"},{"floor":45,"key":"REST"},{"data":"champ:RecklessLeap","floor":47,"key":"SMITH"},{"floor":54,"key":"REST"}],"circlet_count":0,"master_deck":["champ:Defend","champ:Defend","champ:Defend+1","champ:Defend+1","champ:Taunt+1","champ:CrookedStrike+1","champ:FanOfKnives","champ:AdrenalArmor+1","champ:Duel","champ:HeartStrike+1","champ:ArenaPreparation","champ:AdrenalArmor+1","champ:Encircle","champ:BerserkersShout","champ:RecklessLeap+1","champ:Improvising+1","champ:Endure+1","champ:MurderStrike","champ:RecklessLeap+1","champ:EnragedBash+1","champ:IgnorePain","expansioncontent:Chronoboost","expansioncontent:Hexaburn","expansioncontent:Hexaburn","Secret Technique","PanicButton"],"relics":["champ:ChampionCrownUpgraded","Vajra","War Paint","Gambling Chip","downfall:HeartBlessingGreen","Whetstone","downfall:HeartBlessingRed","Smiling Mask","The Courier","downfall:RedIOU","Velvet Choker","downfall:HeartBlessingBlue","Letter Opener","Blood Vial","Membership Card","Guardian:PocketSentry","Blue Candle"],"acts_visited":["Exordium","TheCity","TheBeyond","TheEnding"],"potions_floor_usage":[33,33,36,43,52,55,55,56],"damage_taken":[{"damage":28.0,"enemies":"Cultist","floor":2.0,"turns":4.0},{"damage":20.0,"enemies":"Small Slimes","floor":3.0,"turns":5.0},{"damage":3.0,"enemies":"Jaw Worm","floor":4.0,"turns":4.0},{"damage":46.0,"enemies":"Large Slime","floor":5.0,"turns":7.0},{"damage":40.0,"enemies":"downfall:FleeingMerchant","floor":6.0,"turns":4.0},{"damage":44.0,"enemies":"Lagavulin","floor":9.0,"turns":6.0},{"damage":47.0,"enemies":"3 Sentries","floor":11.0,"turns":8.0},{"damage":50.0,"enemies":"downfall:FleeingMerchant","floor":12.0,"turns":4.0},{"damage":50.0,"enemies":"Lagavulin","floor":13.0,"turns":5.0},{"damage":20.0,"enemies":"Lots of Slimes","floor":14.0,"turns":2.0},{"damage":20.0,"enemies":"Blue Slaver","floor":15.0,"turns":2.0},{"damage":65.0,"enemies":"IC_STATUS_ARCHETYPE","floor":16.0,"turns":4.0},{"damage":41.0,"enemies":"3 Byrds","floor":19.0,"turns":4.0},{"damage":40.0,"enemies":"Chosen","floor":20.0,"turns":2.0},{"damage":91.0,"enemies":"Snake Plant","floor":21.0,"turns":5.0},{"damage":55.0,"enemies":"Sentry and Sphere","floor":22.0,"turns":3.0},{"damage":60.0,"enemies":"3 Cultists","floor":26.0,"turns":3.0},{"damage":37.0,"enemies":"downfall:FleeingMerchant","floor":27.0,"turns":4.0},{"damage":67.0,"enemies":"Book of Stabbing","floor":28.0,"turns":3.0},{"damage":50.0,"enemies":"Gremlin Leader","floor":30.0,"turns":2.0},{"damage":35.0,"enemies":"Chosen and Byrds","floor":32.0,"turns":7.0},{"damage":65,"enemies":"WA_ARCHETYPE_CALM","floor":33,"turns":5},{"damage":70,"enemies":"3 Shapes","floor":36,"turns":3},{"damage":51,"enemies":"Orb Walker","floor":37,"turns":2},{"damage":35,"enemies":"Spire Growth","floor":38,"turns":4},{"damage":70,"enemies":"downfall:FleeingMerchant","floor":39,"turns":4},{"damage":35,"enemies":"Jaw Worm Horde","floor":43,"turns":4},{"damage":96,"enemies":"Maw","floor":44,"turns":5},{"damage":120,"enemies":"Giant Head","floor":48,"turns":5},{"damage":84,"enemies":"3 Darklings","floor":49,"turns":5},{"damage":110,"enemies":"SI_POISON_ARCHETYPE","floor":50,"turns":6},{"damage":169,"enemies":"downfall:CharBossMerchant","floor":52,"turns":7},{"damage":194,"enemies":"downfall:NeowBoss","floor":55,"turns":26},{"damage":44,"enemies":"downfall:NeowBossFinal","floor":56,"turns":5}],"seed_played":"-6361889735823218752","potions_obtained":[{"floor":2.0,"key":"champ:CounterPotion"},{"floor":3.0,"key":"SmokeBomb"},{"floor":5.0,"key":"Guardian:BlockOnCardUsePotion"},{"floor":9.0,"key":"EntropicBrew"},{"floor":11.0,"key":"Explosive Potion"},{"floor":15.0,"key":"SmokeBomb"},{"floor":20.0,"key":"Weak Potion"},{"floor":22.0,"key":"champ:TechniquePotion"},{"floor":26.0,"key":"Strength Potion"},{"floor":32.0,"key":"DistilledChaos"},{"floor":37,"key":"DistilledChaos"},{"floor":43,"key":"LiquidBronze"},{"floor":48,"key":"Energy Potion"}],"is_trial":false,"path_per_floor":["R","M","M","M","M","$","T","R","E","R","E","$","E","M","M","B",null,"R","M","M","M","M","?","T","R","M","$","E","?","E","?","M","B",null,"R","M","M","M","$","?","T","R","M","M","R","?","R","E","M","B",null,"E","$","R","B","B"],"character_chosen":"THE_CHAMP","items_purchased":["champ:Encircle","Membership Card","Guardian:PocketSentry","expansioncontent:Chronoboost","expansioncontent:Hexaburn","expansioncontent:Hexaburn","Secret Technique","PanicButton","Fruit Juice","Fruit Juice","Blue Candle"],"campfire_rested":3,"item_purchase_floors":[12,53,53,53,53,53,53,53,53,53,53],"current_hp_per_floor":[99,91,81,78,72,72,72,72,68,68,51,51,51,51,51,51,99,99,98,98,92,82,64,64,64,64,62,56,36,36,36,36,36,104,104,84,83,83,83,83,83,114,114,98,114,114,114,114,114,114,114,70,70,104,62,20,20,20],"gold":26,"neow_bonus":"TEN_PERCENT_HP_BONUS","is_daily":false,"chose_seed":false,"campfire_upgraded":6,"win_rate":0.0,"timestamp":1611693470,"path_taken":["R","M","M","M","M","$","T","R","E","R","E","$","E","M","M","BOSS","R","M","M","M","?","?","T","R","M","$","E","?","E","?","M","BOSS","R","M","M","M","$","?","T","R","M","M","R","?","R","E","M","BOSS","E","$","R","BOSS","BOSS"],"items_purchased_type":["Card","Relic","Relic","Card","Card","Card","Card","Card","Potion","Potion","Relic"],"build_version":"2020-12-22","purchased_purges":4,"victory":false,"max_hp_per_floor":[99,99,99,99,99,99,99,99,99,99,99,99,99,99,99,99,99,99,99,99,99,99,99,99,99,99,99,99,104,104,104,104,104,104,104,104,104,104,104,104,104,114,114,114,114,114,114,114,114,114,114,114,114,114,124,124,124,124],"card_choices":[{"not_picked":["champ:CalledShot","champ:ShieldWall"],"picked":"champ:CrookedStrike","floor":2.0},{"not_picked":["champ:BringItOn","champ:Circumvent"],"picked":"champ:FanOfKnives","floor":3.0},{"not_picked":["champ:Shatter","champ:BladeFlurry"],"picked":"champ:AdrenalArmor","floor":4.0},{"not_picked":["champ:CrookedStrike","champ:Parry"],"picked":"champ:Duel","floor":5.0},{"not_picked":["champ:FlashCut","champ:ShieldSlam","champ:EndlessRage"],"picked":"SKIP","floor":6.0},{"not_picked":["champ:DancingMaster","champ:StanceDance"],"picked":"champ:HeartStrike","floor":9.0},{"not_picked":["champ:PerfectedStrike","champ:BringItOn"],"picked":"champ:ArenaPreparation","floor":11.0},{"not_picked":["champ:BringItOn","champ:CheapShot"],"picked":"champ:AdrenalArmor","floor":12.0},{"not_picked":["champ:FanOfKnives","champ:BringItOn"],"picked":"champ:BerserkersShout","floor":13.0},{"not_picked":["champ:PerfectedStrike","champ:RapidStrikes","champ:Shatter"],"picked":"SKIP","floor":14.0},{"not_picked":["champ:SkillfulDodge","champ:BringItOn"],"picked":"champ:RecklessLeap","floor":15.0},{"not_picked":["champ:TripleStrike","champ:StrikeOfGenius"],"picked":"champ:Improvising","floor":16.0},{"not_picked":["champ:IronFortress","champ:FanOfKnives","champ:PreemptiveStrike+1"],"picked":"SKIP","floor":19.0},{"not_picked":["champ:FalseCounter","champ:ArenaPreparation+1","champ:GutPunch"],"picked":"SKIP","floor":20.0},{"not_picked":["champ:Shatter+1","champ:BringItOn","champ:EnGarde"],"picked":"SKIP","floor":21.0},{"not_picked":["champ:ShieldSlam","champ:Haymaker+1"],"picked":"champ:Endure+1","floor":22.0},{"not_picked":["champ:TornadoPunch+1","champ:BerserkersShout","champ:Parry"],"picked":"SKIP","floor":26.0},{"not_picked":["champ:FocusedDefense","champ:Shatter","champ:RisingSlash"],"picked":"SKIP","floor":27.0},{"not_picked":["champ:DefensiveShout","champ:StanceDance","champ:TornadoPunch"],"picked":"SKIP","floor":28.0},{"not_picked":["champ:PreemptiveStrike+1","champ:GutPunch","champ:BringItOn"],"picked":"SKIP","floor":30.0},{"not_picked":["champ:IronFortress","champ:FalseCounter+1","champ:BerserkersShout"],"picked":"SKIP","floor":32.0},{"not_picked":["champ:SteelEdge","champ:StrikeOfGenius"],"picked":"champ:MurderStrike","floor":33},{"not_picked":["champ:EnGarde+1","champ:BringItOn+1"],"picked":"champ:RecklessLeap+1","floor":36},{"not_picked":["champ:CrownThrow","champ:SetATrap+1","champ:ShieldWall"],"picked":"SKIP","floor":37},{"not_picked":["champ:HeartStrike","champ:PreciseThrust","champ:Shatter+1"],"picked":"SKIP","floor":38},{"not_picked":["champ:FancyFootwork+1","champ:HeartStrike"],"picked":"champ:EnragedBash+1","floor":39},{"not_picked":["champ:DeathBlow","champ:DefensiveShout","champ:EnragedBash"],"picked":"SKIP","floor":43},{"not_picked":["champ:Haymaker","champ:FanOfKnives"],"picked":"champ:IgnorePain","floor":44},{"not_picked":["champ:DancingMaster","champ:Circumvent+1","champ:AdrenalArmor"],"picked":"SKIP","floor":48},{"not_picked":["champ:CrownThrow","champ:GutPunch+1","champ:Shatter"],"picked":"SKIP","floor":49},{"not_picked":["champ:ShieldThrow","champ:PreciseThrust+1","champ:Haymaker"],"picked":"SKIP","floor":52}],"player_experience":712256,"relics_obtained":[{"floor":7.0,"key":"Vajra"},{"floor":9.0,"key":"War Paint"},{"floor":11.0,"key":"Gambling Chip"},{"floor":13.0,"key":"Akabeko"},{"floor":24.0,"key":"Whetstone"},{"floor":28.0,"key":"Smiling Mask"},{"floor":30.0,"key":"The Courier"},{"floor":48,"key":"Letter Opener"},{"floor":52,"key":"Blood Vial"}],"event_choices":[],"is_beta":false,"boss_relics":[{"not_picked":["Runic Pyramid","Runic Dome"],"picked":"champ:ChampionCrownUpgraded"},{"not_picked":["Fusion Hammer","bronze:MakeshiftBattery"],"picked":"Velvet Choker"}],"items_purged_floors":[6,27,39,53],"is_endless":false,"potions_floor_spawned":[2,3,5,9,11,15,20,22,26,32,37,43,48],"killed_by":"downfall:NeowBossFinal","ascension_level":0}}