{"host":"f0gpob8hq9vgebej","time":1611649322,"event":{"mods":["AchievementEnabler","BaseMod","Minty Spire (QoL Compilation)","Quick Restart","SuperFastMode"],"gold_per_floor":[116,135,135,149,169,169,188,207,207,235,6,6,18,32,32,136,136,154,167,183,183,32,32,63,63,63],"floor_reached":25,"language":"KOR","playtime":859,"items_purged":["Strike_P","Strike_P"],"score":272,"play_id":"dbc6bdb7-e354-491d-81cb-8bda30ef5ecd","local_time":"20210126172202","is_ascension_mode":true,"campfire_choices":[{"data":"Adaptation","floor":6,"key":"SMITH"},{"data":"Eruption","floor":12,"key":"SMITH"},{"floor":15,"key":"REST"},{"floor":23,"key":"REST"}],"circlet_count":0,"master_deck":["Defend_P","Defend_P","Defend_P","Eruption+1","Vigilance","Finesse","Adaptation+1","Meditate","Ragnarok","Scrawl+1","Wish+1","DevaForm+1","SandsOfTime","MentalFortress","Vengeance","FlurryOfBlows"],"relics":["PureWater","Mercury Hourglass","Darkstone Periapt","HandDrill","Astrolabe","Kunai"],"acts_visited":["Exordium","TheCity"],"potions_floor_usage":[5,10,16,20,20,24],"damage_taken":[{"damage":0.0,"enemies":"Small Slimes","floor":1.0,"turns":3.0},{"damage":6,"enemies":"Jaw Worm","floor":2,"turns":5},{"damage":0,"enemies":"Cultist","floor":4,"turns":4},{"damage":2,"enemies":"Blue Slaver","floor":5,"turns":5},{"damage":5,"enemies":"Red Slaver","floor":7,"turns":4},{"damage":18,"enemies":"3 Louse","floor":8,"turns":3},{"damage":29,"enemies":"Lagavulin","floor":10,"turns":6},{"damage":1,"enemies":"Blue Slaver","floor":13,"turns":3},{"damage":8,"enemies":"Gremlin Gang","floor":14,"turns":4},{"damage":18,"enemies":"Slime Boss","floor":16,"turns":8},{"damage":39,"enemies":"2 Thieves","floor":18,"turns":4},{"damage":25,"enemies":"3 Byrds","floor":19,"turns":4},{"damage":6,"enemies":"Snecko","floor":20,"turns":4},{"damage":34,"enemies":"Book of Stabbing","floor":24,"turns":6},{"damage":12,"enemies":"Chosen and Byrds","floor":25,"turns":1}],"seed_played":"-1943125429924430945","potions_obtained":[{"floor":2,"key":"Dexterity Potion"},{"floor":5,"key":"Fruit Juice"},{"floor":8,"key":"AttackPotion"},{"floor":14,"key":"Strength Potion"},{"floor":18,"key":"Dexterity Potion"},{"floor":19,"key":"Swift Potion"},{"floor":21,"key":"Dexterity Potion"},{"floor":21,"key":"AttackPotion"}],"is_trial":false,"path_per_floor":["M","M","?","M","M","R","M","M","T","E","$","R","M","M","R","B",null,"M","M","M","?","$","R","E","M"],"character_chosen":"WATCHER","items_purchased":["HandDrill","FlurryOfBlows"],"campfire_rested":2,"item_purchase_floors":[11,22],"current_hp_per_floor":[72,66,71,71,74,74,69,51,51,22,22,22,21,13,37,19,82,43,18,12,12,12,36,2,0,0],"gold":63,"neow_bonus":"RANDOM_COLORLESS","is_daily":false,"chose_seed":false,"campfire_upgraded":2,"win_rate":0.0,"timestamp":1611649322,"path_taken":["M","M","?","M","M","R","M","M","T","E","$","R","M","M","R","BOSS","M","M","M","?","$","R","E","M"],"items_purchased_type":["Relic","Card"],"build_version":"2020-12-22","purchased_purges":2,"victory":false,"max_hp_per_floor":[72,72,77,77,82,82,82,82,82,82,82,82,82,82,82,82,82,82,82,82,82,82,82,82,82,82],"card_choices":[{"not_picked":["Trip","Panacea"],"picked":"Finesse","floor":0.0},{"not_picked":["CutThroughFate","BowlingBash","DeceiveReality"],"picked":"SKIP","floor":1},{"not_picked":["WheelKick","Prostrate","Wish"],"picked":"SKIP","floor":2},{"not_picked":["BowlingBash","TalkToTheHand"],"picked":"Adaptation","floor":4},{"not_picked":["WheelKick","WindmillStrike","ForeignInfluence"],"picked":"SKIP","floor":5},{"not_picked":["ReachHeaven","WheelKick","Consecrate"],"picked":"SKIP","floor":7},{"not_picked":["CutThroughFate","Study","Consecrate"],"picked":"SKIP","floor":8},{"not_picked":["CarveReality","MasterReality"],"picked":"Meditate","floor":10},{"not_picked":["Meditate","SashWhip","Consecrate"],"picked":"SKIP","floor":13},{"not_picked":["PathToVictory","Worship","Wireheading"],"picked":"SKIP","floor":14},{"not_picked":["DeusExMachina","Alpha"],"picked":"Ragnarok","floor":16},{"not_picked":["SashWhip","ThirdEye"],"picked":"SandsOfTime","floor":18},{"not_picked":["Prostrate","CutThroughFate+1"],"picked":"MentalFortress","floor":19},{"not_picked":["InnerPeace","LikeWater"],"picked":"Vengeance","floor":20},{"not_picked":["Brilliance","FlurryOfBlows","BattleHymn"],"picked":"SKIP","floor":24}],"player_experience":252321,"relics_obtained":[{"floor":9,"key":"Mercury Hourglass"},{"floor":10,"key":"Darkstone Periapt"},{"floor":24,"key":"Kunai"}],"event_choices":[{"damage_healed":0,"gold_gain":0,"player_choice":"Donut","damage_taken":0,"max_hp_gain":5,"max_hp_loss":0,"event_name":"Big Fish","floor":3,"gold_loss":0},{"damage_healed":0,"gold_gain":0,"player_choice":"Got Potions","damage_taken":0,"max_hp_gain":0,"max_hp_loss":0,"event_name":"Lab","floor":21,"gold_loss":0}],"is_beta":false,"boss_relics":[{"not_picked":["Pandora\u0027s Box","Black Star"],"picked":"Astrolabe"}],"items_purged_floors":[11,22],"is_endless":false,"potions_floor_spawned":[2,5,8,14,18,19],"killed_by":"Chosen and Byrds","ascension_level":4}}