{"host":"ndqo0ze3xqwwg5zo","time":1611633582,"event":{"mods":["BaseMod","Colored Powertips","Downfall","Hermit","Koishi","Marisa????????","Minty Spire (QoL Compilation)","Permanent Neow","Replay The Spire","Shop Mod","StSLib","Td1madao Mod","The Cursed","The Disciple","The Hierophant","The Necromancer","The Runesmith","The Servant 0.9.4","The Wild Card"],"gold_per_floor":[119,132,146,157,157,157,187,187,214,228,239,256,256,276,276,373,373,390,421,433,433,450,450,460,479,479,501,524,251,251,251,251,358,358,374,391,219,248,248,248,263,263,287,308,308,54,54,69,69,73],"floor_reached":51,"language":"ENG","playtime":6644,"items_purged":["Runesmith:Strike_RS","Runesmith:Strike_RS"],"score":807,"play_id":"2d521043-eb26-48d6-8350-47fe736b153f","local_time":"20210125215942","is_ascension_mode":false,"campfire_choices":[{"data":"Runesmith:Grindstone","floor":6,"key":"SMITH"},{"data":"Runesmith:Fortify","floor":8,"key":"SMITH"},{"data":"Runesmith:CraftFirestone","floor":15,"key":"SMITH"},{"data":"Runesmith:MetallurgicalResearch","floor":23,"key":"SMITH"},{"floor":32,"key":"REST"},{"floor":40,"key":"REST"},{"floor":42,"key":"REST"},{"floor":45,"key":"REST"},{"data":"Runesmith:Firestorm","floor":49,"key":"SMITH"}],"circlet_count":0,"master_deck":["Runesmith:Defend_RS","Runesmith:Defend_RS","Runesmith:Defend_RS","Runesmith:CraftFirestone+1","Runesmith:Fortify+1","Runesmith:ChiselStab","Runesmith:Grindstone+1","Runesmith:RunicBlueprint","Runesmith:RunicBlueprint","Runesmith:HeatedChisel+1","Runesmith:MetallurgicalResearch+1","Runesmith:EarthShield","Runesmith:CraftMagma","Runesmith:GrandSlam+1","Runesmith:Firestorm+1","Runesmith:Permafrost+1","Runesmith:EarthShield+1"],"relics":["Runesmith:BrokenRuby","Simple Rune","PreservedInsect","Painkiller Herb","Red Mask","Replay:Bandana","Black Star","Bag of Preparation","Bottled Lightning"],"acts_visited":["Exordium","TheCity","TheBeyond"],"potions_floor_usage":[16,19,33,33,41,50,50],"damage_taken":[{"damage":1,"enemies":"Small Slimes","floor":1,"turns":4},{"damage":1,"enemies":"Jaw Worm","floor":2,"turns":5},{"damage":0,"enemies":"2 Louse","floor":3,"turns":3},{"damage":0,"enemies":"Large Slime","floor":4,"turns":6},{"damage":2,"enemies":"Lagavulin","floor":7,"turns":7},{"damage":6,"enemies":"Exordium Wildlife","floor":10,"turns":5},{"damage":0,"enemies":"2 Fungi Beasts","floor":11,"turns":4},{"damage":1,"enemies":"Red Slaver","floor":12,"turns":3},{"damage":0,"enemies":"Gremlin Gang","floor":14,"turns":6},{"damage":19,"enemies":"Hexaghost","floor":16,"turns":9},{"damage":22,"enemies":"2 Thieves","floor":18,"turns":4},{"damage":21,"enemies":"Masked Bandits","floor":19,"turns":5},{"damage":2,"enemies":"Shell Parasite","floor":20,"turns":4},{"damage":2,"enemies":"Chosen and Byrds","floor":22,"turns":6},{"damage":4,"enemies":"Snake Plant","floor":24,"turns":4},{"damage":0,"enemies":"Snecko","floor":25,"turns":5},{"damage":15,"enemies":"Centurion and Healer","floor":27,"turns":6},{"damage":0,"enemies":"Sentry and Sphere","floor":28,"turns":5},{"damage":11,"enemies":"Pondfish","floor":33,"turns":11},{"damage":20,"enemies":"3 Darklings","floor":35,"turns":9},{"damage":20,"enemies":"Orb Walker","floor":36,"turns":5},{"damage":8,"enemies":"4 Shapes","floor":38,"turns":5},{"damage":17,"enemies":"Transient","floor":41,"turns":5},{"damage":11,"enemies":"3 Darklings","floor":44,"turns":6},{"damage":0,"enemies":"Spire Growth","floor":48,"turns":6},{"damage":7,"enemies":"Time Eater","floor":50,"turns":12}],"seed_played":"5870238049812006104","potions_obtained":[{"floor":1,"key":"sneckomod:MuddlingPotion"},{"floor":3,"key":"champ:CounterPotion"},{"floor":12,"key":"Weak Potion"},{"floor":19,"key":"Elixir"},{"floor":22,"key":"sneckomod:MuddlingPotion"},{"floor":25,"key":"PowerPotion"},{"floor":28,"key":"BlessingOfTheForge"},{"floor":33,"key":"Dexterity Potion"},{"floor":35,"key":"Strength Potion"},{"floor":48,"key":"Languid Potion"}],"is_trial":false,"path_per_floor":["M","M","M","M","?","R","E","R","T","M","M","M","?","M","R","B",null,"?","?","?","?","?","T","?","?","T","?","?","T","?","?","T","B",null,"?","?","T","?","?","T","?","T","T","?","T","T","?","?","T","B",null],"character_chosen":"RUNESMITH_CLASS","items_purchased":["Runesmith:GrandSlam+1","Runesmith:Firestorm","Runesmith:Permafrost","Bottled Lightning"],"campfire_rested":4,"item_purchase_floors":[29,29,37,46],"current_hp_per_floor":[69,68,68,68,73,73,71,71,71,65,65,64,64,64,64,45,75,53,32,30,30,28,28,24,24,24,9,9,9,9,9,31,20,75,55,35,35,27,27,49,32,54,54,43,65,65,65,65,65,58],"gold":73,"neow_bonus":"REMOVE_CARD","is_daily":false,"chose_seed":false,"campfire_upgraded":5,"win_rate":0.0,"timestamp":1611633582,"path_taken":["M","M","M","M","?","R","E","R","T","M","M","M","?","M","R","BOSS","?","?","?","?","?","T","?","?","T","?","?","?","?","?","T","BOSS","?","?","T","?","?","T","?","T","T","?","T","T","?","?","T","BOSS"],"items_purchased_type":["Card","Card","Card","Relic"],"build_version":"2020-12-22","purchased_purges":2,"victory":true,"max_hp_per_floor":[70,70,70,70,75,75,75,75,75,75,75,75,75,75,75,75,75,75,75,75,75,75,75,75,75,75,75,75,75,75,75,75,75,75,75,75,75,75,75,75,75,75,75,75,75,75,75,75,75,75],"card_choices":[{"not_picked":["Runesmith:FieryHammer","Runesmith:Prism","Runesmith:HammerThrow"],"picked":"SKIP","floor":1},{"not_picked":["Runesmith:CraftProtectio","Runesmith:Firewall"],"picked":"Runesmith:ChiselStab","floor":2},{"not_picked":["Runesmith:WhiteBalance","Runesmith:Overpower"],"picked":"Runesmith:Grindstone","floor":3},{"not_picked":["Runesmith:BackupBattery","Runesmith:Discharge"],"picked":"Runesmith:RunicBlueprint","floor":4},{"not_picked":["Runesmith:EnergizedChisel","Runesmith:OneForEveryone"],"picked":"Runesmith:RunicBlueprint","floor":7},{"not_picked":["Runesmith:HeatExchange","Runesmith:GenerateForcefield","Runesmith:StaticCage"],"picked":"SKIP","floor":10},{"not_picked":["Runesmith:UnstableHammer","Runesmith:CraftSpiculum","Runesmith:CraftProtectio"],"picked":"SKIP","floor":11},{"not_picked":["Runesmith:OneForEveryone","Runesmith:Overpower","Runesmith:Duplicate"],"picked":"SKIP","floor":12},{"not_picked":["Runesmith:UnstableHammer","Runesmith:HammerAndChisel","Runesmith:HeatedChisel"],"picked":"SKIP","floor":14},{"not_picked":["Runesmith:Supernova","Runesmith:CraftPrismatica"],"picked":"Runesmith:MetallurgicalResearch","floor":16},{"not_picked":["Runesmith:HeatedChisel","Runesmith:EnergizedChisel","Runesmith:StaticCage+1"],"picked":"SKIP","floor":18},{"not_picked":["Runesmith:HeatedChisel","Runesmith:HammerThrow+1","Runesmith:CraftMedicinae"],"picked":"SKIP","floor":20},{"not_picked":["Runesmith:BackupBattery","Runesmith:Firewall+1","Runesmith:ChiselStab"],"picked":"SKIP","floor":22},{"not_picked":["Runesmith:StaticCage","Runesmith:Electrocute"],"picked":"Runesmith:EarthShield","floor":24},{"not_picked":["Runesmith:EarthShield","Runesmith:CraftObretio","Runesmith:UnstableHammer"],"picked":"SKIP","floor":25},{"not_picked":["Runesmith:HeatedChisel","Runesmith:ChiselStab","Runesmith:NanitesCloud"],"picked":"SKIP","floor":27},{"not_picked":["Runesmith:GoWithTheFlow","Runesmith:UnstableHammer"],"picked":"Runesmith:CraftMagma","floor":28},{"not_picked":["Runesmith:Firewall+1","Runesmith:BackupBattery+1","Runesmith:Overpower"],"picked":"SKIP","floor":35},{"not_picked":["Runesmith:MakeshiftArmor+1","Runesmith:ChargedHammer+1","Runesmith:Repurpose"],"picked":"SKIP","floor":36},{"not_picked":["Runesmith:MakeshiftArmor+1","Runesmith:ShiftingStrike","Runesmith:FieryHammer+1"],"picked":"SKIP","floor":38},{"not_picked":["Runesmith:NanitesCloud","Runesmith:Repurpose","Runesmith:FrozenChisel+1"],"picked":"SKIP","floor":41},{"not_picked":["Runesmith:PoweredAnvil+1","Runesmith:CraftProtectio"],"picked":"Runesmith:EarthShield+1","floor":44},{"not_picked":["Runesmith:Repurpose","Runesmith:HammerThrow+1","Runesmith:RuneHurl"],"picked":"SKIP","floor":48}],"player_experience":41204,"relics_obtained":[{"floor":7,"key":"Simple Rune"},{"floor":9,"key":"PreservedInsect"},{"floor":19,"key":"Red Mask"},{"floor":26,"key":"Replay:Bandana"},{"floor":43,"key":"Bag of Preparation"}],"event_choices":[{"damage_healed":0,"gold_gain":0,"player_choice":"Donut","damage_taken":0,"max_hp_gain":5,"max_hp_loss":0,"event_name":"Big Fish","floor":5,"gold_loss":0},{"damage_healed":0,"gold_gain":0,"player_choice":"Fought Bandits","damage_taken":0,"max_hp_gain":0,"max_hp_loss":0,"event_name":"Masked Bandits","floor":19,"gold_loss":0},{"damage_healed":0,"gold_gain":0,"player_choice":"Ignored","damage_taken":0,"max_hp_gain":0,"max_hp_loss":0,"event_name":"The Mausoleum","floor":21,"gold_loss":0},{"damage_healed":0,"gold_gain":0,"player_choice":"Ignored","damage_taken":0,"max_hp_gain":0,"max_hp_loss":0,"event_name":"Ghosts","floor":30,"gold_loss":0},{"cards_removed":["Runesmith:Strike_RS"],"damage_healed":0,"gold_gain":0,"player_choice":"Removed Attack","damage_taken":0,"max_hp_gain":0,"max_hp_loss":0,"event_name":"Falling","floor":39,"gold_loss":0},{"damage_healed":0,"gold_gain":0,"player_choice":"Forge","damage_taken":0,"max_hp_gain":0,"max_hp_loss":0,"event_name":"Accursed Blacksmith","floor":47,"gold_loss":0,"cards_upgraded":["Runesmith:Permafrost"]}],"is_beta":false,"boss_relics":[{"not_picked":["Runesmith:PocketReactor","Philosopher\u0027s Stone"],"picked":"Painkiller Herb"},{"not_picked":["Replay:Bronze Core","Coffee Dripper"],"picked":"Black Star"}],"items_purged_floors":[29,37],"is_endless":false,"potions_floor_spawned":[1,3,12,19,22,25,28,33,35,48],"ascension_level":0}}