{"host":"w8jq41i5zn1fudf9","time":1611687867,"event":{"mods":["AchievementEnabler","BaseMod","Colored Map","Colored Powertips","Curses Come First","GifTheSpireLib","Googly Eyes","Minty Spire (QoL Compilation)","Quick Restart","Rare Cards Sparkle","Relic Stats","StSLib","everything is the same but u backflip on backflip","slay the spire mod where everything is the same but ironclad has a cowboy hat"],"gold_per_floor":[117,79,90,165,176,210,210,45,45,61,26,201,211,161,161,258,258,275,36,48,48,129,129,61,76,76,94,94,111,130,150,150,251,251,271,286,286,15,15,15],"floor_reached":39,"language":"ENG","playtime":1497,"items_purged":["Doubt","Strike_B","Strike_B"],"score":402,"play_id":"ae6dcc15-4918-4d69-8ef2-0884cc52c322","local_time":"20210126120427","is_ascension_mode":true,"campfire_choices":[{"data":"Zap","floor":15,"key":"SMITH"},{"data":"Loop","floor":23,"key":"SMITH"},{"floor":32,"key":"REST"}],"circlet_count":0,"master_deck":["Strike_B","Strike_B+1","Defend_B","Defend_B","Defend_B","Defend_B","Zap+1","Dualcast","Cold Snap","Capacitor","Glacier","Doom and Gloom+1","Thunder Strike","Secret Weapon","Ball Lightning","Core Surge","Streamline","Chaos","Loop+1","Doom and Gloom","Fission","Multi-Cast","White Noise","Static Discharge+1","Melter","Core Surge","BootSequence","Defragment"],"relics":["Cracked Core","Matryoshka","DataDisk","Smiling Mask","Centennial Puzzle","Nunchaku","Velvet Choker","Whetstone","Blood Vial","Question Card","Ginger","Inserter","Regal Pillow"],"acts_visited":["Exordium","TheCity","TheBeyond"],"potions_floor_usage":[13,20,20,20,33,33,33,36],"damage_taken":[{"damage":0,"enemies":"Small Slimes","floor":1,"turns":3},{"damage":4,"enemies":"Jaw Worm","floor":3,"turns":3},{"damage":3,"enemies":"Cultist","floor":5,"turns":4},{"damage":19,"enemies":"Lagavulin","floor":6,"turns":9},{"damage":9,"enemies":"2 Fungi Beasts","floor":10,"turns":2},{"damage":0,"enemies":"Looter","floor":13,"turns":3},{"damage":14,"enemies":"Slime Boss","floor":16,"turns":6},{"damage":0,"enemies":"Spheric Guardian","floor":18,"turns":3},{"damage":20,"enemies":"3 Byrds","floor":20,"turns":4},{"damage":13,"enemies":"Snake Plant","floor":25,"turns":4},{"damage":13,"enemies":"3 Cultists","floor":27,"turns":4},{"damage":5,"enemies":"Shelled Parasite and Fungi","floor":29,"turns":7},{"damage":7,"enemies":"Cultist and Chosen","floor":30,"turns":4},{"damage":15,"enemies":"Snecko","floor":31,"turns":3},{"damage":27,"enemies":"Automaton","floor":33,"turns":7},{"damage":14,"enemies":"3 Shapes","floor":35,"turns":4},{"damage":23,"enemies":"3 Darklings","floor":36,"turns":4},{"damage":54,"enemies":"Spire Growth","floor":39,"turns":3}],"seed_played":"-1595487186520586327","potions_obtained":[{"floor":3,"key":"SkillPotion"},{"floor":6,"key":"EntropicBrew"},{"floor":10,"key":"Swift Potion"},{"floor":20,"key":"Fire Potion"},{"floor":27,"key":"Dexterity Potion"},{"floor":33,"key":"ColorlessPotion"},{"floor":36,"key":"Swift Potion"}],"is_trial":false,"path_per_floor":["M","$","M","?","M","E","T","$","T","M","?","?","M","$","R","B",null,"M","$","M","?","T","R","$","M","T","M","?","M","M","M","R","B",null,"M","M","?","$","M"],"character_chosen":"DEFECT","items_purchased":["Capacitor","Secret Weapon","Whetstone","Chaos","Doom and Gloom","Regal Pillow","Defragment"],"campfire_rested":1,"item_purchase_floors":[2,8,19,19,24,38,38],"current_hp_per_floor":[82,82,78,67,64,45,45,45,45,36,56,56,56,56,56,42,82,82,82,62,62,62,62,62,51,51,40,24,21,16,3,29,4,87,73,52,52,52,0,0],"gold":15,"neow_bonus":"TEN_PERCENT_HP_BONUS","is_daily":false,"chose_seed":false,"campfire_upgraded":2,"win_rate":0.0,"timestamp":1611687867,"path_taken":["M","$","M","?","M","E","?","$","T","?","?","?","M","$","R","BOSS","M","$","M","?","?","R","$","M","T","M","?","?","M","M","R","BOSS","M","M","?","$","M"],"items_purchased_type":["Card","Card","Relic","Card","Card","Relic","Card"],"build_version":"2020-12-22","purchased_purges":3,"victory":false,"max_hp_per_floor":[82,82,82,82,82,82,82,82,82,82,82,82,82,82,82,82,82,82,82,82,82,82,82,82,82,82,82,87,87,87,87,87,87,87,87,87,87,87,87,87],"relic_stats":{"Blood Vial":16,"Centennial Puzzle":[36],"Nunchaku":[8],"Regal Pillow":0,"Inserter":[5],"counters":[18,77],"Whetstone":["Doom and Gloom","Strike_B"],"Ginger":[3],"Smiling Mask":150,"Question Card":8,"obtain_stats":[{"Regal Pillow":38,"Inserter":34,"Velvet Choker":17,"Whetstone":19,"Ginger":26,"Smiling Mask":7,"Question Card":22,"Blood Vial":21,"DataDisk":7,"Centennial Puzzle":9,"Nunchaku":9,"Matryoshka":6,"Cracked Core":0},{"Regal Pillow":17,"Inserter":15,"Velvet Choker":7,"Whetstone":8,"Ginger":10,"Smiling Mask":4,"Question Card":9,"Blood Vial":9,"DataDisk":4,"Centennial Puzzle":4,"Nunchaku":4,"Matryoshka":4,"Cracked Core":0},{"Regal Pillow":74,"Inserter":66,"Velvet Choker":30,"Whetstone":33,"Ginger":41,"Smiling Mask":19,"Question Card":37,"Blood Vial":37,"DataDisk":19,"Centennial Puzzle":19,"Nunchaku":19,"Matryoshka":19,"Cracked Core":0}]},"card_choices":[{"not_picked":["Coolheaded","Barrage"],"picked":"Cold Snap","floor":1},{"not_picked":["Redo","Steam"],"picked":"Glacier","floor":3},{"not_picked":["Stack","Cold Snap"],"picked":"Doom and Gloom","floor":5},{"not_picked":["Conserve Battery","Barrage"],"picked":"Thunder Strike","floor":6},{"not_picked":["Skim","Beam Cell"],"picked":"Ball Lightning","floor":10},{"not_picked":["Coolheaded","Conserve Battery","Beam Cell"],"picked":"SKIP","floor":13},{"not_picked":["Machine Learning","Reboot"],"picked":"Core Surge","floor":16},{"not_picked":["Beam Cell","Stack+1"],"picked":"Streamline","floor":18},{"not_picked":["Stack","Rip and Tear"],"picked":"Loop","floor":20},{"not_picked":["Gash","Redo","Leap"],"picked":"Fission","floor":25},{"not_picked":["Steam","Reprogram","Leap+1"],"picked":"Multi-Cast","floor":27},{"not_picked":["Darkness","Melter+1","Cold Snap"],"picked":"White Noise","floor":29},{"not_picked":["Darkness","Hello World","Ball Lightning"],"picked":"Static Discharge+1","floor":30},{"not_picked":["Leap+1","Cold Snap","Redo"],"picked":"Melter","floor":31},{"not_picked":["Reboot","Biased Cognition","Meteor Strike"],"picked":"Core Surge","floor":33},{"not_picked":["Cold Snap","Beam Cell","Steam+1"],"picked":"BootSequence","floor":35},{"not_picked":["Coolheaded","Go for the Eyes","Redo+1","Conserve Battery+1"],"picked":"SKIP","floor":36}],"player_experience":59661,"relics_obtained":[{"floor":6,"key":"Matryoshka"},{"floor":7,"key":"DataDisk"},{"floor":7,"key":"Smiling Mask"},{"floor":9,"key":"Centennial Puzzle"},{"floor":9,"key":"Nunchaku"},{"floor":22,"key":"Question Card"},{"floor":26,"key":"Ginger"}],"event_choices":[{"damage_healed":0,"gold_gain":75,"player_choice":"Gather Gold","damage_taken":11,"max_hp_gain":0,"max_hp_loss":0,"event_name":"World of Goop","floor":4,"gold_loss":0},{"damage_healed":20,"gold_gain":0,"player_choice":"Healed","damage_taken":0,"max_hp_gain":0,"max_hp_loss":0,"event_name":"The Cleric","floor":11,"gold_loss":35},{"damage_healed":0,"gold_gain":175,"player_choice":"AGREE","damage_taken":0,"max_hp_gain":0,"max_hp_loss":0,"event_name":"Liars Game","floor":12,"gold_loss":0,"cards_obtained":["Doubt"]},{"damage_healed":0,"gold_gain":0,"player_choice":"Opened","damage_taken":0,"relics_obtained":["Blood Vial"],"max_hp_gain":0,"max_hp_loss":0,"event_name":"The Mausoleum","floor":21,"gold_loss":0,"cards_obtained":["Writhe"]},{"damage_healed":0,"gold_gain":0,"player_choice":"Shed Blood","damage_taken":21,"max_hp_gain":5,"max_hp_loss":0,"event_name":"Forgotten Altar","floor":28,"gold_loss":0},{"cards_removed":["Writhe"],"damage_healed":0,"gold_gain":0,"player_choice":"Card Removal","damage_taken":0,"max_hp_gain":0,"max_hp_loss":0,"event_name":"Wheel of Change","floor":37,"gold_loss":0}],"is_beta":false,"boss_relics":[{"not_picked":["Runic Dome","Empty Cage"],"picked":"Velvet Choker"},{"not_picked":["Runic Pyramid","Pandora\u0027s Box"],"picked":"Inserter"}],"items_purged_floors":[14,19,38],"is_endless":false,"potions_floor_spawned":[3,6,10,20,27,31,33,36],"killed_by":"Spire Growth","ascension_level":1}}