{"host":"9l1knhxfturzliqa","time":1611659478,"event":{"mods":["BaseMod","Colored Map","Colored Powertips","DeckTracker","Highlight Path","Keyboard Shortcuts","Minty Spire (QoL Compilation)","Random Character Button"],"gold_per_floor":[111,121,121,135,146,172,172,172,172,195,217,242,254,280,292,405,417,446,469,481,510,538,550,574,586,598,610,622,647,659,671,683,695,695],"floor_reached":33,"language":"KOR","playtime":1410,"items_purged":[],"score":376,"play_id":"7947d6d7-6e7c-486b-ab02-7fb83570cba7","local_time":"20210126201118","is_ascension_mode":true,"campfire_choices":[{"data":"Zap","floor":7.0,"key":"SMITH"},{"data":"Buffer","floor":15.0,"key":"SMITH"},{"floor":23.0,"key":"REST"},{"data":"Redo","floor":25.0,"key":"SMITH"},{"data":"Seek","floor":27.0,"key":"SMITH"},{"floor":32.0,"key":"DIG"}],"circlet_count":0,"master_deck":["Strike_B","Strike_B","Defend_B","Defend_B","Defend_B","Zap+1","Dualcast","Hologram","Ball Lightning","Melter","Genetic Algorithm","Sweeping Beam","Compile Driver","Decay","Buffer+1","Seek+1","Genetic Algorithm+1","Conserve Battery+1","Seek+1","Redo+1","Self Repair","Coolheaded"],"relics":["Cracked Core","Shovel","Bronze Scales","Symbiotic Virus","MawBank","Inserter","Mummified Hand","Peace Pipe","FossilizedHelix"],"acts_visited":["Exordium","TheCity"],"potions_floor_usage":[33,33],"damage_taken":[{"damage":5.0,"enemies":"Small Slimes","floor":1.0,"turns":3.0},{"damage":2.0,"enemies":"Jaw Worm","floor":2.0,"turns":3.0},{"damage":6.0,"enemies":"Cultist","floor":4.0,"turns":3.0},{"damage":12.0,"enemies":"Looter","floor":5.0,"turns":3.0},{"damage":20.0,"enemies":"Gremlin Nob","floor":6.0,"turns":4.0},{"damage":0.0,"enemies":"2 Fungi Beasts","floor":11.0,"turns":3.0},{"damage":5.0,"enemies":"Gremlin Gang","floor":12.0,"turns":2.0},{"damage":2.0,"enemies":"Red Slaver","floor":14.0,"turns":3.0},{"damage":0.0,"enemies":"Hexaghost","floor":16.0,"turns":9.0},{"damage":0.0,"enemies":"Spheric Guardian","floor":18.0,"turns":1.0},{"damage":9.0,"enemies":"Shell Parasite","floor":19.0,"turns":4.0},{"damage":26.0,"enemies":"3 Cultists","floor":21.0,"turns":5.0},{"damage":19.0,"enemies":"Snake Plant","floor":22.0,"turns":4.0},{"damage":0.0,"enemies":"Sentry and Sphere","floor":24.0,"turns":3.0},{"damage":10.0,"enemies":"3 Cultists","floor":29.0,"turns":4.0},{"damage":67,"enemies":"Champ","floor":33,"turns":10}],"seed_played":"1373571454059085230","potions_obtained":[{"floor":1.0,"key":"ColorlessPotion"},{"floor":4.0,"key":"SteroidPotion"},{"floor":14.0,"key":"DuplicationPotion"},{"floor":19.0,"key":"Strength Potion"},{"floor":24.0,"key":"Dexterity Potion"}],"is_trial":false,"path_per_floor":["M","M","?","M","M","E","R","?","T","T","M","M","?","M","R","B",null,"M","M","?","M","M","R","M","R","T","R","?","M","$","T","R","B"],"character_chosen":"DEFECT","items_purchased":[],"campfire_rested":1,"item_purchase_floors":[],"current_hp_per_floor":[49,47,72,66,54,34,34,27,27,27,27,22,22,20,20,20,61,61,52,52,26,14,36,36,36,36,36,36,33,33,33,33,0,0],"gold":695,"neow_bonus":"ONE_RARE_RELIC","is_daily":false,"chose_seed":false,"campfire_upgraded":4,"win_rate":0.0,"timestamp":1611659478,"path_taken":["M","M","?","M","M","E","R","?","T","?","M","?","?","?","R","BOSS","M","M","?","M","M","R","M","R","T","R","?","?","?","?","R","BOSS"],"items_purchased_type":[],"build_version":"2020-12-22","purchased_purges":0,"victory":false,"max_hp_per_floor":[75,75,75,75,75,75,75,75,75,75,75,75,75,75,75,75,75,75,75,75,75,75,75,75,75,75,75,75,75,75,75,75,75,75],"card_choices":[{"not_picked":["Defragment","Blizzard"],"picked":"Hologram","floor":1.0},{"not_picked":["Go for the Eyes","Tempest"],"picked":"Ball Lightning","floor":2.0},{"not_picked":["Leap","Coolheaded"],"picked":"Melter","floor":4.0},{"not_picked":["Rip and Tear","Ball Lightning"],"picked":"Genetic Algorithm","floor":5.0},{"not_picked":["Force Field","Reinforced Body","Melter"],"picked":"SKIP","floor":6.0},{"not_picked":["Gash","Steam"],"picked":"Sweeping Beam","floor":11.0},{"not_picked":["Ball Lightning","Hologram"],"picked":"Compile Driver","floor":12.0},{"not_picked":["Darkness","Reinforced Body"],"picked":"Buffer","floor":14.0},{"not_picked":["Fission","Multi-Cast"],"picked":"Seek","floor":16.0},{"not_picked":["White Noise","Beam Cell"],"picked":"Genetic Algorithm+1","floor":18.0},{"not_picked":["Sweeping Beam","Barrage"],"picked":"Conserve Battery+1","floor":19.0},{"not_picked":["Barrage","Go for the Eyes"],"picked":"Self Repair","floor":21.0},{"not_picked":["Steam Power","Force Field"],"picked":"Coolheaded","floor":22.0},{"not_picked":["Compile Driver","FTL","Self Repair"],"picked":"SKIP","floor":24.0},{"not_picked":["Leap","Cold Snap","Hologram"],"picked":"SKIP","floor":29.0}],"player_experience":518845,"relics_obtained":[{"floor":6.0,"key":"Bronze Scales"},{"floor":9.0,"key":"Symbiotic Virus"},{"floor":10.0,"key":"MawBank"},{"floor":26.0,"key":"Mummified Hand"},{"floor":31.0,"key":"Peace Pipe"},{"floor":32.0,"key":"FossilizedHelix"}],"event_choices":[{"damage_healed":25.0,"max_hp_gain":0.0,"max_hp_loss":0.0,"gold_gain":0.0,"event_name":"Big Fish","player_choice":"Banana","floor":3.0,"gold_loss":0.0,"damage_taken":0.0},{"cards_removed":["Strike_B"],"damage_healed":0.0,"max_hp_gain":0.0,"max_hp_loss":0.0,"gold_gain":0.0,"event_name":"Golden Wing","player_choice":"Card Removal","floor":8.0,"gold_loss":0.0,"damage_taken":7.0},{"damage_healed":0.0,"max_hp_gain":0.0,"max_hp_loss":0.0,"gold_gain":0.0,"event_name":"Wheel of Change","player_choice":"Cursed","floor":13.0,"gold_loss":0.0,"damage_taken":0.0,"cards_obtained":["Decay"]},{"damage_healed":0.0,"max_hp_gain":0.0,"max_hp_loss":0.0,"gold_gain":0.0,"cards_transformed":["Strike_B","Defend_B"],"event_name":"Drug Dealer","player_choice":"Became Test Subject","floor":20.0,"gold_loss":0.0,"damage_taken":0.0,"cards_obtained":["Seek","Redo"]},{"damage_healed":0.0,"max_hp_gain":0.0,"max_hp_loss":0.0,"gold_gain":0.0,"event_name":"Upgrade Shrine","player_choice":"Upgraded","floor":28.0,"gold_loss":0.0,"damage_taken":0.0,"cards_upgraded":["Seek"]}],"is_beta":false,"boss_relics":[{"not_picked":["Fusion Hammer","Snecko Eye"],"picked":"Inserter"}],"items_purged_floors":[],"is_endless":false,"potions_floor_spawned":[1,4,14,19,24],"killed_by":"Champ","ascension_level":5}}