{"host":"vld99k9l4elccfy8","time":1611636598,"event":{"mods":["AchievementEnabler","BaseMod","Bestiary","Block Reminder","Colored Map","Colored Powertips","Custom Start","Highlight Path","Minty Spire (QoL Compilation)","Permanent Neow","Rare Cards Sparkle"],"gold_per_floor":[365,365,380,391,403,403,422,435,435,435,435,451,451,471,471,600,600,625,433,456,731,752,752,776,776,776],"floor_reached":25,"language":"ENG","playtime":5627,"items_purged":[],"score":199,"play_id":"09f1df5a-3aeb-4d28-90b5-681761fe26f6","local_time":"20210125214958","is_ascension_mode":false,"campfire_choices":[{"data":"Clothesline","floor":6.0,"key":"SMITH"},{"floor":13.0,"key":"REST"},{"data":"Armaments","floor":15.0,"key":"SMITH"},{"floor":23.0,"key":"REST"}],"circlet_count":0,"master_deck":["Strike_R","Strike_R","Strike_R","Strike_R","Strike_R","Defend_R","Defend_R","Defend_R","Defend_R","Bash+1","Pommel Strike","Anger","Perfected Strike","Clothesline+1","Armaments+1","Barricade","Armaments","Pommel Strike","Limit Break","Power Through+1","Secret Technique","Pommel Strike","Regret","Flame Barrier","Ghostly Armor"],"relics":["Black Blood","Bottled Lightning","Golden Idol","Centennial Puzzle"],"acts_visited":["Exordium","TheCity"],"potions_floor_usage":[25,25,25],"damage_taken":[{"damage":5.0,"enemies":"Jaw Worm","floor":1.0,"turns":5.0},{"damage":1.0,"enemies":"Cultist","floor":3.0,"turns":4.0},{"damage":0.0,"enemies":"2 Louse","floor":4.0,"turns":3.0},{"damage":6.0,"enemies":"Large Slime","floor":5.0,"turns":5.0},{"damage":10.0,"enemies":"Exordium Wildlife","floor":7.0,"turns":7.0},{"damage":6.0,"enemies":"3 Louse","floor":8.0,"turns":2.0},{"damage":10.0,"enemies":"Exordium Thugs","floor":12.0,"turns":4.0},{"damage":2.0,"enemies":"2 Fungi Beasts","floor":14.0,"turns":4.0},{"damage":25.0,"enemies":"Hexaghost","floor":16.0,"turns":10.0},{"damage":16.0,"enemies":"Shell Parasite","floor":18.0,"turns":6.0},{"damage":48.0,"enemies":"3 Byrds","floor":20.0,"turns":7.0},{"damage":9.0,"enemies":"Snecko","floor":22.0,"turns":5.0},{"damage":40.0,"enemies":"Snake Plant","floor":24.0,"turns":6.0},{"damage":53,"enemies":"3 Cultists","floor":25,"turns":7}],"seed_played":"-7579254897725011071","potions_obtained":[{"floor":5.0,"key":"Block Potion"},{"floor":7.0,"key":"LiquidBronze"},{"floor":12.0,"key":"EntropicBrew"},{"floor":18.0,"key":"Swift Potion"}],"is_trial":false,"path_per_floor":["M","?","M","M","M","R","M","M","T","?","?","M","R","M","R","B",null,"M","$","M","?","M","R","M","M"],"character_chosen":"IRONCLAD","items_purchased":["Secret Technique"],"campfire_rested":2,"item_purchase_floors":[19],"current_hp_per_floor":[57,57,62,68,68,68,64,64,64,44,37,33,57,61,61,42,80,76,76,40,40,43,67,39,0,0],"gold":776,"neow_bonus":"TWO_FIFTY_GOLD","is_daily":false,"chose_seed":false,"campfire_upgraded":2,"win_rate":0.0,"timestamp":1611636598,"path_taken":["M","?","?","M","M","R","?","M","T","?","?","M","R","?","R","BOSS","M","$","M","?","M","R","M","?"],"items_purchased_type":["Card"],"build_version":"2020-12-22","purchased_purges":0,"victory":false,"max_hp_per_floor":[80,80,80,80,80,80,80,80,80,80,80,80,80,80,80,80,80,80,80,80,80,80,80,80,80,80],"card_choices":[{"not_picked":["Perfected Strike","Wild Strike"],"picked":"Pommel Strike","floor":1.0},{"not_picked":["Twin Strike","Sword Boomerang"],"picked":"Anger","floor":3.0},{"not_picked":["Metallicize","Thunderclap"],"picked":"Perfected Strike","floor":4.0},{"not_picked":["Burning Pact","Perfected Strike"],"picked":"Clothesline","floor":5.0},{"not_picked":["Disarm","Evolve"],"picked":"Armaments","floor":7.0},{"not_picked":["True Grit","Shrug It Off"],"picked":"Barricade","floor":8.0},{"not_picked":["Twin Strike","Clothesline"],"picked":"Armaments","floor":12.0},{"not_picked":["Clash","Cleave"],"picked":"Pommel Strike","floor":14.0},{"not_picked":["Brutality","Offering"],"picked":"Limit Break","floor":16.0},{"not_picked":["Iron Wave","Armaments"],"picked":"Power Through+1","floor":18.0},{"not_picked":["Dark Embrace","Wild Strike"],"picked":"Pommel Strike","floor":20.0},{"not_picked":["Shrug It Off","Shockwave"],"picked":"Flame Barrier","floor":22.0},{"not_picked":["Disarm+1","Wild Strike+1"],"picked":"Ghostly Armor","floor":24.0}],"player_experience":287945,"relics_obtained":[{"floor":9.0,"key":"Bottled Lightning"}],"event_choices":[{"damage_healed":0.0,"max_hp_gain":0.0,"max_hp_loss":0.0,"gold_gain":0.0,"event_name":"Accursed Blacksmith","player_choice":"Forge","floor":2.0,"gold_loss":0.0,"damage_taken":0.0,"cards_upgraded":["Bash"]},{"damage_healed":0.0,"max_hp_gain":0.0,"max_hp_loss":0.0,"gold_gain":0.0,"event_name":"Golden Idol","player_choice":"Take Damage","floor":10.0,"gold_loss":0.0,"damage_taken":20.0,"relics_obtained":["Golden Idol"]},{"damage_healed":0.0,"max_hp_gain":0.0,"max_hp_loss":0.0,"gold_gain":0.0,"event_name":"Scrap Ooze","player_choice":"Success","floor":11.0,"gold_loss":0.0,"damage_taken":7.0,"relics_obtained":["Centennial Puzzle"]},{"damage_healed":0.0,"max_hp_gain":0.0,"max_hp_loss":0.0,"gold_gain":275.0,"event_name":"Golden Shrine","player_choice":"Desecrate","floor":21.0,"gold_loss":0.0,"damage_taken":0.0,"cards_obtained":["Regret"]}],"is_beta":false,"boss_relics":[{"not_picked":["Runic Cube","Sozu"],"picked":"Black Blood"}],"items_purged_floors":[],"is_endless":false,"potions_floor_spawned":[5,7,12,18],"killed_by":"3 Cultists","ascension_level":0}}