{"host":"r5cycnjhcbwgkpkf","time":1611689938,"event":{"mods":["2.2 Compatiblity","AchievementEnabler","BaseMod","Bestiary","Better Match","Better Note","Better Skull","Better Third Choice","BetterRewards","Colored Map","Colored Powertips","Downfall","Infinite Spire","Minty Spire (QoL Compilation)","Spicy Shops","StSLib"],"gold_per_floor":[110,110,129,129,143,143,143,172,251,251,7,41,41,59,59,164,164,181,196,196,208,54,54,54,54,77,77,89,89,89,124,124,226,226,238,255,255,12,12,12,112,112,194,223,238,238,273,290,290,290],"floor_reached":51,"language":"ENG","playtime":2444,"items_purged":["Defend_G"],"score":1135,"play_id":"0c45afad-7436-4eb8-ac64-dd290f4a3e42","local_time":"20210126113858","is_ascension_mode":true,"campfire_choices":[{"data":"Neutralize","floor":6,"key":"SMITH"},{"floor":10,"key":"REST"},{"floor":13,"key":"REST"},{"data":"Deadly Poison","floor":15,"key":"SMITH"},{"data":"Wraith Form v2","floor":23,"key":"SMITH"},{"data":"After Image","floor":27,"key":"SMITH"},{"data":"After Image","floor":30,"key":"SMITH"},{"data":"A Thousand Cuts","floor":32,"key":"SMITH"},{"data":"Panacea","floor":40,"key":"SMITH"},{"floor":42,"key":"REST"},{"data":"Die Die Die","floor":46,"key":"SMITH"},{"floor":49,"key":"REST"}],"circlet_count":0,"master_deck":["Survivor","Neutralize+1","Deadly Poison+1","Deadly Poison+1","Crippling Poison","Deflect","Dagger Spray","A Thousand Cuts+1","Crippling Poison","Dagger Throw","After Image+1","Die Die Die+1","Endless Agony","After Image+1","Expertise","Wraith Form v2+1","Quick Slash+1","Decay","Cloak And Dagger+1","Bane","Blade Dance+1","Panacea+1","Phantasmal Killer"],"relics":["Ring of the Snake","Ice Cream","Snake Skull","PreservedInsect","Pear","Art of War","Gremlin Horn","Pandora\u0027s Box","Lee\u0027s Waffle","Bag of Preparation","Unceasing Top","Sozu","Vajra","infinitespire:FocusingShard","Ancient Tea Set","Peace Pipe"],"acts_visited":["Exordium","TheCity","TheBeyond"],"potions_floor_usage":[50,50,50],"damage_taken":[{"damage":0,"enemies":"Cultist","floor":1,"turns":4},{"damage":0,"enemies":"Jaw Worm","floor":3,"turns":5},{"damage":0,"enemies":"Small Slimes","floor":5,"turns":3},{"damage":18,"enemies":"Lagavulin","floor":8,"turns":6},{"damage":22,"enemies":"3 Sentries","floor":12,"turns":7},{"damage":8,"enemies":"Looter","floor":14,"turns":3},{"damage":13,"enemies":"The Guardian","floor":16,"turns":8},{"damage":0,"enemies":"Spheric Guardian","floor":18,"turns":3},{"damage":17,"enemies":"Shell Parasite","floor":19,"turns":5},{"damage":20,"enemies":"3 Cultists","floor":21,"turns":4},{"damage":1,"enemies":"Snecko","floor":28,"turns":4},{"damage":4,"enemies":"Slavers","floor":31,"turns":4},{"damage":43,"enemies":"Collector","floor":33,"turns":8},{"damage":21,"enemies":"3 Darklings","floor":35,"turns":4},{"damage":1,"enemies":"3 Shapes","floor":36,"turns":3},{"damage":0,"enemies":"Reptomancer","floor":44,"turns":3},{"damage":0,"enemies":"Transient","floor":45,"turns":5},{"damage":23,"enemies":"Nemesis","floor":47,"turns":5},{"damage":4,"enemies":"Sphere and 2 Shapes","floor":48,"turns":4},{"damage":4,"enemies":"Time Eater","floor":50,"turns":10}],"seed_played":"-3875209163042146503","potions_obtained":[{"floor":1,"key":"Ancient Potion"},{"floor":8,"key":"Ancient Potion"},{"floor":16,"key":"GamblersBrew"},{"floor":18,"key":"DuplicationPotion"}],"is_trial":false,"path_per_floor":["M","?","M","?","M","R","?","E","T","R","$","E","R","M","R","B",null,"M","M","?","M","$","R","?","?","T","R","M","?","R","E","R","B",null,"M","M","?","$","?","R","?","R","T","E","M","R","E","M","R","B",null],"character_chosen":"THE_SILENT","items_purchased":["Ice Cream","Snake Skull","Art of War","Deflect","Lee\u0027s Waffle","Vajra","Panacea"],"campfire_rested":4,"item_purchase_floors":[0,0,11,11,22,38,38],"current_hp_per_floor":[55,48,48,48,48,48,48,30,40,64,64,42,66,58,58,45,80,80,63,63,43,87,87,87,87,87,87,86,86,86,82,82,39,87,66,65,65,65,65,65,65,83,83,83,83,83,60,56,80,76],"gold":290,"neow_bonus":"","is_daily":false,"chose_seed":false,"campfire_upgraded":8,"win_rate":0.0,"timestamp":1611689938,"path_taken":["M","?","M","?","M","R","?","E","T","R","$","E","R","M","R","BOSS","M","?","?","M","$","R","?","?","T","R","M","?","R","E","R","BOSS","M","M","?","$","?","R","?","R","T","E","?","R","E","M","R","BOSS"],"items_purchased_type":["Relic","Relic","Relic","Card","Relic","Relic","Card"],"build_version":"2020-12-22","purchased_purges":1,"victory":true,"max_hp_per_floor":[70,70,70,70,70,70,70,70,80,80,80,80,80,80,80,80,80,80,80,80,80,87,87,87,87,87,87,87,87,87,87,87,87,87,87,87,87,87,83,83,83,83,83,83,83,83,83,83,83,83],"card_choices":[{"not_picked":["Slice","Tactician","Blur"],"picked":"SKIP","floor":1},{"not_picked":["Concentrate","Footwork"],"picked":"Deadly Poison","floor":3},{"not_picked":["Choke","Dagger Throw"],"picked":"Deadly Poison","floor":5},{"not_picked":["Slice","Distraction"],"picked":"Crippling Poison","floor":8},{"not_picked":["Eviscerate","Slice"],"picked":"Dagger Spray","floor":12},{"not_picked":["Accuracy","Slice","PiercingWail"],"picked":"SKIP","floor":14},{"not_picked":["Malaise","Venomology"],"picked":"A Thousand Cuts","floor":16},{"not_picked":["Well Laid Plans","Eviscerate","Deadly Poison+1"],"picked":"SKIP","floor":18},{"not_picked":["Accuracy+1","Endless Agony+1"],"picked":"Quick Slash+1","floor":19},{"not_picked":["Eviscerate+1","Masterful Stab"],"picked":"Cloak And Dagger+1","floor":21},{"not_picked":["Bullet Time","Bouncing Flask","Dodge and Roll+1"],"picked":"SKIP","floor":28},{"not_picked":["Sucker Punch","Slice"],"picked":"Bane","floor":31},{"not_picked":["Blade Dance","Deadly Poison","Dodge and Roll"],"picked":"SKIP","floor":35},{"not_picked":["Dash","Poisoned Stab+1"],"picked":"Blade Dance+1","floor":36},{"not_picked":["Caltrops+1","Masterful Stab+1","Eviscerate+1"],"picked":"SKIP","floor":44},{"not_picked":["Underhanded Strike+1","Masterful Stab+1","Deadly Poison"],"picked":"SKIP","floor":45},{"not_picked":["Cloak And Dagger+1","Crippling Poison+1"],"picked":"Phantasmal Killer","floor":47},{"not_picked":["Caltrops","Expertise","Sucker Punch"],"picked":"SKIP","floor":48}],"player_experience":457170,"relics_obtained":[{"floor":8,"key":"PreservedInsect"},{"floor":9,"key":"Pear"},{"floor":12,"key":"Gremlin Horn"},{"floor":26,"key":"Bag of Preparation"},{"floor":31,"key":"Unceasing Top"},{"floor":43,"key":"infinitespire:FocusingShard"},{"floor":44,"key":"Ancient Tea Set"},{"floor":47,"key":"Peace Pipe"}],"event_choices":[{"cards_removed":["Strike_G"],"damage_healed":0,"gold_gain":0,"player_choice":"Card Removal","damage_taken":7,"max_hp_gain":0,"max_hp_loss":0,"event_name":"Golden Wing","floor":2,"gold_loss":0},{"damage_healed":0,"gold_gain":0,"player_choice":"Ignored","damage_taken":129,"max_hp_gain":0,"max_hp_loss":0,"event_name":"betterThird:BetterSerpent","floor":4,"gold_loss":0},{"damage_healed":0,"gold_gain":0,"player_choice":"Upgraded","damage_taken":0,"max_hp_gain":0,"max_hp_loss":0,"event_name":"Upgrade Shrine","floor":7,"gold_loss":0,"cards_upgraded":["Deadly Poison"]},{"damage_healed":0,"gold_gain":0,"player_choice":"Smashed Altar","damage_taken":0,"max_hp_gain":0,"max_hp_loss":0,"event_name":"Forgotten Altar","floor":20,"gold_loss":0,"cards_obtained":["Decay"]},{"damage_healed":0,"gold_gain":0,"player_choice":"Ignored","damage_taken":0,"max_hp_gain":0,"max_hp_loss":0,"event_name":"Ghosts","floor":24,"gold_loss":0},{"damage_healed":0,"gold_gain":0,"player_choice":"Max HP","damage_taken":0,"max_hp_gain":0,"max_hp_loss":4,"event_name":"Winding Halls","floor":39,"gold_loss":0},{"damage_healed":0,"gold_gain":100,"player_choice":"Pray","damage_taken":0,"max_hp_gain":0,"max_hp_loss":0,"event_name":"Golden Shrine","floor":41,"gold_loss":0}],"is_beta":false,"boss_relics":[{"not_picked":["Snecko Eye","Busted Crown"],"picked":"Pandora\u0027s Box"},{"not_picked":["Tiny House","Empty Cage"],"picked":"Sozu"}],"items_purged_floors":[11],"is_endless":false,"potions_floor_spawned":[1,8,16,18,31,44,47,48],"ascension_level":4}}