{"host":"meib18gsulage5jw","time":1611665512,"event":{"mods":["Aspiration","BaseMod","BetterRewards","CCEM2","Colored Map","Conspire","Defuse TimeMaze Blight","Energized Spire","Hubris","Infinite Spire","Minty Spire (QoL Compilation)","Relic Sorter","Reliquary","Replay The Spire","Spikes Relics","StSLib","The Blue Laboratory","Uncapped"],"gold_per_floor":[113,132,14,14,33,33,65,65,65,65,65,76,87,105,105,209,209,221,221,235,251,251,251],"floor_reached":22,"language":"ENG","playtime":1306,"items_purged":[],"score":238,"play_id":"33b25371-df0f-4ee1-b507-135e2a049461","local_time":"20210126225152","is_ascension_mode":false,"campfire_choices":[{"data":"conspire:Banana","floor":6,"key":"SMITH"},{"floor":10,"key":"REST"},{"floor":15,"key":"REST"}],"circlet_count":0,"master_deck":["theextravagant:SlyStrike","theextravagant:SlyStrike","theextravagant:SlyStrike","theextravagant:SlyStrike","theextravagant:Fence","theextravagant:Fence","theextravagant:Fence","theextravagant:Fence","theextravagant:QuickAttack","theextravagant:Triumph","theextravagant:SlyStrike","Strike_R","theextravagant:Thrill","theextravagant:Castle","conspire:Banana+1","theextravagant:Flashback","theextravagant:IronPlumes","theextravagant:Twostep","Injury","theextravagant:Flashback","theextravagant:Drift+1"],"relics":["theextravagant:TranslucentFeather","theextravagant:GlitterTub","Darkstone Periapt","Molten Egg 2","Singing Bowl","Painkiller Herb"],"acts_visited":["Exordium","TheCity"],"potions_floor_usage":[12,16,16,16,18,20,21],"damage_taken":[{"damage":4,"enemies":"Jaw Worm","floor":1,"turns":4},{"damage":0,"enemies":"Cultist","floor":2,"turns":2},{"damage":5,"enemies":"2 Louse","floor":5,"turns":2},{"damage":35,"enemies":"3 Sentries","floor":7,"turns":10},{"damage":14,"enemies":"2 Fungi Beasts","floor":12,"turns":4},{"damage":9,"enemies":"Red Slaver","floor":13,"turns":5},{"damage":3,"enemies":"Looter","floor":14,"turns":5},{"damage":78,"enemies":"Slime Boss","floor":16,"turns":22},{"damage":52,"enemies":"Chosen","floor":18,"turns":10},{"damage":27,"enemies":"Shell Parasite","floor":20,"turns":9},{"damage":20,"enemies":"Centurion and Healer","floor":21,"turns":9},{"damage":29,"enemies":"Snecko","floor":22,"turns":5}],"seed_played":"5074379041644437598","potions_obtained":[{"floor":2,"key":"SpeedPotion"},{"floor":7,"key":"GamblersBrew"},{"floor":11,"key":"blueLaboratory:RecallPotion"},{"floor":11,"key":"blueLaboratory:FrostheartPotion"},{"floor":14,"key":"Explosive Potion"},{"floor":16,"key":"blueLaboratory:PhilterOfMotion"},{"floor":18,"key":"ColorlessPotion"},{"floor":20,"key":"AttackPotion"}],"is_trial":false,"path_per_floor":["M","M","$","?","M","R","E","?","T","R","?","M","M","M","R","B",null,"?","?","?","?","?"],"character_chosen":"THE_EXTRAVAGANT","items_purchased":["conspire:Banana","theextravagant:Flashback"],"campfire_rested":2,"item_purchase_floors":[3,3],"current_hp_per_floor":[71,71,71,71,67,67,34,40,40,65,65,53,48,49,77,3,98,50,60,35,19,0,0],"gold":251,"neow_bonus":"ONE_RARE_RELIC","is_daily":false,"chose_seed":false,"campfire_upgraded":1,"win_rate":0.0,"timestamp":1611665512,"path_taken":["M","M","$","?","?","R","E","?","T","R","?","M","?","M","R","BOSS","?","?","?","?","?"],"items_purchased_type":["Card","Card"],"build_version":"2020-12-22","purchased_purges":0,"victory":false,"max_hp_per_floor":[75,75,75,75,76,76,78,84,84,84,84,86,90,94,94,98,98,102,102,104,108,110,110],"card_choices":[{"not_picked":["theextravagant:HeavyBlows","theextravagant:Masquerade"],"picked":"theextravagant:Thrill","floor":1},{"not_picked":["theextravagant:HeavyBlows","theextravagant:Cutthroat"],"picked":"theextravagant:Castle","floor":2},{"not_picked":["theextravagant:Vintage","theextravagant:Shake"],"picked":"theextravagant:IronPlumes","floor":5},{"not_picked":["theextravagant:Antiquity","theextravagant:Courage"],"picked":"theextravagant:Twostep","floor":7},{"not_picked":["theextravagant:Precaution","theextravagant:Pushthrough"],"picked":"theextravagant:Flashback","floor":12},{"not_picked":["theextravagant:StepBack","theextravagant:Vintage","theextravagant:Drift+1"],"picked":"Singing Bowl","floor":13},{"not_picked":["theextravagant:Supersonic","theextravagant:Pluck","theextravagant:Precaution"],"picked":"Singing Bowl","floor":14},{"not_picked":["theextravagant:Overpower","theextravagant:DAMNATION","theextravagant:ShieldCharm"],"picked":"Singing Bowl","floor":16},{"not_picked":["theextravagant:StepBack","theextravagant:Impulse","theextravagant:GlyphOfChoice+1"],"picked":"Singing Bowl","floor":18},{"not_picked":["theextravagant:Shatter+1","theextravagant:HeavyBlows+1"],"picked":"theextravagant:Drift+1","floor":20},{"not_picked":["theextravagant:PuffUp","theextravagant:Precaution+1","theextravagant:StepBack"],"picked":"Singing Bowl","floor":21}],"player_experience":312650,"relics_obtained":[{"floor":7,"key":"Darkstone Periapt"},{"floor":9,"key":"Singing Bowl"}],"event_choices":[{"damage_healed":0,"gold_gain":0,"player_choice":"Ignored","damage_taken":0,"max_hp_gain":0,"max_hp_loss":0,"event_name":"NoteForYourself","floor":4,"gold_loss":0},{"damage_healed":0,"gold_gain":0,"player_choice":"Got Potions","damage_taken":0,"max_hp_gain":0,"max_hp_loss":0,"event_name":"Lab","floor":11,"gold_loss":0}],"is_beta":false,"boss_relics":[{"not_picked":["CCEMRelics:TransientCore","Snecko Eye"],"picked":"Painkiller Herb"}],"items_purged_floors":[],"is_endless":false,"potions_floor_spawned":[2,7,14,16,18,20],"killed_by":"Snecko","ascension_level":0}}