{"host":"2c1pg2m9wpz3w4c0","time":1611627954,"event":{"mods":["AchievementEnabler","Act Like it!","Aspiration","BaseMod","Better Note","BetterRewards","Curses Come First","Disable Question Mark Monsters","Halation","Hubris","Infinite Spire","Lotus Mark","Marisa????????","Minty Spire (QoL Compilation)","Replay The Spire","StSLib","SuperFastMode","The Clintock","The Jungle","The Marked","The Runesmith","Transform Curses"],"gold_per_floor":[131,131,131,162,199,199,244,292,344,374,386,281,246,246,246,343,343,357,357,93,110,110,110,143,143,143],"floor_reached":25,"language":"ENG","playtime":893,"items_purged":[],"score":329,"play_id":"7fba6c97-3ce2-415b-803f-9cfecc2f493b","local_time":"20210125192554","is_ascension_mode":false,"campfire_choices":[{"data":"Runesmith:Fortify","floor":6,"key":"SMITH"},{"floor":15,"key":"REST"},{"data":"Runesmith:Reinforce","floor":23,"key":"SMITH"}],"circlet_count":0,"master_deck":["Runesmith:Strike_RS","Runesmith:Strike_RS","Runesmith:Strike_RS","Runesmith:Strike_RS","Runesmith:Defend_RS","Runesmith:Defend_RS","Runesmith:Defend_RS","Runesmith:Defend_RS","Runesmith:CraftFirestone","Runesmith:Reinforce+1","Runesmith:CraftProtectio","Runesmith:PoweredAnvil","Runesmith:Fortify","Runesmith:Empowerment","Runesmith:GoWithTheFlow","Runesmith:Retool","hubris:DuctTapeCard","Runesmith:CraftMagma","Runesmith:GoWithTheFlow","Runesmith:Grindstone","Runesmith:EarthShield","Runesmith:WhiteBalance","Runesmith:CreatorForm","Runesmith:ChiselStab","Runesmith:Reinforce+1","Runesmith:GrandSlam","Runesmith:LithiumIon","Runesmith:HeatedChisel","Runesmith:ChiselStab","Runesmith:WhiteBalance"],"relics":["Runesmith:BrokenRuby","hubris:DuctTape","Bronze Scales","Centennial Puzzle","Replay:Bronze Core","halation:PinkSoulGem","aspiration:SeaSaltIceCream","hubris:MysteriousPyramids"],"acts_visited":["Exordium","theJungle:Jungle"],"potions_floor_usage":[8,8,10,24],"damage_taken":[{"damage":0,"enemies":"Cultist","floor":1,"turns":3},{"damage":0,"enemies":"Jaw Worm","floor":4,"turns":4},{"damage":6,"enemies":"2 Louse","floor":5,"turns":4},{"damage":6,"enemies":"Exordium Wildlife","floor":7,"turns":6},{"damage":24,"enemies":"Gremlin Nob","floor":8,"turns":5},{"damage":15,"enemies":"Lagavulin","floor":10,"turns":8},{"damage":0,"enemies":"Large Slime","floor":11,"turns":5},{"damage":24,"enemies":"Slime Boss","floor":16,"turns":11},{"damage":5,"enemies":"theJungle:Flameango_and_Byrd","floor":18,"turns":8},{"damage":4,"enemies":"theJungle:GiantWrat","floor":21,"turns":4},{"damage":23,"enemies":"theJungle:2_Phrogs","floor":24,"turns":7},{"damage":0,"enemies":"theJungle:SlimyTreeVines","floor":25,"turns":1}],"seed_played":"-6770287832695307984","potions_obtained":[{"floor":4,"key":"FearPotion"},{"floor":7,"key":"Explosive Potion"},{"floor":8,"key":"GamblersBrew"},{"floor":21,"key":"SkillPotion"}],"is_trial":false,"path_per_floor":["M","?","?","M","M","R","M","E","T","E","M","$","?","?","R","B",null,"M","?","$","M","?","R","E","M"],"character_chosen":"RUNESMITH_CLASS","items_purchased":["Runesmith:Reinforce","HandOfGreed","Runesmith:EarthShield","Runesmith:WhiteBalance","Runesmith:GrandSlam","Runesmith:LithiumIon","Runesmith:HeatedChisel"],"campfire_rested":1,"item_purchase_floors":[0,0,12,12,20,20,20],"current_hp_per_floor":[62,62,62,62,56,56,50,26,26,11,11,11,28,51,70,46,70,65,65,65,61,61,61,38,38,38],"gold":143,"neow_bonus":"","is_daily":false,"chose_seed":false,"campfire_upgraded":2,"win_rate":0.0,"timestamp":1611627954,"path_taken":["M","?","?","M","M","R","M","E","T","E","?","$","?","?","R","BOSS","M","?","$","M","?","R","E","M"],"items_purchased_type":["Card","Card","Card","Card","Card","Card","Card"],"build_version":"2020-12-22","purchased_purges":0,"victory":false,"max_hp_per_floor":[70,70,70,70,70,70,70,70,70,70,70,70,70,70,70,70,70,70,70,70,70,70,70,70,70,70],"card_choices":[{"not_picked":["Runesmith:Repurpose","Runesmith:HeatExchange"],"picked":"Runesmith:CraftProtectio","floor":1},{"not_picked":["Runesmith:CraftIncendium","Runesmith:HeatExchange"],"picked":"Runesmith:Empowerment","floor":4},{"not_picked":["Runesmith:NanitesCloud","Runesmith:HeatedChisel"],"picked":"Runesmith:GoWithTheFlow","floor":5},{"not_picked":["Runesmith:RuneHurl","Runesmith:Overpower"],"picked":"Runesmith:Retool","floor":7},{"not_picked":["Runesmith:HammerAndChisel","Runesmith:Malloc"],"picked":"Runesmith:CraftMagma","floor":8},{"not_picked":["Runesmith:Permafrost","Runesmith:EarthShield"],"picked":"Runesmith:GoWithTheFlow","floor":10},{"not_picked":["Runesmith:CraftReservo","Runesmith:CraftMagma"],"picked":"Runesmith:Grindstone","floor":11},{"not_picked":["Runesmith:GenerateForcefield","Runesmith:MetallurgicalResearch"],"picked":"Runesmith:CreatorForm","floor":16},{"not_picked":["Runesmith:HeatExchange","Runesmith:CraftProtectio"],"picked":"Runesmith:ChiselStab","floor":18},{"not_picked":["Runesmith:RuneHurl","Runesmith:WhiteBalance"],"picked":"Runesmith:ChiselStab","floor":21},{"not_picked":["Runesmith:HammerThrow","Runesmith:Superposition"],"picked":"Runesmith:WhiteBalance","floor":24}],"player_experience":1205000,"relics_obtained":[{"floor":8,"key":"hubris:DuctTape"},{"floor":9,"key":"Bronze Scales"},{"floor":10,"key":"Centennial Puzzle"},{"floor":24,"key":"aspiration:SeaSaltIceCream"}],"event_choices":[{"damage_healed":0,"gold_gain":0,"player_choice":"1 cards matched","damage_taken":0,"max_hp_gain":0,"max_hp_loss":0,"event_name":"Match and Keep!","floor":3,"gold_loss":0,"cards_obtained":["Runesmith:Fortify"]},{"damage_healed":17,"gold_gain":0,"player_choice":"Healed","damage_taken":0,"max_hp_gain":0,"max_hp_loss":0,"event_name":"The Cleric","floor":13,"gold_loss":35},{"damage_healed":23,"gold_gain":0,"player_choice":"Banana","damage_taken":0,"max_hp_gain":0,"max_hp_loss":0,"event_name":"Big Fish","floor":14,"gold_loss":0},{"cards_removed":["Runesmith:CreatorForm"],"damage_healed":0,"gold_gain":0,"player_choice":"Take \u0026 Give","damage_taken":0,"max_hp_gain":0,"max_hp_loss":0,"event_name":"betterNote:BetterNote","floor":19,"gold_loss":0,"cards_obtained":["Runesmith:Reinforce"]}],"is_beta":false,"boss_relics":[{"not_picked":["Runic Dome","Kintsugi"],"picked":"Replay:Bronze Core"}],"items_purged_floors":[],"is_endless":false,"potions_floor_spawned":[4,7,8,21],"killed_by":"theJungle:SlimyTreeVines","ascension_level":0}}