{"host":"ir6vojma30jz6tvk","time":1610790893,"event":{"mods":["AchievementEnabler","BaseMod","Colored Map","Minty Spire (QoL Compilation)","StSLib","SuperFastMode"],"gold_per_floor":[112,37,37,55,67,99,99,129,210,210,243,243,260,278,278,378,378,394,319,330,245,245,245,245,245,245,259,271,306,30,59,59,155,155,168,93,143,143,163,163,181,197,197,197,97,110,110,125,125,125,125,125,0,27,27],"floor_reached":56,"language":"KOR","playtime":2753,"items_purged":["Zap","Defend_B","Capacitor"],"score":1180,"play_id":"c19543f7-3767-4ff4-8021-faa02fbe6a9b","local_time":"20210116185453","is_ascension_mode":false,"campfire_choices":[{"floor":10,"key":"REST"},{"data":"Darkness","floor":12,"key":"SMITH"},{"data":"Recycle","floor":15,"key":"SMITH"},{"data":"Dualcast","floor":23,"key":"SMITH"},{"data":"Glacier","floor":25,"key":"SMITH"},{"data":"Strike_B","floor":32,"key":"PURGE"},{"data":"Defend_B","floor":40,"key":"PURGE"},{"data":"Defend_B","floor":44,"key":"PURGE"},{"data":"Glacier+1","floor":47,"key":"PURGE"},{"floor":49,"key":"RECALL"},{"data":"Doom and Gloom+1","floor":52,"key":"PURGE"}],"circlet_count":0,"master_deck":["Dualcast+1","Glacier+1","Chill+1","Sweeping Beam","Darkness+1","Hologram","Recycle+1","Compile Driver","Creative AI","Self Repair+1","Defragment+1","Coolheaded+1","Coolheaded+1"],"relics":["Astrolabe","Pocketwatch","Lantern","Nunchaku","Pantograph","Art of War","Sozu","Sundial","Unceasing Top","Dream Catcher","Cables","Peace Pipe","Coffee Dripper","Emotion Chip","Shuriken","Oddly Smooth Stone"],"acts_visited":["Exordium","TheCity","TheBeyond","TheEnding"],"potions_floor_usage":[50,55,55],"damage_taken":[{"damage":4,"enemies":"Jaw Worm","floor":1,"turns":5},{"damage":0,"enemies":"2 Louse","floor":4,"turns":2},{"damage":0,"enemies":"Small Slimes","floor":5,"turns":5},{"damage":49,"enemies":"Gremlin Nob","floor":6,"turns":5},{"damage":10,"enemies":"Lagavulin","floor":8,"turns":10},{"damage":58,"enemies":"Gremlin Nob","floor":11,"turns":6},{"damage":0,"enemies":"Blue Slaver","floor":13,"turns":6},{"damage":0,"enemies":"2 Fungi Beasts","floor":14,"turns":3},{"damage":49,"enemies":"Slime Boss","floor":16,"turns":13},{"damage":19,"enemies":"Chosen","floor":18,"turns":13},{"damage":1,"enemies":"3 Byrds","floor":20,"turns":4},{"damage":14,"enemies":"3 Cultists","floor":27,"turns":5},{"damage":0,"enemies":"Cultist and Chosen","floor":28,"turns":4},{"damage":10,"enemies":"Book of Stabbing","floor":29,"turns":7},{"damage":8,"enemies":"Gremlin Leader","floor":31,"turns":5},{"damage":46,"enemies":"Collector","floor":33,"turns":8},{"damage":19,"enemies":"3 Darklings","floor":35,"turns":4},{"damage":0,"enemies":"Mind Bloom Boss Battle","floor":37,"turns":9},{"damage":4,"enemies":"3 Shapes","floor":39,"turns":4},{"damage":0,"enemies":"Sphere and 2 Shapes","floor":41,"turns":6},{"damage":32,"enemies":"Transient","floor":42,"turns":5},{"damage":0,"enemies":"3 Darklings","floor":46,"turns":5},{"damage":9,"enemies":"4 Shapes","floor":48,"turns":4},{"damage":18,"enemies":"Donu and Deca","floor":50,"turns":4},{"damage":48,"enemies":"Shield and Spear","floor":54,"turns":5},{"damage":23,"enemies":"The Heart","floor":55,"turns":7}],"seed_played":"4220249878169565622","potions_obtained":[{"floor":4,"key":"EssenceOfSteel"},{"floor":5,"key":"LiquidBronze"},{"floor":11,"key":"SneckoOil"},{"floor":16,"key":"AttackPotion"}],"is_trial":false,"path_per_floor":["M","$","?","M","M","E","?","E","T","R","E","R","M","M","R","B",null,"M","?","M","?","T","R","?","R","T","M","M","E","$","E","R","B",null,"M","$","?","?","M","R","M","M","T","R","$","M","R","M","R","B",null,"R","$","E","B",null],"character_chosen":"DEFECT","items_purchased":["Darkness","Cables","Capacitor"],"campfire_rested":1,"item_purchase_floors":[2,30,30],"current_hp_per_floor":[71,71,76,76,76,27,24,14,14,38,80,80,80,80,80,31,80,61,61,60,60,60,60,60,60,60,77,80,80,80,80,80,44,80,71,71,80,80,80,80,80,58,58,58,58,68,68,69,69,72,80,80,80,42,54],"gold":27,"neow_bonus":"BOSS_RELIC","is_daily":false,"chose_seed":false,"campfire_upgraded":4,"win_rate":0.0,"timestamp":1610790893,"path_taken":["M","$","?","M","M","E","?","E","T","R","E","R","M","M","R","BOSS","M","?","M","?","?","R","?","R","T","?","M","E","$","E","R","BOSS","M","$","?","?","M","R","?","M","T","R","$","M","R","M","R","BOSS","R","$","E","BOSS"],"items_purchased_type":["Card","Relic","Card"],"build_version":"2020-12-22","purchased_purges":3,"victory":true,"max_hp_per_floor":[75,75,80,80,80,80,80,80,80,80,80,80,80,80,80,80,80,80,80,80,80,80,80,80,80,80,80,80,80,80,80,80,80,80,80,80,80,80,80,80,80,80,80,80,80,80,80,80,80,80,80,80,80,80,80],"card_choices":[{"not_picked":["Leap","Cold Snap"],"picked":"Sweeping Beam","floor":1},{"not_picked":["Ball Lightning","Barrage"],"picked":"Hologram","floor":4},{"not_picked":["Barrage","Hologram","Leap"],"picked":"SKIP","floor":5},{"not_picked":["Streamline","Hello World"],"picked":"Recycle","floor":6},{"not_picked":["Skim","Amplify"],"picked":"Glacier","floor":8},{"not_picked":["Ball Lightning","Cold Snap","Tempest"],"picked":"SKIP","floor":11},{"not_picked":["Reprogram","Compile Driver","Turbo"],"picked":"SKIP","floor":13},{"not_picked":["Reprogram","Turbo"],"picked":"Compile Driver","floor":13},{"not_picked":["Go for the Eyes","Rebound","Turbo"],"picked":"SKIP","floor":14},{"not_picked":["Buffer","Electrodynamics"],"picked":"Creative AI","floor":16},{"not_picked":["Hello World","Auto Shields+1"],"picked":"Doom and Gloom+1","floor":18},{"not_picked":["Steam","Gash","Beam Cell"],"picked":"SKIP","floor":20},{"not_picked":["Stack+1","Hello World"],"picked":"Self Repair+1","floor":27},{"not_picked":["Coolheaded+1","Heatsinks"],"picked":"Defragment+1","floor":28},{"not_picked":["BootSequence","Beam Cell"],"picked":"Coolheaded+1","floor":29},{"not_picked":["Glacier","Multi-Cast"],"picked":"Biased Cognition","floor":31},{"not_picked":["Steam","Redo+1"],"picked":"Coolheaded+1","floor":35},{"not_picked":["Genetic Algorithm+1","Scrape","Auto Shields"],"picked":"SKIP","floor":39},{"not_picked":["Self Repair+1","Redo","Storm"],"picked":"SKIP","floor":41},{"not_picked":["Storm","Force Field","Hologram"],"picked":"SKIP","floor":42},{"not_picked":["Coolheaded","Undo+1","Beam Cell+1"],"picked":"SKIP","floor":46},{"not_picked":["Conserve Battery+1","Turbo+1","Hyperbeam"],"picked":"SKIP","floor":48},{"not_picked":["Conserve Battery","Chill","Leap"],"picked":"SKIP","floor":54}],"player_experience":663749,"relics_obtained":[{"floor":6,"key":"Pocketwatch"},{"floor":8,"key":"Nunchaku"},{"floor":9,"key":"Pantograph"},{"floor":11,"key":"Art of War"},{"floor":26,"key":"Unceasing Top"},{"floor":29,"key":"Dream Catcher"},{"floor":31,"key":"Peace Pipe"},{"floor":37,"key":"Emotion Chip"},{"floor":43,"key":"Shuriken"},{"floor":54,"key":"Oddly Smooth Stone"}],"event_choices":[{"damage_healed":0,"gold_gain":0,"player_choice":"Donut","damage_taken":0,"max_hp_gain":5,"max_hp_loss":0,"event_name":"Big Fish","floor":3,"gold_loss":0},{"damage_healed":0,"gold_gain":0,"player_choice":"Success","damage_taken":3,"relics_obtained":["Lantern"],"max_hp_gain":0,"max_hp_loss":0,"event_name":"Scrap Ooze","floor":7,"gold_loss":0},{"cards_removed":["Strike_B"],"damage_healed":0,"gold_gain":0,"player_choice":"Gave Gold","damage_taken":0,"max_hp_gain":0,"max_hp_loss":0,"event_name":"Beggar","floor":19,"gold_loss":75},{"damage_healed":0,"gold_gain":0,"player_choice":"Obtained Relic","damage_taken":0,"relics_obtained":["Sundial"],"max_hp_gain":0,"max_hp_loss":0,"event_name":"Addict","floor":21,"gold_loss":85},{"damage_healed":0,"gold_gain":0,"player_choice":"Ignored","damage_taken":0,"max_hp_gain":0,"max_hp_loss":0,"event_name":"Ghosts","floor":24,"gold_loss":0},{"damage_healed":0,"gold_gain":0,"player_choice":"Fight","damage_taken":0,"max_hp_gain":0,"max_hp_loss":0,"event_name":"MindBloom","floor":37,"gold_loss":0},{"damage_healed":0,"gold_gain":0,"player_choice":"Ignored","damage_taken":0,"max_hp_gain":0,"max_hp_loss":0,"event_name":"NoteForYourself","floor":38,"gold_loss":0}],"is_beta":false,"boss_relics":[{"not_picked":["Runic Pyramid","Cursed Key"],"picked":"Sozu"},{"not_picked":["Nuclear Battery","Fusion Hammer"],"picked":"Coffee Dripper"}],"items_purged_floors":[36,45,53],"is_endless":false,"potions_floor_spawned":[4,5,11,16,20,31,33,42,54],"ascension_level":0}}