{"host":"a5lz0e76zb3fcwkm","time":1610823258,"event":{"mods":["AchievementEnabler","BaseMod","Colored Map","Colored Powertips","Minty Spire (QoL Compilation)","StSLib","SuperFastMode"],"gold_per_floor":[119,119,137,137,137,162,173,173,197,197,211,211,30,47,47,123,123,143,177,177,77,96,128,141,141,141,168,168,183,183,58,58,130,130,145,145,163,13,13,38,48,48,48,48,48,60,72,91,91,91,91,91,91,38,68,68],"floor_reached":57,"language":"KOR","playtime":1699,"items_purged":["Strike_G","Pain","Strike_G","Defend_G"],"score":2790,"play_id":"d266e97f-50e3-4fb2-a683-e352ce9fea11","local_time":"20210117035418","is_ascension_mode":true,"campfire_choices":[{"data":"Catalyst","floor":8.0,"key":"SMITH"},{"data":"Crippling Poison","floor":10.0,"key":"SMITH"},{"data":"Adrenaline","floor":12.0,"key":"SMITH"},{"data":"Bouncing Flask","floor":15.0,"key":"SMITH"},{"data":"Deadly Poison","floor":25.0,"key":"SMITH"},{"data":"Footwork","floor":30.0,"key":"SMITH"},{"floor":32.0,"key":"RECALL"},{"data":"Concentrate","floor":42,"key":"SMITH"},{"data":"Neutralize","floor":44,"key":"SMITH"},{"data":"Master of Strategy","floor":49,"key":"SMITH"},{"data":"PiercingWail","floor":53,"key":"SMITH"}],"circlet_count":0,"master_deck":["AscendersBane","Defend_G","Defend_G","Defend_G","Defend_G","Survivor","Neutralize+1","Bouncing Flask+1","Catalyst+1","Adrenaline+1","Crippling Poison+1","Deadly Poison+1","PiercingWail+1","Footwork+1","Backflip","Concentrate+1","Master of Strategy+1","Deflect+1"],"relics":["Ring of the Snake","NeowsBlessing","Ancient Tea Set","Coffee Dripper","Red Mask","WarpedTongs","Eternal Feather","Blood Vial","Toy Ornithopter","Runic Pyramid","Bottled Lightning","Bag of Marbles","Centennial Puzzle"],"acts_visited":["Exordium","TheCity","TheBeyond","TheEnding"],"potions_floor_usage":[40,56,56],"damage_taken":[{"damage":0.0,"enemies":"Cultist","floor":1.0,"turns":1.0},{"damage":0.0,"enemies":"2 Louse","floor":3.0,"turns":1.0},{"damage":0.0,"enemies":"Lagavulin","floor":6.0,"turns":1.0},{"damage":4.0,"enemies":"Jaw Worm","floor":7.0,"turns":5.0},{"damage":4.0,"enemies":"2 Fungi Beasts","floor":11.0,"turns":3.0},{"damage":0.0,"enemies":"Looter","floor":14.0,"turns":3.0},{"damage":12.0,"enemies":"Slime Boss","floor":16.0,"turns":7.0},{"damage":2.0,"enemies":"Shell Parasite","floor":18.0,"turns":2.0},{"damage":6.0,"enemies":"Masked Bandits","floor":19.0,"turns":3.0},{"damage":0.0,"enemies":"3 Byrds","floor":22.0,"turns":4.0},{"damage":12.0,"enemies":"Gremlin Leader","floor":23.0,"turns":5.0},{"damage":0.0,"enemies":"3 Cultists","floor":24.0,"turns":4.0},{"damage":15.0,"enemies":"Slavers","floor":27.0,"turns":5.0},{"damage":0.0,"enemies":"Snecko","floor":29.0,"turns":3.0},{"damage":13.0,"enemies":"Collector","floor":33.0,"turns":4.0},{"damage":0.0,"enemies":"3 Shapes","floor":35.0,"turns":4.0},{"damage":0.0,"enemies":"3 Darklings","floor":37.0,"turns":4.0},{"damage":3,"enemies":"Nemesis","floor":40,"turns":7},{"damage":15,"enemies":"Spire Growth","floor":41,"turns":4},{"damage":9,"enemies":"Writhing Mass","floor":46,"turns":3},{"damage":0,"enemies":"Jaw Worm Horde","floor":47,"turns":4},{"damage":21,"enemies":"4 Shapes","floor":48,"turns":4},{"damage":4,"enemies":"Donu and Deca","floor":50,"turns":10},{"damage":23,"enemies":"Awakened One","floor":51,"turns":18},{"damage":9,"enemies":"Shield and Spear","floor":55,"turns":7},{"damage":49,"enemies":"The Heart","floor":56,"turns":9}],"seed_played":"-5715146724935342474","potions_obtained":[{"floor":1.0,"key":"GamblersBrew"},{"floor":6.0,"key":"ColorlessPotion"},{"floor":18.0,"key":"Ancient Potion"},{"floor":23.0,"key":"SpeedPotion"},{"floor":27.0,"key":"Swift Potion"},{"floor":37.0,"key":"ColorlessPotion"},{"floor":46,"key":"FearPotion"}],"is_trial":false,"path_per_floor":["M","?","M","?","?","E","M","R","T","R","M","R","$","M","R","B",null,"M","?","?","$","M","E","M","R","T","E","?","M","R","$","R","B",null,"M","?","M","$","?","E","M","R","T","R","?","M","M","M","R","B","B",null,"R","$","E","B",null],"character_chosen":"THE_SILENT","items_purchased":["GhostInAJar","PowerPotion"],"campfire_rested":0,"item_purchase_floors":[13,54],"current_hp_per_floor":[59,59,59,59,59,59,55,55,55,55,51,51,51,51,51,39,59,57,51,51,51,51,39,39,48,48,35,35,37,46,46,55,49,62,64,64,66,66,63,60,47,56,56,63,53,46,48,29,38,36,15,51,60,60,53,14],"gold":68,"neow_bonus":"THREE_ENEMY_KILL","is_daily":false,"chose_seed":false,"campfire_upgraded":10,"win_rate":0.0,"timestamp":1610823258,"path_taken":["M","?","?","?","?","E","M","R","T","R","M","R","$","M","R","BOSS","M","?","?","$","M","E","?","R","T","E","?","M","R","?","R","BOSS","M","?","M","$","?","E","M","R","T","R","?","M","M","M","R","BOSS","BOSS","R","$","E","BOSS"],"items_purchased_type":["Potion","Potion"],"build_version":"2020-12-22","purchased_purges":4,"victory":true,"max_hp_per_floor":[66,66,66,66,66,66,66,66,66,66,66,66,66,66,66,66,66,66,66,66,66,66,66,66,66,66,66,66,66,66,66,66,66,66,66,66,66,66,63,63,63,63,63,63,63,63,63,63,63,63,63,63,63,63,63,63],"card_choices":[{"not_picked":["Distraction","Flying Knee"],"picked":"Bouncing Flask","floor":1.0},{"not_picked":["Slice","Bane"],"picked":"Catalyst","floor":3.0},{"not_picked":["Deflect","Dodge and Roll"],"picked":"Crippling Poison","floor":6.0},{"not_picked":["Poisoned Stab","Slice"],"picked":"Deadly Poison","floor":7.0},{"not_picked":["Cloak And Dagger","Sucker Punch"],"picked":"PiercingWail","floor":11.0},{"not_picked":["Prepared","Endless Agony","Terror"],"picked":"SKIP","floor":14.0},{"not_picked":["Leg Sweep","Deadly Poison","Heel Hook"],"picked":"SKIP","floor":18.0},{"not_picked":["Predator","Outmaneuver","PiercingWail"],"picked":"SKIP","floor":22.0},{"not_picked":["Storm of Steel","Dodge and Roll","Finisher"],"picked":"SKIP","floor":23.0},{"not_picked":["Heel Hook+1","Sucker Punch","Choke"],"picked":"SKIP","floor":24.0},{"not_picked":["Finisher","Dodge and Roll","Poisoned Stab"],"picked":"SKIP","floor":27.0},{"not_picked":["Predator","Underhanded Strike"],"picked":"Backflip","floor":29.0},{"not_picked":["Predator","Cloak And Dagger","Sucker Punch"],"picked":"SKIP","floor":35.0},{"not_picked":["PiercingWail","Dodge and Roll+1"],"picked":"Concentrate","floor":37.0},{"not_picked":["Backflip","Endless Agony","Underhanded Strike"],"picked":"SKIP","floor":40},{"not_picked":["Glass Knife","PiercingWail","Slice"],"picked":"SKIP","floor":41},{"not_picked":["Dark Shackles","Trip"],"picked":"Master of Strategy","floor":45},{"not_picked":["Quick Slash+1","Sucker Punch","Backstab+1"],"picked":"SKIP","floor":46},{"not_picked":["Eviscerate","Flying Knee+1","Deflect"],"picked":"SKIP","floor":47},{"not_picked":["Flying Knee+1","Footwork"],"picked":"Deflect+1","floor":48},{"not_picked":["Escape Plan","Quick Slash","Masterful Stab+1"],"picked":"SKIP","floor":55}],"player_experience":1755228,"relics_obtained":[{"floor":6.0,"key":"Ancient Tea Set"},{"floor":19.0,"key":"Red Mask"},{"floor":23.0,"key":"Eternal Feather"},{"floor":26.0,"key":"Blood Vial"},{"floor":27.0,"key":"Toy Ornithopter"},{"floor":40,"key":"Bottled Lightning"},{"floor":43,"key":"Bag of Marbles"},{"floor":55,"key":"Centennial Puzzle"}],"event_choices":[{"cards_removed":["Strike_G"],"damage_healed":0.0,"max_hp_gain":0.0,"max_hp_loss":0.0,"gold_gain":0.0,"event_name":"Bonfire Elementals","player_choice":"Offered Basic","floor":2.0,"gold_loss":0.0,"damage_taken":0.0},{"damage_healed":0.0,"max_hp_gain":0.0,"max_hp_loss":0.0,"gold_gain":0.0,"cards_transformed":["Strike_G"],"event_name":"Living Wall","player_choice":"Change","floor":4.0,"gold_loss":0.0,"damage_taken":0.0,"cards_obtained":["Adrenaline"]},{"damage_healed":0.0,"max_hp_gain":0.0,"max_hp_loss":0.0,"gold_gain":0.0,"event_name":"Liars Game","player_choice":"Ignored","floor":5.0,"gold_loss":0.0,"damage_taken":0.0},{"damage_healed":0.0,"max_hp_gain":0.0,"max_hp_loss":0.0,"gold_gain":0.0,"event_name":"Masked Bandits","player_choice":"Fought Bandits","floor":19.0,"gold_loss":0.0,"damage_taken":0.0},{"damage_healed":0.0,"max_hp_gain":0.0,"max_hp_loss":0.0,"gold_gain":0.0,"event_name":"Accursed Blacksmith","player_choice":"Rummage","floor":20.0,"gold_loss":0.0,"damage_taken":0.0,"relics_obtained":["WarpedTongs"],"cards_obtained":["Pain"]},{"damage_healed":0.0,"max_hp_gain":0.0,"max_hp_loss":0.0,"gold_gain":0.0,"event_name":"The Library","player_choice":"Read","floor":28.0,"gold_loss":0.0,"damage_taken":0.0,"cards_obtained":["Footwork"]},{"cards_removed":["Strike_G"],"damage_healed":0.0,"max_hp_gain":0.0,"max_hp_loss":0.0,"gold_gain":0.0,"event_name":"Falling","player_choice":"Removed Attack","floor":36.0,"gold_loss":0.0,"damage_taken":0.0},{"damage_healed":0.0,"max_hp_gain":0.0,"max_hp_loss":3.0,"gold_gain":0.0,"event_name":"Winding Halls","player_choice":"Max HP","floor":39.0,"gold_loss":0.0,"damage_taken":0.0},{"damage_healed":0,"gold_gain":0,"player_choice":"Memory 3","damage_taken":10,"max_hp_gain":0,"max_hp_loss":0,"event_name":"SensoryStone","floor":45,"gold_loss":0}],"is_beta":false,"boss_relics":[{"not_picked":["Astrolabe","Black Star"],"picked":"Coffee Dripper"},{"not_picked":["SacredBark","Ring of the Serpent"],"picked":"Runic Pyramid"}],"items_purged_floors":[13,21,31,38],"is_endless":false,"potions_floor_spawned":[1,6,14,18,23,27,37,46,55],"ascension_level":20}}