{"host":"sygfylmorsvdndbx","time":1610829165,"event":{"mods":["AchievementEnabler","BaseMod","Minty Spire (QoL Compilation)","Quick Restart","Relic Stats"],"gold_per_floor":[366,9,9,26,36,64,64,99,99,99,124,134,134,80,80,185,185,198,198,184,39,58,92,107,69,96,128,148,165,165,165,165,269,269,285,300,349,360,379,379,408,425,425,475,475,475,487,519,519,519,519,519,107,142,142],"floor_reached":56,"language":"ENG","playtime":7546,"items_purged":["Strike_R","Strike_R"],"score":1417,"play_id":"7a9330d6-2f71-4ab2-8f7a-220af7fde6ea","local_time":"20210116153245","is_ascension_mode":false,"campfire_choices":[{"data":"Wild Strike","floor":10,"key":"SMITH"},{"data":"Fire Breathing","floor":13,"key":"SMITH"},{"data":"Bash","floor":15,"key":"SMITH"},{"data":"Corruption","floor":30,"key":"SMITH"},{"data":"Inflame","floor":32,"key":"SMITH"},{"data":"Barricade","floor":40,"key":"SMITH"},{"floor":49,"key":"RECALL"},{"data":"Dark Embrace","floor":52,"key":"SMITH"}],"circlet_count":0,"master_deck":["Strike_R","Strike_R","Defend_R","Defend_R","Defend_R+1","Defend_R","Bash+1","Fire Breathing+1","Feed","Flame Barrier","Wild Strike+1","Corruption+1","Feel No Pain","Pommel Strike","Burning Pact+1","Shrug It Off","Offering","Clothesline+1","Feel No Pain+1","Exhume","Feel No Pain+1","Sentinel","Body Slam+1","Shockwave","Inflame+1","Shrug It Off","Flame Barrier+1","Barricade+1","Dark Embrace+1","Warcry+1","Shrug It Off","Entrench","Pommel Strike+1","Shrug It Off+1","Deep Breath","Master of Strategy"],"relics":["Burning Blood","Pear","Sundial","Ornamental Fan","Bird Faced Urn","Black Star","Orrery","Centennial Puzzle","Tiny Chest","Bag of Marbles","Unceasing Top","Mark of Pain","Peace Pipe","Bag of Preparation","Anchor","Ginger","CaptainsWheel","Shuriken","Oddly Smooth Stone","War Paint","ClockworkSouvenir","Boot","Blood Vial"],"acts_visited":["Exordium","TheCity","TheBeyond","TheEnding"],"potions_floor_usage":[6,6,11,20,24,27,33,33,37,44,55],"damage_taken":[{"damage":4,"enemies":"2 Louse","floor":1,"turns":3},{"damage":10,"enemies":"Cultist","floor":4,"turns":5},{"damage":8,"enemies":"Jaw Worm","floor":5,"turns":4},{"damage":18,"enemies":"Gremlin Nob","floor":6,"turns":5},{"damage":37,"enemies":"Lagavulin","floor":8,"turns":9},{"damage":15,"enemies":"Gremlin Nob","floor":11,"turns":4},{"damage":9,"enemies":"3 Louse","floor":12,"turns":4},{"damage":22,"enemies":"Hexaghost","floor":16,"turns":10},{"damage":10,"enemies":"Shell Parasite","floor":18,"turns":5},{"damage":14,"enemies":"2 Thieves","floor":20,"turns":4},{"damage":14,"enemies":"3 Cultists","floor":22,"turns":7},{"damage":43,"enemies":"Slavers","floor":23,"turns":7},{"damage":13,"enemies":"Chosen and Byrds","floor":24,"turns":8},{"damage":44,"enemies":"Gremlin Leader","floor":27,"turns":7},{"damage":0,"enemies":"Snake Plant","floor":28,"turns":4},{"damage":5,"enemies":"Snecko","floor":29,"turns":6},{"damage":68,"enemies":"Automaton","floor":33,"turns":12},{"damage":14,"enemies":"3 Shapes","floor":35,"turns":6},{"damage":6,"enemies":"3 Darklings","floor":36,"turns":9},{"damage":64,"enemies":"2 Orb Walkers","floor":37,"turns":8},{"damage":25,"enemies":"Spire Growth","floor":38,"turns":6},{"damage":2,"enemies":"Maw","floor":39,"turns":7},{"damage":6,"enemies":"Giant Head","floor":41,"turns":8},{"damage":6,"enemies":"Transient","floor":42,"turns":5},{"damage":6,"enemies":"Mind Bloom Boss Battle","floor":44,"turns":3},{"damage":6,"enemies":"Sphere and 2 Shapes","floor":47,"turns":5},{"damage":6,"enemies":"Nemesis","floor":48,"turns":7},{"damage":9,"enemies":"Donu and Deca","floor":50,"turns":5},{"damage":6,"enemies":"Shield and Spear","floor":54,"turns":6},{"damage":7,"enemies":"The Heart","floor":55,"turns":7}],"seed_played":"-1240931255042775916","potions_obtained":[{"floor":1,"key":"Fruit Juice"},{"floor":4,"key":"Fire Potion"},{"floor":6,"key":"SteroidPotion"},{"floor":18,"key":"SpeedPotion"},{"floor":20,"key":"EssenceOfSteel"},{"floor":24,"key":"ElixirPotion"},{"floor":28,"key":"AttackPotion"},{"floor":33,"key":"SkillPotion"},{"floor":36,"key":"DistilledChaos"},{"floor":38,"key":"Regen Potion"},{"floor":42,"key":"Fruit Juice"},{"floor":44,"key":"Energy Potion"},{"floor":47,"key":"Regen Potion"},{"floor":54,"key":"DuplicationPotion"}],"is_trial":false,"path_per_floor":["M","$","?","M","M","E","?","E","T","R","E","M","R","$","R","B",null,"M","?","M","$","M","E","M","$","T","E","M","M","R","$","R","B",null,"M","M","?","M","M","R","E","M","T","?","T","?","M","E","R","B",null,"R","$","E","B",null],"character_chosen":"IRONCLAD","items_purchased":["Feed","Flame Barrier","Block Potion","Shrug It Off","Orrery","Inflame","Master of Strategy","ClockworkSouvenir"],"campfire_rested":0,"item_purchase_floors":[2,2,2,14,21,25,53,53],"current_hp_per_floor":[72,72,77,76,74,72,72,44,44,44,35,41,41,41,41,31,96,99,90,84,84,89,65,66,66,66,43,53,67,67,67,67,22,116,119,122,79,74,94,94,113,127,127,133,133,123,136,136,136,139,139,139,139,145,145],"gold":142,"neow_bonus":"TWO_FIFTY_GOLD","is_daily":false,"chose_seed":false,"campfire_upgraded":7,"win_rate":0.0,"timestamp":1610829165,"path_taken":["M","$","?","M","M","E","?","E","T","R","E","M","R","$","R","BOSS","M","?","M","$","?","E","M","$","T","E","M","M","R","?","R","BOSS","M","M","?","M","M","R","E","M","T","?","?","?","M","E","R","BOSS","R","$","E","BOSS"],"items_purchased_type":["Card","Card","Potion","Card","Relic","Card","Card","Relic"],"build_version":"2020-12-22","purchased_purges":2,"victory":true,"max_hp_per_floor":[72,72,77,80,80,90,90,93,93,93,93,96,96,96,96,96,96,99,99,99,99,102,105,105,105,105,108,108,111,111,111,111,116,116,119,122,125,125,125,125,128,128,128,133,133,133,136,136,136,139,139,139,139,145,145],"relic_stats":{"counters":[30,186],"Bag of Preparation":[14],"Ginger":[2],"War Paint":["Defend_R","Burning Pact"],"Boot":[0],"Burning Blood":148,"Peace Pipe":0,"Blood Vial":0,"Centennial Puzzle":[51],"Sundial":[28],"Ornamental Fan":[100],"Shuriken":[8],"Bird Faced Urn":[209],"Tiny Chest":1,"Black Star":5,"obtain_stats":[{"Pear":6,"Oddly Smooth Stone":48,"Bag of Preparation":41,"Ginger":43,"War Paint":48,"Boot":54,"Burning Blood":0,"ClockworkSouvenir":53,"Peace Pipe":37,"Blood Vial":54,"Centennial Puzzle":23,"Anchor":41,"CaptainsWheel":44,"Sundial":8,"Ornamental Fan":9,"Shuriken":45,"Bird Faced Urn":11,"Orrery":21,"Tiny Chest":23,"Mark of Pain":34,"Black Star":17,"Bag of Marbles":27,"Unceasing Top":27},{"Pear":4,"Oddly Smooth Stone":27,"Bag of Preparation":23,"Ginger":24,"War Paint":27,"Boot":29,"Burning Blood":0,"ClockworkSouvenir":28,"Peace Pipe":20,"Blood Vial":29,"Centennial Puzzle":12,"Anchor":23,"CaptainsWheel":25,"Sundial":5,"Ornamental Fan":5,"Shuriken":25,"Bird Faced Urn":6,"Orrery":10,"Tiny Chest":12,"Mark of Pain":17,"Black Star":8,"Bag of Marbles":14,"Unceasing Top":14},{"Pear":17,"Oddly Smooth Stone":168,"Bag of Preparation":148,"Ginger":153,"War Paint":168,"Boot":179,"Burning Blood":0,"ClockworkSouvenir":173,"Peace Pipe":127,"Blood Vial":179,"Centennial Puzzle":67,"Anchor":148,"CaptainsWheel":156,"Sundial":26,"Ornamental Fan":26,"Shuriken":156,"Bird Faced Urn":30,"Orrery":53,"Tiny Chest":67,"Mark of Pain":104,"Black Star":44,"Bag of Marbles":82,"Unceasing Top":82}],"Unceasing Top":[5]},"card_choices":[{"not_picked":["Wild Strike","Twin Strike"],"picked":"Fire Breathing","floor":1},{"not_picked":["Thunderclap","Sentinel"],"picked":"Wild Strike","floor":4},{"not_picked":["Sword Boomerang","Warcry"],"picked":"Corruption","floor":5},{"not_picked":["Twin Strike","Havoc","Armaments"],"picked":"SKIP","floor":6},{"not_picked":["Clothesline","Uppercut"],"picked":"Feel No Pain","floor":8},{"not_picked":["Warcry","Heavy Blade"],"picked":"Pommel Strike","floor":11},{"not_picked":["Rampage","Dropkick"],"picked":"Burning Pact","floor":12},{"not_picked":["Corruption","Juggernaut"],"picked":"Offering","floor":16},{"not_picked":["Whirlwind","Iron Wave","Sever Soul"],"picked":"SKIP","floor":18},{"not_picked":["Warcry","Iron Wave"],"picked":"Clothesline+1","floor":20},{"not_picked":["Clash","Shrug It Off"],"picked":"Feel No Pain+1","floor":21},{"not_picked":["Clash","Perfected Strike"],"picked":"Exhume","floor":21},{"not_picked":["Twin Strike","Anger"],"picked":"Feel No Pain+1","floor":21},{"not_picked":["Thunderclap+1","Clothesline"],"picked":"Sentinel","floor":21},{"not_picked":["True Grit","Perfected Strike+1"],"picked":"Body Slam+1","floor":22},{"not_picked":["Fiend Fire","Thunderclap"],"picked":"Shockwave","floor":23},{"not_picked":["Sword Boomerang","Pommel Strike","Anger"],"picked":"SKIP","floor":24},{"not_picked":["Power Through","Headbutt"],"picked":"Shrug It Off","floor":27},{"not_picked":["Perfected Strike+1","Corruption","Thunderclap"],"picked":"SKIP","floor":28},{"not_picked":["Wild Strike","Metallicize+1"],"picked":"Flame Barrier+1","floor":29},{"not_picked":["Immolate","Corruption"],"picked":"Barricade","floor":33},{"not_picked":["Rampage","Evolve"],"picked":"Dark Embrace","floor":35},{"not_picked":["Armaments","Metallicize","Rampage"],"picked":"SKIP","floor":36},{"not_picked":["Fire Breathing","Iron Wave+1"],"picked":"Warcry+1","floor":37},{"not_picked":["Dark Embrace","Clash"],"picked":"Shrug It Off","floor":38},{"not_picked":["Perfected Strike","Havoc","Sever Soul"],"picked":"SKIP","floor":39},{"not_picked":["True Grit","Thunderclap+1"],"picked":"Entrench","floor":41},{"not_picked":["Intimidate","Juggernaut"],"picked":"Pommel Strike+1","floor":42},{"not_picked":["Metallicize+1","Clothesline"],"picked":"Shrug It Off+1","floor":44},{"not_picked":["Jack Of All Trades","Good Instincts"],"picked":"Deep Breath","floor":46},{"not_picked":["Clothesline","Pommel Strike+1","Clash+1"],"picked":"SKIP","floor":47},{"not_picked":["Metallicize","Spot Weakness+1","Iron Wave+1"],"picked":"SKIP","floor":48},{"not_picked":["Metallicize","Spot Weakness+1","Iron Wave+1"],"picked":"SKIP","floor":48},{"not_picked":["Havoc+1","Corruption","Wild Strike+1"],"picked":"SKIP","floor":54}],"player_experience":245485,"relics_obtained":[{"floor":6,"key":"Pear"},{"floor":8,"key":"Sundial"},{"floor":9,"key":"Ornamental Fan"},{"floor":11,"key":"Bird Faced Urn"},{"floor":23,"key":"Centennial Puzzle"},{"floor":23,"key":"Tiny Chest"},{"floor":27,"key":"Bag of Marbles"},{"floor":27,"key":"Unceasing Top"},{"floor":37,"key":"Peace Pipe"},{"floor":41,"key":"Bag of Preparation"},{"floor":41,"key":"Anchor"},{"floor":43,"key":"Ginger"},{"floor":44,"key":"CaptainsWheel"},{"floor":45,"key":"Shuriken"},{"floor":48,"key":"Oddly Smooth Stone"},{"floor":48,"key":"War Paint"},{"floor":54,"key":"Boot"},{"floor":54,"key":"Blood Vial"}],"event_choices":[{"damage_healed":0,"gold_gain":0,"player_choice":"Donut","damage_taken":0,"max_hp_gain":5,"max_hp_loss":0,"event_name":"Big Fish","floor":3,"gold_loss":0},{"cards_removed":["Strike_R"],"damage_healed":0,"gold_gain":0,"player_choice":"Forget","damage_taken":0,"max_hp_gain":0,"max_hp_loss":0,"event_name":"Living Wall","floor":7,"gold_loss":0},{"damage_healed":0,"gold_gain":0,"player_choice":"Damaged","damage_taken":9,"max_hp_gain":0,"max_hp_loss":0,"event_name":"Wheel of Change","floor":19,"gold_loss":0},{"damage_healed":0,"gold_gain":0,"player_choice":"Fight","damage_taken":0,"max_hp_gain":0,"max_hp_loss":0,"event_name":"Mysterious Sphere","floor":37,"gold_loss":0},{"damage_healed":0,"gold_gain":0,"player_choice":"Fight","damage_taken":0,"max_hp_gain":0,"max_hp_loss":0,"event_name":"MindBloom","floor":44,"gold_loss":0},{"damage_healed":0,"gold_gain":0,"player_choice":"Memory 3","damage_taken":10,"max_hp_gain":0,"max_hp_loss":0,"event_name":"SensoryStone","floor":46,"gold_loss":0}],"is_beta":false,"boss_relics":[{"not_picked":["Philosopher\u0027s Stone","Sozu"],"picked":"Black Star"},{"not_picked":["Velvet Choker","Runic Pyramid"],"picked":"Mark of Pain"}],"items_purged_floors":[2,53],"is_endless":false,"potions_floor_spawned":[1,4,6,18,20,24,28,33,36,38,42,44,47,54],"ascension_level":0}}