{"host":"gs1893ozzou3j7d3","time":1610763063,"event":{"mods":["BaseMod","Colored Map","DeckTracker","Minty Spire (QoL Compilation)","SuperFastMode","Voiceroid Mod"],"gold_per_floor":[212,231,15,15,15,48,48,64,64,77,110,165,16,32,32,137,137,153,153,164,164,176,176,190,190,214,214,230,230,0,15,15,114,114,131,131,147,147,162,162,172,207,232,252,264,275,0,0,0,0],"floor_reached":51,"language":"JPN","playtime":8787,"items_purged":[],"score":866,"play_id":"7ebbcc4b-a078-4330-90c7-9bf53ffadd8f","local_time":"20210116111103","is_ascension_mode":false,"campfire_choices":[{"data":"DoubleEntrySystem_KTNH","floor":7,"key":"SMITH"},{"data":"MagicalStick_KTNH","floor":15,"key":"SMITH"},{"data":"DoubleEntrySystem_KTNH","floor":23,"key":"SMITH"},{"floor":25,"key":"REST"},{"data":"DoubleEntrySystem_KTNH","floor":32,"key":"SMITH"},{"data":"Harisen_KTNH","floor":40,"key":"SMITH"},{"floor":49,"key":"REST"}],"circlet_count":0,"master_deck":["BlueShot_KTNH","BlueShot_KTNH","RedSlash_KTNH","RedSlash_KTNH","MySistersThought_KTNH+1","Harisen_KTNH+1","DropKick_KTNH","MagicStick_KTNH","ConsecutiveAttack_KTNH","BatonTouch_KTNH+1","DropKick_KTNH","Regret","DoubleEntrySystem_KTNH+1","Waterfall_KTNH","Waterfall_KTNH","MagicalStick_KTNH+1","Runaway_KTNH","AlongingForMySister_KTNH","BlizzardWall_KTNH","Akanenium_KTNH","CombinationAttack_KTNH","Change_KTNH","DoubleEntrySystem_KTNH+1","FireWall_KTNH","AlongingForMySister_KTNH","CombinationAttack_KTNH+1","CombinationAttack_KTNH+1","TwinAttack_KTNH","Writhe","Waterfall_KTNH+1","TheMeaningOfMySister_KTNH","DoubleEntrySystem_KTNH+1","TwinDraw_KTNH","DoubleEntrySystem_KTNH+1","ElderSistersPrey_KTNH","RoundhouseKick_KTNH+1","BlizzardWall_KTNH+1","Madness","Violence","MeteorNight_AKR+1","Waterfall_KTNH+1","ConsecutiveAttack_KTNH+1","TwinAttack_KTNH+1","DropKick_KTNH","Waterfall_KTNH","Appointment_KTNH+1","TwinAttack_KTNH+1","TwinAttack_KTNH+1","FireWall_KTNH+1","Change_KTNH","Dynasty_KTNH","FireWall_KTNH+1","Appointment_KTNH+1","AbsoluteTemperature_KTNH","Runaway_KTNH","EndlessColor_KTNH","Chrysalis","Madness"],"relics":["KotonohaSisters","NeowsBlessing","War Paint","Pear","Toy Ornithopter","Orichalcum","Prayer Wheel","Bag of Preparation","Runic Dome","Meat on the Bone","Oddly Smooth Stone","Regal Pillow","Membership Card","Art of War","Snecko Eye","Anchor","Bronze Scales","Red Mask"],"acts_visited":["Exordium","TheCity","TheBeyond"],"potions_floor_usage":[12,42,50,50,50],"damage_taken":[{"damage":0,"enemies":"Jaw Worm","floor":1,"turns":1},{"damage":0,"enemies":"Small Slimes","floor":2,"turns":1},{"damage":0,"enemies":"Lagavulin","floor":6,"turns":1},{"damage":0,"enemies":"Cultist","floor":8,"turns":1},{"damage":0,"enemies":"Large Slime","floor":10,"turns":1},{"damage":11,"enemies":"Gremlin Nob","floor":11,"turns":3},{"damage":9,"enemies":"3 Sentries","floor":12,"turns":4},{"damage":11,"enemies":"Exordium Thugs","floor":14,"turns":4},{"damage":52,"enemies":"Hexaghost","floor":16,"turns":8},{"damage":10,"enemies":"2 Thieves","floor":18,"turns":3},{"damage":0,"enemies":"Spheric Guardian","floor":20,"turns":1},{"damage":18,"enemies":"Shelled Parasite and Fungi","floor":22,"turns":4},{"damage":29,"enemies":"Sentry and Sphere","floor":24,"turns":4},{"damage":0,"enemies":"Snake Plant","floor":28,"turns":2},{"damage":4,"enemies":"3 Cultists","floor":31,"turns":4},{"damage":27,"enemies":"Champ","floor":33,"turns":6},{"damage":4,"enemies":"Orb Walker","floor":35,"turns":2},{"damage":31,"enemies":"3 Shapes","floor":37,"turns":3},{"damage":8,"enemies":"Jaw Worm Horde","floor":39,"turns":2},{"damage":21,"enemies":"Writhing Mass","floor":41,"turns":5},{"damage":32,"enemies":"Reptomancer","floor":42,"turns":5},{"damage":15,"enemies":"4 Shapes","floor":44,"turns":6},{"damage":9,"enemies":"Spire Growth","floor":45,"turns":6},{"damage":24,"enemies":"Maw","floor":46,"turns":6},{"damage":74,"enemies":"Donu and Deca","floor":50,"turns":8}],"seed_played":"-6853295229113658216","potions_obtained":[{"floor":2,"key":"Ancient Potion"},{"floor":8,"key":"Explosive Potion"},{"floor":10,"key":"Strength Potion"},{"floor":12,"key":"Weak Potion"},{"floor":16,"key":"Fire Potion"},{"floor":24,"key":"Strength Potion"},{"floor":44,"key":"Dexterity Potion"}],"is_trial":false,"path_per_floor":["M","M","$","?","?","E","R","M","T","M","E","?","$","M","R","B",null,"M","?","M","T","M","R","M","R","T","?","M","?","$","M","R","B",null,"M","?","M","?","M","R","M","E","T","M","M","M","$","?","R","B",null],"character_chosen":"Kotonoha","items_purchased":["BatonTouch_KTNH","War Paint","DropKick_KTNH","Bag of Preparation","Membership Card","Art of War","AbsoluteTemperature_KTNH","Runaway_KTNH","EndlessColor_KTNH","Chrysalis","Madness"],"campfire_rested":2,"item_purchase_floors":[3,3,3,13,30,30,47,47,47,47,47],"current_hp_per_floor":[80,80,80,90,100,100,100,100,100,100,89,85,85,74,74,22,100,90,70,70,70,64,64,47,78,78,78,78,78,78,74,74,59,105,101,91,60,60,64,64,55,40,40,37,40,28,28,28,74,65],"gold":0,"neow_bonus":"THREE_ENEMY_KILL","is_daily":false,"chose_seed":false,"campfire_upgraded":5,"win_rate":0.0,"timestamp":1610763063,"path_taken":["M","M","$","?","?","E","R","M","T","?","E","?","?","?","R","BOSS","M","?","M","?","M","R","?","R","T","?","M","?","$","?","R","BOSS","M","?","M","?","M","R","?","E","T","M","M","M","$","?","R","BOSS"],"items_purchased_type":["Card","Relic","Card","Relic","Relic","Relic","Card","Card","Card","Card","Card"],"build_version":"2020-12-22","purchased_purges":0,"victory":true,"max_hp_per_floor":[80,80,80,90,100,100,100,100,100,100,100,100,100,100,100,100,100,100,105,105,105,105,105,105,105,105,105,105,105,105,105,105,105,105,105,105,105,105,105,105,105,105,105,105,105,105,105,105,105,105],"card_choices":[{"not_picked":["DropKick_KTNH","TheMeaningOfMySister_KTNH"],"picked":"MagicStick_KTNH","floor":1},{"not_picked":["Waterfall_KTNH","DropKick_KTNH"],"picked":"ConsecutiveAttack_KTNH","floor":2},{"not_picked":["RoundhouseKick_KTNH","Change_KTNH"],"picked":"DoubleEntrySystem_KTNH","floor":6},{"not_picked":["BatonTouch_KTNH","EndlessColor_KTNH"],"picked":"Waterfall_KTNH","floor":8},{"not_picked":["Confiscation_KTNH","BatonTouch_KTNH"],"picked":"Waterfall_KTNH","floor":10},{"not_picked":["Waterfall_KTNH","DoubleEntrySystem_KTNH"],"picked":"MagicalStick_KTNH","floor":11},{"not_picked":["RoundhouseKick_KTNH","EndlessColor_KTNH"],"picked":"Runaway_KTNH","floor":12},{"not_picked":["FireWall_KTNH","Waterfall_KTNH"],"picked":"AlongingForMySister_KTNH","floor":14},{"not_picked":["Harisen_KTNH","ConsecutiveAttack_KTNH"],"picked":"BlizzardWall_KTNH","floor":14},{"not_picked":["MySistersThought_KTNH","Aoinium_KTNH"],"picked":"Akanenium_KTNH","floor":16},{"not_picked":["BlizzardWall_KTNH","Runaway_KTNH"],"picked":"CombinationAttack_KTNH","floor":18},{"not_picked":["Dynasty_KTNH","Runaway_KTNH+1"],"picked":"Change_KTNH","floor":18},{"not_picked":["Runaway_KTNH+1","Waterfall_KTNH"],"picked":"DoubleEntrySystem_KTNH","floor":20},{"not_picked":["DropKick_KTNH","DoubleEntrySystem_KTNH"],"picked":"FireWall_KTNH","floor":20},{"not_picked":["EndlessColor_KTNH","Appointment_KTNH"],"picked":"AlongingForMySister_KTNH","floor":22},{"not_picked":["Change_KTNH","BlizzardWall_KTNH"],"picked":"CombinationAttack_KTNH+1","floor":22},{"not_picked":["MagicStick_KTNH+1","Harisen_KTNH"],"picked":"CombinationAttack_KTNH+1","floor":24},{"not_picked":["BatonTouch_KTNH+1","RoundhouseKick_KTNH"],"picked":"TwinAttack_KTNH","floor":24},{"not_picked":["BlizzardWall_KTNH","EndlessColor_KTNH"],"picked":"Waterfall_KTNH+1","floor":28},{"not_picked":["AlongingForMySister_KTNH","FireWall_KTNH"],"picked":"TheMeaningOfMySister_KTNH","floor":28},{"not_picked":["Change_KTNH","BlizzardWall_KTNH"],"picked":"TwinDraw_KTNH","floor":31},{"not_picked":["TheMeaningOfMySister_KTNH+1","RoundhouseKick_KTNH+1"],"picked":"DoubleEntrySystem_KTNH","floor":31},{"not_picked":["MySistersThought_KTNH","SuperClassClassicShrimpCannon_KTNH"],"picked":"ElderSistersPrey_KTNH","floor":33},{"not_picked":["Appointment_KTNH+1","CombinationAttack_KTNH"],"picked":"RoundhouseKick_KTNH+1","floor":35},{"not_picked":["DropKick_KTNH","TheMeaningOfMySister_KTNH+1"],"picked":"BlizzardWall_KTNH+1","floor":35},{"not_picked":["Dramatic Entrance","Deep Breath"],"picked":"Madness","floor":36},{"not_picked":["Deep Breath","PanicButton"],"picked":"Violence","floor":36},{"not_picked":["Forethought","Secret Weapon"],"picked":"MeteorNight_AKR","floor":36},{"not_picked":["Appointment_KTNH","Runaway_KTNH"],"picked":"Waterfall_KTNH+1","floor":37},{"not_picked":["BlizzardWall_KTNH","TwinAttack_KTNH"],"picked":"ConsecutiveAttack_KTNH+1","floor":37},{"not_picked":["Akanenium_KTNH","TheMeaningOfMySister_KTNH+1"],"picked":"TwinAttack_KTNH+1","floor":39},{"not_picked":["MagicStick_KTNH+1","TheMeaningOfMySister_KTNH+1"],"picked":"DropKick_KTNH","floor":39},{"not_picked":["BatonTouch_KTNH+1","Appointment_KTNH"],"picked":"Waterfall_KTNH","floor":41},{"not_picked":["TheMeaningOfMySister_KTNH+1","RoundhouseKick_KTNH"],"picked":"Appointment_KTNH+1","floor":41},{"not_picked":["Akanenium_KTNH","ConsecutiveAttack_KTNH+1"],"picked":"TwinAttack_KTNH+1","floor":42},{"not_picked":["MagicStick_KTNH+1","Confiscation_KTNH"],"picked":"TwinAttack_KTNH+1","floor":44},{"not_picked":["Confiscation_KTNH","ConsecutiveAttack_KTNH+1"],"picked":"FireWall_KTNH+1","floor":44},{"not_picked":["BlizzardWall_KTNH","AlongingForMySister_KTNH"],"picked":"Change_KTNH","floor":45},{"not_picked":["ConsecutiveAttack_KTNH","Waterfall_KTNH"],"picked":"Dynasty_KTNH","floor":45},{"not_picked":["Harisen_KTNH+1","CombinationAttack_KTNH+1"],"picked":"FireWall_KTNH+1","floor":46},{"not_picked":["ConsecutiveAttack_KTNH","EndlessColor_KTNH"],"picked":"Appointment_KTNH+1","floor":46}],"player_experience":577103,"relics_obtained":[{"floor":6,"key":"Toy Ornithopter"},{"floor":11,"key":"Orichalcum"},{"floor":21,"key":"Meat on the Bone"},{"floor":26,"key":"Oddly Smooth Stone"},{"floor":42,"key":"Anchor"},{"floor":43,"key":"Bronze Scales"}],"event_choices":[{"damage_healed":0,"gold_gain":0,"player_choice":"Box","damage_taken":0,"relics_obtained":["Pear"],"max_hp_gain":0,"max_hp_loss":0,"event_name":"Big Fish","floor":4,"gold_loss":0,"cards_obtained":["Regret"]},{"cards_removed":["MySistersThought_KTNH"],"damage_healed":0,"gold_gain":0,"player_choice":"Offered Rare","damage_taken":0,"max_hp_gain":10,"max_hp_loss":0,"event_name":"Bonfire Elementals","floor":5,"gold_loss":0},{"damage_healed":0,"gold_gain":0,"player_choice":"Searched \u00273\u0027 times","damage_taken":0,"relics_obtained":["Prayer Wheel"],"max_hp_gain":0,"max_hp_loss":0,"event_name":"Dead Adventurer","floor":12,"gold_loss":0},{"damage_healed":0,"gold_gain":0,"player_choice":"Shed Blood","damage_taken":25,"max_hp_gain":5,"max_hp_loss":0,"event_name":"Forgotten Altar","floor":19,"gold_loss":0},{"damage_healed":0,"gold_gain":0,"player_choice":"Opened","damage_taken":0,"relics_obtained":["Regal Pillow"],"max_hp_gain":0,"max_hp_loss":0,"event_name":"The Mausoleum","floor":27,"gold_loss":0,"cards_obtained":["Writhe"]},{"damage_healed":0,"gold_gain":0,"player_choice":"Copied","damage_taken":0,"max_hp_gain":0,"max_hp_loss":0,"event_name":"Duplicator","floor":29,"gold_loss":0,"cards_obtained":["DoubleEntrySystem_KTNH"]},{"damage_healed":0,"gold_gain":0,"player_choice":"Memory 3","damage_taken":10,"max_hp_gain":0,"max_hp_loss":0,"event_name":"SensoryStone","floor":36,"gold_loss":0},{"damage_healed":0,"gold_gain":0,"player_choice":"Upgraded","damage_taken":0,"max_hp_gain":0,"max_hp_loss":0,"event_name":"Upgrade Shrine","floor":38,"gold_loss":0,"cards_upgraded":["MeteorNight_AKR"]},{"damage_healed":0,"gold_gain":0,"player_choice":"Paid","damage_taken":0,"relics_obtained":["Red Mask"],"max_hp_gain":0,"max_hp_loss":0,"event_name":"Tomb of Lord Red Mask","floor":48,"gold_loss":0}],"is_beta":false,"boss_relics":[{"not_picked":["Fusion Hammer","Sozu"],"picked":"Runic Dome"},{"not_picked":["Runic Pyramid","Busted Crown"],"picked":"Snecko Eye"}],"items_purged_floors":[],"is_endless":false,"potions_floor_spawned":[2,8,10,12,16,18,24,28,35,44,45],"ascension_level":0}}