{"host":"mbj2cbgnaexp1bjw","time":1610782269,"event":{"mods":["BaseMod","DNKmod","Energized Spire","Friendly Minions","Grow up Mod","Highlight Path","Minty Spire (QoL Compilation)","Remove Card Discount Mod","Replay The Spire","Spicy Shops","StSLib","The Servant 0.9.4"],"gold_per_floor":[1018,983,997,997,1008,1033,1033,1068,1068,1068,1085,1085,1102,1129,1129,1129,1129],"floor_reached":16,"language":"ZHS","playtime":583,"items_purged":[],"score":217,"play_id":"79db9285-e00b-4d16-b79f-bac06f8a18b9","local_time":"20210116153109","is_ascension_mode":true,"campfire_choices":[{"data":"FanOfKnives","floor":7.0,"key":"SMITH"},{"floor":12.0,"key":"RECALL"},{"data":"Solidify","floor":15.0,"key":"SMITH"}],"circlet_count":0,"master_deck":["Strike_S","Strike_S","Strike_S","Strike_S","Defend_S","Defend_S","Defend_S","Defend_S","KidneyShot+1","Exchange","FanOfKnives+1","Defy","FastForward","MoonPhase","CommonCold","Collapse","Solidify+1"],"relics":["Uniform","Happy Flower","Replay:Multitool","Potion Belt","Orichalcum"],"acts_visited":["Exordium"],"potions_floor_usage":[],"damage_taken":[{"damage":3.0,"enemies":"2 Louse","floor":1.0,"turns":2.0},{"damage":0.0,"enemies":"Small Slimes","floor":3.0,"turns":2.0},{"damage":0.0,"enemies":"Cultist","floor":5.0,"turns":2.0},{"damage":17.0,"enemies":"Lagavulin","floor":6.0,"turns":8.0},{"damage":18.0,"enemies":"Replay:BlueRogue","floor":8.0,"turns":5.0},{"damage":1.0,"enemies":"Large Slime","floor":11.0,"turns":3.0},{"damage":0.0,"enemies":"Looter","floor":13.0,"turns":2.0},{"damage":0.0,"enemies":"Gremlin Nob","floor":14.0,"turns":2.0},{"damage":74,"enemies":"Hexaghost","floor":16,"turns":7}],"seed_played":"-6395739134848860223","potions_obtained":[{"floor":5.0,"key":"FearPotion"},{"floor":6.0,"key":"Death Potion"},{"floor":8.0,"key":"Elixir"},{"floor":14.0,"key":"Toxic Potion"}],"is_trial":false,"path_per_floor":["M","?","M","?","M","E","R","E","T","?","M","R","M","E","R","B"],"character_chosen":"THE_SERVANT","items_purchased":[],"campfire_rested":0,"item_purchase_floors":[],"current_hp_per_floor":[117,130,140,150,160,153,163,155,165,175,184,194,204,214,224,150,150],"gold":1129,"neow_bonus":"UPGRADE_CARD","is_daily":false,"chose_seed":false,"campfire_upgraded":2,"win_rate":0.0,"timestamp":1610782269,"path_taken":["M","?","M","?","M","E","R","E","T","?","?","R","M","E","R","BOSS"],"items_purchased_type":[],"build_version":"2020-12-22","purchased_purges":0,"victory":false,"max_hp_per_floor":[120,130,140,150,160,170,180,190,200,210,220,230,240,250,260,260,260],"card_choices":[{"not_picked":["ShatteredReality","FastForward"],"picked":"FanOfKnives","floor":1.0},{"not_picked":["Read","ShatteredReality"],"picked":"Defy","floor":3.0},{"not_picked":["Revamp","FanOfKnives"],"picked":"FastForward","floor":5.0},{"not_picked":["Rewind","Potential","Revamp"],"picked":"SKIP","floor":6.0},{"not_picked":["Collapse","Starlight"],"picked":"MoonPhase","floor":8.0},{"not_picked":["Revamp","Desolation","DoubleEdge"],"picked":"SKIP","floor":11.0},{"not_picked":["Starlight","Alleviate"],"picked":"Collapse","floor":13.0},{"not_picked":["DualDimension","BestPractice"],"picked":"Solidify","floor":14.0}],"player_experience":78511,"relics_obtained":[{"floor":6.0,"key":"Replay:Multitool"},{"floor":8.0,"key":"Potion Belt"},{"floor":14.0,"key":"Orichalcum"}],"event_choices":[{"damage_healed":30.0,"max_hp_gain":0.0,"max_hp_loss":0.0,"gold_gain":0.0,"event_name":"The Cleric","player_choice":"Healed","floor":2.0,"gold_loss":35.0,"damage_taken":0.0},{"damage_healed":0.0,"max_hp_gain":0.0,"max_hp_loss":0.0,"gold_gain":0.0,"event_name":"Big Fish","player_choice":"Box","floor":4.0,"gold_loss":0.0,"damage_taken":0.0,"relics_obtained":["Happy Flower"],"cards_obtained":["Regret"]},{"damage_healed":0.0,"max_hp_gain":0.0,"max_hp_loss":0.0,"gold_gain":0.0,"cards_transformed":["Regret"],"event_name":"Transmorgrifier","player_choice":"Transformed","floor":10.0,"gold_loss":0.0,"damage_taken":0.0,"cards_obtained":["CommonCold"]}],"is_beta":false,"boss_relics":[],"items_purged_floors":[],"is_endless":false,"potions_floor_spawned":[5,6,8,14],"killed_by":"Hexaghost","ascension_level":3}}