{"host":"1hzg86ju9fvxh562","time":1610770089,"event":{"mods":["AchievementEnabler","Act Like it!","AlwaysNeverKeys","BaseMod","Bestiary","Better Altar","Better Match","Better Note","Better Sensory Stone","Better Skull","Better Third Choice","Colored Map","Colored Powertips","Curses Come First","Displayed Cursed Tome","Filter the Spire","Highlight Path","Keyboard Shortcuts","Minty Spire (QoL Compilation)","Rare Cards Sparkle","Relic Sorter","Relic Stats","ShortenTheSpire","Spicy Shops","StSLib","SuperFastMode","everything is the same but u backflip on backflip","slay the spire mod where everything is the same but ironclad has a cowboy hat"],"gold_per_floor":[115,190,190,7,17,17,36,36,60,13,25,37,63,74,74,175,225,245,245,245,256,26,26,26,38,38,49,20,38,58,68,68,166,166,176,226,226,326,339,368,368,368,368],"floor_reached":42,"language":"ENG","playtime":980,"items_purged":["Strike_R"],"score":455,"play_id":"8d70bbd2-787f-4c27-8d26-ec0143a3b812","local_time":"20210116020809","is_ascension_mode":false,"campfire_choices":[{"data":"Whirlwind","floor":6.0,"key":"SMITH"},{"data":"Bash","floor":8.0,"key":"SMITH"},{"data":"Flex","floor":15.0,"key":"SMITH"},{"data":"Bloodletting","floor":23.0,"key":"SMITH"},{"data":"Flex","floor":32.0,"key":"SMITH"},{"floor":41.0,"key":"REST"}],"circlet_count":0,"master_deck":["Strike_R","Strike_R","Strike_R+1","Strike_R","Defend_R+1","Defend_R+1","Defend_R+1","Defend_R","Bash+1","Carnage","Whirlwind+1","Wild Strike","Flex+1","Bloodletting+1","Bloodletting+1","Reaper","Whirlwind+1","Flex+1"],"relics":["Mark of Pain","Bag of Preparation","Lantern","Pear","Tiny House","ClockworkSouvenir","NlothsMask","Cursed Key","Charon\u0027s Ashes","War Paint"],"acts_visited":["Exordium","TheCity","TheBeyond"],"potions_floor_usage":[42],"damage_taken":[{"damage":2.0,"enemies":"Small Slimes","floor":1.0,"turns":4.0},{"damage":5.0,"enemies":"Jaw Worm","floor":5.0,"turns":3.0},{"damage":0.0,"enemies":"Cultist","floor":7.0,"turns":2.0},{"damage":0.0,"enemies":"Gremlin Gang","floor":11.0,"turns":1.0},{"damage":0.0,"enemies":"Exordium Wildlife","floor":12.0,"turns":1.0},{"damage":0.0,"enemies":"Gremlin Nob","floor":13.0,"turns":2.0},{"damage":0.0,"enemies":"Red Slaver","floor":14.0,"turns":1.0},{"damage":6.0,"enemies":"Slime Boss","floor":16.0,"turns":4.0},{"damage":5.0,"enemies":"Chosen","floor":18.0,"turns":3.0},{"damage":30.0,"enemies":"Spheric Guardian","floor":21.0,"turns":4.0},{"damage":3.0,"enemies":"3 Cultists","floor":25.0,"turns":2.0},{"damage":34.0,"enemies":"Snake Plant","floor":27.0,"turns":3.0},{"damage":13.0,"enemies":"Shelled Parasite and Fungi","floor":29.0,"turns":3.0},{"damage":10.0,"enemies":"Centurion and Healer","floor":30.0,"turns":2.0},{"damage":6.0,"enemies":"Snecko","floor":31.0,"turns":1.0},{"damage":53.0,"enemies":"Collector","floor":33.0,"turns":4.0},{"damage":23.0,"enemies":"3 Shapes","floor":35.0,"turns":2.0},{"damage":28.0,"enemies":"Mind Bloom Boss Battle","floor":36.0,"turns":4.0},{"damage":8.0,"enemies":"3 Darklings","floor":39.0,"turns":3.0},{"damage":36.0,"enemies":"Reptomancer","floor":40.0,"turns":3.0},{"damage":73,"enemies":"Nemesis","floor":42,"turns":4}],"seed_played":"7754125333604580662","potions_obtained":[{"floor":1.0,"key":"Strength Potion"},{"floor":7.0,"key":"ElixirPotion"},{"floor":11.0,"key":"SmokeBomb"},{"floor":17.0,"key":"Block Potion"},{"floor":30.0,"key":"DistilledChaos"},{"floor":33.0,"key":"Dexterity Potion"},{"floor":36.0,"key":"Dexterity Potion"},{"floor":40.0,"key":"LiquidBronze"}],"is_trial":false,"path_per_floor":["M","?","?","$","M","R","M","R","T","$","M","M","E","M","R","B",null,"M","?","?","M","$","R","?","M","T","M","$","M","M","M","R","B",null,"M","?","?","?","M","E","R","E"],"character_chosen":"IRONCLAD","items_purchased":["Whirlwind","Bag of Preparation","Flex","ClockworkSouvenir","Flex"],"campfire_rested":1,"item_purchase_floors":[4,4,10,22,28],"current_hp_per_floor":[78,67,51,51,46,46,46,46,46,46,46,46,56,56,56,50,95,90,90,90,60,60,60,60,85,85,51,51,48,54,48,48,23,95,75,55,55,55,68,32,59,0,0],"gold":368,"neow_bonus":"BOSS_RELIC","is_daily":false,"chose_seed":false,"campfire_upgraded":5,"win_rate":0.0,"timestamp":1610770089,"path_taken":["M","?","?","?","M","R","?","R","T","$","M","M","E","?","R","BOSS","M","?","?","?","$","R","?","M","T","?","$","M","M","M","R","BOSS","M","?","?","?","M","E","R","E"],"items_purchased_type":["Card","Relic","Card","Relic","Card"],"build_version":"2020-12-22","purchased_purges":1,"victory":false,"max_hp_per_floor":[80,80,80,80,80,80,80,80,80,80,80,80,90,90,90,90,95,95,95,95,95,95,95,95,95,95,95,95,95,95,95,95,95,95,95,95,90,90,90,90,90,90,90],"relic_stats":{"counters":[21,56],"Charon\u0027s Ashes":[10],"Bag of Preparation":[40],"War Paint":["Bloodletting","Defend_R"],"Cursed Key":0,"obtain_stats":[{"Lantern":9,"Pear":13,"Tiny House":17,"Mark of Pain":0,"Charon\u0027s Ashes":36,"Bag of Preparation":4,"War Paint":40,"Cursed Key":34,"Burning Blood":0,"ClockworkSouvenir":22,"NlothsMask":24},{"Lantern":3,"Pear":6,"Tiny House":8,"Mark of Pain":0,"Charon\u0027s Ashes":18,"Bag of Preparation":1,"War Paint":20,"Cursed Key":16,"Burning Blood":0,"ClockworkSouvenir":10,"NlothsMask":10},{"Lantern":9,"Pear":13,"Tiny House":18,"Mark of Pain":0,"Charon\u0027s Ashes":46,"Bag of Preparation":4,"War Paint":52,"Cursed Key":40,"Burning Blood":0,"ClockworkSouvenir":25,"NlothsMask":25}]},"card_choices":[{"not_picked":["Havoc","Armaments"],"picked":"Carnage","floor":1.0},{"not_picked":["Pummel","Clash"],"picked":"Wild Strike","floor":5.0},{"not_picked":["Metallicize","Body Slam","Warcry"],"picked":"SKIP","floor":7.0},{"not_picked":["Sword Boomerang","Fiend Fire","Feel No Pain"],"picked":"SKIP","floor":11.0},{"not_picked":["Cleave","Sever Soul","Anger"],"picked":"SKIP","floor":12.0},{"not_picked":["Dark Embrace","Bludgeon","Havoc"],"picked":"SKIP","floor":13.0},{"not_picked":["Pommel Strike","Uppercut"],"picked":"Bloodletting","floor":14.0},{"not_picked":["Ghostly Armor","Entrench"],"picked":"Bloodletting","floor":17.0},{"not_picked":["Shockwave","Disarm","Warcry"],"picked":"SKIP","floor":18.0},{"not_picked":["Perfected Strike","Power Through+1","Wild Strike"],"picked":"SKIP","floor":21.0},{"not_picked":["Iron Wave","Thunderclap","Rampage+1"],"picked":"SKIP","floor":25.0},{"not_picked":["Shrug It Off+1","Perfected Strike","Whirlwind"],"picked":"SKIP","floor":27.0},{"not_picked":["Infernal Blade","Cleave+1","Sever Soul"],"picked":"SKIP","floor":29.0},{"not_picked":["Thunderclap","Clash","Wild Strike"],"picked":"SKIP","floor":30.0},{"not_picked":["Sword Boomerang","Clash","Headbutt"],"picked":"SKIP","floor":31.0},{"not_picked":["Anger","Blood for Blood+1","Armaments+1"],"picked":"SKIP","floor":35.0},{"not_picked":["Metallicize","Rage","Flame Barrier"],"picked":"SKIP","floor":39.0},{"not_picked":["Immolate","Dropkick+1","Bloodletting"],"picked":"SKIP","floor":40.0}],"player_experience":469119,"relics_obtained":[{"floor":9.0,"key":"Lantern"},{"floor":13.0,"key":"Pear"},{"floor":36.0,"key":"Charon\u0027s Ashes"},{"floor":40.0,"key":"War Paint"}],"event_choices":[{"damage_healed":0.0,"max_hp_gain":0.0,"max_hp_loss":0.0,"gold_gain":75.0,"event_name":"betterThird:BetterGoop","player_choice":"Gold","floor":2.0,"gold_loss":0.0,"damage_taken":11.0},{"damage_healed":67.0,"max_hp_gain":0.0,"max_hp_loss":80.0,"gold_gain":0.0,"event_name":"betterThird:BetterShining","player_choice":"Upgrade","floor":3.0,"gold_loss":0.0,"damage_taken":16.0,"cards_upgraded":["Defend_R","Strike_R"]},{"cards_removed":["Flex"],"damage_healed":0.0,"max_hp_gain":0.0,"max_hp_loss":0.0,"gold_gain":0.0,"event_name":"betterNote:BetterNote","player_choice":"Take \u0026 Give","floor":19.0,"gold_loss":0.0,"damage_taken":0.0,"cards_obtained":["Reaper"]},{"damage_healed":0.0,"max_hp_gain":0.0,"max_hp_loss":0.0,"gold_gain":0.0,"event_name":"Duplicator","player_choice":"Copied","floor":20.0,"gold_loss":0.0,"damage_taken":0.0,"cards_obtained":["Whirlwind"]},{"damage_healed":0.0,"max_hp_gain":0.0,"max_hp_loss":0.0,"gold_gain":0.0,"event_name":"FaceTrader","player_choice":"Trade","floor":24.0,"gold_loss":0.0,"damage_taken":0.0,"relics_obtained":["NlothsMask"]},{"damage_healed":0.0,"max_hp_gain":0.0,"max_hp_loss":0.0,"gold_gain":0.0,"event_name":"MindBloom","player_choice":"Fight","floor":36.0,"gold_loss":0.0,"damage_taken":0.0},{"damage_healed":0.0,"max_hp_gain":0.0,"max_hp_loss":5.0,"gold_gain":0.0,"event_name":"Winding Halls","player_choice":"Max HP","floor":37.0,"gold_loss":0.0,"damage_taken":0.0},{"damage_healed":0.0,"max_hp_gain":0.0,"max_hp_loss":0.0,"gold_gain":100.0,"event_name":"Golden Shrine","player_choice":"Pray","floor":38.0,"gold_loss":0.0,"damage_taken":0.0}],"is_beta":false,"boss_relics":[{"not_picked":["Black Star","Pandora\u0027s Box"],"picked":"Tiny House"},{"not_picked":["Philosopher\u0027s Stone","Coffee Dripper"],"picked":"Cursed Key"}],"items_purged_floors":[22],"is_endless":false,"potions_floor_spawned":[1,7,11,25,29,30,33,36,40],"killed_by":"Nemesis","ascension_level":0}}