{"host":"e4wnmsyty9uvvtwf","time":1610783193,"event":{"mods":["Act Like it!","Aspiration","BaseMod","Colored Map","Colored Powertips","Gensokyo","Koishi","Minty Spire (QoL Compilation)","Rare Cards Sparkle","Replay The Spire","StSLib"],"gold_per_floor":[116,132,232,37,37,37,72,72,72,85,10,10,21,40,40,144,144,357,357,357,138,138,138,150,156,156,373,373,402,402,421,421,519,519,533,544,29,29,40,66,66,66,89,308,335,335,70,81,81,81],"floor_reached":51,"language":"ZHS","playtime":2418,"items_purged":["Overencumbered"],"score":1149,"play_id":"38f7e238-91ca-414f-b475-12963a9b359c","local_time":"20210116154632","is_ascension_mode":true,"campfire_choices":[{"data":"CutThroughFate","floor":6,"key":"SMITH"},{"data":"Koishi:HauntingSlash","floor":15,"key":"SMITH"},{"data":"Koishi:TerrifyingSpectre","floor":23,"key":"SMITH"},{"floor":28,"key":"REST"},{"data":"Sadistic Nature","floor":30,"key":"SMITH"},{"data":"JustLucky","floor":32,"key":"SMITH"},{"floor":42,"key":"RECALL"},{"data":"Gensokyo:ManorOfTheDishes","floor":46,"key":"SMITH"},{"data":"Koishi:TerrifyingSpectre","floor":49,"key":"SMITH"}],"circlet_count":0,"master_deck":["Koishi:BasicStrike","Koishi:BasicStrike+1","Koishi:BasicStrike","Koishi:BasicStrike","Koishi:BasicDefend","Koishi:BasicDefend+1","Koishi:BasicDefend+1","Koishi:BasicDefend+1","Koishi:Provoke","Koishi:HauntingSlash+1","Koishi:EmbersOfLove","CutThroughFate+1","Flying Knee","JustLucky+1","Koishi:Whimsy+1","Koishi:JumpScare+1","Koishi:TerrifyingSpectre+1","Koishi:RacingHeart+1","Sadistic Nature+1","Sadistic Nature+1","Blind+1","Apotheosis+1","Koishi:UnconsciousUprising+1","Koishi:LastRemote+1","Koishi:MindStellarRelief+1","Koishi:GeneticsOfTheUnconscious+1","Koishi:PhilosophyOfTheDespised+1","Koishi:MindNumbingTerror+1","Gensokyo:ShootingStar+1","Koishi:TerrifyingSpectre+1","Koishi:MassHysteria+1","Koishi:GhostParty+1","Gensokyo:ManorOfTheDishes+1","Koishi:YoukaiPolygraph","Koishi:ImGoingToCallYouNow+1","Koishi:RuptureMind","Koishi:CatchAndRose+1","Koishi:Possession+1","Sadistic Nature+1","Koishi:UnconsciousUrges","Koishi:PhantomBarrier+1","Koishi:BloodcurdlingScream+1"],"relics":["Koishi:ImaginaryFriend","aspiration:Nostalgia","Replay:M_StaffOfTheSnake","ReplayTheSpireMod:CursedCoin","ReplayTheSpireMod:TigerMarble","Toxic Egg 2","Gensokyo:OccultBall","Gremlin Food","Replay:Baseball","ReplayTheSpireMod:Ninjato","aspiration:SecretTechniqueScroll","Gensokyo:ConquerorOfFear","ReplayTheSpireMod:ShopPack","Gensokyo:RedStar","Mummified Hand","Whetstone","Honey Jar","OrangePellets","Ornamental Fan","Regal Pillow","Quantum Egg","War Paint","DollysMirror"],"acts_visited":["Exordium","Gensokyo:Gensokyo","Gensokyo:Gensokyoer"],"potions_floor_usage":[],"damage_taken":[{"damage":0,"enemies":"Gensokyo:3_Fairies","floor":1,"turns":5},{"damage":3,"enemies":"Gensokyo:2_Kodama","floor":2,"turns":6},{"damage":3,"enemies":"Gensokyo:Mamizou","floor":7,"turns":9},{"damage":0,"enemies":"Gensokyo:Python","floor":10,"turns":4},{"damage":7,"enemies":"Gensokyo:Kitsune","floor":13,"turns":3},{"damage":0,"enemies":"Gensokyo:2_Rabbits","floor":14,"turns":3},{"damage":4,"enemies":"Gensokyo:Yukari","floor":16,"turns":8},{"damage":14,"enemies":"Gensokyo:AngelMirror","floor":18,"turns":3},{"damage":22,"enemies":"Gensokyo:3_Dogs","floor":24,"turns":3},{"damage":12,"enemies":"Gensokyo:Slime_Group","floor":25,"turns":6},{"damage":0,"enemies":"Gensokyo:Wraith","floor":27,"turns":4},{"damage":5,"enemies":"Gensokyo:Tenshi","floor":29,"turns":3},{"damage":0,"enemies":"Gensokyo:Chomper_and_Gloop","floor":31,"turns":3},{"damage":0,"enemies":"Gensokyo:Eternal_Rivals","floor":33,"turns":5},{"damage":0,"enemies":"Gensokyo:AncientGuardian","floor":35,"turns":4},{"damage":1,"enemies":"Gensokyo:3_Boulders","floor":36,"turns":2},{"damage":0,"enemies":"Gensokyo:Dusk_and_Dawn","floor":39,"turns":4},{"damage":1,"enemies":"Gensokyo:Doremy","floor":40,"turns":7},{"damage":0,"enemies":"Gensokyo:AtlasGolem","floor":44,"turns":4},{"damage":10,"enemies":"Gensokyo:Marisa","floor":45,"turns":6},{"damage":0,"enemies":"Gensokyo:Sharpion","floor":48,"turns":4},{"damage":0,"enemies":"Gensokyo:Yuyuko","floor":50,"turns":5}],"seed_played":"6699880725069769264","potions_obtained":[{"floor":7,"key":"SpeedPotion"},{"floor":10,"key":"Weak Potion"},{"floor":16,"key":"BlessingOfTheForge"},{"floor":35,"key":"Weak Potion"},{"floor":36,"key":"Swift Potion"},{"floor":44,"key":"SteroidPotion"}],"is_trial":false,"path_per_floor":["M","M","?","$","$","R","E","?","T","M","COS","T","M","M","R","B",null,"M","?","?","COS","?","R","M","M","T","M","R","E","R","M","R","B",null,"M","M","COS","?","M","E","?","R","T","M","E","R","$","M","R","B",null],"character_chosen":"KOISHI","items_purchased":["ReplayTheSpireMod:CursedCoin","ReplayTheSpireMod:TigerMarble","Koishi:Catatonia","Flying Knee","DollysMirror","Koishi:UnconsciousUrges","Koishi:PhantomBarrier+1"],"campfire_rested":1,"item_purchase_floors":[4,4,4,4,47,47,47],"current_hp_per_floor":[57,56,56,56,56,56,56,56,56,56,56,56,49,49,49,53,58,46,46,46,46,46,46,28,18,18,27,45,52,52,60,60,60,60,60,60,60,60,60,60,60,60,60,60,60,60,60,60,60,60],"gold":81,"neow_bonus":"NOSTALGIA","is_daily":false,"chose_seed":false,"campfire_upgraded":7,"win_rate":0.0,"timestamp":1610783192,"path_taken":["M","M","?","?","$","R","E","?","T","M","COS","?","?","M","R","BOSS","M","?","?","COS","?","R","?","M","T","M","R","E","R","M","R","BOSS","M","?","COS","?","M","E","?","R","T","M","E","R","$","M","R","BOSS"],"items_purchased_type":["Relic","Relic","Card","Card","Relic","Card","Card"],"build_version":"2020-12-22","purchased_purges":1,"victory":true,"max_hp_per_floor":[60,60,60,60,60,60,60,60,60,60,60,60,60,60,60,60,60,60,60,60,60,60,60,60,60,60,60,60,60,60,60,60,60,60,60,60,60,60,60,60,60,60,60,60,60,60,60,60,60,60],"card_choices":[{"not_picked":["SashWhip","Acrobatics"],"picked":"Koishi:EmbersOfLove","floor":1},{"not_picked":["Koishi:StrangeCloudFist","SashWhip"],"picked":"CutThroughFate","floor":2},{"not_picked":["ClearTheMind+1","Koishi:UnansweredLove+1"],"picked":"JustLucky","floor":7},{"not_picked":["Koishi:SpiritedAway","Koishi:HeartfeltFancy+1"],"picked":"Koishi:Whimsy+1","floor":10},{"not_picked":["Koishi:BloodcurdlingScream","Koishi:Vanish+1","SashWhip"],"picked":"SKIP","floor":13},{"not_picked":["Koishi:FadingMemory+1","Koishi:Whimsy+1"],"picked":"Koishi:JumpScare+1","floor":14},{"not_picked":["Koishi:MentalBreakdown","Koishi:FormlessExistence"],"picked":"Koishi:TerrifyingSpectre","floor":16},{"not_picked":["Koishi:BloodcurdlingScream+1","Koishi:ReflexRadar+1"],"picked":"Koishi:RacingHeart+1","floor":18},{"not_picked":["Thinking Ahead","Crow Ritual"],"picked":"Sadistic Nature","floor":21},{"not_picked":["Flash of Steel","Madness"],"picked":"Blind","floor":21},{"not_picked":["Jack Of All Trades","Magnetism"],"picked":"Apotheosis","floor":21},{"not_picked":["Koishi:UnansweredLove+1","Koishi:RacingHeart+1"],"picked":"Koishi:UnconsciousUprising+1","floor":24},{"not_picked":["Koishi:DreadfulBlow","Koishi:FourthEye+1"],"picked":"Koishi:LastRemote","floor":25},{"not_picked":["Koishi:SuperEgo","Koishi:Ego"],"picked":"Koishi:MindStellarRelief","floor":27},{"not_picked":["Koishi:FleetingPhantom+1","Koishi:SubconsciousSweep"],"picked":"Koishi:GeneticsOfTheUnconscious+1","floor":27},{"not_picked":["Koishi:JumpScare+1","Koishi:GeneticsOfTheUnconscious+1"],"picked":"Koishi:PhilosophyOfTheDespised+1","floor":29},{"not_picked":["Koishi:UnconsciousUrges","Koishi:SubconsciousSweep"],"picked":"Koishi:MindNumbingTerror+1","floor":31},{"not_picked":[],"picked":"Gensokyo:ShootingStar","floor":33},{"not_picked":["Koishi:ConfinedInnocent","Koishi:FadingMemory+1"],"picked":"Koishi:TerrifyingSpectre","floor":33},{"not_picked":["Koishi:Jaunt","Koishi:PhantomBarrier+1","Koishi:Catatonia"],"picked":"Koishi:MassHysteria+1","floor":35},{"not_picked":["Koishi:UnconsciousUprising+1","Koishi:BloodcurdlingScream","Koishi:Jaunt"],"picked":"Koishi:GhostParty+1","floor":36},{"not_picked":["Koishi:EmbryosDream+1","Koishi:UnconsciousUprising+1","Koishi:ReflexRadar+1"],"picked":"Koishi:YoukaiPolygraph","floor":39},{"not_picked":["Koishi:RollingInRichesHeart","Koishi:FadingMemory","Koishi:HeartStoppingHorror"],"picked":"Koishi:ImGoingToCallYouNow","floor":40},{"not_picked":["Koishi:ConditionedTeleport+1","Koishi:SuperEgo","Koishi:SpiritedAway"],"picked":"Koishi:RuptureMind","floor":40},{"not_picked":["Koishi:FleetingPhantom+1","Koishi:UnansweredLove+1","Koishi:Jaunt"],"picked":"Koishi:CatchAndRose+1","floor":44},{"not_picked":["Koishi:Vanish+1","Koishi:PhantomBarrier+1","Koishi:FleetingPhantom+1"],"picked":"Koishi:Possession+1","floor":45},{"not_picked":["Koishi:FormlessExistence","Koishi:Prune","Koishi:CatchAndRose+1"],"picked":"Koishi:BloodcurdlingScream+1","floor":48}],"player_experience":541599,"relics_obtained":[{"floor":7,"key":"Toxic Egg 2"},{"floor":9,"key":"Gremlin Food"},{"floor":12,"key":"Replay:Baseball"},{"floor":16,"key":"Gensokyo:OccultBall"},{"floor":24,"key":"Gensokyo:ConquerorOfFear"},{"floor":26,"key":"Mummified Hand"},{"floor":29,"key":"Whetstone"},{"floor":33,"key":"Gensokyo:OccultBall"},{"floor":40,"key":"Ornamental Fan"},{"floor":43,"key":"Regal Pillow"},{"floor":44,"key":"Gensokyo:OccultBall"},{"floor":45,"key":"War Paint"},{"floor":48,"key":"Gensokyo:OccultBall"}],"event_choices":[],"is_beta":false,"boss_relics":[{"not_picked":["Astrolabe","Runic Dome"],"picked":"aspiration:SecretTechniqueScroll"},{"not_picked":["Velvet Choker","Pandora\u0027s Box"],"picked":"Honey Jar"}],"items_purged_floors":[4],"is_endless":false,"potions_floor_spawned":[7,10,16,29,31,33,35,36,44],"ascension_level":8}}