{"host":"627up2rvtmm0cf0r","time":1610800160,"event":{"mods":["100% Spire Juice","ATMod(°¢èªMod)","Act Like it!","BaseMod","Better Vampires","CapriCore","Card Filter","Card Forge","Colored Powertips","DeckTracker","Dota2Spire","Energized Spire","Friendly Minions","Highlight Path","Infinite Spire","Jedi Mod","Marked Mod","Mimic Mod","Minty Spire (QoL Compilation)","MostiFishMod","Permanent Neow","Practice Mode","Quick Restart","Relic Stats","Shop Mod","Spicy Shops","StSLib","SuperFastMode","TestMod","The Blackbeard","The Marked","¡¾ÒÅÎï¿¨ÅÆ¡¿REMEMod","²ÐÁôÖ®Îï","óô»ðÖ¸ÄÏ"],"gold_per_floor":[117,117,192,207,218,251,251,253,253],"floor_reached":8,"language":"ZHS","playtime":379,"items_purged":[],"score":62,"play_id":"d79da09e-fb4a-4a1e-a6e4-ab56bbc9730f","local_time":"20210116202920","is_ascension_mode":true,"campfire_choices":[],"circlet_count":0,"master_deck":["Strike_B","Strike_B","Strike_B","Strike_B","Defend_B","Defend_B","Defend_B","Defend_B","Zap","Dualcast","MostiFishMod:LinkProtocol","Strike_B","AT_DarkMatter","Glacier","Coolheaded"],"relics":["Cracked Core","Hammer of Thor","Seething Fire","Anvil of the Gods","DaveBox","testmod-TestBox","REME_ComplimentaryCards","AT_ATBox","Strawberry","testmod-DeterminationOfClimber","SacredBark","SynthV:TestCard","Dota2Spire:Butterfly"],"acts_visited":["Exordium"],"potions_floor_usage":[6],"damage_taken":[{"damage":0,"enemies":"2 Louse","floor":1,"turns":2},{"damage":0,"enemies":"Small Slimes","floor":4,"turns":3},{"damage":3,"enemies":"Jaw Worm","floor":5,"turns":4},{"damage":33,"enemies":"Lagavulin","floor":6,"turns":9},{"damage":44,"enemies":"Gremlin Nob","floor":8,"turns":5}],"seed_played":"4659432823630854627","potions_obtained":[{"floor":1,"key":"SpeedPotion"},{"floor":6,"key":"REME_GoldPotion"}],"is_trial":false,"path_per_floor":["M","?","?","M","M","E","?","E"],"character_chosen":"DEFECT","items_purchased":[],"campfire_rested":0,"item_purchase_floors":[],"current_hp_per_floor":[82,75,64,64,61,31,31,0,0],"gold":253,"neow_bonus":"RANDOM_COMMON_RELIC","is_daily":false,"chose_seed":false,"campfire_upgraded":0,"win_rate":0.0,"timestamp":1610800160,"path_taken":["M","?","?","M","M","E","?","E"],"items_purchased_type":[],"build_version":"2020-12-22","purchased_purges":0,"victory":false,"max_hp_per_floor":[82,82,82,82,82,82,82,82,82],"relic_stats":{"counters":[5,23],"obtain_stats":[{"testmod-TestBox":0,"AT_ATBox":0,"DaveBox":0,"SacredBark":0,"Hammer of Thor":0,"Seething Fire":0,"SynthV:TestCard":1,"Dota2Spire:Butterfly":6,"Anvil of the Gods":0,"Strawberry":0,"testmod-DeterminationOfClimber":0,"Cracked Core":0,"REME_ComplimentaryCards":0},{"testmod-TestBox":0,"AT_ATBox":0,"DaveBox":0,"SacredBark":0,"Hammer of Thor":0,"Seething Fire":0,"SynthV:TestCard":1,"Dota2Spire:Butterfly":4,"Anvil of the Gods":0,"Strawberry":0,"testmod-DeterminationOfClimber":0,"Cracked Core":0,"REME_ComplimentaryCards":0},{"testmod-TestBox":0,"AT_ATBox":0,"DaveBox":0,"SacredBark":0,"Hammer of Thor":0,"Seething Fire":0,"SynthV:TestCard":2,"Dota2Spire:Butterfly":18,"Anvil of the Gods":0,"Strawberry":0,"testmod-DeterminationOfClimber":0,"Cracked Core":0,"REME_ComplimentaryCards":0}]},"card_choices":[{"not_picked":["Capacitor","AT_ThreeBodyProblem"],"picked":"MostiFishMod:LinkProtocol","floor":1},{"not_picked":["jedi:BurstLightning","Leap","AT_HeatAcrobatics","Steam"],"picked":"AT_DarkMatter","floor":4},{"not_picked":["Ball Lightning","Streamline","Hologram","Defragment"],"picked":"Glacier","floor":5},{"not_picked":["Glacier","Doom and Gloom","REME_SelfUpgrade","REME_DataAnalysis"],"picked":"Coolheaded","floor":6}],"player_experience":99105,"relics_obtained":[{"floor":1,"key":"SynthV:TestCard"},{"floor":6,"key":"Dota2Spire:Butterfly"}],"event_choices":[{"damage_healed":0,"gold_gain":75,"player_choice":"Gather Gold","damage_taken":11,"max_hp_gain":0,"max_hp_loss":0,"event_name":"World of Goop","floor":3,"gold_loss":0}],"is_beta":false,"boss_relics":[],"items_purged_floors":[],"is_endless":false,"potions_floor_spawned":[1,6],"killed_by":"Gremlin Nob","ascension_level":2}}