{"host":"3a1ypf1irl30q4k8","time":1610833413,"event":{"mods":["AchievementEnabler","BaseMod","Bestiary","Colored Map","Minty Spire (QoL Compilation)","Relic Stats"],"gold_per_floor":[111,121,133,133,152,183,183,195,195,160,233,293,47,66,66,167,167,182,182,49,49,63,98,98,130,130,158,158,158,174,190,190,291,291,304,316,316,346,358,404,36,36,84,118,168,31,51,0,0,0,0,0,0,33,33,33],"floor_reached":55,"language":"ENG","playtime":4889,"items_purged":["Anger"],"score":1159,"play_id":"737919a8-b546-47fb-8c52-1bd27138bfc1","local_time":"20210116214333","is_ascension_mode":true,"campfire_choices":[{"data":"Thunderclap","floor":7.0,"key":"SMITH"},{"data":"Inflame","floor":15.0,"key":"SMITH"},{"data":"Cleave","floor":24.0,"key":"SMITH"},{"data":"Power Through","floor":28.0,"key":"SMITH"},{"data":"Pommel Strike","floor":32.0,"key":"SMITH"},{"floor":42,"key":"RECALL"},{"data":"Barricade","floor":49,"key":"SMITH"},{"data":"Feel No Pain","floor":52,"key":"SMITH"}],"circlet_count":0,"master_deck":["Bash+1","Cleave+1","Pommel Strike+1","Inflame+1","Thunderclap+1","Power Through+1","Seeing Red+1","Warcry+1","Violence+1","Flex+1","Reaper","Armaments+1","J.A.X.+1","Sever Soul","True Grit+1","Flex+1","Ghostly Armor+1","Pommel Strike+1","Shockwave+1","Shrug It Off+1","Exhume+1","Sword Boomerang","Body Slam","Combust","Whirlwind","Blood for Blood","Heavy Blade","Impervious+1","Barricade+1","Thunderclap+1","Seeing Red+1","Feel No Pain+1","Impervious+1","Body Slam+1"],"relics":["Coffee Dripper","Oddly Smooth Stone","Paper Frog","Toxic Egg 2","Black Star","CaptainsWheel","Bottled Tornado","Bronze Scales","Bottled Flame","MealTicket","Art of War","Boot","Pandora\u0027s Box","MawBank","Meat on the Bone","PreservedInsect","Lee\u0027s Waffle","Toy Ornithopter","Bag of Marbles","Vajra","Torii","Red Mask","Kunai","Orichalcum"],"acts_visited":["Exordium","TheCity","TheBeyond","TheEnding"],"potions_floor_usage":[40,44,50,54,55],"damage_taken":[{"damage":0.0,"enemies":"2 Louse","floor":1.0,"turns":2.0},{"damage":7.0,"enemies":"Small Slimes","floor":2.0,"turns":4.0},{"damage":2.0,"enemies":"Jaw Worm","floor":3.0,"turns":3.0},{"damage":6.0,"enemies":"Gremlin Gang","floor":5.0,"turns":2.0},{"damage":19.0,"enemies":"3 Sentries","floor":6.0,"turns":6.0},{"damage":9.0,"enemies":"2 Fungi Beasts","floor":8.0,"turns":3.0},{"damage":4.0,"enemies":"3 Sentries","floor":12.0,"turns":5.0},{"damage":0.0,"enemies":"3 Louse","floor":14.0,"turns":1.0},{"damage":23.0,"enemies":"Hexaghost","floor":16.0,"turns":6.0},{"damage":0.0,"enemies":"Chosen","floor":18.0,"turns":4.0},{"damage":16.0,"enemies":"3 Byrds","floor":22.0,"turns":4.0},{"damage":6.0,"enemies":"Gremlin Leader","floor":23.0,"turns":6.0},{"damage":47.0,"enemies":"Slavers","floor":25.0,"turns":4.0},{"damage":3.0,"enemies":"Book of Stabbing","floor":27.0,"turns":3.0},{"damage":26.0,"enemies":"Shelled Parasite and Fungi","floor":30.0,"turns":3.0},{"damage":11.0,"enemies":"Cultist and Chosen","floor":31.0,"turns":3.0},{"damage":64.0,"enemies":"Automaton","floor":33.0,"turns":11.0},{"damage":17.0,"enemies":"3 Darklings","floor":35.0,"turns":4.0},{"damage":3,"enemies":"Orb Walker","floor":36,"turns":6},{"damage":37,"enemies":"Maw","floor":38,"turns":5},{"damage":20,"enemies":"Giant Head","floor":40,"turns":6},{"damage":17,"enemies":"Reptomancer","floor":44,"turns":4},{"damage":0,"enemies":"Mind Bloom Boss Battle","floor":45,"turns":2},{"damage":20,"enemies":"4 Shapes","floor":47,"turns":4},{"damage":9,"enemies":"Donu and Deca","floor":50,"turns":9},{"damage":47,"enemies":"Shield and Spear","floor":54,"turns":6},{"damage":97,"enemies":"The Heart","floor":55,"turns":8}],"seed_played":"-4237359410065737988","potions_obtained":[{"floor":3.0,"key":"Explosive Potion"},{"floor":5.0,"key":"Regen Potion"},{"floor":12.0,"key":"BlessingOfTheForge"},{"floor":14.0,"key":"Swift Potion"},{"floor":18.0,"key":"Strength Potion"},{"floor":23.0,"key":"SkillPotion"},{"floor":25.0,"key":"LiquidMemories"},{"floor":31.0,"key":"SmokeBomb"},{"floor":33.0,"key":"EntropicBrew"},{"floor":38,"key":"Block Potion"},{"floor":40,"key":"SkillPotion"},{"floor":44,"key":"LiquidBronze"},{"floor":47,"key":"Block Potion"}],"is_trial":false,"path_per_floor":["M","M","M","?","M","E","R","M","T","?","?","?","$","M","R","B",null,"M","?","$","?","M","E","R","E","T","E","R","?","M","M","R","B",null,"M","M","?","M","?","E","$","R","T","E","?","$","M","?","R","B",null,"R","$","E","B"],"character_chosen":"IRONCLAD","items_purchased":["Warcry+1","Violence+1","Sever Soul","True Grit+1","Flex+1","Lee\u0027s Waffle","Toy Ornithopter","Impervious+1"],"campfire_rested":0,"item_purchase_floors":[13,13,20,20,20,41,41,46],"current_hp_per_floor":[80,73,71,71,65,61,61,52,52,72,72,68,68,68,68,45,80,80,80,80,65,64,75,75,38,38,42,42,85,59,48,48,5,85,68,79,79,42,42,56,92,92,92,78,78,92,92,92,92,92,92,92,92,57,0,0],"gold":33,"neow_bonus":"BOSS_RELIC","is_daily":false,"chose_seed":false,"campfire_upgraded":7,"win_rate":0.0,"timestamp":1610833413,"path_taken":["M","M","M","?","M","E","R","M","T","?","?","?","$","?","R","BOSS","M","?","$","?","M","E","R","E","T","E","R","?","M","M","R","BOSS","M","M","?","?","?","E","$","R","T","E","?","?","M","?","R","BOSS","R","$","E","BOSS"],"items_purchased_type":["Card","Card","Card","Card","Card","Relic","Relic","Card"],"build_version":"2020-12-22","purchased_purges":1,"victory":false,"max_hp_per_floor":[80,80,80,80,80,80,80,80,80,80,80,80,80,80,80,80,80,80,80,80,85,85,85,85,85,85,85,85,85,85,85,85,85,85,85,85,85,85,85,85,92,92,92,92,92,92,92,92,92,92,92,92,92,92,92,92],"relic_stats":{"Lee\u0027s Waffle":21,"Torii":11,"counters":[27,124],"PreservedInsect":126,"Orichalcum":[18],"Boot":[3],"MawBank":48,"Bronze Scales":[255],"MealTicket":29,"Pandora\u0027s Box":["Anger","Sword Boomerang","Body Slam","Combust","Whirlwind","Blood for Blood","Heavy Blade","Impervious","Barricade"],"Black Star":6,"Art of War":[7],"Kunai":[1],"obtain_stats":[{"Torii":45,"Vajra":44,"Bottled Tornado":23,"Boot":27,"Burning Blood":0,"MealTicket":26,"Red Mask":48,"Kunai":54,"Toxic Egg 2":12,"Paper Frog":9,"Lee\u0027s Waffle":41,"Oddly Smooth Stone":6,"PreservedInsect":40,"Orichalcum":54,"MawBank":37,"CaptainsWheel":23,"Bottled Flame":25,"Bronze Scales":25,"Pandora\u0027s Box":34,"Coffee Dripper":0,"Black Star":17,"Art of War":27,"Bag of Marbles":44,"Toy Ornithopter":41,"Meat on the Bone":40},{"Torii":23,"Vajra":22,"Bottled Tornado":12,"Boot":14,"Burning Blood":0,"MealTicket":13,"Red Mask":24,"Kunai":26,"Toxic Egg 2":7,"Paper Frog":6,"Lee\u0027s Waffle":21,"Oddly Smooth Stone":5,"PreservedInsect":21,"Orichalcum":26,"MawBank":19,"CaptainsWheel":12,"Bottled Flame":13,"Bronze Scales":13,"Pandora\u0027s Box":17,"Coffee Dripper":0,"Black Star":9,"Art of War":14,"Bag of Marbles":22,"Toy Ornithopter":21,"Meat on the Bone":21},{"Torii":97,"Vajra":95,"Bottled Tornado":46,"Boot":53,"Burning Blood":0,"MealTicket":50,"Red Mask":101,"Kunai":116,"Toxic Egg 2":25,"Paper Frog":20,"Lee\u0027s Waffle":91,"Oddly Smooth Stone":17,"PreservedInsect":91,"Orichalcum":116,"MawBank":80,"CaptainsWheel":46,"Bottled Flame":50,"Bronze Scales":50,"Pandora\u0027s Box":70,"Coffee Dripper":0,"Black Star":32,"Art of War":53,"Bag of Marbles":95,"Toy Ornithopter":91,"Meat on the Bone":91}],"Toy Ornithopter":11,"Meat on the Bone":12},"card_choices":[{"not_picked":["Heavy Blade","Twin Strike"],"picked":"Cleave","floor":1.0},{"not_picked":["Twin Strike","Dark Embrace"],"picked":"Metallicize","floor":2.0},{"not_picked":["True Grit","Ghostly Armor"],"picked":"Pommel Strike","floor":3.0},{"not_picked":["Blood for Blood","Twin Strike"],"picked":"Inflame","floor":5.0},{"not_picked":["Barricade","Feel No Pain"],"picked":"Thunderclap","floor":6.0},{"not_picked":["Perfected Strike","Headbutt"],"picked":"Power Through","floor":8.0},{"not_picked":["Clothesline","Perfected Strike"],"picked":"Seeing Red+1","floor":12.0},{"not_picked":["Perfected Strike","Intimidate+1"],"picked":"Flex+1","floor":14.0},{"not_picked":["Juggernaut","Exhume+1"],"picked":"Reaper","floor":16.0},{"not_picked":["Pommel Strike","Wild Strike"],"picked":"Armaments+1","floor":18.0},{"not_picked":["Clash","Anger+1","Iron Wave"],"picked":"SKIP","floor":22.0},{"not_picked":["Juggernaut","Rupture+1"],"picked":"Ghostly Armor+1","floor":23.0},{"not_picked":["Hemokinesis+1","Wild Strike"],"picked":"Pommel Strike+1","floor":25.0},{"not_picked":["Combust","Headbutt"],"picked":"Shockwave+1","floor":27.0},{"not_picked":["Cleave+1","Metallicize","Armaments+1"],"picked":"SKIP","floor":30.0},{"not_picked":["Spot Weakness+1","Havoc+1"],"picked":"Shrug It Off+1","floor":31.0},{"not_picked":["Feed","Brutality"],"picked":"Exhume+1","floor":33.0},{"not_picked":["Armaments+1","Metallicize"],"picked":"Thunderclap+1","floor":35},{"not_picked":["Headbutt","Clash","Thunderclap+1"],"picked":"SKIP","floor":36},{"not_picked":["Thunderclap+1","Uppercut+1","Armaments+1"],"picked":"SKIP","floor":38},{"not_picked":["Exhume+1","Combust"],"picked":"Seeing Red+1","floor":40},{"not_picked":["Battle Trance+1","Anger"],"picked":"Feel No Pain","floor":44},{"not_picked":["Whirlwind","Flex+1","Metallicize+1"],"picked":"SKIP","floor":47},{"not_picked":["Twin Strike+1","Warcry+1"],"picked":"Body Slam+1","floor":54}],"player_experience":1083696,"relics_obtained":[{"floor":6.0,"key":"Oddly Smooth Stone"},{"floor":9.0,"key":"Paper Frog"},{"floor":12.0,"key":"Toxic Egg 2"},{"floor":23.0,"key":"CaptainsWheel"},{"floor":23.0,"key":"Bottled Tornado"},{"floor":25.0,"key":"Bronze Scales"},{"floor":25.0,"key":"Bottled Flame"},{"floor":26.0,"key":"MealTicket"},{"floor":27.0,"key":"Art of War"},{"floor":27.0,"key":"Boot"},{"floor":37,"key":"MawBank"},{"floor":40,"key":"Meat on the Bone"},{"floor":40,"key":"PreservedInsect"},{"floor":44,"key":"Bag of Marbles"},{"floor":44,"key":"Vajra"},{"floor":45,"key":"Torii"},{"floor":54,"key":"Kunai"},{"floor":54,"key":"Orichalcum"}],"event_choices":[{"damage_healed":0.0,"max_hp_gain":0.0,"max_hp_loss":0.0,"gold_gain":0.0,"event_name":"Living Wall","player_choice":"Grow","floor":4.0,"gold_loss":0.0,"damage_taken":0.0,"cards_upgraded":["Bash"]},{"damage_healed":20.0,"max_hp_gain":0.0,"max_hp_loss":0.0,"gold_gain":0.0,"event_name":"The Cleric","player_choice":"Healed","floor":10.0,"gold_loss":35.0,"damage_taken":0.0},{"damage_healed":0.0,"max_hp_gain":0.0,"max_hp_loss":0.0,"gold_gain":73.0,"event_name":"Golden Wing","player_choice":"Gained Gold","floor":11.0,"gold_loss":0.0,"damage_taken":0.0},{"damage_healed":0.0,"max_hp_gain":0.0,"max_hp_loss":0.0,"gold_gain":0.0,"event_name":"Dead Adventurer","player_choice":"Searched \u00272\u0027 times","floor":12.0,"gold_loss":0.0,"damage_taken":0.0},{"damage_healed":0.0,"max_hp_gain":0.0,"max_hp_loss":0.0,"gold_gain":0.0,"event_name":"Drug Dealer","player_choice":"Obtain J.A.X.","floor":19.0,"gold_loss":0.0,"damage_taken":0.0,"cards_obtained":["J.A.X."]},{"damage_healed":0.0,"max_hp_gain":5.0,"max_hp_loss":0.0,"gold_gain":0.0,"event_name":"Forgotten Altar","player_choice":"Shed Blood","floor":21.0,"gold_loss":0.0,"damage_taken":20.0},{"cards_removed":["Metallicize"],"damage_healed":43.0,"max_hp_gain":0.0,"max_hp_loss":0.0,"gold_gain":0.0,"event_name":"Bonfire Elementals","player_choice":"Offered Uncommon","floor":29.0,"gold_loss":0.0,"damage_taken":0.0},{"damage_healed":0,"gold_gain":0,"player_choice":"Relic","damage_taken":0,"max_hp_gain":0,"max_hp_loss":0,"event_name":"Wheel of Change","floor":37,"gold_loss":0},{"damage_healed":0,"gold_gain":0,"player_choice":"Ignored","damage_taken":0,"max_hp_gain":0,"max_hp_loss":0,"event_name":"Mysterious Sphere","floor":39,"gold_loss":0},{"damage_healed":0,"gold_gain":0,"player_choice":"Fight","damage_taken":0,"max_hp_gain":0,"max_hp_loss":0,"event_name":"MindBloom","floor":45,"gold_loss":0},{"damage_healed":0,"gold_gain":0,"player_choice":"Paid","damage_taken":0,"relics_obtained":["Red Mask"],"max_hp_gain":0,"max_hp_loss":0,"event_name":"Tomb of Lord Red Mask","floor":48,"gold_loss":51}],"is_beta":false,"boss_relics":[{"not_picked":["Ectoplasm","Cursed Key"],"picked":"Black Star"},{"not_picked":["SlaversCollar","Fusion Hammer"],"picked":"Pandora\u0027s Box"}],"items_purged_floors":[41],"is_endless":false,"potions_floor_spawned":[3,5,12,14,18,23,25,31,33,38,40,44,47],"killed_by":"The Heart","ascension_level":3}}