{"host":"2ovd97vxlcfh2ypd","time":1610788577,"event":{"mods":["BaseMod","Colored Map","Colored Powertips","Highlight Path","Minty Spire (QoL Compilation)","Quick Restart","Relic Stats","StSLib","SuperFastMode","Waifu the Spire"],"gold_per_floor":[10,10,23,42,42,80,5,34,34,34,48,74,74,96,96,210,210,239,268,47,68,68,68,68],"floor_reached":23,"language":"ZHS","playtime":431,"items_purged":["Strike_B"],"score":205,"play_id":"db79e7a6-6d15-40fa-b5dd-f4f876238321","local_time":"20210116171617","is_ascension_mode":true,"campfire_choices":[{"data":"Dualcast","floor":10,"key":"SMITH"},{"data":"Defragment","floor":15,"key":"SMITH"}],"circlet_count":0,"master_deck":["Strike_B","Defend_B","Defend_B","Defend_B","Defend_B","Zap","Dualcast+1","Electrodynamics","Conserve Battery","Ball Lightning","Leap","Buffer","Sweeping Beam","Hologram","Defragment+1","Biased Cognition","Lockon","Rebound+1","Apotheosis","Defragment","Coolheaded","Conserve Battery"],"relics":["Cracked Core","CeramicFish","Pen Nib","Inserter"],"acts_visited":["Exordium","TheCity"],"potions_floor_usage":[],"damage_taken":[{"damage":5.0,"enemies":"Jaw Worm","floor":1.0,"turns":4.0},{"damage":5,"enemies":"2 Louse","floor":3,"turns":3},{"damage":0,"enemies":"Cultist","floor":4,"turns":3},{"damage":11,"enemies":"3 Sentries","floor":6,"turns":3},{"damage":0,"enemies":"Exordium Wildlife","floor":8,"turns":4},{"damage":10,"enemies":"Exordium Thugs","floor":11,"turns":2},{"damage":5,"enemies":"Gremlin Gang","floor":12,"turns":2},{"damage":0,"enemies":"Exordium Wildlife","floor":14,"turns":2},{"damage":6,"enemies":"The Guardian","floor":16,"turns":10},{"damage":14,"enemies":"2 Thieves","floor":18,"turns":3},{"damage":23,"enemies":"Shell Parasite","floor":19,"turns":6},{"damage":29,"enemies":"Shelled Parasite and Fungi","floor":21,"turns":4},{"damage":16,"enemies":"Sentry and Sphere","floor":23,"turns":3}],"seed_played":"-7732953708736824586","potions_obtained":[{"floor":3,"key":"Strength Potion"},{"floor":6,"key":"Fire Potion"},{"floor":8,"key":"SteroidPotion"}],"is_trial":false,"path_per_floor":["M","$","M","M","?","E","$","M","T","R","M","M","?","M","R","B",null,"M","M","$","M","?","M"],"character_chosen":"DEFECT","items_purchased":["Apotheosis","Defragment","Coolheaded"],"campfire_rested":0,"item_purchase_floors":[20,20,20],"current_hp_per_floor":[70,70,65,65,58,47,47,47,47,47,37,32,32,32,32,26,75,61,38,38,9,9,0,0],"gold":68,"neow_bonus":"THREE_RARE_CARDS","is_daily":false,"chose_seed":false,"campfire_upgraded":2,"win_rate":0.0,"timestamp":1610788577,"path_taken":["M","$","M","M","?","E","$","M","T","R","M","M","?","M","R","BOSS","M","?","$","M","?","M"],"items_purchased_type":["Card","Card","Card"],"build_version":"2020-12-22","purchased_purges":1,"victory":false,"max_hp_per_floor":[75,75,75,75,75,75,75,75,75,75,75,75,75,75,75,75,75,75,75,75,75,75,75,75],"relic_stats":{"Inserter":[8],"counters":[13,49],"CeramicFish":99,"Pen Nib":[2],"obtain_stats":[{"Inserter":17,"CeramicFish":6,"Pen Nib":9,"Cracked Core":0},{"Inserter":9,"CeramicFish":4,"Pen Nib":5,"Cracked Core":0},{"Inserter":33,"CeramicFish":13,"Pen Nib":17,"Cracked Core":0}]},"card_choices":[{"not_picked":["Thunder Strike","Meteor Strike"],"picked":"Electrodynamics","floor":0.0},{"not_picked":["Compile Driver","Redo"],"picked":"Conserve Battery","floor":1.0},{"not_picked":["Capacitor","Steam Power"],"picked":"Ball Lightning","floor":3},{"not_picked":["Go for the Eyes","Redo"],"picked":"Leap","floor":4},{"not_picked":["Gash","Genetic Algorithm"],"picked":"Buffer","floor":6},{"not_picked":["Go for the Eyes","Reprogram"],"picked":"Sweeping Beam","floor":8},{"not_picked":["Leap","Tempest","Consume"],"picked":"SKIP","floor":11},{"not_picked":["Conserve Battery","Rebound"],"picked":"Hologram","floor":12},{"not_picked":["Coolheaded","Steam"],"picked":"Defragment","floor":14},{"not_picked":["Buffer","Multi-Cast"],"picked":"Biased Cognition","floor":16},{"not_picked":["Conserve Battery","Sunder"],"picked":"Lockon","floor":18},{"not_picked":["Double Energy","Loop"],"picked":"Rebound+1","floor":19},{"not_picked":["Compile Driver+1","Go for the Eyes"],"picked":"Conserve Battery","floor":21}],"player_experience":291291,"relics_obtained":[{"floor":6,"key":"CeramicFish"},{"floor":9,"key":"Pen Nib"}],"event_choices":[{"cards_removed":["Strike_B"],"damage_healed":0,"gold_gain":0,"player_choice":"Card Removal","damage_taken":7,"max_hp_gain":0,"max_hp_loss":0,"event_name":"Golden Wing","floor":5,"gold_loss":0},{"cards_removed":["Strike_B"],"damage_healed":0,"gold_gain":0,"player_choice":"Purged","damage_taken":0,"max_hp_gain":0,"max_hp_loss":0,"event_name":"Purifier","floor":13,"gold_loss":0},{"damage_healed":0,"gold_gain":0,"player_choice":"Ignored","damage_taken":0,"max_hp_gain":0,"max_hp_loss":0,"event_name":"Vampires","floor":22,"gold_loss":0}],"is_beta":false,"boss_relics":[{"not_picked":["FrozenCore","Fusion Hammer"],"picked":"Inserter"}],"items_purged_floors":[7],"is_endless":false,"potions_floor_spawned":[3,6,8,14,16,19],"killed_by":"Sentry and Sphere","ascension_level":1}}