{"host":"qk2y4749gcwu4ddj","time":1610813619,"event":{"mods":["Arknights The Spire","BaseMod","Hunter ¡‘»À","Minty Spire (QoL Compilation)","Replay The Spire","Spicy Shops","StSLib","The Cursed","The Runesmith","[GremlinLeader]The Maniac","°æ“≈ŒÔø®≈∆°øREMEMod"],"gold_per_floor":[114,131,149,169,183,208,208,226,226,237,250,250,209,219,219,317,317,330,330,345,365,365,393,407,407,456,468,468,478,491,237,237,341,341,352,218,230,240,256,256,256],"floor_reached":40,"language":"ZHS","playtime":4602,"items_purged":["TheCursedMod:Defend_TheCursed"],"score":495,"play_id":"bf96649c-fc9b-4ace-95a6-497fe7c65f2d","local_time":"20210117001339","is_ascension_mode":false,"campfire_choices":[{"floor":7,"key":"REST"},{"floor":15,"key":"REST"},{"floor":25,"key":"REST"},{"data":"TheCursedMod:NeowsMight","floor":32,"key":"SMITH"}],"circlet_count":0,"master_deck":["TheCursedMod:Defend_TheCursed","TheCursedMod:Defend_TheCursed","TheCursedMod:Defend_TheCursed","TheCursedMod:CursedWand","TheCursedMod:CleanUpWorkshop","TheCursedMod:Dregs","TheCursedMod:SpitefulPray","TheCursedMod:CircleOfWindfury","TheCursedMod:Hemoplague","TheCursedMod:SpitefulStrike","TheCursedMod:BlessingInDisguise","TheCursedMod:WearCloak","TheCursedMod:TroublousMinions","TheCursedMod:LuckyCharm","TheCursedMod:CursedShiv","TheCursedMod:NeowsMight+1","TheCursedMod:VitalStrike+1","TheCursedMod:AshesToAshes","TheCursedMod:CursedMace+1","Hallucinations","TheCursedMod:Grudge","TheCursedMod:HellfireBreathing","TheCursedMod:Obscuration+1","Bite","Bite","Bite","Bite","Bite","TheCursedMod:CursedBlade","TheCursedMod:CursedStaff","TheCursedMod:AbyssShockwave","TheCursedMod:OutForBlood","TheCursedMod:WearCloak+1","TheCursedMod:LuckyCharm","TheCursedMod:SpitefulStrike","TheCursedMod:RapidMovement"],"relics":["TheCursedMod:BlackMagic101","REME_ComplimentaryCards","NeowsBlessing","Replay:Mystery Machine","Peace Pipe","ReplayTheSpireMod:DimensionalGlitch","Ring of Peace","ReplayTheSpireMod:Ring of Challenge","Orichalcum","ReplayTheSpireMod:TigerMarble","Philosopher\u0027s Stone"],"acts_visited":["Exordium","TheCity","TheBeyond"],"potions_floor_usage":[14,16,23,27,27,33,33,40],"damage_taken":[{"damage":0,"enemies":"Jaw Worm","floor":1,"turns":1},{"damage":0,"enemies":"Small Slimes","floor":2,"turns":1},{"damage":0,"enemies":"2 Louse","floor":3,"turns":1},{"damage":5,"enemies":"2 Fungi Beasts","floor":4,"turns":4},{"damage":19,"enemies":"Red Slaver","floor":5,"turns":6},{"damage":41,"enemies":"Lagavulin","floor":6,"turns":8},{"damage":9,"enemies":"Blue Slaver","floor":8,"turns":5},{"damage":12,"enemies":"Looter","floor":10,"turns":5},{"damage":9,"enemies":"Red Slaver","floor":11,"turns":4},{"damage":3,"enemies":"Exordium Thugs","floor":14,"turns":7},{"damage":17,"enemies":"Fading Forest","floor":16,"turns":11},{"damage":0,"enemies":"Shell Parasite","floor":18,"turns":7},{"damage":9,"enemies":"Spheric Guardian","floor":20,"turns":6},{"damage":0,"enemies":"Snecko","floor":21,"turns":5},{"damage":41,"enemies":"Slavers","floor":23,"turns":10},{"damage":7,"enemies":"Cultist and Chosen","floor":24,"turns":6},{"damage":14,"enemies":"Snake Plant","floor":27,"turns":6},{"damage":9,"enemies":"Shelled Parasite and Fungi","floor":29,"turns":7},{"damage":0,"enemies":"Centurion and Healer","floor":30,"turns":9},{"damage":25,"enemies":"Collector","floor":33,"turns":11},{"damage":36,"enemies":"3 Shapes","floor":35,"turns":4},{"damage":7,"enemies":"Orb Walker","floor":37,"turns":5},{"damage":0,"enemies":"3 Darklings","floor":38,"turns":6},{"damage":21,"enemies":"Spire Growth","floor":39,"turns":6},{"damage":34,"enemies":"Giant Head","floor":40,"turns":6}],"seed_played":"1487332784866288232","potions_obtained":[{"floor":4,"key":"PowerPotion"},{"floor":5,"key":"Fruit Juice"},{"floor":8,"key":"Toxic Potion"},{"floor":16,"key":"Languid Potion"},{"floor":21,"key":"SkillPotion"},{"floor":27,"key":"REME_GoldPotion"},{"floor":29,"key":"AttackPotion"},{"floor":33,"key":"REME_GoldPotion"},{"floor":35,"key":"Venom Potion"},{"floor":37,"key":"SpeedPotion"}],"is_trial":false,"path_per_floor":["M","M","M","M","M","E","R","M","T","M","M","?","$","M","R","B",null,"M","?","M","M","?","E","M","R","T","M","?","M","M","$","R","B",null,"M","$","M","M","M","E"],"character_chosen":"THE_CURSED","items_purchased":["TheCursedMod:LuckyCharm","TheCursedMod:CursedStaff","TheCursedMod:AbyssShockwave","TheCursedMod:LuckyCharm","TheCursedMod:SpitefulStrike"],"campfire_rested":3,"item_purchase_floors":[13,31,31,36,36],"current_hp_per_floor":[75,75,75,70,51,10,32,23,23,11,2,2,2,4,28,21,80,80,80,71,71,71,30,23,47,47,33,33,33,43,43,43,27,58,25,25,22,25,9,0,0],"gold":256,"neow_bonus":"THREE_ENEMY_KILL","is_daily":false,"chose_seed":false,"campfire_upgraded":1,"win_rate":0.0,"timestamp":1610813619,"path_taken":["M","M","M","M","M","E","R","M","T","M","M","?","$","M","R","BOSS","M","?","M","M","?","E","M","R","T","M","?","M","M","$","R","BOSS","M","$","M","M","M","E"],"items_purchased_type":["Card","Card","Card","Card","Card"],"build_version":"2020-12-22","purchased_purges":1,"victory":false,"max_hp_per_floor":[75,75,75,75,75,75,75,75,75,75,75,75,75,80,80,80,80,80,80,80,80,80,80,80,80,80,80,56,58,58,58,58,58,58,58,58,58,58,58,58,58],"card_choices":[{"not_picked":["TheCursedMod:Torture","TheCursedMod:TacticalStrike"],"picked":"TheCursedMod:SpitefulPray","floor":1},{"not_picked":["TheCursedMod:Wield","TheCursedMod:RavingStaff"],"picked":"TheCursedMod:CircleOfWindfury","floor":2},{"not_picked":["TheCursedMod:SoulCrush","TheCursedMod:CircleOfAmplification","TheCursedMod:CircleOfCorruption"],"picked":"SKIP","floor":3},{"not_picked":["TheCursedMod:RapidMovement","TheCursedMod:VitalStrike"],"picked":"TheCursedMod:Hemoplague","floor":4},{"not_picked":["TheCursedMod:DemonicPact","TheCursedMod:RapidMovement"],"picked":"TheCursedMod:SpitefulStrike","floor":5},{"not_picked":["TheCursedMod:DoubleShield","TheCursedMod:CircleOfCorruption"],"picked":"TheCursedMod:BlessingInDisguise","floor":6},{"not_picked":["TheCursedMod:Wield","TheCursedMod:RapidMovement","TheCursedMod:CircleOfFlame"],"picked":"SKIP","floor":8},{"not_picked":["TheCursedMod:CursedRelics","TheCursedMod:TacticalStrike"],"picked":"TheCursedMod:WearCloak","floor":10},{"not_picked":["TheCursedMod:RapidMovement","TheCursedMod:Stretching"],"picked":"TheCursedMod:TroublousMinions","floor":11},{"not_picked":["TheCursedMod:TacticalStrike","TheCursedMod:CircleOfWindfury"],"picked":"TheCursedMod:CursedShiv","floor":14},{"not_picked":["TheCursedMod:OutForBlood","TheCursedMod:ShockAndAwe"],"picked":"TheCursedMod:NeowsMight","floor":16},{"not_picked":["TheCursedMod:RapidMovement+1","TheCursedMod:TroublousMinions"],"picked":"TheCursedMod:VitalStrike+1","floor":18},{"not_picked":["TheCursedMod:WearCloak","TheCursedMod:CursedShiv"],"picked":"TheCursedMod:AshesToAshes","floor":20},{"not_picked":["TheCursedMod:TacticalStrike","TheCursedMod:SurpriseAttack"],"picked":"TheCursedMod:CursedMace+1","floor":21},{"not_picked":["TheCursedMod:AntiAging","TheCursedMod:CircleOfBlood"],"picked":"TheCursedMod:Grudge","floor":23},{"not_picked":["TheCursedMod:Obscuration","TheCursedMod:WearCloak"],"picked":"TheCursedMod:HellfireBreathing","floor":24},{"not_picked":["TheCursedMod:SpreadPlague","TheCursedMod:Mangle"],"picked":"TheCursedMod:Obscuration+1","floor":27},{"not_picked":["TheCursedMod:CircleOfFocus+1","TheCursedMod:CursedShiv+1"],"picked":"TheCursedMod:CursedBlade","floor":29},{"not_picked":["TheCursedMod:SoulReap","TheCursedMod:WearCloak","TheCursedMod:Mangle"],"picked":"SKIP","floor":30},{"not_picked":["TheCursedMod:StunningStrike","TheCursedMod:ParallelWorld"],"picked":"TheCursedMod:OutForBlood","floor":33},{"not_picked":["TheCursedMod:Torture","TheCursedMod:CircleOfCorruption"],"picked":"TheCursedMod:WearCloak+1","floor":35},{"not_picked":["TheCursedMod:CircleOfFocus+1","TheCursedMod:CursedShiv+1"],"picked":"TheCursedMod:RapidMovement","floor":37},{"not_picked":["TheCursedMod:FleshFromBone","TheCursedMod:StingEye","TheCursedMod:Grudge"],"picked":"SKIP","floor":38},{"not_picked":["TheCursedMod:SaltUponWound+1","TheCursedMod:BloodBarrier","TheCursedMod:CircleOfCorruption"],"picked":"SKIP","floor":39}],"player_experience":165798,"relics_obtained":[{"floor":6,"key":"Replay:Mystery Machine"},{"floor":9,"key":"Peace Pipe"},{"floor":22,"key":"Ring of Peace"},{"floor":22,"key":"ReplayTheSpireMod:Ring of Challenge"},{"floor":23,"key":"Orichalcum"},{"floor":26,"key":"ReplayTheSpireMod:TigerMarble"}],"event_choices":[{"damage_healed":0,"gold_gain":0,"player_choice":"Fled","damage_taken":0,"max_hp_gain":0,"max_hp_loss":0,"event_name":"Scrap Ooze","floor":12,"gold_loss":0},{"damage_healed":0,"gold_gain":0,"player_choice":"Ignored","damage_taken":0,"max_hp_gain":0,"max_hp_loss":0,"event_name":"Ghosts","floor":19,"gold_loss":0},{"damage_healed":0,"gold_gain":0,"player_choice":"Became a vampire","damage_taken":0,"max_hp_gain":0,"max_hp_loss":24,"event_name":"Vampires","floor":28,"gold_loss":0,"cards_obtained":["Bite","Bite","Bite","Bite","Bite"]}],"is_beta":false,"boss_relics":[{"not_picked":["Runic Dome","Black Star"],"picked":"ReplayTheSpireMod:DimensionalGlitch"},{"not_picked":["REME_DuelDisc","Pandora\u0027s Box"],"picked":"Philosopher\u0027s Stone"}],"items_purged_floors":[31],"is_endless":false,"potions_floor_spawned":[4,5,8,10,16,21,27,29,33,35,37,38],"killed_by":"Giant Head","ascension_level":0}}