{"host":"sc0o2qwpf9j16a4i","time":1610821565,"event":{"mods":["AchievementEnabler","BaseMod","BetterRewards","Block Reminder","Colored Map","Colored Powertips","Custom Start","Highlight Path","Minty Spire (QoL Compilation)","Relic Stats"],"gold_per_floor":[118,168,187,87,87,115,115,148,219,219,184,184,202,264,264,338,338,356,85,285,3,18,18,51,51,106,106,141,56,73,101,101,177,177,195,241,241,241,254,254,289,289,314,340,356,206,224,244,244,244,244,244,244,68,103,103],"floor_reached":57,"language":"ENG","playtime":2338,"items_purged":["Strike_G","Strike_G","Strike_G","Strike_G+1"],"score":3944,"play_id":"71c6e86a-8898-4825-81f7-dee3e1e4910b","local_time":"20210116202605","is_ascension_mode":true,"campfire_choices":[{"floor":7,"key":"REST"},{"floor":10,"key":"REST"},{"data":"Neutralize","floor":12,"key":"SMITH"},{"data":"Terror","floor":15,"key":"SMITH"},{"data":"Malaise","floor":23,"key":"SMITH"},{"data":"Catalyst","floor":25,"key":"SMITH"},{"data":"Crippling Poison","floor":32,"key":"SMITH"},{"floor":40,"key":"REST"},{"floor":42,"key":"RECALL"},{"data":"Catalyst","floor":49,"key":"SMITH"},{"data":"Calculated Gamble","floor":53,"key":"SMITH"}],"circlet_count":0,"master_deck":["AscendersBane","Strike_G+1","Defend_G+1","Defend_G+1","Defend_G+1","Defend_G+1","Defend_G+1","Survivor","Neutralize+1","Well Laid Plans+1","Dash","Predator","Noxious Fumes+1","Terror+1","Deadly Poison","Dodge and Roll","Crippling Poison+1","Calculated Gamble+1","Malaise+1","PiercingWail","Footwork+1","Catalyst+1","Backflip","Footwork+1","Wraith Form v2+1","Bouncing Flask","Catalyst+1","Dodge and Roll+1","Dash","Dash","Footwork+1","Catalyst+1","Leg Sweep","Crippling Poison","Deadly Poison+1"],"relics":["Ring of the Snake","Medical Kit","Pen Nib","Frozen Egg 2","Art of War","MealTicket","Omamori","Cursed Key","HornCleat","Lee\u0027s Waffle","Dream Catcher","Snake Skull","Vajra","InkBottle","Snecko Eye","Unceasing Top","StrikeDummy","Strawberry","Bag of Preparation","Akabeko"],"acts_visited":["Exordium","TheCity","TheBeyond","TheEnding"],"potions_floor_usage":[6,6,13,16,33,36,56,56],"damage_taken":[{"damage":1,"enemies":"Small Slimes","floor":1,"turns":4},{"damage":0,"enemies":"Cultist","floor":3,"turns":2},{"damage":3,"enemies":"3 Sentries","floor":6,"turns":6},{"damage":11,"enemies":"Lagavulin","floor":8,"turns":7},{"damage":0,"enemies":"2 Louse","floor":13,"turns":1},{"damage":14,"enemies":"Gremlin Nob","floor":14,"turns":4},{"damage":0,"enemies":"Slime Boss","floor":16,"turns":7},{"damage":11,"enemies":"2 Thieves","floor":18,"turns":4},{"damage":1,"enemies":"3 Byrds","floor":22,"turns":5},{"damage":20,"enemies":"Gremlin Leader","floor":24,"turns":7},{"damage":0,"enemies":"Book of Stabbing","floor":28,"turns":6},{"damage":0,"enemies":"Snake Plant","floor":30,"turns":3},{"damage":2,"enemies":"Slavers","floor":31,"turns":6},{"damage":0,"enemies":"Automaton","floor":33,"turns":8},{"damage":0,"enemies":"Orb Walker","floor":35,"turns":5},{"damage":34,"enemies":"2 Orb Walkers","floor":36,"turns":5},{"damage":0,"enemies":"3 Shapes","floor":39,"turns":4},{"damage":0,"enemies":"Giant Head","floor":41,"turns":6},{"damage":16,"enemies":"Nemesis","floor":44,"turns":7},{"damage":0,"enemies":"Spire Growth","floor":45,"turns":3},{"damage":0,"enemies":"Maw","floor":47,"turns":4},{"damage":3,"enemies":"Sphere and 2 Shapes","floor":48,"turns":6},{"damage":0,"enemies":"Donu and Deca","floor":50,"turns":8},{"damage":7,"enemies":"Time Eater","floor":51,"turns":9},{"damage":0,"enemies":"Shield and Spear","floor":55,"turns":7},{"damage":73,"enemies":"The Heart","floor":56,"turns":8}],"seed_played":"3144386240587845047","potions_obtained":[{"floor":1,"key":"Block Potion"},{"floor":3,"key":"PowerPotion"},{"floor":6,"key":"LiquidMemories"},{"floor":13,"key":"Poison Potion"},{"floor":14,"key":"DuplicationPotion"},{"floor":31,"key":"SkillPotion"},{"floor":33,"key":"SneckoOil"},{"floor":41,"key":"FairyPotion"}],"is_trial":false,"path_per_floor":["M","?","M","$","?","E","R","E","T","R","?","R","M","?","R","B",null,"M","$","?","$","M","R","E","R","T","?","E","$","M","E","R","B",null,"M","?","?","?","M","R","E","R","T","E","M","$","M","M","R","B","B",null,"R","$","E","B",null],"character_chosen":"THE_SILENT","items_purchased":["Medical Kit","Pen Nib","Frozen Egg 2","Well Laid Plans+1","Dash","Predator","Noxious Fumes+1","All Out Attack","HornCleat","Lee\u0027s Waffle","Footwork+1","Leg Sweep","Crippling Poison","PowerPotion"],"campfire_rested":3,"item_purchase_floors":[0,0,0,0,0,0,0,0,19,21,29,54,54,54],"current_hp_per_floor":[22,22,22,22,22,19,38,27,27,46,62,62,62,48,48,48,62,51,66,66,73,72,72,52,52,52,52,52,67,67,65,65,65,71,71,37,37,37,37,58,58,58,65,49,49,64,64,61,61,61,54,74,74,80,80,7],"gold":103,"neow_bonus":"","is_daily":false,"chose_seed":false,"campfire_upgraded":7,"win_rate":0.0,"timestamp":1610821565,"path_taken":["M","?","M","?","?","E","R","E","T","R","?","R","M","?","R","BOSS","M","$","?","?","M","R","E","R","T","?","E","$","M","E","R","BOSS","M","?","?","?","M","R","E","R","T","E","M","$","M","M","R","BOSS","BOSS","R","$","E","BOSS"],"items_purchased_type":["Relic","Relic","Relic","Card","Card","Card","Card","Card","Relic","Relic","Card","Card","Card","Potion"],"build_version":"2020-12-22","purchased_purges":4,"victory":true,"max_hp_per_floor":[66,66,66,66,66,66,66,66,66,66,66,66,66,66,66,66,66,66,66,66,73,73,73,73,73,73,73,73,73,73,73,73,73,73,73,73,73,73,73,73,73,73,80,80,80,80,80,80,80,80,80,80,80,80,80,80],"relic_stats":{"Lee\u0027s Waffle":69,"counters":[48,262],"Pen Nib":[45],"Snake Skull":[186],"Bag of Preparation":[7],"Medical Kit":[13],"Cursed Key":3,"Dream Catcher":7,"Snecko Eye":[308,294,282,292],"MealTicket":58,"Art of War":[56],"obtain_stats":[{"Vajra":11,"Snake Skull":26,"Bag of Preparation":44,"Bottled Tornado":30,"Cursed Key":17,"Dream Catcher":7,"Centennial Puzzle":9,"HornCleat":19,"Ninja Scroll":43,"Strawberry":43,"MealTicket":23,"Red Mask":24,"InkBottle":45,"Ring of the Snake":0,"Lee\u0027s Waffle":21,"The Specimen":41,"Pen Nib":0,"Omamori":14,"Orichalcum":46,"Frozen Egg 2":0,"MawBank":13,"Medical Kit":0,"White Beast Statue":22,"Akabeko":55,"Peace Pipe":42,"Busted Crown":34,"Snecko Eye":17,"Pandora\u0027s Box":0,"Art of War":6,"Membership Card":37,"StrikeDummy":41,"Unceasing Top":36},{"Vajra":4,"Snake Skull":32,"Bag of Preparation":41,"Bottled Tornado":12,"Cursed Key":29,"Dream Catcher":4,"Centennial Puzzle":4,"HornCleat":30,"Ninja Scroll":18,"Strawberry":40,"MealTicket":9,"Red Mask":10,"InkBottle":19,"Ring of the Snake":0,"Lee\u0027s Waffle":30,"The Specimen":17,"Pen Nib":22,"Omamori":28,"Orichalcum":19,"Frozen Egg 2":22,"MawBank":5,"Medical Kit":22,"White Beast Statue":8,"Akabeko":47,"Peace Pipe":18,"Busted Crown":13,"Snecko Eye":6,"Pandora\u0027s Box":0,"Art of War":25,"Membership Card":15,"StrikeDummy":40,"Unceasing Top":38},{"Vajra":27,"Snake Skull":167,"Bag of Preparation":217,"Bottled Tornado":73,"Cursed Key":151,"Dream Catcher":27,"Centennial Puzzle":27,"HornCleat":155,"Ninja Scroll":103,"Strawberry":210,"MealTicket":57,"Red Mask":60,"InkBottle":109,"Ring of the Snake":0,"Lee\u0027s Waffle":155,"The Specimen":96,"Pen Nib":120,"Omamori":144,"Orichalcum":109,"Frozen Egg 2":120,"MawBank":31,"Medical Kit":120,"White Beast Statue":48,"Akabeko":254,"Peace Pipe":103,"Busted Crown":81,"Snecko Eye":41,"Pandora\u0027s Box":0,"Art of War":132,"Membership Card":86,"StrikeDummy":210,"Unceasing Top":200}],"InkBottle":[35],"Unceasing Top":[0],"Ring of the Snake":[52]},"card_choices":[{"not_picked":["Underhanded Strike","Predator"],"picked":"Terror","floor":1},{"not_picked":["Cloak And Dagger","Sucker Punch"],"picked":"Deadly Poison","floor":3},{"not_picked":["Backflip","Prepared","Acrobatics"],"picked":"SKIP","floor":6},{"not_picked":["Outmaneuver","Slice"],"picked":"Dodge and Roll","floor":8},{"not_picked":["Quick Slash","Slice"],"picked":"Crippling Poison","floor":13},{"not_picked":["Escape Plan","Riddle With Holes"],"picked":"Calculated Gamble","floor":14},{"not_picked":["Glass Knife","Tools of the Trade+1"],"picked":"Malaise","floor":16},{"not_picked":["Masterful Stab+1","Dash"],"picked":"PiercingWail","floor":18},{"not_picked":["Outmaneuver","Well Laid Plans+1"],"picked":"Footwork+1","floor":22},{"not_picked":["Crippling Poison","Blur"],"picked":"Catalyst","floor":24},{"not_picked":["Deflect","Eviscerate"],"picked":"Backflip","floor":28},{"not_picked":["Predator","Bane","All Out Attack+1"],"picked":"SKIP","floor":30},{"not_picked":["Dagger Throw","Bane","Dagger Spray"],"picked":"SKIP","floor":31},{"not_picked":["Adrenaline","Night Terror"],"picked":"Wraith Form v2+1","floor":33},{"not_picked":["Deflect","Underhanded Strike"],"picked":"Bouncing Flask","floor":35},{"not_picked":["PiercingWail","Flying Knee+1"],"picked":"Dodge and Roll+1","floor":39},{"not_picked":["Dodge and Roll","Riddle With Holes+1"],"picked":"Dash","floor":41},{"not_picked":["Unload","Sucker Punch"],"picked":"Dash","floor":44},{"not_picked":["Poisoned Stab+1","Terror"],"picked":"Footwork+1","floor":45},{"not_picked":["Slice+1","Cloak And Dagger","Bane"],"picked":"SKIP","floor":47},{"not_picked":["Sucker Punch+1","Prepared"],"picked":"Catalyst","floor":48},{"not_picked":["Flying Knee","Acrobatics"],"picked":"Deadly Poison+1","floor":55}],"player_experience":668921,"relics_obtained":[{"floor":6,"key":"Art of War"},{"floor":8,"key":"MealTicket"},{"floor":14,"key":"Omamori"},{"floor":24,"key":"Dream Catcher"},{"floor":26,"key":"Snake Skull"},{"floor":28,"key":"Vajra"},{"floor":31,"key":"InkBottle"},{"floor":36,"key":"Unceasing Top"},{"floor":41,"key":"StrikeDummy"},{"floor":43,"key":"Strawberry"},{"floor":44,"key":"Bag of Preparation"},{"floor":55,"key":"Akabeko"}],"event_choices":[{"damage_healed":0,"gold_gain":50,"player_choice":"Pray","damage_taken":0,"max_hp_gain":0,"max_hp_loss":0,"event_name":"Golden Shrine","floor":2,"gold_loss":0},{"damage_healed":0,"gold_gain":0,"player_choice":"Fled","damage_taken":0,"max_hp_gain":0,"max_hp_loss":0,"event_name":"Scrap Ooze","floor":5,"gold_loss":0},{"damage_healed":16,"gold_gain":0,"player_choice":"Healed","damage_taken":0,"max_hp_gain":0,"max_hp_loss":0,"event_name":"The Cleric","floor":11,"gold_loss":35},{"damage_healed":0,"gold_gain":0,"player_choice":"Searched \u00271\u0027 times","damage_taken":0,"max_hp_gain":0,"max_hp_loss":0,"event_name":"Dead Adventurer","floor":14,"gold_loss":0},{"damage_healed":0,"gold_gain":250,"player_choice":"Bet on Owner","damage_taken":0,"max_hp_gain":0,"max_hp_loss":0,"event_name":"The Joust","floor":20,"gold_loss":50},{"damage_healed":0,"gold_gain":0,"player_choice":"Simplicity","damage_taken":0,"max_hp_gain":0,"max_hp_loss":0,"event_name":"Back to Basics","floor":27,"gold_loss":0,"cards_upgraded":["Strike_G","Strike_G","Defend_G","Defend_G","Defend_G","Defend_G","Defend_G"]},{"damage_healed":0,"gold_gain":0,"player_choice":"Fight","damage_taken":0,"max_hp_gain":0,"max_hp_loss":0,"event_name":"Mysterious Sphere","floor":36,"gold_loss":0},{"cards_removed":["All Out Attack"],"damage_healed":0,"gold_gain":0,"player_choice":"Removed Attack","damage_taken":0,"max_hp_gain":0,"max_hp_loss":0,"event_name":"Falling","floor":37,"gold_loss":0},{"damage_healed":0,"gold_gain":0,"player_choice":"Copied","damage_taken":0,"max_hp_gain":0,"max_hp_loss":0,"event_name":"Duplicator","floor":38,"gold_loss":0,"cards_obtained":["Catalyst"]}],"is_beta":false,"boss_relics":[{"not_picked":["Ring of the Serpent","SacredBark"],"picked":"Cursed Key"},{"not_picked":["Astrolabe","Runic Dome"],"picked":"Snecko Eye"}],"items_purged_floors":[0,4,21,46],"is_endless":false,"potions_floor_spawned":[1,3,6,13,14,31,33,41,44,47],"ascension_level":20}}