{"host":"4axoa1rfjgnprp9l","time":1610821864,"event":{"mods":["2.2 Compatiblity","AchievementEnabler","BaseMod","Colored Map","DeckTracker","Highlight Path","Minty Spire (QoL Compilation)","Permanent Neow","StSLib","SuperFastMode"],"gold_per_floor":[214,17,35,48,63,94,94,111,134,134,134,134,151,170,170,249,249,263,263,263,263],"floor_reached":20,"language":"KOR","playtime":7806,"items_purged":[],"score":352,"play_id":"dc5fec96-e30a-41f5-bf73-13b7a95ec2dd","local_time":"20210117033104","is_ascension_mode":true,"campfire_choices":[{"data":"Eviscerate","floor":7.0,"key":"SMITH"},{"data":"Underhanded Strike","floor":10.0,"key":"SMITH"},{"data":"Acrobatics","floor":12.0,"key":"SMITH"},{"data":"Well Laid Plans","floor":15.0,"key":"SMITH"}],"circlet_count":0,"master_deck":["AscendersBane","Strike_G","Strike_G","Strike_G","Strike_G","Strike_G","Defend_G","Defend_G","Defend_G","Defend_G","Defend_G","Survivor","Neutralize","Footwork+1","Eviscerate+1","Acrobatics+1","Backstab","Underhanded Strike+1","After Image","Well Laid Plans+1","Blur","Tools of the Trade","Ghostly","Ghostly","Ghostly"],"relics":["Ring of the Snake","Art of War","Akabeko","Sozu"],"acts_visited":["TheCity"],"potions_floor_usage":[20],"damage_taken":[{"damage":4.0,"enemies":"Small Slimes","floor":1.0,"turns":3.0},{"damage":2.0,"enemies":"Cultist","floor":3.0,"turns":4.0},{"damage":0.0,"enemies":"2 Louse","floor":4.0,"turns":3.0},{"damage":0.0,"enemies":"Exordium Wildlife","floor":5.0,"turns":3.0},{"damage":11.0,"enemies":"3 Sentries","floor":6.0,"turns":12.0},{"damage":1.0,"enemies":"Looter","floor":8.0,"turns":2.0},{"damage":0.0,"enemies":"3 Louse","floor":13.0,"turns":2.0},{"damage":0.0,"enemies":"2 Fungi Beasts","floor":14.0,"turns":2.0},{"damage":20.0,"enemies":"Hexaghost","floor":16.0,"turns":15.0},{"damage":10.0,"enemies":"Chosen","floor":18.0,"turns":6.0},{"damage":33,"enemies":"Masked Bandits","floor":20,"turns":5}],"seed_played":"537611822105568885","potions_obtained":[{"floor":3.0,"key":"Energy Potion"},{"floor":5.0,"key":"Block Potion"},{"floor":13.0,"key":"Explosive Potion"},{"floor":16.0,"key":"Dexterity Potion"}],"is_trial":false,"path_per_floor":["M","$","M","M","M","E","R","M","T","R","?","R","M","M","R","B",null,"M","?","?"],"character_chosen":"THE_SILENT","items_purchased":["Eviscerate","Acrobatics","Swift Potion"],"campfire_rested":0,"item_purchase_floors":[2,2,2],"current_hp_per_floor":[55,55,53,53,53,42,42,41,41,41,41,41,41,41,41,21,55,45,33,0,0],"gold":263,"neow_bonus":"HUNDRED_GOLD","is_daily":false,"chose_seed":false,"campfire_upgraded":4,"win_rate":0.0,"timestamp":1610821864,"path_taken":["M","$","M","M","M","E","R","M","T","R","?","R","M","M","R","BOSS","M","?","?"],"items_purchased_type":["Card","Card","Potion"],"build_version":"2020-12-22","purchased_purges":0,"victory":false,"max_hp_per_floor":[66,66,66,66,66,66,66,66,66,66,66,66,66,66,66,66,66,66,33,33,33],"card_choices":[{"not_picked":["Dagger Spray","Masterful Stab"],"picked":"Footwork","floor":1.0},{"not_picked":["Dagger Throw","Infinite Blades"],"picked":"Backstab","floor":3.0},{"not_picked":["Deflect","Predator"],"picked":"Underhanded Strike","floor":4.0},{"not_picked":["Sucker Punch","Deflect","Unload"],"picked":"SKIP","floor":5.0},{"not_picked":["Dodge and Roll","Masterful Stab"],"picked":"After Image","floor":6.0},{"not_picked":["PiercingWail","Catalyst"],"picked":"Well Laid Plans","floor":8.0},{"not_picked":["Noxious Fumes","PiercingWail","Concentrate"],"picked":"SKIP","floor":13.0},{"not_picked":["Finisher","Acrobatics"],"picked":"Blur","floor":14.0},{"not_picked":["Storm of Steel","Venomology"],"picked":"Tools of the Trade","floor":16.0},{"not_picked":["Poisoned Stab","Expertise","Bane+1"],"picked":"SKIP","floor":18.0}],"player_experience":872664,"relics_obtained":[{"floor":6.0,"key":"Art of War"},{"floor":9.0,"key":"Akabeko"}],"event_choices":[{"damage_healed":0.0,"max_hp_gain":0.0,"max_hp_loss":0.0,"gold_gain":0.0,"event_name":"Upgrade Shrine","player_choice":"Upgraded","floor":11.0,"gold_loss":0.0,"damage_taken":0.0,"cards_upgraded":["Footwork"]},{"damage_healed":0.0,"max_hp_gain":0.0,"max_hp_loss":33.0,"gold_gain":0.0,"event_name":"Ghosts","player_choice":"Became a Ghost","floor":19.0,"gold_loss":0.0,"damage_taken":0.0,"cards_obtained":["Ghostly","Ghostly","Ghostly"]},{"damage_healed":0,"gold_gain":0,"player_choice":"Fought Bandits","damage_taken":0,"max_hp_gain":0,"max_hp_loss":0,"event_name":"Masked Bandits","floor":20,"gold_loss":0}],"is_beta":false,"boss_relics":[{"not_picked":["Busted Crown","Runic Dome"],"picked":"Sozu"}],"items_purged_floors":[],"is_endless":false,"potions_floor_spawned":[3,5,13,16],"killed_by":"Masked Bandits","ascension_level":20}}