{"host":"6pgtslebjnyv5xmi","time":1610811250,"event":{"mods":["AchievementEnabler","BaseMod","Colored Map","Minty Spire (QoL Compilation)","Rare Cards Sparkle","StSLib","SuperFastMode","The Cursed","everything is the same but u backflip on backflip"],"gold_per_floor":[110,110,110,60,60,60,95,112,137,151,151,151,71,81,81,182,182,199,299,79,98,114,114,130,147,147,147,25,25,25,225,225,323,323,335,50,98,98,111,111,126,126,151,151,151,151,201,0,0,0],"floor_reached":51,"language":"KOR","playtime":2789,"items_purged":["Strike_P","Strike_P","Strike_P"],"score":821,"play_id":"483c541d-9daf-4c9e-8f85-d30636e72a3d","local_time":"20210117003410","is_ascension_mode":true,"campfire_choices":[{"data":"Eruption","floor":6.0,"key":"SMITH"},{"data":"Collect","floor":11.0,"key":"SMITH"},{"data":"Adaptation","floor":15.0,"key":"SMITH"},{"data":"Crescendo","floor":23.0,"key":"SMITH"},{"floor":32,"key":"REST"},{"data":"Omniscience","floor":40,"key":"SMITH"},{"data":"LessonLearned","floor":42,"key":"SMITH"},{"data":"Brilliance","floor":44,"key":"SMITH"},{"floor":49,"key":"REST"}],"circlet_count":0,"master_deck":["Defend_P+1","Eruption+1","Vigilance+1","WindmillStrike+1","Wireheading","Nirvana+1","Collect+1","JustLucky+1","Weave","LessonLearned+1","Adaptation+1","Judgement+1","Pray+1","Crescendo+1","ClearTheMind+1","Omniscience+1","Brilliance+1","Wallop+1","FearNoEvil+1","Halt+1","Panacea+1","Indignation+1"],"relics":["HolyWater","NeowsBlessing","Incense Burner","Damaru","Meat on the Bone","Membership Card","Juzu Bracelet","Mercury Hourglass","Runic Dome","Mummified Hand","Lee\u0027s Waffle","Calipers","Art of War","Turnip","Red Mask"],"acts_visited":["Exordium","TheCity","TheBeyond"],"potions_floor_usage":[33,33,37,50,50],"damage_taken":[{"damage":0.0,"enemies":"Jaw Worm","floor":1.0,"turns":1.0},{"damage":0.0,"enemies":"3 Sentries","floor":7.0,"turns":1.0},{"damage":0.0,"enemies":"Small Slimes","floor":8.0,"turns":1.0},{"damage":5.0,"enemies":"2 Louse","floor":10.0,"turns":2.0},{"damage":3.0,"enemies":"Red Slaver","floor":14.0,"turns":4.0},{"damage":36.0,"enemies":"Hexaghost","floor":16.0,"turns":6.0},{"damage":0.0,"enemies":"Spheric Guardian","floor":18.0,"turns":1.0},{"damage":0.0,"enemies":"Chosen","floor":21.0,"turns":5.0},{"damage":13.0,"enemies":"Shelled Parasite and Fungi","floor":22.0,"turns":3.0},{"damage":1.0,"enemies":"Cultist and Chosen","floor":24.0,"turns":4.0},{"damage":23.0,"enemies":"Centurion and Healer","floor":25.0,"turns":4.0},{"damage":25,"enemies":"Collector","floor":33,"turns":6},{"damage":18,"enemies":"3 Darklings","floor":35,"turns":4},{"damage":39,"enemies":"2 Orb Walkers","floor":37,"turns":4},{"damage":16,"enemies":"Orb Walker","floor":39,"turns":3},{"damage":7,"enemies":"Maw","floor":41,"turns":6},{"damage":0,"enemies":"Mind Bloom Boss Battle","floor":47,"turns":6},{"damage":43,"enemies":"Awakened One","floor":50,"turns":9}],"seed_played":"2427828631798064629","potions_obtained":[{"floor":1.0,"key":"BlessingOfTheForge"},{"floor":7.0,"key":"DuplicationPotion"},{"floor":21.0,"key":"EssenceOfSteel"},{"floor":22.0,"key":"AttackPotion"},{"floor":24.0,"key":"GamblersBrew"},{"floor":25.0,"key":"AttackPotion"},{"floor":35,"key":"BlessingOfTheForge"},{"floor":39,"key":"BlessingOfTheForge"},{"floor":41,"key":"LiquidMemories"}],"is_trial":false,"path_per_floor":["M","$","?","?","?","R","E","M","T","M","R","?","$","M","R","B",null,"M","?","$","M","M","R","M","M","T","?","$","?","$","?","R","B",null,"M","$","?","?","M","R","M","R","T","R","?","?","?","?","R","B",null],"character_chosen":"WATCHER","items_purchased":["LessonLearned","Membership Card","Crescendo","Omniscience","Mummified Hand","Lee\u0027s Waffle","Wallop"],"campfire_rested":2,"item_purchase_floors":[13,20,20,28,36,36,36],"current_hp_per_floor":[72,72,72,72,72,72,72,72,72,67,67,64,64,61,61,37,72,72,72,72,72,59,59,58,47,47,47,47,47,47,47,68,43,72,54,79,40,40,36,36,41,41,41,41,41,41,41,41,63,32],"gold":0,"neow_bonus":"THREE_ENEMY_KILL","is_daily":false,"chose_seed":false,"campfire_upgraded":7,"win_rate":0.0,"timestamp":1610811250,"path_taken":["M","$","?","?","?","R","E","M","T","?","R","?","$","M","R","BOSS","M","?","$","M","M","R","M","?","T","?","$","?","?","?","R","BOSS","M","?","?","?","M","R","M","R","T","R","?","?","?","?","R","BOSS"],"items_purchased_type":["Card","Relic","Card","Card","Relic","Relic","Card"],"build_version":"2020-12-22","purchased_purges":3,"victory":true,"max_hp_per_floor":[72,72,72,72,72,72,72,72,72,72,72,72,72,72,72,72,72,72,72,72,72,72,72,72,72,72,72,72,72,72,72,72,72,72,72,79,79,75,75,75,75,75,75,75,75,75,75,75,75,75],"card_choices":[{"not_picked":["DeceiveReality","Halt"],"picked":"WindmillStrike","floor":1.0},{"not_picked":["Crescendo","FlurryOfBlows"],"picked":"Collect","floor":7.0},{"not_picked":["Protect","ThirdEye"],"picked":"JustLucky","floor":8.0},{"not_picked":["Consecrate","DeceiveReality"],"picked":"Weave","floor":10.0},{"not_picked":["FlyingSleeves","ClearTheMind"],"picked":"Adaptation","floor":14.0},{"not_picked":["Alpha","ConjureBlade"],"picked":"Judgement","floor":16.0},{"not_picked":["FollowUp+1","EmptyFist"],"picked":"Pray+1","floor":18.0},{"not_picked":["Crescendo","EmptyFist","Wallop"],"picked":"SKIP","floor":21.0},{"not_picked":["FlyingSleeves+1","CutThroughFate"],"picked":"ClearTheMind+1","floor":22.0},{"not_picked":["Crescendo","PathToVictory","FlyingSleeves"],"picked":"SKIP","floor":24.0},{"not_picked":["ForeignInfluence","Adaptation","DeceiveReality"],"picked":"SKIP","floor":25.0},{"not_picked":["Scrawl","Establishment"],"picked":"Brilliance","floor":33},{"not_picked":["InnerPeace","FlyingSleeves+1","Adaptation+1"],"picked":"SKIP","floor":35},{"not_picked":["ClearTheMind+1","BowlingBash+1"],"picked":"FearNoEvil+1","floor":37},{"not_picked":["DeceiveReality+1","SashWhip"],"picked":"Halt+1","floor":39},{"not_picked":["PathToVictory","Crescendo","Evaluate"],"picked":"SKIP","floor":41},{"not_picked":["Dark Shackles","Apotheosis"],"picked":"Panacea","floor":46},{"not_picked":["Wireheading","Crescendo+1"],"picked":"Indignation+1","floor":47}],"player_experience":962336,"relics_obtained":[{"floor":7.0,"key":"Incense Burner"},{"floor":9.0,"key":"Damaru"},{"floor":26.0,"key":"Juzu Bracelet"},{"floor":37,"key":"Calipers"},{"floor":43,"key":"Art of War"},{"floor":47,"key":"Turnip"}],"event_choices":[{"damage_healed":0.0,"max_hp_gain":0.0,"max_hp_loss":0.0,"gold_gain":0.0,"cards_transformed":["Defend_P"],"event_name":"Living Wall","player_choice":"Change","floor":3.0,"gold_loss":0.0,"damage_taken":0.0,"cards_obtained":["Wireheading"]},{"cards_removed":["Strike_P"],"damage_healed":0.0,"max_hp_gain":0.0,"max_hp_loss":0.0,"gold_gain":0.0,"event_name":"The Cleric","player_choice":"Card Removal","floor":4.0,"gold_loss":50.0,"damage_taken":0.0},{"damage_healed":0.0,"max_hp_gain":0.0,"max_hp_loss":0.0,"gold_gain":0.0,"cards_transformed":["Defend_P"],"event_name":"Transmorgrifier","player_choice":"Transformed","floor":5.0,"gold_loss":0.0,"damage_taken":0.0,"cards_obtained":["Nirvana"]},{"damage_healed":0.0,"max_hp_gain":0.0,"max_hp_loss":0.0,"gold_gain":0.0,"event_name":"Scrap Ooze","player_choice":"Success","floor":12.0,"gold_loss":0.0,"damage_taken":3.0,"relics_obtained":["Meat on the Bone"]},{"damage_healed":0.0,"max_hp_gain":0.0,"max_hp_loss":0.0,"gold_gain":100.0,"event_name":"Golden Shrine","player_choice":"Pray","floor":19.0,"gold_loss":0.0,"damage_taken":0.0},{"cards_removed":["Defend_P"],"damage_healed":0.0,"max_hp_gain":0.0,"max_hp_loss":0.0,"gold_gain":0.0,"event_name":"Bonfire Elementals","player_choice":"Offered Basic","floor":27.0,"gold_loss":0.0,"damage_taken":0.0},{"damage_healed":0.0,"max_hp_gain":0.0,"max_hp_loss":0.0,"gold_gain":0.0,"event_name":"WeMeetAgain","player_choice":"Gave Potion","floor":29.0,"gold_loss":0.0,"damage_taken":0.0,"relics_obtained":["Mercury Hourglass"]},{"damage_healed":0,"gold_gain":200,"player_choice":"Gold","damage_taken":0,"max_hp_gain":0,"max_hp_loss":0,"event_name":"Wheel of Change","floor":31,"gold_loss":0},{"damage_healed":0,"gold_gain":0,"player_choice":"Fight","damage_taken":0,"max_hp_gain":0,"max_hp_loss":0,"event_name":"Mysterious Sphere","floor":37,"gold_loss":0},{"damage_healed":0,"gold_gain":0,"player_choice":"Max HP","damage_taken":0,"max_hp_gain":0,"max_hp_loss":4,"event_name":"Winding Halls","floor":38,"gold_loss":0},{"damage_healed":0,"gold_gain":0,"player_choice":"Forge","damage_taken":0,"max_hp_gain":0,"max_hp_loss":0,"event_name":"Accursed Blacksmith","floor":45,"gold_loss":0,"cards_upgraded":["Nirvana"]},{"damage_healed":0,"gold_gain":0,"player_choice":"Memory 1","damage_taken":0,"max_hp_gain":0,"max_hp_loss":0,"event_name":"SensoryStone","floor":46,"gold_loss":0},{"damage_healed":0,"gold_gain":0,"player_choice":"Fight","damage_taken":0,"max_hp_gain":0,"max_hp_loss":0,"event_name":"MindBloom","floor":47,"gold_loss":0},{"damage_healed":0,"gold_gain":0,"player_choice":"Paid","damage_taken":0,"relics_obtained":["Red Mask"],"max_hp_gain":0,"max_hp_loss":0,"event_name":"Tomb of Lord Red Mask","floor":48,"gold_loss":201}],"is_beta":false,"boss_relics":[{"not_picked":["VioletLotus","Empty Cage"],"picked":"HolyWater"},{"not_picked":["Sozu","Coffee Dripper"],"picked":"Runic Dome"}],"items_purged_floors":[20,28,36],"is_endless":false,"potions_floor_spawned":[1,7,21,22,24,25,35,39,41],"ascension_level":1}}