{"host":"jl3raagrljzztomj","time":1610800283,"event":{"mods":["Aspiration","BaseMod","Better Third Choice","BetterRewards","Colored Map","Colored Powertips","Custom Start","Hermit","Highlight Path","Marked Mod","Minty Spire (QoL Compilation)","Permanent Neow","Relic Stats","StSLib","SuperFastMode","The Runesmith"],"gold_per_floor":[115,39,50,64,76,76,90,122,202,220,245,245,195,220,220,324,324,334,353,353,371,371,371,706,114,189,189,45,45,45,45],"floor_reached":30,"language":"ENG","playtime":1425,"items_purged":["Strike_R"],"score":258,"play_id":"92d0569e-90a0-4f28-800a-2f534117a056","local_time":"20210116063123","is_ascension_mode":false,"campfire_choices":[{"data":"Rupture","floor":6,"key":"SMITH"},{"floor":12,"key":"REST"},{"data":"Whirlwind","floor":15,"key":"SMITH"},{"data":"Metallicize","floor":23,"key":"SMITH"},{"floor":29,"key":"REST"}],"circlet_count":0,"master_deck":["Strike_R","Strike_R","Strike_R","Defend_R","Defend_R","Defend_R","Defend_R","Bash","Whirlwind+1","Rupture+1","Metallicize+1","Ghostly Armor","Brutality+1","Berserk+1","Combust+1","Blood for Blood+1","Offering","Twin Strike","Rupture+1"],"relics":["Burning Blood","Toy Ornithopter","Regal Pillow","Frozen Egg 2","Akabeko","Bronze Scales","Enchiridion","betterThird:NestCultRelic","Old Coin","Orichalcum","Bottled Flame","Ornamental Fan"],"acts_visited":["Exordium","TheCity"],"potions_floor_usage":[5,8,11,11,19,21,21],"damage_taken":[{"damage":10,"enemies":"Jaw Worm","floor":1,"turns":5},{"damage":7,"enemies":"2 Louse","floor":3,"turns":3},{"damage":12,"enemies":"Small Slimes","floor":4,"turns":3},{"damage":8,"enemies":"Exordium Wildlife","floor":5,"turns":5},{"damage":10,"enemies":"Blue Slaver","floor":7,"turns":5},{"damage":37,"enemies":"Gremlin Nob","floor":8,"turns":6},{"damage":0,"enemies":"3 Louse","floor":10,"turns":1},{"damage":43,"enemies":"Lagavulin","floor":11,"turns":16},{"damage":25,"enemies":"The Guardian","floor":16,"turns":11},{"damage":22,"enemies":"2 Thieves","floor":18,"turns":3},{"damage":3,"enemies":"3 Byrds","floor":19,"turns":3},{"damage":18,"enemies":"Cultist and Chosen","floor":21,"turns":4},{"damage":39,"enemies":"Gremlin Leader","floor":24,"turns":4},{"damage":60,"enemies":"Slavers","floor":30,"turns":5}],"seed_played":"3506258872235118340","potions_obtained":[{"floor":1,"key":"Dexterity Potion"},{"floor":3,"key":"PowerPotion"},{"floor":5,"key":"DuplicationPotion"},{"floor":8,"key":"SpeedPotion"},{"floor":16,"key":"SpeedPotion"},{"floor":18,"key":"Block Potion"},{"floor":19,"key":"FearPotion"}],"is_trial":false,"path_per_floor":["M","$","M","M","M","R","M","E","T","M","E","R","?","T","R","B",null,"M","M","?","M","?","R","E","$","T","?","$","R","E"],"character_chosen":"IRONCLAD","items_purchased":["Rupture","Orichalcum","Bottled Flame","Offering","Twin Strike","Rupture+1"],"campfire_rested":2,"item_purchase_floors":[2,25,25,25,25,28],"current_hp_per_floor":[76,76,75,69,72,72,68,42,42,48,21,60,60,60,60,41,80,64,72,56,54,54,54,21,21,21,21,21,60,0,0],"gold":45,"neow_bonus":"RANDOM_COMMON_RELIC","is_daily":false,"chose_seed":false,"campfire_upgraded":3,"win_rate":0.0,"timestamp":1610800283,"path_taken":["M","$","M","M","M","R","M","E","T","M","E","R","?","?","R","BOSS","M","M","?","M","?","R","E","$","T","?","$","R","E"],"items_purchased_type":["Card","Relic","Relic","Card","Card","Card"],"build_version":"2020-12-22","purchased_purges":1,"victory":false,"max_hp_per_floor":[80,80,80,80,80,80,80,80,80,80,80,80,80,80,80,80,80,80,80,80,80,80,80,80,80,80,80,80,80,80,80],"relic_stats":{"Regal Pillow":30,"counters":[14,73],"Ornamental Fan":[4],"Bronze Scales":[133],"Orichalcum":[12],"obtain_stats":[{"Regal Pillow":8,"Bottled Flame":25,"Ornamental Fan":26,"Bronze Scales":14,"Enchiridion":20,"betterThird:NestCultRelic":22,"Frozen Egg 2":9,"Orichalcum":25,"Burning Blood":0,"Toy Ornithopter":0,"Akabeko":11,"Old Coin":24},{"Regal Pillow":6,"Bottled Flame":13,"Ornamental Fan":13,"Bronze Scales":8,"Enchiridion":11,"betterThird:NestCultRelic":12,"Frozen Egg 2":6,"Orichalcum":13,"Burning Blood":0,"Toy Ornithopter":0,"Akabeko":8,"Old Coin":13},{"Regal Pillow":27,"Bottled Flame":69,"Ornamental Fan":69,"Bronze Scales":44,"Enchiridion":61,"betterThird:NestCultRelic":65,"Frozen Egg 2":27,"Orichalcum":69,"Burning Blood":0,"Toy Ornithopter":0,"Akabeko":44,"Old Coin":69}],"Burning Blood":78,"Toy Ornithopter":35},"card_choices":[{"not_picked":["Seeing Red","Sword Boomerang"],"picked":"Whirlwind","floor":1},{"not_picked":["Pommel Strike","Rage","Sever Soul"],"picked":"SKIP","floor":3},{"not_picked":["Warcry","Heavy Blade"],"picked":"Metallicize","floor":4},{"not_picked":["Wild Strike","Havoc","Body Slam"],"picked":"SKIP","floor":5},{"not_picked":["Cleave","Clothesline","Perfected Strike"],"picked":"SKIP","floor":7},{"not_picked":["Heavy Blade","True Grit"],"picked":"Ghostly Armor","floor":8},{"not_picked":["Havoc","Twin Strike","Heavy Blade"],"picked":"SKIP","floor":10},{"not_picked":["Pommel Strike","Intimidate"],"picked":"Brutality+1","floor":11},{"not_picked":["Corruption+1","Double Tap"],"picked":"Berserk+1","floor":16},{"not_picked":["Heavy Blade","Burning Pact"],"picked":"Combust+1","floor":18},{"not_picked":["Dual Wield","Inflame+1","Clothesline"],"picked":"SKIP","floor":19},{"not_picked":["Bloodletting+1","Clash+1"],"picked":"Blood for Blood+1","floor":21},{"not_picked":["Pommel Strike+1","Anger","Burning Pact"],"picked":"SKIP","floor":24}],"player_experience":976104,"relics_obtained":[{"floor":8,"key":"Regal Pillow"},{"floor":9,"key":"Frozen Egg 2"},{"floor":11,"key":"Akabeko"},{"floor":14,"key":"Bronze Scales"},{"floor":20,"key":"Enchiridion"},{"floor":24,"key":"Old Coin"},{"floor":26,"key":"Ornamental Fan"}],"event_choices":[{"cards_removed":["Strike_R"],"damage_healed":0,"gold_gain":0,"player_choice":"Card Removal","damage_taken":0,"max_hp_gain":0,"max_hp_loss":0,"event_name":"The Cleric","floor":13,"gold_loss":50},{"damage_healed":0,"gold_gain":0,"player_choice":"Obtained Book","damage_taken":16,"max_hp_gain":0,"max_hp_loss":0,"event_name":"Cursed Tome","floor":20,"gold_loss":0},{"damage_healed":0,"gold_gain":0,"player_choice":"Madness","damage_taken":0,"relics_obtained":["betterThird:NestCultRelic"],"max_hp_gain":0,"max_hp_loss":0,"event_name":"betterThird:BetterNest","floor":22,"gold_loss":0},{"damage_healed":0,"gold_gain":0,"player_choice":"Ignored","damage_taken":0,"max_hp_gain":0,"max_hp_loss":0,"event_name":"Ghosts","floor":27,"gold_loss":0}],"is_beta":false,"boss_relics":[{"not_picked":["aspiration:WatcherSkillbook","aspiration:RandomNobGenerator","aspiration:RunesmithSkillbook"]}],"items_purged_floors":[28],"is_endless":false,"potions_floor_spawned":[1,3,5,8,16,18,19],"killed_by":"Slavers","ascension_level":0}}