{"host":"vyjryxuuuxkt43k4","time":1610831838,"event":{"mods":["AchievementEnabler","BaseMod","Colored Map","DeckTracker","Minty Spire (QoL Compilation)","Permanent Neow","Quick Restart","StSLib","SuperFastMode","everything is the same but u backflip on backflip"],"gold_per_floor":[52,227,103,143,179,230,230,230,230,267,267,279,344,392,404,546,558,588,640,27,62,161,193,193,249,249,313,73,130,147,147,147,267,267,310,310,346,364,13,45,84,103,103,135,235,235,85,85,85,85,85,85,12,38,38],"floor_reached":56,"language":"KOR","playtime":2724,"items_purged":["Doubt","Strike_R","Clash","Bludgeon"],"score":1700,"play_id":"d1647d6e-9a4e-4065-b2cc-0da6db931c5e","local_time":"20210117061718","is_ascension_mode":true,"campfire_choices":[{"data":"True Grit","floor":7,"key":"SMITH"},{"data":"Body Slam","floor":12,"key":"SMITH"},{"data":"HandOfGreed","floor":15,"key":"SMITH"},{"data":"Corruption","floor":24,"key":"SMITH"},{"data":"Flex","floor":32,"key":"SMITH"},{"floor":46,"key":"RECALL"},{"data":"Evolve","floor":49,"key":"SMITH"},{"data":"Demon Form","floor":52,"key":"SMITH"}],"circlet_count":0,"master_deck":["Bash","HandOfGreed+1","Thunderclap","Shrug It Off+1","Body Slam+1","Power Through","True Grit+1","Shockwave","Entrench","Corruption+1","Armaments+1","Impervious","Dual Wield","Dark Embrace+1","Evolve+1","Flex+1","Offering","Dropkick","Demon Form+1","Shrug It Off","Reaper","Power Through","Rupture","Madness","Madness","Feel No Pain","Immolate","Heavy Blade+1","Warcry+1"],"relics":["Burning Blood","Matryoshka","Boot","Pen Nib","Juzu Bracelet","MawBank","War Paint","Mark of Pain","Pocketwatch","Vajra","Bronze Scales","HornCleat","Pear","InkBottle","Meat on the Bone","Pantograph","Pandora\u0027s Box","Oddly Smooth Stone","White Beast Statue","StrikeDummy","Kunai"],"acts_visited":["Exordium","TheCity","TheBeyond","TheEnding"],"potions_floor_usage":[21,23,27,33,38,42,42,50,55,55,55],"damage_taken":[{"damage":3,"enemies":"Small Slimes","floor":1,"turns":4},{"damage":6,"enemies":"Jaw Worm","floor":4,"turns":4},{"damage":6,"enemies":"2 Louse","floor":5,"turns":2},{"damage":16,"enemies":"Gremlin Nob","floor":6,"turns":4},{"damage":16,"enemies":"Exordium Thugs","floor":10,"turns":7},{"damage":11,"enemies":"Lagavulin","floor":13,"turns":5},{"damage":3,"enemies":"2 Fungi Beasts","floor":14,"turns":3},{"damage":10,"enemies":"The Guardian","floor":16,"turns":10},{"damage":3,"enemies":"Chosen","floor":18,"turns":4},{"damage":0,"enemies":"Shell Parasite","floor":19,"turns":5},{"damage":0,"enemies":"Snecko","floor":21,"turns":4},{"damage":0,"enemies":"Gremlin Leader","floor":23,"turns":3},{"damage":6,"enemies":"Book of Stabbing","floor":25,"turns":4},{"damage":12,"enemies":"Centurion and Healer","floor":27,"turns":6},{"damage":24,"enemies":"Slavers","floor":29,"turns":4},{"damage":19,"enemies":"Cultist and Chosen","floor":30,"turns":4},{"damage":63,"enemies":"Champ","floor":33,"turns":8},{"damage":0,"enemies":"Orb Walker","floor":35,"turns":2},{"damage":21,"enemies":"3 Shapes","floor":37,"turns":2},{"damage":36,"enemies":"Sphere and 2 Shapes","floor":38,"turns":4},{"damage":18,"enemies":"Reptomancer","floor":40,"turns":6},{"damage":6,"enemies":"Writhing Mass","floor":41,"turns":4},{"damage":9,"enemies":"Spire Growth","floor":42,"turns":4},{"damage":9,"enemies":"Giant Head","floor":44,"turns":4},{"damage":71,"enemies":"Donu and Deca","floor":50,"turns":7},{"damage":9,"enemies":"Shield and Spear","floor":54,"turns":3},{"damage":77,"enemies":"The Heart","floor":55,"turns":8}],"seed_played":"9179883119002723718","potions_obtained":[{"floor":1,"key":"SpeedPotion"},{"floor":13,"key":"DistilledChaos"},{"floor":16,"key":"FearPotion"},{"floor":19,"key":"EssenceOfSteel"},{"floor":23,"key":"Explosive Potion"},{"floor":27,"key":"GamblersBrew"},{"floor":33,"key":"SkillPotion"},{"floor":37,"key":"BloodPotion"},{"floor":38,"key":"Block Potion"},{"floor":40,"key":"DuplicationPotion"},{"floor":42,"key":"EssenceOfSteel"},{"floor":44,"key":"LiquidBronze"},{"floor":54,"key":"PowerPotion"}],"is_trial":false,"path_per_floor":["M","?","$","M","M","E","R","?","T","M","?","R","E","M","R","B",null,"M","M","$","M","?","E","R","E","T","M","$","E","M","?","R","B",null,"M","?","M","M","$","E","M","M","T","E","?","R","$","?","R","B",null,"R","$","E","B",null],"character_chosen":"IRONCLAD","items_purchased":["Shrug It Off","Pocketwatch","Vajra","Dual Wield","Meat on the Bone","Feel No Pain","Oddly Smooth Stone","Ancient Potion"],"campfire_rested":0,"item_purchase_floors":[3,20,20,20,28,39,39,53],"current_hp_per_floor":[75,75,75,75,75,65,65,65,65,55,43,43,38,41,41,37,69,72,78,78,80,80,80,80,80,90,84,84,66,53,53,53,33,76,82,71,86,74,74,84,84,90,90,90,90,90,90,90,90,48,80,80,80,86,31],"gold":38,"neow_bonus":"RANDOM_COLORLESS_2","is_daily":false,"chose_seed":false,"campfire_upgraded":7,"win_rate":0.0,"timestamp":1610831838,"path_taken":["M","?","$","M","M","E","R","?","T","M","?","R","E","M","R","BOSS","M","M","$","M","?","E","R","E","T","M","$","E","M","?","R","BOSS","M","?","M","M","$","E","M","M","T","E","?","R","$","?","R","BOSS","R","$","E","BOSS"],"items_purchased_type":["Card","Relic","Relic","Card","Relic","Card","Relic","Potion"],"build_version":"2020-12-22","purchased_purges":4,"victory":true,"max_hp_per_floor":[80,80,80,80,80,80,80,80,80,80,80,80,80,80,80,80,80,80,80,80,80,80,80,80,80,90,90,90,90,90,90,90,90,90,90,90,90,90,90,90,90,90,90,90,90,90,90,90,90,90,90,90,90,90,90],"card_choices":[{"not_picked":["The Bomb","Master of Strategy"],"picked":"HandOfGreed","floor":0},{"not_picked":["Flex","Dark Embrace"],"picked":"Thunderclap","floor":1},{"not_picked":["Sever Soul","Thunderclap"],"picked":"Body Slam","floor":4},{"not_picked":["Rupture","Ghostly Armor"],"picked":"Power Through","floor":5},{"not_picked":["Cleave","Headbutt"],"picked":"True Grit","floor":6},{"not_picked":["Twin Strike","Headbutt"],"picked":"Shockwave","floor":10},{"not_picked":["Cleave","Twin Strike"],"picked":"Pommel Strike","floor":13},{"not_picked":["Clothesline","Heavy Blade"],"picked":"Entrench","floor":14},{"not_picked":["Berserk","Bludgeon"],"picked":"Corruption","floor":16},{"not_picked":["Clash+1","Flex"],"picked":"Armaments+1","floor":18},{"not_picked":["True Grit","Seeing Red"],"picked":"Impervious","floor":19},{"not_picked":["Anger","Thunderclap"],"picked":"Dark Embrace+1","floor":21},{"not_picked":["Sever Soul","Dropkick","Blood for Blood"],"picked":"SKIP","floor":23},{"not_picked":["Perfected Strike+1","Entrench"],"picked":"Evolve","floor":25},{"not_picked":["Pommel Strike","Perfected Strike+1","Bloodletting"],"picked":"SKIP","floor":27},{"not_picked":["Clothesline","True Grit","Sentinel"],"picked":"SKIP","floor":29},{"not_picked":["Blood for Blood","Dual Wield","Flex"],"picked":"SKIP","floor":30},{"not_picked":["Fiend Fire","Brutality"],"picked":"Offering","floor":33},{"not_picked":["Thunderclap","True Grit+1","Flex"],"picked":"SKIP","floor":35},{"not_picked":["Pommel Strike","Cleave","Havoc"],"picked":"SKIP","floor":37},{"not_picked":["Metallicize","Twin Strike+1","Evolve"],"picked":"SKIP","floor":38},{"not_picked":["Twin Strike","Cleave+1"],"picked":"Immolate","floor":40},{"not_picked":["Shrug It Off+1","Anger+1","Heavy Blade"],"picked":"SKIP","floor":41},{"not_picked":["Spot Weakness","Twin Strike+1"],"picked":"Heavy Blade+1","floor":42},{"not_picked":["Sword Boomerang","Cleave+1","Uppercut"],"picked":"SKIP","floor":44},{"not_picked":["Flex+1","Havoc"],"picked":"Warcry+1","floor":54}],"player_experience":389951,"relics_obtained":[{"floor":6,"key":"Matryoshka"},{"floor":9,"key":"Pen Nib"},{"floor":9,"key":"Juzu Bracelet"},{"floor":13,"key":"War Paint"},{"floor":23,"key":"Bronze Scales"},{"floor":25,"key":"HornCleat"},{"floor":26,"key":"Pear"},{"floor":26,"key":"InkBottle"},{"floor":29,"key":"Pantograph"},{"floor":40,"key":"White Beast Statue"},{"floor":44,"key":"StrikeDummy"},{"floor":54,"key":"Kunai"}],"event_choices":[{"damage_healed":0,"gold_gain":175,"player_choice":"AGREE","damage_taken":0,"max_hp_gain":0,"max_hp_loss":0,"event_name":"Liars Game","floor":2,"gold_loss":0,"cards_obtained":["Doubt"]},{"damage_healed":0,"gold_gain":0,"player_choice":"Searched \u00271\u0027 times","damage_taken":0,"relics_obtained":["Boot"],"max_hp_gain":0,"max_hp_loss":0,"event_name":"Dead Adventurer","floor":8,"gold_loss":0},{"damage_healed":0,"gold_gain":0,"player_choice":"Success","damage_taken":12,"relics_obtained":["MawBank"],"max_hp_gain":0,"max_hp_loss":0,"event_name":"Scrap Ooze","floor":11,"gold_loss":0},{"damage_healed":0,"gold_gain":99,"player_choice":"Stole From Cult","damage_taken":0,"max_hp_gain":0,"max_hp_loss":0,"event_name":"Nest","floor":22,"gold_loss":0},{"damage_healed":0,"gold_gain":0,"player_choice":"1 cards matched","damage_taken":0,"max_hp_gain":0,"max_hp_loss":0,"event_name":"Match and Keep!","floor":31,"gold_loss":0,"cards_obtained":["Flex"]},{"damage_healed":0,"gold_gain":0,"player_choice":"Embrace Madness","damage_taken":11,"max_hp_gain":0,"max_hp_loss":0,"event_name":"Winding Halls","floor":36,"gold_loss":0,"cards_obtained":["Madness","Madness"]},{"damage_healed":0,"gold_gain":100,"player_choice":"Pray","damage_taken":0,"max_hp_gain":0,"max_hp_loss":0,"event_name":"Golden Shrine","floor":45,"gold_loss":0},{"cards_removed":["Pommel Strike"],"damage_healed":0,"gold_gain":0,"player_choice":"Removed Attack","damage_taken":0,"max_hp_gain":0,"max_hp_loss":0,"event_name":"Falling","floor":48,"gold_loss":0}],"is_beta":false,"boss_relics":[{"not_picked":["Black Blood","Snecko Eye"],"picked":"Mark of Pain"},{"not_picked":["Runic Cube","Sozu"],"picked":"Pandora\u0027s Box"}],"items_purged_floors":[3,20,39,47],"is_endless":false,"potions_floor_spawned":[1,13,16,19,23,27,33,37,38,40,41,42,44,54],"ascension_level":8}}