{"host":"oigynbtg272c19pw","time":1610812388,"event":{"mods":["BaseMod","Colored Map","Minty Spire (QoL Compilation)","Relic Stats","Slay the Relics Exporter","StSLib"],"gold_per_floor":[119,3,21,21,41,73,73,88,111,111,7,39,39,39,39,138,138,159,159,144,158,118,118,162,162,207,39,55,78,78,111,111,111,111],"floor_reached":33,"playtime":1403,"items_purged":["Defend_R"],"score":636,"play_id":"dffea0ad-f3fa-4afe-bfc3-bdce39a4f5b9","local_time":"20210116165308","is_ascension_mode":true,"campfire_choices":[{"data":"Seeing Red","floor":7,"key":"SMITH"},{"data":"Bash","floor":10,"key":"SMITH"},{"floor":13,"key":"REST"},{"data":"Rage","floor":15,"key":"SMITH"},{"data":"Perfected Strike","floor":23,"key":"SMITH"},{"data":"Impervious","floor":25,"key":"SMITH"},{"data":"Blood for Blood","floor":30,"key":"SMITH"},{"data":"Carnage","floor":32,"key":"SMITH"}],"circlet_count":0,"master_deck":["AscendersBane","Strike_R","Strike_R+1","Strike_R","Strike_R","Defend_R","Defend_R","Defend_R","Bash+1","Perfected Strike+1","Shrug It Off","Spot Weakness","Seeing Red+1","Ghostly Armor","Impervious+1","Anger","Rage+1","Barricade","Perfected Strike+1","Blood for Blood+1","Shrug It Off","Clothesline","Carnage+1"],"relics":["Burning Blood","Bag of Preparation","Whetstone","Happy Flower","Anchor","Golden Idol","Snecko Eye","Potion Belt","Vajra","OrangePellets","Frozen Egg 2"],"acts_visited":["Exordium","TheCity"],"potions_floor_usage":[6,21,24,31],"damage_taken":[{"damage":7,"enemies":"Cultist","floor":1,"turns":4},{"damage":12,"enemies":"Small Slimes","floor":3,"turns":4},{"damage":3,"enemies":"2 Louse","floor":5,"turns":2},{"damage":44,"enemies":"Lagavulin","floor":6,"turns":8},{"damage":12,"enemies":"2 Fungi Beasts","floor":8,"turns":4},{"damage":19,"enemies":"3 Sentries","floor":12,"turns":7},{"damage":11,"enemies":"The Guardian","floor":16,"turns":8},{"damage":0,"enemies":"Chosen","floor":18,"turns":4},{"damage":9,"enemies":"2 Thieves","floor":20,"turns":4},{"damage":6,"enemies":"Snake Plant","floor":21,"turns":4},{"damage":2,"enemies":"Gremlin Leader","floor":24,"turns":7},{"damage":0,"enemies":"Centurion and Healer","floor":28,"turns":4},{"damage":0,"enemies":"Snecko","floor":29,"turns":4},{"damage":0,"enemies":"Slavers","floor":31,"turns":5},{"damage":73,"enemies":"Collector","floor":33,"turns":7}],"seed_played":"-379678229630275584","potions_obtained":[{"floor":3,"key":"BloodPotion"},{"floor":5,"key":"SpeedPotion"},{"floor":18,"key":"GamblersBrew"},{"floor":22,"key":"GamblersBrew"},{"floor":31,"key":"Strength Potion"}],"is_trial":false,"path_per_floor":["M","$","M","?","M","E","R","M","T","R","$","E","R","?","R","B",null,"M","?","M","M","?","R","E","R","T","$","M","M","R","E","R","B"],"character_chosen":"IRONCLAD","items_purchased":["Shrug It Off","Spot Weakness","Anger","OrangePellets"],"campfire_rested":1,"item_purchase_floors":[2,2,11,27],"current_hp_per_floor":[67,67,61,54,57,34,34,28,28,28,28,15,37,37,37,32,59,65,65,62,62,62,62,66,66,66,66,68,68,68,68,68,0,0],"gold":111,"neow_bonus":"RANDOM_COMMON_RELIC","is_daily":false,"chose_seed":false,"campfire_upgraded":7,"win_rate":0.0,"timestamp":1610812388,"path_taken":["M","$","?","?","M","E","R","M","T","R","$","E","R","?","R","BOSS","M","?","M","M","?","R","E","R","T","$","M","?","R","E","R","BOSS"],"items_purchased_type":["Card","Card","Card","Relic"],"build_version":"2020-12-13","purchased_purges":1,"victory":false,"max_hp_per_floor":[75,75,75,75,75,75,75,75,75,75,75,75,75,68,68,68,68,68,68,68,68,68,68,68,68,68,68,68,68,68,68,68,68,68],"relic_stats":{"OrangePellets":[3],"Happy Flower":[18],"counters":[15,76],"Golden Idol":56,"Snecko Eye":[54,57,58,41],"Bag of Preparation":[30],"Whetstone":["Strike_R","Perfected Strike"],"obtain_stats":[{"Potion Belt":24,"OrangePellets":27,"Anchor":12,"Happy Flower":9,"Golden Idol":14,"Snecko Eye":17,"Vajra":26,"Bag of Preparation":0,"Whetstone":6,"Frozen Egg 2":31,"Burning Blood":0},{"Potion Belt":11,"OrangePellets":11,"Anchor":6,"Happy Flower":5,"Golden Idol":6,"Snecko Eye":7,"Vajra":11,"Bag of Preparation":0,"Whetstone":4,"Frozen Egg 2":14,"Burning Blood":0},{"Potion Belt":56,"OrangePellets":56,"Anchor":29,"Happy Flower":22,"Golden Idol":29,"Snecko Eye":37,"Vajra":56,"Bag of Preparation":0,"Whetstone":18,"Frozen Egg 2":69,"Burning Blood":0}],"Burning Blood":68},"card_choices":[{"not_picked":["Wild Strike","Shrug It Off"],"picked":"Perfected Strike","floor":1},{"not_picked":["Perfected Strike","Whirlwind"],"picked":"Seeing Red","floor":3},{"not_picked":["Flex","Havoc"],"picked":"Ghostly Armor","floor":5},{"not_picked":["Combust","Body Slam"],"picked":"Impervious","floor":6},{"not_picked":["Clash","Flex","Wild Strike"],"picked":"SKIP","floor":8},{"not_picked":["Inflame","Entrench"],"picked":"Rage","floor":12},{"not_picked":["Offering","Reaper"],"picked":"Barricade","floor":16},{"not_picked":["Sword Boomerang","Cleave"],"picked":"Perfected Strike","floor":18},{"not_picked":["Sword Boomerang+1","True Grit"],"picked":"Blood for Blood","floor":20},{"not_picked":["Sword Boomerang","Armaments"],"picked":"Shrug It Off","floor":21},{"not_picked":["Rupture","Seeing Red"],"picked":"Clothesline","floor":24},{"not_picked":["Rampage","Dropkick","Havoc"],"picked":"SKIP","floor":28},{"not_picked":["Iron Wave","Hemokinesis","Body Slam"],"picked":"SKIP","floor":29},{"not_picked":["Flex","Dropkick"],"picked":"Carnage","floor":31}],"player_experience":1412601,"relics_obtained":[{"floor":6,"key":"Whetstone"},{"floor":9,"key":"Happy Flower"},{"floor":12,"key":"Anchor"},{"floor":24,"key":"Potion Belt"},{"floor":26,"key":"Vajra"},{"floor":31,"key":"Frozen Egg 2"}],"event_choices":[{"cards_removed":["Strike_R"],"damage_healed":0,"gold_gain":0,"player_choice":"Card Removal","damage_taken":7,"max_hp_gain":0,"max_hp_loss":0,"event_name":"Golden Wing","floor":4,"gold_loss":0},{"damage_healed":0,"gold_gain":0,"player_choice":"Lose Max HP","damage_taken":0,"relics_obtained":["Golden Idol"],"max_hp_gain":0,"max_hp_loss":7,"event_name":"Golden Idol","floor":14,"gold_loss":0},{"damage_healed":0,"gold_gain":0,"player_choice":"Ignored","damage_taken":0,"max_hp_gain":0,"max_hp_loss":0,"event_name":"Vampires","floor":19,"gold_loss":0},{"damage_healed":0,"gold_gain":0,"player_choice":"Bought 3 Potions","damage_taken":0,"max_hp_gain":0,"max_hp_loss":0,"event_name":"The Woman in Blue","floor":22,"gold_loss":0}],"is_beta":false,"boss_relics":[{"not_picked":["Ectoplasm","Black Blood"],"picked":"Snecko Eye"}],"items_purged_floors":[11],"is_endless":false,"potions_floor_spawned":[3,5,18,20,31],"killed_by":"Collector","ascension_level":20}}