{"host":"19t2eyow02s954g8","time":1610786996,"event":{"mods":["BaseMod","Colored Map","DeckTracker","Minty Spire (QoL Compilation)","StSLib","SuperFastMode"],"gold_per_floor":[115,115,127,146,71,71,71,71,98,127,138,152,177,200,212,298,310,338,400,427,439,451,463,508,520,532,555,577,589,589],"floor_reached":29,"language":"KOR","playtime":906,"items_purged":["Strike_G"],"score":506,"play_id":"25fb14d6-1824-48e5-8d5d-e35021690cab","local_time":"20210116174956","is_ascension_mode":true,"campfire_choices":[{"data":"Bouncing Flask","floor":6,"key":"SMITH"},{"data":"Neutralize","floor":8,"key":"SMITH"},{"data":"Calculated Gamble","floor":15,"key":"SMITH"},{"floor":23,"key":"REST"},{"floor":25,"key":"REST"}],"circlet_count":0,"master_deck":["AscendersBane","Strike_G+1","Strike_G+1","Strike_G+1","Defend_G+1","Defend_G+1","Defend_G+1","Defend_G+1","Survivor","Neutralize+1","Accuracy","All Out Attack+1","Bouncing Flask+1","Calculated Gamble+1","Poisoned Stab","Bane","Cloak And Dagger","After Image","Footwork","Venomology","CurseOfTheBell","PiercingWail","Reflex"],"relics":["Ring of the Snake","Blood Vial","Du-Vu Doll","Ancient Tea Set","MawBank","Calling Bell","Akabeko","Question Card","Turnip","Happy Flower","Frozen Egg 2"],"acts_visited":["Exordium","TheCity"],"potions_floor_usage":[10,18,20,20,24,24,24,27,29,29],"damage_taken":[{"damage":0,"enemies":"Small Slimes","floor":1,"turns":3},{"damage":0,"enemies":"Cultist","floor":3,"turns":3},{"damage":4,"enemies":"Jaw Worm","floor":4,"turns":4},{"damage":8,"enemies":"Gremlin Nob","floor":10,"turns":3},{"damage":1,"enemies":"2 Fungi Beasts","floor":11,"turns":3},{"damage":0,"enemies":"3 Louse","floor":12,"turns":1},{"damage":7,"enemies":"Lagavulin","floor":13,"turns":5},{"damage":3,"enemies":"The Guardian","floor":16,"turns":8},{"damage":3,"enemies":"3 Byrds","floor":18,"turns":6},{"damage":20,"enemies":"2 Thieves","floor":20,"turns":5},{"damage":42,"enemies":"Book of Stabbing","floor":24,"turns":6},{"damage":2,"enemies":"Sentry and Sphere","floor":27,"turns":6},{"damage":6,"enemies":"Snecko","floor":28,"turns":7},{"damage":34,"enemies":"Gremlin Leader","floor":29,"turns":5}],"seed_played":"-1538617521342554918","potions_obtained":[{"floor":1,"key":"AttackPotion"},{"floor":4,"key":"SpeedPotion"},{"floor":12,"key":"FearPotion"},{"floor":16,"key":"Poison Potion"},{"floor":20,"key":"EssenceOfSteel"},{"floor":24,"key":"Regen Potion"}],"is_trial":false,"path_per_floor":["M","?","M","M","$","R","$","R","T","E","M","M","E","T","R","B",null,"M","?","M","?","?","R","E","R","T","M","M","E"],"character_chosen":"THE_SILENT","items_purchased":[],"campfire_rested":2,"item_purchase_floors":[],"current_hp_per_floor":[59,59,59,55,55,55,55,55,55,49,50,52,47,47,47,46,57,56,56,38,38,22,41,1,20,20,35,31,0,0],"gold":589,"neow_bonus":"TRANSFORM_TWO_CARDS","is_daily":false,"chose_seed":false,"campfire_upgraded":3,"win_rate":0.0,"timestamp":1610786996,"path_taken":["M","?","?","M","?","R","$","R","T","E","M","M","E","?","R","BOSS","M","?","M","?","?","R","E","R","T","M","M","E"],"items_purchased_type":[],"build_version":"2020-12-22","purchased_purges":1,"victory":false,"max_hp_per_floor":[60,60,60,60,60,60,60,60,60,60,60,60,60,60,60,60,60,60,60,60,60,65,65,65,65,65,65,65,65,65],"card_choices":[{"not_picked":["Catalyst","Deflect"],"picked":"Bouncing Flask","floor":1},{"not_picked":["Bouncing Flask","Terror"],"picked":"Calculated Gamble","floor":3},{"not_picked":["Slice","Skewer"],"picked":"Poisoned Stab","floor":4},{"not_picked":["Heel Hook","Deadly Poison"],"picked":"Bane","floor":10},{"not_picked":["Dagger Spray","Caltrops"],"picked":"Cloak And Dagger","floor":11},{"not_picked":["Underhanded Strike","Acrobatics"],"picked":"After Image","floor":12},{"not_picked":["Caltrops","Masterful Stab"],"picked":"Footwork","floor":13},{"not_picked":["Bullet Time","Die Die Die"],"picked":"Venomology","floor":16},{"not_picked":["Deflect","Deadly Poison","Sucker Punch","Prepared"],"picked":"SKIP","floor":18},{"not_picked":["Dagger Spray+1","Flying Knee","Cloak And Dagger","Heel Hook"],"picked":"SKIP","floor":20},{"not_picked":["Night Terror","Deadly Poison","Quick Slash","Bane"],"picked":"SKIP","floor":24},{"not_picked":["Bane","Poisoned Stab","Prepared"],"picked":"PiercingWail","floor":27},{"not_picked":["Distraction+1","Backflip","Leg Sweep"],"picked":"Reflex","floor":28}],"player_experience":4275649,"relics_obtained":[{"floor":9,"key":"Blood Vial"},{"floor":10,"key":"Du-Vu Doll"},{"floor":13,"key":"Ancient Tea Set"},{"floor":14,"key":"MawBank"},{"floor":17,"key":"Akabeko"},{"floor":17,"key":"Question Card"},{"floor":17,"key":"Turnip"},{"floor":24,"key":"Happy Flower"},{"floor":26,"key":"Frozen Egg 2"}],"event_choices":[{"damage_healed":0,"gold_gain":0,"player_choice":"Upgraded","damage_taken":0,"max_hp_gain":0,"max_hp_loss":0,"event_name":"Upgrade Shrine","floor":2,"gold_loss":0,"cards_upgraded":["All Out Attack"]},{"damage_healed":0,"gold_gain":50,"player_choice":"Stole From Cult","damage_taken":0,"max_hp_gain":0,"max_hp_loss":0,"event_name":"Nest","floor":19,"gold_loss":0},{"damage_healed":0,"gold_gain":0,"player_choice":"Simplicity","damage_taken":0,"max_hp_gain":0,"max_hp_loss":0,"event_name":"Back to Basics","floor":21,"gold_loss":0,"cards_upgraded":["Strike_G","Strike_G","Strike_G","Defend_G","Defend_G","Defend_G","Defend_G"]},{"damage_healed":0,"gold_gain":0,"player_choice":"Shed Blood","damage_taken":21,"max_hp_gain":5,"max_hp_loss":0,"event_name":"Forgotten Altar","floor":22,"gold_loss":0}],"is_beta":false,"boss_relics":[{"not_picked":["Runic Pyramid","SacredBark"],"picked":"Calling Bell"}],"items_purged_floors":[5],"is_endless":false,"potions_floor_spawned":[1,4,12,16,20,24],"killed_by":"Gremlin Leader","ascension_level":20}}