{"host":"5l3fd535wdxfzl1g","time":1610790814,"event":{"mods":["2.2 Compatiblity","AchievementEnabler","BaseMod","Better Third Choice","Better Vampires","Colored Powertips","Minty Spire (QoL Compilation)","Quick Restart","Rare Cards Sparkle","Replay The Spire","StSLib","UnlockEverythingMod"],"gold_per_floor":[111,131,146,166,166,166,230,230,253,278,291,291,310,329,329,433,433,448,448,458,476,494,494,419,439,439,472,372,389,402,418,418,513,513,532,548,355,355,369,369,395,395,395,405,216,232,57,68,68,68],"floor_reached":51,"language":"ZHS","playtime":3353,"items_purged":["ReplayGash","Dualcast","Steam Power","ReplayTheSpireMod:Repulse","Parasite"],"score":582,"play_id":"89ac24d2-1486-4723-85eb-53d922d66959","local_time":"20210116175334","is_ascension_mode":false,"campfire_choices":[{"floor":6.0,"key":"RECALL"},{"floor":12.0,"key":"REST"},{"data":"Strike_B","floor":15.0,"key":"PURGE"},{"data":"Coolheaded","floor":32.0,"key":"SMITH"},{"data":"Fusion","floor":40.0,"key":"SMITH"},{"data":"Creative AI","floor":42.0,"key":"SMITH"},{"data":"Reboot","floor":49.0,"key":"SMITH"}],"circlet_count":0,"master_deck":["Zap","White Noise+1","Conserve Battery","Redo","Coolheaded","Apotheosis+1","Crystallizer","Thunder Strike","Redo","Creative AI+1","Fusion+1","Machine Learning","Self Repair","Coolheaded+1","Amplify","Storm","Coolheaded+1","Reboot+1","Coolheaded+1"],"relics":["Cracked Core","NeowsBlessing","PreservedInsect","Ring of Hypnosis","Replay:Rubber Ducky","Ancient Tea Set","Pandora\u0027s Box","Divine Protection","Boot","Toy Ornithopter","Replay:Antivirus Software"],"acts_visited":["Exordium","TheCity","TheBeyond"],"potions_floor_usage":[],"damage_taken":[{"damage":0.0,"enemies":"Small Slimes","floor":1.0,"turns":1.0},{"damage":0.0,"enemies":"2 Louse","floor":2.0,"turns":1.0},{"damage":0.0,"enemies":"Cultist","floor":3.0,"turns":1.0},{"damage":10.0,"enemies":"Large Slime","floor":4.0,"turns":5.0},{"damage":19.0,"enemies":"Lagavulin Event","floor":7.0,"turns":5.0},{"damage":4.0,"enemies":"Gremlin Nob","floor":10.0,"turns":3.0},{"damage":13.0,"enemies":"Lots of Slimes","floor":11.0,"turns":5.0},{"damage":8.0,"enemies":"Exordium Thugs","floor":13.0,"turns":4.0},{"damage":0.0,"enemies":"Large Slime","floor":14.0,"turns":4.0},{"damage":35.0,"enemies":"Fading Forest","floor":16.0,"turns":11.0},{"damage":12.0,"enemies":"Spheric Guardian","floor":18.0,"turns":5.0},{"damage":11.0,"enemies":"Shell Parasite","floor":20.0,"turns":5.0},{"damage":15.0,"enemies":"Sentry and Sphere","floor":21.0,"turns":5.0},{"damage":42.0,"enemies":"3 Cultists","floor":22.0,"turns":6.0},{"damage":25.0,"enemies":"Cultist and Chosen","floor":25.0,"turns":6.0},{"damage":10.0,"enemies":"Gremlin Leader","floor":27.0,"turns":4.0},{"damage":0.0,"enemies":"Snake Plant","floor":29.0,"turns":4.0},{"damage":0.0,"enemies":"Centurion and Healer","floor":30.0,"turns":5.0},{"damage":0.0,"enemies":"Sentry and Sphere","floor":31.0,"turns":5.0},{"damage":2.0,"enemies":"Champ","floor":33.0,"turns":6.0},{"damage":5.0,"enemies":"3 Shapes","floor":35.0,"turns":5.0},{"damage":15.0,"enemies":"3 Darklings","floor":36.0,"turns":4.0},{"damage":2.0,"enemies":"Spire Growth","floor":39.0,"turns":4.0},{"damage":66.0,"enemies":"Reptomancer","floor":41.0,"turns":7.0},{"damage":0.0,"enemies":"Writhing Mass","floor":44.0,"turns":6.0},{"damage":5.0,"enemies":"3 Darklings","floor":46.0,"turns":5.0},{"damage":0.0,"enemies":"Transient","floor":48.0,"turns":5.0},{"damage":14,"enemies":"Replay:Hell Engine","floor":50,"turns":4}],"seed_played":"8172799499997605759","potions_obtained":[{"floor":1.0,"key":"Adrenaline Potion"},{"floor":2.0,"key":"Elixir"},{"floor":4.0,"key":"AttackPotion"},{"floor":21.0,"key":"Energy Potion"},{"floor":22.0,"key":"FocusPotion"},{"floor":27.0,"key":"Explosive Potion"},{"floor":31.0,"key":"Fire Potion"},{"floor":36.0,"key":"EssenceOfSteel"},{"floor":44.0,"key":"AttackPotion"}],"is_trial":false,"path_per_floor":["M","M","M","M","?","R","?","?","T","E","M","R","M","M","R","B",null,"M","?","M","M","M","?","$","M","T","E","$","M","M","M","R","B",null,"M","M","$","?","M","R","E","R","T","M","$","M","$","M","R","B",null],"character_chosen":"DEFECT","items_purchased":["Storm","Coolheaded+1"],"campfire_rested":1,"item_purchase_floors":[37,45],"current_hp_per_floor":[75,75,75,65,65,65,46,46,46,42,29,51,43,43,43,18,75,73,85,81,76,44,44,44,29,29,29,29,39,49,59,59,67,85,85,80,80,80,85,85,33,33,33,43,43,58,58,78,78,71],"gold":68,"neow_bonus":"THREE_ENEMY_KILL","is_daily":false,"chose_seed":false,"campfire_upgraded":4,"win_rate":0.0,"timestamp":1610790814,"path_taken":["M","M","M","M","?","R","?","?","T","E","M","R","M","M","R","BOSS","M","?","?","M","M","?","$","M","T","E","$","?","M","M","R","BOSS","M","M","$","?","M","R","E","R","T","M","$","M","?","M","R","BOSS"],"items_purchased_type":["Card","Card"],"build_version":"2020-12-22","purchased_purges":5,"victory":true,"max_hp_per_floor":[75,75,75,75,75,75,75,75,75,75,75,75,75,75,75,75,75,75,85,85,85,85,85,85,85,85,85,85,85,85,85,85,85,85,85,85,85,85,85,85,85,85,85,85,85,85,82,82,82,82],"card_choices":[{"not_picked":["ReplaySolidLightProjector","BootSequence"],"picked":"White Noise","floor":1.0},{"not_picked":["Beam Cell","Gash"],"picked":"Conserve Battery","floor":2.0},{"not_picked":["BasicCrystalCard","Reinforced Body"],"picked":"Redo","floor":3.0},{"not_picked":["Sweeping Beam","Scrape"],"picked":"Coolheaded","floor":4.0},{"not_picked":["BasicCrystalCard","ReplayTheSpireMod:Calculation Training"],"picked":"Crystallizer","floor":10.0},{"not_picked":["Consume","Chaos","Hologram"],"picked":"SKIP","floor":11.0},{"not_picked":["Streamline","Stack"],"picked":"Thunder Strike","floor":13.0},{"not_picked":["Hologram","Recycle"],"picked":"Redo","floor":14.0},{"not_picked":["Rainbow","Reboot"],"picked":"Creative AI","floor":16.0},{"not_picked":["Sweeping Beam+1","Beam Cell+1","Compile Driver"],"picked":"SKIP","floor":18.0},{"not_picked":["Reprogram","Compile Driver"],"picked":"Coolheaded","floor":20.0},{"not_picked":["Compile Driver","BootSequence","Steam+1"],"picked":"SKIP","floor":21.0},{"not_picked":["Gash","ReplayRNGCard","Barrage"],"picked":"SKIP","floor":22.0},{"not_picked":["Turbo","Go for the Eyes+1","Gash"],"picked":"SKIP","floor":25.0},{"not_picked":["Darkness+1","Chaos","Skim+1"],"picked":"SKIP","floor":27.0},{"not_picked":["Steam","Cold Snap+1","Barrage"],"picked":"SKIP","floor":29.0},{"not_picked":["Compile Driver","Cold Snap+1","Leap"],"picked":"SKIP","floor":30.0},{"not_picked":["Go for the Eyes+1","Reprogram","Hologram"],"picked":"SKIP","floor":31.0},{"not_picked":["Core Surge","Meteor Strike"],"picked":"Amplify","floor":33.0},{"not_picked":["Compile Driver+1","Beam Cell","Loop"],"picked":"SKIP","floor":35.0},{"not_picked":["Darkness","Gash","Leap"],"picked":"SKIP","floor":36.0},{"not_picked":["Cold Snap+1","Rip and Tear+1","Beam Cell+1"],"picked":"SKIP","floor":39.0},{"not_picked":["Beam Cell+1","Glacier"],"picked":"Reboot","floor":41.0},{"not_picked":["Doom and Gloom","Ball Lightning","Beam Cell"],"picked":"SKIP","floor":44.0},{"not_picked":["FIFO Queue+1","Fusion+1","Stack"],"picked":"SKIP","floor":46.0},{"not_picked":["Fusion+1","ReplaySolidLightProjector+1","Cold Snap"],"picked":"SKIP","floor":48.0}],"player_experience":94973,"relics_obtained":[{"floor":7.0,"key":"PreservedInsect"},{"floor":8.0,"key":"Ring of Hypnosis"},{"floor":9.0,"key":"Replay:Rubber Ducky"},{"floor":10.0,"key":"Ancient Tea Set"},{"floor":26.0,"key":"Divine Protection"},{"floor":27.0,"key":"Boot"},{"floor":41.0,"key":"Toy Ornithopter"},{"floor":43.0,"key":"Replay:Antivirus Software"}],"event_choices":[{"damage_healed":65.0,"max_hp_gain":0.0,"max_hp_loss":75.0,"gold_gain":0.0,"event_name":"betterThird:BetterShining","player_choice":"Embrace","floor":5.0,"gold_loss":0.0,"damage_taken":0.0},{"damage_healed":0.0,"max_hp_gain":0.0,"max_hp_loss":0.0,"gold_gain":0.0,"event_name":"Dead Adventurer","player_choice":"Searched \u00271\u0027 times","floor":7.0,"gold_loss":0.0,"damage_taken":0.0},{"cards_removed":["Multi-Cast"],"damage_healed":2.0,"max_hp_gain":10.0,"max_hp_loss":0.0,"gold_gain":0.0,"event_name":"Bonfire Elementals","player_choice":"Offered Rare","floor":19.0,"gold_loss":0.0,"damage_taken":0.0},{"damage_healed":0.0,"max_hp_gain":0.0,"max_hp_loss":0.0,"gold_gain":0.0,"event_name":"Upgrade Shrine","player_choice":"Upgraded","floor":23.0,"gold_loss":0.0,"damage_taken":0.0,"cards_upgraded":["White Noise"]},{"damage_healed":0.0,"max_hp_gain":0.0,"max_hp_loss":0.0,"gold_gain":0.0,"event_name":"Duplicator","player_choice":"Copied","floor":38.0,"gold_loss":0.0,"damage_taken":0.0,"cards_obtained":["Coolheaded"]}],"is_beta":false,"boss_relics":[{"not_picked":["Velvet Choker","Ring of Chaos"],"picked":"Pandora\u0027s Box"},{"not_picked":["Replay:Ancient Bell","Calling Bell","ReplayTheSpireMod:DimensionalGlitch"]}],"items_purged_floors":[24,28,37,45,47],"is_endless":false,"potions_floor_spawned":[1,2,4,11,21,22,27,31,36,44,46],"ascension_level":0}}