{"host":"pgqkv8mh62pnrbci","time":1610804987,"event":{"mods":["2.2 Compatiblity","AchievementEnabler","BaseMod","Custom Start","DeckTracker","Minty Spire (QoL Compilation)","Replay The Spire","StSLib","SuperFastMode","¡¼?Úª?ø«¡½REMEMod"],"gold_per_floor":[109,109,128,138,148,148,176,190,214,214,233,251,401,419,419,492,592,602,614,614,539,552,578,578,609,681,693,723,734,762,791,791,867,867,885,562,562,576,595,625,625,641,641,655,655,731,563,597,597,597,597,597,597,627,627],"floor_reached":56,"language":"KOR","playtime":2903,"items_purged":["Strike_G"],"score":2706,"play_id":"caca4a88-62b4-4eda-94d7-842130f481a2","local_time":"20210116224947","is_ascension_mode":true,"campfire_choices":[{"data":"Concentrate","floor":6.0,"key":"SMITH"},{"data":"TalkToTheHand","floor":10.0,"key":"SMITH"},{"data":"Neutralize","floor":15.0,"key":"SMITH"},{"data":"Blade Dance","floor":24.0,"key":"SMITH"},{"data":"Calculated Gamble","floor":32.0,"key":"SMITH"},{"floor":41.0,"key":"RECALL"},{"data":"REME_GreenPollution","floor":49.0,"key":"SMITH"},{"data":"After Image","floor":52.0,"key":"SMITH"}],"circlet_count":0,"master_deck":["AscendersBane","Strike_G","Strike_G","Defend_G","Defend_G","Defend_G","Defend_G","Defend_G","Survivor","Neutralize+1","TalkToTheHand+1","Blade Dance","Concentrate+1","Accuracy","PiercingWail","Choke","Hidden Blade","Adrenaline","Blade Dance","Blade Dance+1","REME_GreenPollution+1","Blade Dance","Calculated Gamble+1","Blur","Storm of Steel","After Image+1","PiercingWail","REME_CopyPotion","Hidden Blade+1","Acrobatics","REME_ShadowForm"],"relics":["REME_ComplimentaryCards","Dead Branch","Quantum Egg","Sizzling Blood","ReplayTheSpireMod:TigerMarble","Omamori","Replay:Wanted Poster","Oddly Smooth Stone","Vajra","Chameleon Ring","Replay:Bottled Flurry","Red Mask","Replay:Mystery Machine","Coffee Dripper","Anchor","Replay:Baseball","Replay:Bottled Snecko","ReplayFunnel","Gremlin Horn","Gremlin Food"],"acts_visited":["Exordium","TheCity","TheBeyond","TheEnding"],"potions_floor_usage":[55],"damage_taken":[{"damage":8.0,"enemies":"Jaw Worm","floor":1.0,"turns":5.0},{"damage":6.0,"enemies":"2 Louse","floor":3.0,"turns":4.0},{"damage":0.0,"enemies":"Cultist","floor":4.0,"turns":3.0},{"damage":19.0,"enemies":"Exordium Thugs","floor":5.0,"turns":4.0},{"damage":14.0,"enemies":"Replay:BlueRogue","floor":7.0,"turns":3.0},{"damage":0.0,"enemies":"3 Louse","floor":8.0,"turns":1.0},{"damage":0.0,"enemies":"Looter","floor":11.0,"turns":1.0},{"damage":0.0,"enemies":"Blue Slaver","floor":12.0,"turns":1.0},{"damage":5.0,"enemies":"Exordium Thugs","floor":14.0,"turns":4.0},{"damage":13.0,"enemies":"Slime Boss","floor":16.0,"turns":7.0},{"damage":0.0,"enemies":"Chosen","floor":18.0,"turns":3.0},{"damage":2.0,"enemies":"Shell Parasite","floor":19.0,"turns":2.0},{"damage":0.0,"enemies":"Snake Plant","floor":22.0,"turns":3.0},{"damage":0.0,"enemies":"Gremlin Leader","floor":23.0,"turns":2.0},{"damage":8.0,"enemies":"Slavers","floor":25.0,"turns":3.0},{"damage":0.0,"enemies":"Snecko","floor":27.0,"turns":2.0},{"damage":21.0,"enemies":"Gremlin Leader","floor":28.0,"turns":3.0},{"damage":0.0,"enemies":"3 Cultists","floor":29.0,"turns":2.0},{"damage":0.0,"enemies":"Masked Bandits","floor":30.0,"turns":2.0},{"damage":0.0,"enemies":"Book of Stabbing","floor":31.0,"turns":2.0},{"damage":4.0,"enemies":"Champ","floor":33.0,"turns":4.0},{"damage":0.0,"enemies":"3 Darklings","floor":35.0,"turns":1.0},{"damage":0.0,"enemies":"3 Shapes","floor":38.0,"turns":2.0},{"damage":36.0,"enemies":"Writhing Mass","floor":39.0,"turns":4.0},{"damage":0.0,"enemies":"Giant Head","floor":40.0,"turns":4.0},{"damage":0.0,"enemies":"Transient","floor":42.0,"turns":4.0},{"damage":0.0,"enemies":"Maw","floor":44.0,"turns":2.0},{"damage":3.0,"enemies":"Reptomancer","floor":46.0,"turns":3.0},{"damage":0.0,"enemies":"R_Hoarder","floor":48.0,"turns":3.0},{"damage":0.0,"enemies":"Awakened One","floor":50.0,"turns":4.0},{"damage":0,"enemies":"Shield and Spear","floor":54,"turns":3},{"damage":33,"enemies":"The Heart","floor":55,"turns":5}],"seed_played":"-6511242520626980914","potions_obtained":[{"floor":4.0,"key":"Elixir"},{"floor":5.0,"key":"Weak Potion"},{"floor":11.0,"key":"Block Potion"},{"floor":19.0,"key":"LifebloodPotion"},{"floor":23.0,"key":"Toxic Potion"},{"floor":28.0,"key":"Weak Potion"},{"floor":29.0,"key":"SpeedPotion"},{"floor":38.0,"key":"Ancient Potion"},{"floor":42.0,"key":"Toxic Potion"},{"floor":48.0,"key":"Explosive Potion"},{"floor":54,"key":"SkillPotion"}],"is_trial":true,"path_per_floor":["M","?","M","M","M","R","E","M","T","R","M","M","?","M","R","B",null,"M","M","?","?","M","E","R","E","T","M","E","M","?","E","R","B",null,"M","$","?","M","M","E","R","M","T","M","?","E","$","E","R","B",null,"R","$","E","B",null],"character_chosen":"THE_SILENT","items_purchased":["After Image","Anchor","ReplayFunnel"],"campfire_rested":0,"item_purchase_floors":[36,36,47],"current_hp_per_floor":[51,55,53,57,42,42,32,36,36,36,40,44,44,43,43,45,64,68,70,70,70,70,70,70,66,66,70,53,57,61,65,65,65,69,70,70,70,70,38,42,42,46,46,50,40,41,41,45,45,49,65,65,65,69,40],"gold":627,"neow_bonus":"","is_daily":false,"chose_seed":false,"campfire_upgraded":7,"win_rate":0.0,"timestamp":1610804987,"path_taken":["M","?","M","M","M","R","E","M","T","R","M","M","?","M","R","BOSS","M","M","?","?","M","E","R","E","T","M","E","M","?","E","R","BOSS","M","$","?","?","M","E","R","M","T","M","?","E","?","E","R","BOSS","R","$","E","BOSS"],"items_purchased_type":["Card","Relic","Relic"],"build_version":"2020-12-22","purchased_purges":1,"victory":true,"max_hp_per_floor":[66,70,70,70,70,70,70,70,70,70,70,70,70,70,70,70,70,70,70,70,70,70,70,70,70,70,70,70,70,70,70,70,70,70,70,70,70,70,70,70,70,70,70,70,70,70,70,70,70,70,70,70,70,70,70],"card_choices":[{"not_picked":["Dagger Spray","Poisoned Stab","Deflect"],"picked":"SKIP","floor":1.0},{"not_picked":["ReplayTheSpireMod:Shiv Toss","Bane"],"picked":"Blade Dance","floor":3.0},{"not_picked":["Backflip","Eviscerate","Prepared"],"picked":"SKIP","floor":4.0},{"not_picked":["Infinite Blades","Hidden Blade"],"picked":"Concentrate","floor":5.0},{"not_picked":["PiercingWail","Footwork"],"picked":"Accuracy","floor":7.0},{"not_picked":["Outmaneuver","Leg Sweep","Dagger Spray"],"picked":"SKIP","floor":8.0},{"not_picked":["Leg Sweep","Footwork"],"picked":"PiercingWail","floor":11.0},{"not_picked":["Skewer","Deadly Poison"],"picked":"Choke","floor":12.0},{"not_picked":["Bouncing Flask","Glass Knife"],"picked":"Hidden Blade","floor":14.0},{"not_picked":["Malaise","Doppelganger"],"picked":"Adrenaline","floor":16.0},{"not_picked":["Underhanded Strike+1","Bouncing Flask","Poisoned Stab"],"picked":"SKIP","floor":18.0},{"not_picked":["Fluid Movement","Dodge and Roll","Cloak And Dagger"],"picked":"SKIP","floor":19.0},{"not_picked":["Sucker Punch","Underhanded Strike"],"picked":"Blade Dance","floor":22.0},{"not_picked":["REME_LeechingPoison","Replay:Poison Smokescreen","Draining Mist"],"picked":"SKIP","floor":23.0},{"not_picked":["Bane","Poisoned Stab"],"picked":"REME_GreenPollution","floor":25.0},{"not_picked":["REME_GreenPollution","Catalyst","PiercingWail"],"picked":"SKIP","floor":27.0},{"not_picked":["PiercingWail","Storm of Steel"],"picked":"Blade Dance","floor":28.0},{"not_picked":["Noxious Fumes","Dagger Throw","Acrobatics"],"picked":"SKIP","floor":29.0},{"not_picked":["Dagger Throw+1","Blur+1"],"picked":"Calculated Gamble","floor":30.0},{"not_picked":["REME_ShadowStrike","Catalyst"],"picked":"Blur","floor":31.0},{"not_picked":["ReplayTheSpireMod:From All Sides","Malaise"],"picked":"Storm of Steel","floor":33.0},{"not_picked":["Bane","Outmaneuver","Poisoned Stab"],"picked":"SKIP","floor":35.0},{"not_picked":["Quick Slash+1","Flying Knee+1","Fluid Movement"],"picked":"SKIP","floor":38.0},{"not_picked":["Draining Mist","Flying Knee"],"picked":"PiercingWail","floor":39.0},{"not_picked":["Outmaneuver","Infinite Blades"],"picked":"REME_CopyPotion","floor":40.0},{"not_picked":["Deflect+1","Underhanded Strike+1"],"picked":"Hidden Blade+1","floor":42.0},{"not_picked":["Riddle With Holes","Skewer","Expertise"],"picked":"SKIP","floor":44.0},{"not_picked":["Dagger Throw+1","Flying Knee"],"picked":"Acrobatics","floor":46.0},{"not_picked":["Poisoned Stab","Expertise"],"picked":"REME_ShadowForm","floor":48.0},{"not_picked":["Dodge and Roll+1","Slice+1","Crippling Poison"],"picked":"SKIP","floor":54}],"player_experience":643847,"relics_obtained":[{"floor":7.0,"key":"ReplayTheSpireMod:TigerMarble"},{"floor":9.0,"key":"Omamori"},{"floor":23.0,"key":"Oddly Smooth Stone"},{"floor":25.0,"key":"Vajra"},{"floor":26.0,"key":"Chameleon Ring"},{"floor":28.0,"key":"Replay:Bottled Flurry"},{"floor":30.0,"key":"Red Mask"},{"floor":31.0,"key":"Replay:Mystery Machine"},{"floor":40.0,"key":"Replay:Baseball"},{"floor":46.0,"key":"Replay:Bottled Snecko"},{"floor":48.0,"key":"Gremlin Horn"},{"floor":54,"key":"Gremlin Food"}],"event_choices":[{"damage_healed":0.0,"max_hp_gain":0.0,"max_hp_loss":0.0,"gold_gain":150.0,"event_name":"Liars Game","player_choice":"AGREE","floor":13.0,"gold_loss":0.0,"damage_taken":0.0,"cards_obtained":["Doubt"]},{"damage_healed":0.0,"max_hp_gain":0.0,"max_hp_loss":0.0,"gold_gain":0.0,"event_name":"The Library","player_choice":"Read","floor":20.0,"gold_loss":0.0,"damage_taken":0.0,"cards_obtained":["Blade Dance"]},{"cards_removed":["Strike_G"],"damage_healed":0.0,"max_hp_gain":0.0,"max_hp_loss":0.0,"gold_gain":0.0,"event_name":"Beggar","player_choice":"Gave Gold","floor":21.0,"gold_loss":75.0,"damage_taken":0.0},{"damage_healed":0.0,"max_hp_gain":0.0,"max_hp_loss":0.0,"gold_gain":0.0,"event_name":"Masked Bandits","player_choice":"Fought Bandits","floor":30.0,"gold_loss":0.0,"damage_taken":0.0},{"cards_removed":["Strike_G"],"damage_healed":0.0,"max_hp_gain":0.0,"max_hp_loss":0.0,"gold_gain":0.0,"event_name":"Bonfire Elementals","player_choice":"Offered Basic","floor":37.0,"gold_loss":0.0,"damage_taken":0.0},{"damage_healed":0.0,"max_hp_gain":0.0,"max_hp_loss":0.0,"gold_gain":0.0,"event_name":"Wheel of Change","player_choice":"Damaged","floor":45.0,"gold_loss":0.0,"damage_taken":10.0}],"is_beta":false,"boss_relics":[{"not_picked":["Cursed Key","Kintsugi"],"picked":"Replay:Wanted Poster"},{"not_picked":["Sozu","ReplayTheSpireMod:DimensionalGlitch"],"picked":"Coffee Dripper"}],"items_purged_floors":[36],"is_endless":false,"potions_floor_spawned":[4,5,7,11,19,23,28,29,31,38,39,42,48,54],"ascension_level":19}}