{"host":"wy5pcbg592uilh9l","time":1610758761,"event":{"mods":["AchievementEnabler","Act Like it!","BaseMod","BetterRewards","Curses Come First","Gensokyo","Hubris","Infinite Spire","Marisa????????","Minty Spire (QoL Compilation)","Permanent Neow","Poor People Problems","Replay The Spire","StSLib","The Runesmith"],"gold_per_floor":[116,23,23,35,45,80,80,106,174,206,206,224,236,34,34,134,134,146,186,34,51,301,301,333,333,333,379,379,408,408,469,469,565,565,585,598,508,201,266,324,324,333,383,415,28,78,131,156,156,156],"floor_reached":51,"language":"ENG","playtime":2657,"items_purged":["hubris:Gluttony","Strike_R","Strike_R"],"score":1272,"play_id":"65ef1191-e682-4df2-b60e-5cbed7f0cf90","local_time":"20210115185921","is_ascension_mode":true,"campfire_choices":[{"floor":7,"key":"REST"},{"floor":15,"key":"REST"},{"data":"Infernal Blade","floor":23,"key":"SMITH"},{"floor":32,"key":"REST"},{"data":"Eruption","floor":49,"key":"SMITH"}],"circlet_count":0,"master_deck":["Strike_R","Strike_R","Strike_R","Defend_R","Defend_R","Defend_R","Defend_R+1","Bash","Whirlwind+1","ReplayTheSpireMod:Limb From Limb","Inflame","Flex","Flex","6A","ReplayTheSpireMod:Stacked","UnstableBomb","FairyDestructionRay","Infernal Blade+1","Hemogenesis","Dual Wield+1","ReplayTheSpireMod:Splinters","Warcry+1","Shrug It Off+1","Seeing Red+1","Eruption+1","Sword Boomerang","Bloodletting+1","Replay:Many Hands","DeepEcoloBomb","Gensokyo:CustomPotion","Whirlwind+1","Dropkick","Gensokyo:ReactiveArmor","Pummel","hubris:Despair","Replay:Undeath\u0027s Touch+1"],"relics":["Burning Blood","ReplayTheSpireMod:CursedCoin","Vajra","infinitespire:EmpoweringShard","hubris:DisguiseKit","Mercury Hourglass","Snack Pack","BargainBundle","hubris:TerracottaHorce","hubris:FunFungus","Replay:Mystery Machine","ReplayTheSpireMod:Ring of Collecting","ReplayTheSpireMod:Ring of Challenge","infinitespire:Eraser","Replay:Wax Seal","BranchBurnRelic","Ooze Armor","Brimstone","DollysMirror","Pet Ghost","CeramicFish","Ring of Greed","MawBank","hubris:MobiusCoin","Replay:Bottled Eggs","War Paint","Bottled Tornado","Ring of Searing","hubris:SlimyHat"],"acts_visited":["Exordium","Gensokyo:Gensokyo","Gensokyo:Gensokyoer"],"potions_floor_usage":[6,6,10,12,16,16,16,31,31,31,31,31,31,33,35,39,40,47,47],"damage_taken":[{"damage":0,"enemies":"Gensokyo:Python","floor":1,"turns":2},{"damage":0,"enemies":"Gensokyo:2_Kodama","floor":4,"turns":1},{"damage":12,"enemies":"Gensokyo:Gryphon","floor":5,"turns":3},{"damage":35,"enemies":"Gensokyo:Cirno","floor":6,"turns":5},{"damage":47,"enemies":"Gensokyo:Aya","floor":8,"turns":6},{"damage":15,"enemies":"Gensokyo:Mamizou","floor":10,"turns":5},{"damage":8,"enemies":"Gensokyo:3_Kodama","floor":12,"turns":2},{"damage":0,"enemies":"Gensokyo:LivingMonolith","floor":13,"turns":2},{"damage":39,"enemies":"Gensokyo:Kokoro","floor":16,"turns":6},{"damage":3,"enemies":"Gensokyo:3_Dogs","floor":18,"turns":2},{"damage":6,"enemies":"Gensokyo:AngelMirror","floor":21,"turns":2},{"damage":2,"enemies":"Gensokyo:Reisen","floor":24,"turns":3},{"damage":5,"enemies":"Gensokyo:Koishi","floor":27,"turns":3},{"damage":10,"enemies":"Gensokyo:Chomper_and_Gloop","floor":29,"turns":3},{"damage":0,"enemies":"Gensokyo:Swordslinger","floor":31,"turns":1},{"damage":64,"enemies":"Gensokyo:Eiki","floor":33,"turns":3},{"damage":5,"enemies":"Gensokyo:AncientGuardian","floor":35,"turns":2},{"damage":0,"enemies":"Gensokyo:3_Bats","floor":36,"turns":1},{"damage":0,"enemies":"Gensokyo:AtlasGolem","floor":39,"turns":1},{"damage":11,"enemies":"Gensokyo:Marisa","floor":40,"turns":3},{"damage":77,"enemies":"Gensokyo:Marisa","floor":41,"turns":5},{"damage":29,"enemies":"Gensokyo:4_Bats","floor":44,"turns":2},{"damage":0,"enemies":"Gensokyo:Kasen","floor":47,"turns":2},{"damage":45,"enemies":"Gensokyo:Yuyuko","floor":50,"turns":2}],"seed_played":"-6391164540061217598","potions_obtained":[{"floor":1,"key":"Languid Potion"},{"floor":8,"key":"Elixir"},{"floor":10,"key":"SteroidPotion"},{"floor":18,"key":"EntropicBrew"},{"floor":21,"key":"Elixir"},{"floor":29,"key":"AttackPotion"},{"floor":31,"key":"Strength Potion"},{"floor":36,"key":"AttackPotion"},{"floor":39,"key":"Energy Potion"}],"is_trial":false,"path_per_floor":["M","$","?","M","M","E","R","E","T","E","?","M","M","$","R","B",null,"M","?","$","M","?","R","E","?","T","E","?","M","?","M","R","B",null,"M","M","?","COS","M","E","?","?","T","M","$","?","E","T","R","B",null],"character_chosen":"IRONCLAD","items_purchased":["ReplayTheSpireMod:CursedCoin","Vajra","infinitespire:EmpoweringShard","Whirlwind","ReplayTheSpireMod:Limb From Limb","Death Potion","BargainBundle","Strength Potion","Venom Potion","Weak Potion","Infernal Blade","Replay:Mystery Machine","War Paint","FearPotion","Regen Potion"],"campfire_rested":3,"item_purchase_floors":[0,0,0,0,0,2,14,14,14,14,14,20,45,45,45],"current_hp_per_floor":[67,67,67,73,67,38,62,21,21,12,12,12,20,20,44,11,63,66,66,66,66,66,66,74,74,74,78,78,76,76,80,80,22,66,72,78,78,78,80,80,80,80,80,59,59,47,60,60,60,60],"gold":156,"neow_bonus":"","is_daily":false,"chose_seed":false,"campfire_upgraded":2,"win_rate":0.0,"timestamp":1610758761,"path_taken":["M","$","?","M","M","E","R","E","T","E","?","?","M","?","R","BOSS","M","?","$","?","?","R","E","?","T","E","?","?","?","M","R","BOSS","M","?","?","COS","M","E","?","?","T","M","?","?","E","?","R","BOSS"],"items_purchased_type":["Relic","Relic","Relic","Card","Card","Potion","Relic","Potion","Potion","Potion","Card","Relic","Relic","Potion","Potion"],"build_version":"2020-12-22","purchased_purges":3,"victory":true,"max_hp_per_floor":[80,80,80,80,80,80,80,80,80,80,80,80,80,80,80,80,80,80,80,80,80,80,80,80,80,80,80,80,80,80,80,80,80,80,80,80,80,80,80,80,80,80,80,80,80,80,80,80,80,80],"card_choices":[{"not_picked":["Run Through","Twin Strike"],"picked":"Inflame","floor":1},{"not_picked":["hubris:SharpeningStone","Clash"],"picked":"Flex","floor":4},{"not_picked":["Evolve","Clothesline","Blood for Blood"],"picked":"SKIP","floor":5},{"not_picked":["Defy Death","hubris:SharpeningStone"],"picked":"Flex","floor":6},{"not_picked":["Dropkick","Rampage","Twin Strike"],"picked":"6A","floor":8},{"not_picked":["hubris:ReadiedAction","Sever Soul","MagicChant"],"picked":"ReplayTheSpireMod:Stacked","floor":10},{"not_picked":["Thunderclap","Run Through","Iron Wave"],"picked":"UnstableBomb","floor":12},{"not_picked":["Thunderclap","Ghostly Armor","Carnage"],"picked":"FairyDestructionRay","floor":13},{"not_picked":["Replay:Many Hands","Immolate","EscapeVelocity"],"picked":"Hemogenesis","floor":16},{"not_picked":["Thunderclap+1","Sever Soul","EnergyRecoil"],"picked":"Dual Wield+1","floor":18},{"not_picked":["Life Link+1","Havoc+1","IllusionStar"],"picked":"Warcry+1","floor":21},{"not_picked":["Rupture","Thunderclap","OortCloud"],"picked":"Shrug It Off+1","floor":24},{"not_picked":["ReplayTheSpireMod:Strike From Hell","Dual Wield","EnergyFlow"],"picked":"Seeing Red+1","floor":27},{"not_picked":["Rage+1","Reckless Charge+1","DragonMeteor"],"picked":"Sword Boomerang","floor":29},{"not_picked":["Replay:Undeath\u0027s Touch","Blood for Blood","Anger+1","Singularity"],"picked":"SKIP","floor":31},{"not_picked":["Demonic Infusion","Offering","SatelliteIllusion"],"picked":"Replay:Many Hands","floor":33},{"not_picked":["Uppercut+1","Clothesline+1","ReplayTheSpireMod:Stacked","DoubleSpark"],"picked":"SKIP","floor":35},{"not_picked":["ReplayTheSpireMod:Stacked+1","Perfected Strike+1","Iron Wave+1"],"picked":"DeepEcoloBomb","floor":36},{"not_picked":["Heavy Blade","Rupture+1","RefractionSpark"],"picked":"Dropkick","floor":39},{"not_picked":["Defy Death+1","hubris:ReadiedAction+1","ReplayTheSpireMod:Strike From Hell","PowerUp"],"picked":"SKIP","floor":40},{"not_picked":["True Grit+1","Juggernaut","OpenUniverse"],"picked":"Pummel","floor":44},{"not_picked":["ReplayReversal+1","hubris:SharpeningStone","PowerUp"],"picked":"Replay:Undeath\u0027s Touch+1","floor":47}],"player_experience":277541,"relics_obtained":[{"floor":6,"key":"hubris:DisguiseKit"},{"floor":8,"key":"Mercury Hourglass"},{"floor":9,"key":"Snack Pack"},{"floor":10,"key":"infinitespire:Beetle Shell"},{"floor":19,"key":"hubris:FunFungus"},{"floor":24,"key":"Dead Branch"},{"floor":25,"key":"ReplayTheSpireMod:Ring of Collecting"},{"floor":26,"key":"ReplayTheSpireMod:Ring of Challenge"},{"floor":26,"key":"infinitespire:Eraser"},{"floor":27,"key":"Replay:Wax Seal"},{"floor":40,"key":"Pet Ghost"},{"floor":40,"key":"CeramicFish"},{"floor":43,"key":"Ring of Greed"},{"floor":43,"key":"MawBank"},{"floor":43,"key":"hubris:MobiusCoin"},{"floor":43,"key":"Replay:Bottled Eggs"},{"floor":47,"key":"Bottled Tornado"},{"floor":48,"key":"Ring of Searing"},{"floor":48,"key":"hubris:SlimyHat"}],"event_choices":[],"is_beta":false,"boss_relics":[{"not_picked":["Runic Pyramid","Runic Dome"],"picked":"hubris:TerracottaHorce"},{"not_picked":["SlaversCollar","Busted Crown"],"picked":"Ooze Armor"}],"items_purged_floors":[0,14,45],"is_endless":false,"potions_floor_spawned":[1,8,10,18,21,29,31,36,39],"ascension_level":4}}