{"host":"x5al1swown9002c0","time":1610811049,"event":{"mods":["AchievementEnabler","AlwaysNeverKeys","Aspiration","BaseMod","Clawfect","Colored Map","Evolution","Highlight Path","Lobotomy","LobotomyExtend","Minty Spire (QoL Compilation)","Replay The Spire","Shop Mod","StSLib","The Cursed"],"gold_per_floor":[117,140,140,140,153,178,178,206,206,206,219,219,236,268,268,365,365,384,142,153,163,163,196,196,223,223,223,223,250,280,220,220,324,324,324,324],"floor_reached":35,"language":"ENG","playtime":2346,"items_purged":["Defend_R"],"score":578,"play_id":"a6c2d7b8-5cc2-4840-92d7-ce3c49ea3f90","local_time":"20210116173049","is_ascension_mode":true,"campfire_choices":[{"data":"Iron Wave","floor":7.0,"key":"SMITH"},{"data":"Iron Wave","floor":10.0,"key":"SMITH"},{"data":"Metallicize","floor":12.0,"key":"SMITH"},{"data":"Iron Wave","floor":15.0,"key":"SMITH"},{"data":"Metallicize","floor":24,"key":"SMITH"},{"data":"Iron Wave","floor":27,"key":"SMITH"},{"data":"Defend_R","floor":32,"key":"PURGE"}],"circlet_count":0,"master_deck":["Iron Wave+1","Iron Wave+1","Iron Wave+1","Iron Wave","Iron Wave+1","Defend_R+1","Bash","GreedKing","Headbutt","MHz","CrumblingArmor","Metallicize+1","AbeCurse","Metallicize+1","CENSORED","Pot Of Greed","Pot Of Greed+1","Barricade"],"relics":["Burning Blood","EVO:Axolotl","CogitoBucket","LetterFromLob","Ancient Tea Set","Replay:Ringing Soul","Blue Doll","Replay:WaspNest","Quantum Egg","Abe\u0027s Treasure","TheAbacus","SkinProphecy","Ring of Searing","Shuriken","Grinning Jar","aspiration:SeaSaltIceCream","Shuriken","MagicBullet_r","Tiny Chest","War Paint","Amita_r","SlaversCollar"],"acts_visited":["Exordium","TheCity","TheBeyond"],"potions_floor_usage":[21,25,30,33],"damage_taken":[{"damage":0.0,"enemies":"Cultist","floor":1.0,"turns":4.0},{"damage":6.0,"enemies":"Jaw Worm","floor":5.0,"turns":4.0},{"damage":16.0,"enemies":"Lagavulin","floor":6.0,"turns":6.0},{"damage":0.0,"enemies":"3 Sentries","floor":8.0,"turns":7.0},{"damage":0.0,"enemies":"Small Slimes","floor":11.0,"turns":2.0},{"damage":1.0,"enemies":"Gremlin Gang","floor":13.0,"turns":9.0},{"damage":0.0,"enemies":"Lagavulin","floor":14.0,"turns":6.0},{"damage":20.0,"enemies":"Slime Boss","floor":16.0,"turns":8.0},{"damage":0.0,"enemies":"Chosen","floor":18.0,"turns":5.0},{"damage":0,"enemies":"3 Byrds","floor":20,"turns":5},{"damage":90,"enemies":"Centurion and Healer","floor":21,"turns":6},{"damage":5,"enemies":"Book of Stabbing","floor":23,"turns":5},{"damage":12,"enemies":"Replay:Snechameleon","floor":25,"turns":5},{"damage":35,"enemies":"Slavers","floor":30,"turns":5},{"damage":62,"enemies":"Champ","floor":33,"turns":8},{"damage":221,"enemies":"Orb Walker","floor":35,"turns":3}],"seed_played":"-1642636448198560225","potions_obtained":[{"floor":4.0,"key":"BloodPotion"},{"floor":4.0,"key":"Energy Potion"},{"floor":4.0,"key":"SmokeBomb"},{"floor":8.0,"key":"ColorlessPotion"},{"floor":16.0,"key":"SteroidPotion"},{"floor":18.0,"key":"Energy Potion"},{"floor":20,"key":"Fire Potion"},{"floor":23,"key":"Weak Potion"},{"floor":25,"key":"ElixirPotion"},{"floor":30,"key":"Weak Potion"}],"is_trial":false,"path_per_floor":["M","T","?","?","M","E","R","E","T","R","M","R","M","E","R","B",null,"M","$","M","M","?","E","R","E","T","R","?","T","E","?","R_BF","B",null,"M"],"character_chosen":"IRONCLAD","items_purchased":["TheAbacus","Metallicize"],"campfire_rested":0,"item_purchase_floors":[19,19],"current_hp_per_floor":[80,80,80,80,80,73,73,82,82,82,89,89,89,89,89,75,92,92,95,95,30,33,33,33,54,54,54,108,108,100,100,100,102,116,0,0],"gold":324,"neow_bonus":"","is_daily":false,"chose_seed":false,"campfire_upgraded":6,"win_rate":0.0,"timestamp":1610811049,"path_taken":["M","?","?","?","?","E","R","E","T","R","M","R","M","E","R","BOSS","M","$","M","?","?","E","R","E","T","R","?","?","E","?","R_BF","BOSS","M"],"items_purchased_type":["Relic","Card"],"build_version":"2020-12-22","purchased_purges":1,"victory":false,"max_hp_per_floor":[80,80,80,80,80,83,83,86,86,86,89,89,89,89,89,89,92,92,95,95,95,98,103,103,108,108,108,108,108,110,110,110,116,116,121,121],"card_choices":[{"not_picked":["OSAHOGD","VoidDream"],"picked":"GreedKing","floor":1.0},{"not_picked":["Intimidate","Armaments","Headbutt"],"picked":"SKIP","floor":1.0},{"not_picked":["Brutality","Heavy Blade","Evolve"],"picked":"SKIP","floor":5.0},{"not_picked":["Body Slam","Flex"],"picked":"Headbutt","floor":6.0},{"not_picked":["CherryBlossoms","HappyTeddy"],"picked":"MHz","floor":6.0},{"not_picked":["FairyFestival","Bloodbath"],"picked":"CrumblingArmor","floor":8.0},{"not_picked":["Sentinel","Hemokinesis","Defy Death"],"picked":"SKIP","floor":8.0},{"not_picked":["Rampage","ReplayReversal"],"picked":"Metallicize","floor":11.0},{"not_picked":["Carnage","Life Link","Replay:Undeath\u0027s Touch"],"picked":"SKIP","floor":13.0},{"not_picked":["Warcry","Entrench","True Grit"],"picked":"SKIP","floor":14.0},{"not_picked":["Iron Wave","Clothesline","Dual Wield+1"],"picked":"SKIP","floor":18.0},{"not_picked":["Havoc","Power Through","Clash"],"picked":"SKIP","floor":20},{"not_picked":["Havoc","Power Through","Clash"],"picked":"SKIP","floor":20},{"not_picked":["Replay:Undeath\u0027s Touch+1","Reckless Charge","Headbutt"],"picked":"SKIP","floor":21},{"not_picked":["BlackSwan","UniverseFragment"],"picked":"CENSORED","floor":23},{"not_picked":["Blood for Blood","Carnage","Clothesline"],"picked":"SKIP","floor":23},{"not_picked":["ReplayTheSpireMod:LeadingStrike","ReplayTheSpireMod:Strike From Hell","Iron Wave"],"picked":"SKIP","floor":25},{"not_picked":["Twin Strike","Power Through","Headbutt+1"],"picked":"SKIP","floor":30},{"not_picked":["Berserk","Impervious"],"picked":"Barricade","floor":33}],"player_experience":662906,"relics_obtained":[{"floor":1.0,"key":"LetterFromLob"},{"floor":2.0,"key":"Ancient Tea Set"},{"floor":6.0,"key":"Replay:Ringing Soul"},{"floor":8.0,"key":"Blue Doll"},{"floor":9.0,"key":"Replay:WaspNest"},{"floor":14.0,"key":"Quantum Egg"},{"floor":22,"key":"Ring of Searing"},{"floor":23,"key":"Shuriken"},{"floor":25,"key":"Grinning Jar"},{"floor":26,"key":"aspiration:SeaSaltIceCream"},{"floor":29,"key":"Tiny Chest"},{"floor":30,"key":"War Paint"}],"event_choices":[{"damage_healed":0.0,"max_hp_gain":0.0,"max_hp_loss":0.0,"gold_gain":0.0,"event_name":"Lab","player_choice":"Got Potions","floor":4.0,"gold_loss":0.0,"damage_taken":0.0}],"is_beta":false,"boss_relics":[{"not_picked":["Astrolabe","Replay:Drink Me"],"picked":"Abe\u0027s Treasure"},{"not_picked":["aspiration:FutureDiary","Runic Pyramid"],"picked":"SlaversCollar"}],"items_purged_floors":[19],"is_endless":false,"potions_floor_spawned":[8,11,16,18,20,23,25,30],"killed_by":"Orb Walker","ascension_level":1}}