{"host":"on8rz1ayhhz269sg","time":1610799312,"event":{"mods":["BaseMod","Downfall","Minty Spire (QoL Compilation)","Remilia（蕾米莉亚）","StSLib","[GremlinLeader]The Maniac","残留之物"],"gold_per_floor":[99,117,127,142,142,162,189,101,113,143,155,177,223,31,46,149,149,149,149,163,174,174,174,242,242,256,256,276,276,5,24,37,141,141,141,152,163,163,163,182,235,260,260,273,273,7,7,57,73,73,73],"floor_reached":50,"language":"ZHS","playtime":3826,"items_purged":["downfall:Bewildered"],"score":751,"play_id":"39e187d3-aeae-404b-ac34-b5504f59440e","local_time":"20210116201512","is_ascension_mode":false,"campfire_choices":[{"floor":1.0,"key":"RECALL"},{"data":"bronze:ForceShield","floor":8.0,"key":"SMITH"},{"floor":11.0,"key":"REST"},{"data":"bronze:CleanCode","floor":18.0,"key":"SMITH"},{"data":"bronze:Repair","floor":25.0,"key":"SMITH"},{"data":"bronze:HardenedForm","floor":29.0,"key":"SMITH"},{"data":"bronze:SpaghettiCode","floor":35.0,"key":"SMITH"},{"floor":43.0,"key":"REST"},{"data":"bronze:Shell","floor":45.0,"key":"SMITH"},{"data":"bronze:Verify","floor":47.0,"key":"SMITH"}],"circlet_count":0,"master_deck":["bronze:Strike","bronze:Strike","bronze:Strike","bronze:Strike+1","bronze:Defend","bronze:Defend","bronze:Defend","bronze:Replicate","bronze:Goto","bronze:Optimize","bronze:Invalidate","bronze:ForceShield+1","bronze:DelayedSlice","bronze:ChosenStrike+1","bronze:CleanCode+1","bronze:DelayedGuard","bronze:Shell+1","expansioncontent:DashGenerateEvil+1","bronze:Iterate","bronze:Branch","bronze:HardenedForm+1","bronze:Deprecate","bronze:DelayedSlice","bronze:WhirlingStrike+1","bronze:Repair+1","bronze:CutThrough+1","bronze:OilSpill+1","bronze:SpaghettiCode+1","bronze:FineTuning+1","bronze:FollowUp","bronze:AlphaBuild","bronze:DelayedSlice","bronze:Shell+1","bronze:CutThrough","bronze:Frontload+1","bronze:Overheat+1","bronze:CutThrough+1","bronze:Verify+1","Panacea+1","bronze:Assembly+1","bronze:Mutator","bronze:DelayedSlice","bronze:Repair+1","bronze:ForceShield+1"],"relics":["bronze:PlatinumCore","MawBank","downfall:HeartBlessingRed","Regal Pillow","Whetstone","Letter Opener","HornCleat","Toxic Egg 2","Cursed Key","Nunchaku","Oddly Smooth Stone","Boot","FossilizedHelix"],"acts_visited":["Exordium","TheCity","TheBeyond"],"potions_floor_usage":[49,50,50],"damage_taken":[{"damage":5.0,"enemies":"Small Slimes","floor":2.0,"turns":4.0},{"damage":3.0,"enemies":"Jaw Worm","floor":3.0,"turns":4.0},{"damage":1.0,"enemies":"Cultist","floor":4.0,"turns":3.0},{"damage":1.0,"enemies":"2 Fungi Beasts","floor":6.0,"turns":3.0},{"damage":4.0,"enemies":"Blue Slaver","floor":10.0,"turns":3.0},{"damage":7.0,"enemies":"Exordium Wildlife","floor":12.0,"turns":2.0},{"damage":17.0,"enemies":"3 Sentries","floor":13.0,"turns":5.0},{"damage":5.0,"enemies":"downfall:FleeingMerchant","floor":14.0,"turns":4.0},{"damage":0.0,"enemies":"Blue Slaver","floor":15.0,"turns":2.0},{"damage":0.0,"enemies":"WA_ARCHETYPE_RETAIN","floor":16.0,"turns":4.0},{"damage":0.0,"enemies":"Chosen","floor":19.0,"turns":1.0},{"damage":0.0,"enemies":"Centurion and Healer","floor":20.0,"turns":2.0},{"damage":0.0,"enemies":"Chosen and Byrds","floor":21.0,"turns":6.0},{"damage":0.0,"enemies":"Sentry and Sphere","floor":26.0,"turns":3.0},{"damage":0.0,"enemies":"3 Cultists","floor":28.0,"turns":4.0},{"damage":0.0,"enemies":"downfall:FleeingMerchant","floor":30.0,"turns":4.0},{"damage":0.0,"enemies":"Centurion and Healer","floor":31.0,"turns":2.0},{"damage":8.0,"enemies":"Snecko","floor":32.0,"turns":4.0},{"damage":28.0,"enemies":"DF_ARCHETYPE_CLAW","floor":33.0,"turns":7.0},{"damage":0.0,"enemies":"Orb Walker","floor":36.0,"turns":2.0},{"damage":1.0,"enemies":"3 Shapes","floor":37.0,"turns":2.0},{"damage":20.0,"enemies":"Writhing Mass","floor":40.0,"turns":5.0},{"damage":27.0,"enemies":"Giant Head","floor":42.0,"turns":9.0},{"damage":7.0,"enemies":"Sphere and 2 Shapes","floor":44.0,"turns":3.0},{"damage":14.0,"enemies":"downfall:FleeingMerchant","floor":46.0,"turns":3.0},{"damage":0.0,"enemies":"downfall:FleeingMerchant","floor":48.0,"turns":4.0},{"damage":0,"enemies":"Transient","floor":49,"turns":5},{"damage":86,"enemies":"SI_POISON_ARCHETYPE","floor":50,"turns":6}],"seed_played":"4455406048303502899","potions_obtained":[{"floor":2.0,"key":"FearPotion"},{"floor":3.0,"key":"AttackPotion"},{"floor":10.0,"key":"Fire Potion"},{"floor":15.0,"key":"PowerPotion"},{"floor":16.0,"key":"Strength Potion"},{"floor":26.0,"key":"Fruit Juice"},{"floor":28.0,"key":"FearPotion"},{"floor":32.0,"key":"Strength Potion"},{"floor":33.0,"key":"Swift Potion"},{"floor":37.0,"key":"PlaceholderMod:PlaceholderPotion"},{"floor":42.0,"key":"ColorlessPotion"},{"floor":44.0,"key":"champ:CounterPotion"}],"is_trial":false,"path_per_floor":["R","M","M","M","?","M","T","R","?","M","R","M","E","$","M","B",null,"R","M","M","M","?","?","T","R","M","T","M","R","$","M","M","B",null,"R","M","M","?","?","M","T","E","R","M","R","$","R","?","M","B"],"character_chosen":"THE_AUTOMATON","items_purchased":["expansioncontent:DashGenerateEvil+1","bronze:Iterate","Toxic Egg 2","Boot","Panacea+1","bronze:Assembly+1","bronze:Mutator","bronze:DelayedSlice"],"campfire_rested":2,"item_purchase_floors":[14,14,30,46,46,46,46,46],"current_hp_per_floor":[77,72,69,68,68,67,67,67,49,45,77,70,53,48,48,48,77,77,77,77,77,77,77,77,77,77,77,82,82,82,82,74,57,82,82,82,81,81,81,71,71,54,82,75,75,68,68,68,82,0,0],"gold":73,"neow_bonus":"TEN_PERCENT_HP_BONUS","is_daily":false,"chose_seed":false,"campfire_upgraded":7,"win_rate":0.0,"timestamp":1610799312,"path_taken":["R","M","M","M","?","M","T","R","?","M","R","M","E","$","M","BOSS","R","M","M","M","?","?","T","R","M","?","M","R","$","M","M","BOSS","R","M","?","?","?","?","T","E","R","M","R","$","R","?","M","BOSS"],"items_purchased_type":["Card","Card","Relic","Relic","Card","Card","Card","Card"],"build_version":"2020-12-22","purchased_purges":1,"victory":false,"max_hp_per_floor":[77,77,77,77,77,77,77,77,77,77,77,77,77,77,77,77,77,77,77,77,77,77,77,77,77,77,77,82,82,82,82,82,82,82,82,82,82,82,82,82,82,82,82,82,82,82,82,82,82,82,82],"card_choices":[{"not_picked":["bronze:ItsAFeature","bronze:Shield"],"picked":"bronze:Optimize","floor":2.0},{"not_picked":["bronze:BugBarrage","bronze:WildBeam"],"picked":"bronze:Invalidate","floor":3.0},{"not_picked":["bronze:Shield","bronze:CutThrough"],"picked":"bronze:ForceShield","floor":4.0},{"not_picked":["bronze:Safeguard","bronze:DarkDash"],"picked":"bronze:DelayedSlice","floor":6.0},{"not_picked":["bronze:Backtrace","bronze:ChildClass"],"picked":"bronze:ChosenStrike","floor":10.0},{"not_picked":["bronze:Frontload","bronze:Turbo"],"picked":"bronze:CleanCode","floor":12.0},{"not_picked":["bronze:ChosenStrike","bronze:WildBeam"],"picked":"bronze:DelayedGuard","floor":13.0},{"not_picked":["bronze:Iterate","bronze:Overheat"],"picked":"bronze:Shell","floor":14.0},{"not_picked":["bronze:Invalidate","bronze:DarkDash"],"picked":"bronze:Branch","floor":15.0},{"not_picked":["bronze:CleanCode","bronze:FindAndReplace"],"picked":"bronze:HardenedForm","floor":16.0},{"not_picked":["bronze:OilSpill","bronze:BronzeOrb"],"picked":"bronze:Deprecate","floor":19.0},{"not_picked":["bronze:DelayedGuard","bronze:Shield"],"picked":"bronze:DelayedSlice","floor":20.0},{"not_picked":["bronze:MaxOutput","bronze:Branch"],"picked":"bronze:WhirlingStrike+1","floor":21.0},{"not_picked":["bronze:BugBarrage","bronze:Philosophize"],"picked":"bronze:CutThrough+1","floor":26.0},{"not_picked":["bronze:CutThrough","bronze:BuggyMess"],"picked":"bronze:OilSpill+1","floor":28.0},{"not_picked":["bronze:ForceShield","bronze:Overheat"],"picked":"bronze:SpaghettiCode","floor":30.0},{"not_picked":["bronze:Branch","bronze:Iterate"],"picked":"bronze:FineTuning+1","floor":31.0},{"not_picked":["bronze:DelayedSlice","bronze:Iterate"],"picked":"bronze:FollowUp","floor":32.0},{"not_picked":["bronze:SpaghettiCode+1","bronze:Format+1"],"picked":"bronze:AlphaBuild","floor":33.0},{"not_picked":["bronze:MaxOutput","bronze:BitShift+1"],"picked":"bronze:DelayedSlice","floor":36.0},{"not_picked":["bronze:FineTuning+1","bronze:WhirlingStrike+1"],"picked":"bronze:Shell+1","floor":37.0},{"not_picked":["bronze:Allocate+1","bronze:NullPointer+1"],"picked":"bronze:Frontload+1","floor":40.0},{"not_picked":["bronze:MaxOutput","bronze:DarkDash+1"],"picked":"bronze:Overheat+1","floor":42.0},{"not_picked":["bronze:Turbo+1","bronze:Overheat"],"picked":"bronze:CutThrough+1","floor":44.0},{"not_picked":["bronze:CloningBeam","bronze:Frontload+1"],"picked":"bronze:Verify","floor":46.0},{"not_picked":["bronze:Iterate","bronze:Boost+1"],"picked":"bronze:Repair+1","floor":48.0},{"not_picked":["bronze:Frontload+1","bronze:Fortify+1"],"picked":"bronze:ForceShield+1","floor":49}],"player_experience":218804,"relics_obtained":[{"floor":7.0,"key":"MawBank"},{"floor":13.0,"key":"Whetstone"},{"floor":24.0,"key":"Letter Opener"},{"floor":27.0,"key":"HornCleat"},{"floor":41.0,"key":"Nunchaku"},{"floor":42.0,"key":"Oddly Smooth Stone"},{"floor":48.0,"key":"FossilizedHelix"}],"event_choices":[{"damage_healed":0.0,"max_hp_gain":0.0,"max_hp_loss":0.0,"gold_gain":0.0,"event_name":"Scrap Ooze","player_choice":"Success","floor":9.0,"gold_loss":0.0,"damage_taken":18.0,"relics_obtained":["Regal Pillow"]},{"damage_healed":0.0,"max_hp_gain":0.0,"max_hp_loss":0.0,"gold_gain":0.0,"event_name":"The Library","player_choice":"Read","floor":23.0,"gold_loss":0.0,"damage_taken":0.0,"cards_obtained":["bronze:Repair"]}],"is_beta":false,"boss_relics":[{"not_picked":["Snecko Eye","PlaceholderMod:LiveLive"],"picked":"bronze:PlatinumCore"},{"not_picked":["Busted Crown","Runic Pyramid"],"picked":"Cursed Key"}],"items_purged_floors":[46],"is_endless":false,"potions_floor_spawned":[2,3,10,15,16,26,28,31,32,33,37,42,44],"killed_by":"SI_POISON_ARCHETYPE","ascension_level":0}}