{"host":"tknto047uabgu3zm","time":1610820728,"event":{"mods":["AchievementEnabler","BaseMod","Bestiary","Block Reminder","Colored Map","Colored Powertips","Highlight Path","Minty Spire (QoL Compilation)","MonsterHotkey","Permanent Neow","Random Character Button","Rare Cards Sparkle","Relic Sorter","Relic Stats","StSLib"],"gold_per_floor":[117,117,42,42,58,58,73,108,184,184,59,79,108,122,122,196,196,209,226,176,186,133,133,133,133,133,147,147,147,163,163,163],"floor_reached":31,"language":"ENG","playtime":1020,"items_purged":[],"score":453,"play_id":"d071273c-0a06-4d5f-92e0-aa6ecba9cc86","local_time":"20210116101208","is_ascension_mode":true,"campfire_choices":[{"floor":6,"key":"REST"},{"data":"Whirlwind","floor":10,"key":"SMITH"},{"floor":15,"key":"REST"},{"floor":24,"key":"REST"},{"floor":29,"key":"REST"}],"circlet_count":0,"master_deck":["AscendersBane","Strike_R","Strike_R","Defend_R","Defend_R","Defend_R","Bash","Barricade","True Grit","Shockwave","Whirlwind+1","Juggernaut","Rampage+1","Evolve+1","Body Slam","Rampage","Corruption","True Grit+1","Fire Breathing","Metallicize","Wild Strike","Disarm","Iron Wave","Impervious"],"relics":["Burning Blood","Potion Belt","Question Card","Self Forming Clay","Darkstone Periapt","Fusion Hammer","Eternal Feather","Smiling Mask"],"acts_visited":["Exordium","TheCity"],"potions_floor_usage":[8,13,16,18,21],"damage_taken":[{"damage":4,"enemies":"Jaw Worm","floor":1,"turns":5},{"damage":19,"enemies":"Small Slimes","floor":5,"turns":3},{"damage":7,"enemies":"Cultist","floor":7,"turns":4},{"damage":18,"enemies":"Gremlin Nob","floor":8,"turns":4},{"damage":12,"enemies":"Looter","floor":12,"turns":4},{"damage":27,"enemies":"Lagavulin","floor":13,"turns":7},{"damage":2,"enemies":"3 Louse","floor":14,"turns":2},{"damage":23,"enemies":"Slime Boss","floor":16,"turns":7},{"damage":16,"enemies":"Chosen","floor":18,"turns":5},{"damage":15,"enemies":"Spheric Guardian","floor":19,"turns":5},{"damage":13,"enemies":"Cultist and Chosen","floor":21,"turns":5},{"damage":21,"enemies":"Snake Plant","floor":27,"turns":5},{"damage":32,"enemies":"Shelled Parasite and Fungi","floor":30,"turns":6},{"damage":40,"enemies":"3 Cultists","floor":31,"turns":4}],"seed_played":"-8602567738312515397","potions_obtained":[{"floor":5,"key":"LiquidMemories"},{"floor":13,"key":"PowerPotion"},{"floor":14,"key":"DistilledChaos"},{"floor":18,"key":"Swift Potion"},{"floor":27,"key":"FearPotion"}],"is_trial":false,"path_per_floor":["M","?","?","?","M","R","M","E","T","R","$","M","E","M","R","B",null,"M","M","?","M","$","?","R","?","T","M","?","R","M","M"],"character_chosen":"IRONCLAD","items_purchased":["Rampage","LiquidMemories","BloodPotion"],"campfire_rested":4,"item_purchase_floors":[11,11,22],"current_hp_per_floor":[70,52,52,45,32,54,53,41,41,41,41,35,14,18,40,23,62,52,43,43,36,36,15,39,39,39,24,24,60,34,0,0],"gold":163,"neow_bonus":"ONE_RANDOM_RARE_CARD","is_daily":false,"chose_seed":false,"campfire_upgraded":1,"win_rate":0.0,"timestamp":1610820728,"path_taken":["M","?","?","?","M","R","M","E","T","R","?","M","E","M","R","BOSS","M","M","?","?","$","?","R","?","T","M","?","R","?","M"],"items_purchased_type":["Card","Potion","Potion"],"build_version":"2020-12-22","purchased_purges":0,"victory":false,"max_hp_per_floor":[75,75,75,75,75,75,75,75,75,75,75,75,75,75,75,75,75,75,75,75,75,75,80,80,80,80,80,80,80,80,80,80],"relic_stats":{"Darkstone Periapt":0,"counters":[14,66],"Self Forming Clay":[84],"Eternal Feather":12,"Question Card":9,"Smiling Mask":0,"obtain_stats":[{"Potion Belt":2,"Darkstone Periapt":13,"Self Forming Clay":9,"Eternal Feather":26,"Fusion Hammer":17,"Question Card":8,"Smiling Mask":28,"Burning Blood":0},{"Potion Belt":1,"Darkstone Periapt":6,"Self Forming Clay":4,"Eternal Feather":11,"Fusion Hammer":8,"Question Card":4,"Smiling Mask":12,"Burning Blood":0},{"Potion Belt":5,"Darkstone Periapt":27,"Self Forming Clay":16,"Eternal Feather":51,"Fusion Hammer":36,"Question Card":16,"Smiling Mask":56,"Burning Blood":0}],"Burning Blood":78},"card_choices":[{"not_picked":["Thunderclap","Cleave"],"picked":"True Grit","floor":1},{"not_picked":["Warcry","Headbutt"],"picked":"Shockwave","floor":5},{"not_picked":["Sentinel","Body Slam"],"picked":"Whirlwind","floor":7},{"not_picked":["Sword Boomerang","Pommel Strike"],"picked":"Juggernaut","floor":8},{"not_picked":["Whirlwind","Iron Wave","Warcry"],"picked":"Evolve","floor":12},{"not_picked":["Pommel Strike","Sever Soul","Clash"],"picked":"Body Slam","floor":13},{"not_picked":["Sword Boomerang","Pommel Strike","Evolve"],"picked":"Rampage","floor":14},{"not_picked":["Berserk","Reaper","Barricade"],"picked":"Corruption","floor":16},{"not_picked":["Intimidate","Warcry","Sword Boomerang"],"picked":"True Grit+1","floor":18},{"not_picked":["Clash","Perfected Strike","Pommel Strike"],"picked":"Fire Breathing","floor":19},{"not_picked":["True Grit","Power Through","Twin Strike"],"picked":"Metallicize","floor":21},{"not_picked":["Sword Boomerang","Thunderclap","Infernal Blade"],"picked":"Iron Wave","floor":27},{"not_picked":["Anger","Flame Barrier","Metallicize"],"picked":"Impervious","floor":30}],"player_experience":494510,"relics_obtained":[{"floor":8,"key":"Question Card"},{"floor":9,"key":"Self Forming Clay"},{"floor":13,"key":"Darkstone Periapt"},{"floor":26,"key":"Eternal Feather"}],"event_choices":[{"damage_healed":0,"gold_gain":0,"player_choice":"Success","damage_taken":18,"relics_obtained":["Potion Belt"],"max_hp_gain":0,"max_hp_loss":0,"event_name":"Scrap Ooze","floor":2,"gold_loss":0},{"cards_removed":["Defend_R"],"damage_healed":0,"gold_gain":0,"player_choice":"Card Removal","damage_taken":0,"max_hp_gain":0,"max_hp_loss":0,"event_name":"The Cleric","floor":3,"gold_loss":75},{"cards_removed":["Strike_R"],"damage_healed":0,"gold_gain":0,"player_choice":"Card Removal","damage_taken":7,"max_hp_gain":0,"max_hp_loss":0,"event_name":"Golden Wing","floor":4,"gold_loss":0},{"damage_healed":0,"gold_gain":0,"player_choice":"Upgraded Two","damage_taken":0,"max_hp_gain":0,"max_hp_loss":0,"event_name":"Designer","floor":20,"gold_loss":50,"cards_upgraded":["Rampage","Evolve"]},{"damage_healed":0,"gold_gain":0,"player_choice":"Shed Blood","damage_taken":26,"max_hp_gain":5,"max_hp_loss":0,"event_name":"Forgotten Altar","floor":23,"gold_loss":0},{"damage_healed":0,"gold_gain":0,"cards_transformed":["Strike_R","Strike_R"],"player_choice":"Became Test Subject","damage_taken":0,"max_hp_gain":0,"max_hp_loss":0,"event_name":"Drug Dealer","floor":25,"gold_loss":0,"cards_obtained":["Wild Strike","Disarm"]},{"damage_healed":0,"gold_gain":0,"player_choice":"Gave Potion","damage_taken":0,"relics_obtained":["Smiling Mask"],"max_hp_gain":0,"max_hp_loss":0,"event_name":"WeMeetAgain","floor":28,"gold_loss":0}],"is_beta":false,"boss_relics":[{"not_picked":["Ectoplasm","Empty Cage"],"picked":"Fusion Hammer"}],"items_purged_floors":[],"is_endless":false,"potions_floor_spawned":[5,13,14,18,27],"killed_by":"3 Cultists","ascension_level":17}}