{"host":"mydft8i2zzydgggw","time":1610840632,"event":{"mods":["AchievementEnabler","BaseMod","BetterRewards","Colored Map","Colored Powertips","DeckTracker","Keyboard Shortcuts","Minty Spire (QoL Compilation)","Rare Cards Sparkle","StSLib","SuperFastMode","everything is the same but u backflip on backflip"],"gold_per_floor":[113,124,144,144,160,160,188,188,237,237,237,281,316,35,35,35,35],"floor_reached":16,"language":"KOR","playtime":295,"items_purged":[],"score":165,"play_id":"037b78cc-9908-4dd8-8143-d6e907241b37","local_time":"20210117084352","is_ascension_mode":true,"campfire_choices":[{"data":"Zap","floor":6,"key":"SMITH"},{"data":"Capacitor","floor":8,"key":"SMITH"},{"floor":10,"key":"REST"},{"floor":15,"key":"REST"}],"circlet_count":0,"master_deck":["AscendersBane","Strike_B","Strike_B","Strike_B","Strike_B","Defend_B","Defend_B","Defend_B","Defend_B","Zap+1","Dualcast","Seek","Capacitor+1","Sunder","BootSequence","Genetic Algorithm","Chill","Gash+1","Core Surge+1"],"relics":["Cracked Core","Molten Egg 2","Strawberry","Anchor","Golden Idol","MawBank","Medical Kit"],"acts_visited":["Exordium"],"potions_floor_usage":[7,7,16],"damage_taken":[{"damage":3,"enemies":"Jaw Worm","floor":1,"turns":6},{"damage":0,"enemies":"Small Slimes","floor":2,"turns":3},{"damage":0,"enemies":"2 Louse","floor":3,"turns":2},{"damage":0,"enemies":"2 Fungi Beasts","floor":5,"turns":2},{"damage":27,"enemies":"Gremlin Nob","floor":7,"turns":4},{"damage":20,"enemies":"3 Sentries","floor":12,"turns":10},{"damage":0,"enemies":"3 Louse","floor":13,"turns":2},{"damage":50,"enemies":"Slime Boss","floor":16,"turns":7}],"seed_played":"-8923307959242158861","potions_obtained":[{"floor":1,"key":"Weak Potion"},{"floor":2,"key":"BlessingOfTheForge"},{"floor":3,"key":"Weak Potion"}],"is_trial":false,"path_per_floor":["M","M","M","?","M","R","E","R","T","R","?","E","M","$","R","B"],"character_chosen":"DEFECT","items_purchased":["Core Surge+1","Medical Kit"],"campfire_rested":2,"item_purchase_floors":[14,14],"current_hp_per_floor":[47,47,47,35,35,35,15,15,15,39,39,19,19,19,41,0,0],"gold":35,"neow_bonus":"THREE_RARE_CARDS","is_daily":false,"chose_seed":false,"campfire_upgraded":2,"win_rate":0.0,"timestamp":1610840632,"path_taken":["M","M","M","?","M","R","E","R","T","R","?","E","M","$","R","BOSS"],"items_purchased_type":["Card","Relic"],"build_version":"2020-12-22","purchased_purges":0,"victory":false,"max_hp_per_floor":[75,75,75,75,75,75,82,82,82,82,76,76,76,76,76,76,76],"card_choices":[{"not_picked":["Hyperbeam","Fission"],"picked":"Seek","floor":0},{"not_picked":["Darkness","Doom and Gloom"],"picked":"Capacitor","floor":1},{"not_picked":["Sweeping Beam","Compile Driver"],"picked":"Sunder","floor":2},{"not_picked":["Streamline","Rebound"],"picked":"BootSequence","floor":3},{"not_picked":["Rebound+1","Heatsinks"],"picked":"Genetic Algorithm","floor":5},{"not_picked":["Streamline+1","Beam Cell+1"],"picked":"Chill","floor":7},{"not_picked":["Rainbow","Streamline+1","Sunder+1"],"picked":"SKIP","floor":12},{"not_picked":["Conserve Battery","Melter+1"],"picked":"Gash+1","floor":13}],"player_experience":176637,"relics_obtained":[{"floor":7,"key":"Strawberry"},{"floor":9,"key":"Anchor"},{"floor":12,"key":"MawBank"}],"event_choices":[{"damage_healed":0,"gold_gain":0,"player_choice":"Success","damage_taken":12,"relics_obtained":["Molten Egg 2"],"max_hp_gain":0,"max_hp_loss":0,"event_name":"Scrap Ooze","floor":4,"gold_loss":0},{"damage_healed":0,"gold_gain":0,"player_choice":"Lose Max HP","damage_taken":0,"relics_obtained":["Golden Idol"],"max_hp_gain":0,"max_hp_loss":6,"event_name":"Golden Idol","floor":11,"gold_loss":0}],"is_beta":false,"boss_relics":[],"items_purged_floors":[],"is_endless":false,"potions_floor_spawned":[1,2,3],"killed_by":"Slime Boss","ascension_level":10}}