{"host":"i0avyit1s6jb1siw","time":1610837102,"event":{"mods":["BaseMod","DeckTracker","Dota2Spire","Highlight Path","Minty Spire (QoL Compilation)","Quick Restart","StSLib","SuperFastMode"],"gold_per_floor":[118,118,118,43,118,153,153,173,222,239,257,20,42,65,65,65,65],"floor_reached":16,"language":"ENG","playtime":183,"items_purged":["Strike_R"],"score":254,"play_id":"06d7420f-3a2c-42c2-971f-5d10c4dc54ae","local_time":"20210116234502","is_ascension_mode":true,"campfire_choices":[{"data":"Uppercut","floor":7,"key":"SMITH"},{"data":"Corruption","floor":15,"key":"SMITH"}],"circlet_count":0,"master_deck":["AscendersBane","Strike_R","Strike_R","Strike_R","Strike_R","Defend_R","Defend_R","Defend_R","Defend_R","Bash","Anger","Uppercut+1","Perfected Strike","Corruption+1","Shockwave","True Grit","Body Slam"],"relics":["Burning Blood","NeowsBlessing","WingedGreaves","CeramicFish"],"acts_visited":["Exordium"],"potions_floor_usage":[16,16],"damage_taken":[{"damage":0,"enemies":"Jaw Worm","floor":1,"turns":1},{"damage":0,"enemies":"Gremlin Nob","floor":6,"turns":1},{"damage":0,"enemies":"Small Slimes","floor":8,"turns":1},{"damage":2,"enemies":"2 Louse","floor":10,"turns":3},{"damage":51,"enemies":"Gremlin Gang","floor":11,"turns":5},{"damage":15,"enemies":"Blue Slaver","floor":13,"turns":4},{"damage":8,"enemies":"Looter","floor":14,"turns":3},{"damage":58,"enemies":"The Guardian","floor":16,"turns":9}],"seed_played":"6444484201194939148","potions_obtained":[{"floor":11,"key":"SpeedPotion"},{"floor":13,"key":"Regen Potion"},{"floor":14,"key":"BloodPotion"}],"is_trial":false,"path_per_floor":["M","?","?","$","?","E","R","M","T","M","M","$","M","M","R","B"],"character_chosen":"IRONCLAD","items_purchased":["Corruption","Shockwave"],"campfire_rested":0,"item_purchase_floors":[12,12],"current_hp_per_floor":[74,74,79,79,68,74,74,80,80,80,35,35,26,24,24,0,0],"gold":65,"neow_bonus":"THREE_ENEMY_KILL","is_daily":false,"chose_seed":false,"campfire_upgraded":2,"win_rate":0.0,"timestamp":1610837102,"path_taken":["M","?","?","$","?","E","R","M","T","M","M","$","M","M","R","BOSS"],"items_purchased_type":["Card","Card"],"build_version":"2020-12-22","purchased_purges":1,"victory":false,"max_hp_per_floor":[75,75,80,80,80,80,80,80,80,80,80,80,80,80,80,80,80],"card_choices":[{"not_picked":["Thunderclap","Havoc"],"picked":"Anger","floor":1},{"not_picked":["Evolve","Armaments"],"picked":"Uppercut","floor":6},{"not_picked":["Rage","Thunderclap"],"picked":"Perfected Strike","floor":8},{"not_picked":["Clash","Intimidate","Sever Soul"],"picked":"SKIP","floor":10},{"not_picked":["Sword Boomerang","Thunderclap","Clothesline"],"picked":"SKIP","floor":11},{"not_picked":["Hemokinesis","Flex"],"picked":"True Grit","floor":13},{"not_picked":["Dual Wield","Clothesline"],"picked":"Body Slam","floor":14}],"player_experience":2267694,"relics_obtained":[{"floor":6,"key":"WingedGreaves"},{"floor":9,"key":"CeramicFish"}],"event_choices":[{"damage_healed":0,"gold_gain":0,"player_choice":"Ignored","damage_taken":0,"max_hp_gain":0,"max_hp_loss":0,"event_name":"Liars Game","floor":2,"gold_loss":0},{"damage_healed":0,"gold_gain":0,"player_choice":"Donut","damage_taken":0,"max_hp_gain":5,"max_hp_loss":0,"event_name":"Big Fish","floor":3,"gold_loss":0},{"damage_healed":0,"gold_gain":75,"player_choice":"Gather Gold","damage_taken":11,"max_hp_gain":0,"max_hp_loss":0,"event_name":"World of Goop","floor":5,"gold_loss":0}],"is_beta":false,"boss_relics":[],"items_purged_floors":[4],"is_endless":false,"potions_floor_spawned":[11,13,14],"killed_by":"The Guardian","ascension_level":20}}