{"host":"mydft8i2zzydgggw","time":1610828785,"event":{"mods":["AchievementEnabler","BaseMod","BetterRewards","Colored Map","Colored Powertips","DeckTracker","Keyboard Shortcuts","Minty Spire (QoL Compilation)","Rare Cards Sparkle","StSLib","SuperFastMode","everything is the same but u backflip on backflip"],"gold_per_floor":[113,113,130,146,146,146,159,61,136,156,171,201,201,201,201,301,301,274,286,8,8,548,548,548,548],"floor_reached":24,"language":"KOR","playtime":514,"items_purged":["Strike_B","Strike_B"],"score":274,"play_id":"4c55c0c2-bb05-48e9-bb86-9dc2b9160f51","local_time":"20210117052625","is_ascension_mode":true,"campfire_choices":[{"data":"Consume","floor":6,"key":"SMITH"},{"data":"Coolheaded","floor":13,"key":"SMITH"},{"floor":15,"key":"REST"},{"floor":23,"key":"REST"}],"circlet_count":0,"master_deck":["Strike_B","Strike_B","Defend_B+1","Defend_B","Defend_B","Defend_B+1","Zap+1","Dualcast","Leap","Consume+1","Capacitor","Sweeping Beam","Coolheaded+1","Buffer"],"relics":["Cracked Core","TungstenRod","HornCleat","MealTicket","Nuclear Battery","Membership Card","Lantern"],"acts_visited":["Exordium","TheCity"],"potions_floor_usage":[10,11,12],"damage_taken":[{"damage":3,"enemies":"Small Slimes","floor":1,"turns":4},{"damage":0,"enemies":"Cultist","floor":3,"turns":4},{"damage":0,"enemies":"2 Louse","floor":4,"turns":2},{"damage":7,"enemies":"Blue Slaver","floor":7,"turns":3},{"damage":14,"enemies":"3 Louse","floor":10,"turns":3},{"damage":0,"enemies":"Gremlin Gang","floor":11,"turns":5},{"damage":17,"enemies":"Gremlin Nob","floor":12,"turns":5},{"damage":14,"enemies":"Hexaghost","floor":16,"turns":9},{"damage":4,"enemies":"2 Thieves","floor":18,"turns":5},{"damage":0,"enemies":"Shell Parasite","floor":19,"turns":8},{"damage":45,"enemies":"Cultist and Chosen","floor":24,"turns":6}],"seed_played":"1082053313682843786","potions_obtained":[{"floor":1,"key":"DistilledChaos"},{"floor":3,"key":"Regen Potion"},{"floor":4,"key":"LiquidBronze"},{"floor":7,"key":"Regen Potion"},{"floor":19,"key":"PotionOfCapacity"}],"is_trial":false,"path_per_floor":["M","?","M","M","?","R","M","$","T","M","M","E","R","?","R","B",null,"M","M","$","?","?","R","M"],"character_chosen":"DEFECT","items_purchased":["Coolheaded","Membership Card","Lantern"],"campfire_rested":2,"item_purchase_floors":[8,20,20],"current_hp_per_floor":[65,65,65,65,65,65,58,58,58,53,53,50,50,37,57,43,62,58,58,68,68,18,38,0,0],"gold":548,"neow_bonus":"ONE_RARE_RELIC","is_daily":false,"chose_seed":false,"campfire_upgraded":2,"win_rate":0.0,"timestamp":1610828785,"path_taken":["M","?","?","M","?","R","M","?","T","M","?","E","R","?","R","BOSS","M","M","$","?","?","R","M"],"items_purchased_type":["Card","Relic","Relic"],"build_version":"2020-12-22","purchased_purges":2,"victory":false,"max_hp_per_floor":[68,68,68,68,68,68,68,68,68,68,68,68,68,68,68,68,68,68,68,68,68,68,68,68,68],"card_choices":[{"not_picked":["Conserve Battery","Beam Cell"],"picked":"Leap","floor":1},{"not_picked":["Ball Lightning","Cold Snap"],"picked":"Consume","floor":3},{"not_picked":["Darkness","Genetic Algorithm"],"picked":"Capacitor","floor":4},{"not_picked":["Hologram","Doom and Gloom"],"picked":"Sweeping Beam","floor":7},{"not_picked":["Meteor Strike","Streamline","Conserve Battery"],"picked":"SKIP","floor":10},{"not_picked":["Rip and Tear","Streamline","Sunder"],"picked":"SKIP","floor":11},{"not_picked":["Rip and Tear","Streamline","Sunder"],"picked":"SKIP","floor":11},{"not_picked":["Hologram","Capacitor","Rebound"],"picked":"SKIP","floor":12},{"not_picked":["Meteor Strike","Seek"],"picked":"Buffer","floor":16},{"not_picked":["Beam Cell","Storm","Gash+1"],"picked":"SKIP","floor":18},{"not_picked":["Compile Driver","Scrape","Leap+1"],"picked":"SKIP","floor":19}],"player_experience":165289,"relics_obtained":[{"floor":9,"key":"HornCleat"},{"floor":12,"key":"MealTicket"}],"event_choices":[{"damage_healed":0,"gold_gain":0,"player_choice":"0 cards matched","damage_taken":0,"max_hp_gain":0,"max_hp_loss":0,"event_name":"Match and Keep!","floor":2,"gold_loss":0,"cards_obtained":[]},{"damage_healed":0,"gold_gain":0,"player_choice":"Upgraded","damage_taken":0,"max_hp_gain":0,"max_hp_loss":0,"event_name":"Upgrade Shrine","floor":5,"gold_loss":0,"cards_upgraded":["Zap"]},{"damage_healed":0,"gold_gain":0,"player_choice":"Entered Light","damage_taken":14,"max_hp_gain":0,"max_hp_loss":0,"event_name":"Shining Light","floor":14,"gold_loss":0,"cards_upgraded":["Defend_B","Defend_B"]},{"damage_healed":0,"gold_gain":0,"player_choice":"Ignored","damage_taken":0,"max_hp_gain":0,"max_hp_loss":0,"event_name":"Ghosts","floor":21,"gold_loss":0},{"damage_healed":0,"gold_gain":540,"player_choice":"GOLD GOLD GOLD GOLD GOLD GOLD ","damage_taken":57,"max_hp_gain":0,"max_hp_loss":0,"event_name":"Knowing Skull","floor":22,"potions_obtained":[],"gold_loss":0,"cards_obtained":[]}],"is_beta":false,"boss_relics":[{"not_picked":["Calling Bell","SacredBark"],"picked":"Nuclear Battery"}],"items_purged_floors":[8,20],"is_endless":false,"potions_floor_spawned":[1,3,4,7,19],"killed_by":"Cultist and Chosen","ascension_level":8}}