{"host":"y76clbnovzmw9ubx","time":1610771293,"event":{"mods":["AchievementEnabler","BaseMod","Minty Spire (QoL Compilation)","Permanent Neow","Relic Stats"],"gold_per_floor":[17,29,49,49,69,103,103,132,132,132,142,215,215,245,245,317,317,336,34,34,34,52,52,52,52,52,83,99,128,146,178,178,252,252,270,280,298,311,328,363,363,394,394,68,68,94,94,94,94,94,94,94,94,50,50,50],"floor_reached":55,"language":"ENG","playtime":4284,"items_purged":[],"score":2156,"play_id":"847360a3-b3a7-4111-a546-93d6ac874f7a","local_time":"20210115232813","is_ascension_mode":true,"campfire_choices":[{"data":"Poisoned Stab","floor":7,"key":"SMITH"},{"floor":13,"key":"REST"},{"data":"Neutralize","floor":15,"key":"SMITH"},{"data":"Footwork","floor":23,"key":"SMITH"},{"data":"Envenom","floor":25,"key":"SMITH"},{"data":"Well Laid Plans","floor":32,"key":"SMITH"},{"floor":41,"key":"RECALL"},{"data":"Malaise","floor":47,"key":"SMITH"},{"data":"Blade Dance","floor":49,"key":"SMITH"},{"data":"Leg Sweep","floor":53,"key":"SMITH"}],"circlet_count":0,"master_deck":["AscendersBane","Defend_G","Defend_G","Defend_G","Defend_G","Defend_G","Survivor","Neutralize+1","Venomology","Poisoned Stab+1","Infinite Blades","After Image","Backflip","Dagger Spray","Backstab","Endless Agony","Envenom+1","Skewer","Bandage Up","Malaise+1","Blade Dance+1","Acrobatics","Slice","Slice","Deflect","Decay","Bite","Bite","Bite","Bite","Bite","Footwork+1","Leg Sweep+1","Well Laid Plans+1","After Image+1","Footwork+1","Blur","Blur+1","Blade Dance","Sadistic Nature+1","Footwork+1"],"relics":["Ring of the Snake","Gremlin Horn","Pantograph","Ornamental Fan","Kunai","Coffee Dripper","Orrery","Singing Bowl","TungstenRod","Regal Pillow","Frozen Egg 2","Philosopher\u0027s Stone","Gambling Chip","Lantern","Paper Crane","Ancient Tea Set"],"acts_visited":["Exordium","TheCity","TheBeyond","TheEnding"],"potions_floor_usage":[5,6,6,8,11,16,18,27,27,27,31,37,38,38,40,51,55,55,55],"damage_taken":[{"damage":3,"enemies":"2 Louse","floor":1,"turns":4},{"damage":2,"enemies":"Jaw Worm","floor":2,"turns":5},{"damage":10,"enemies":"Small Slimes","floor":3,"turns":4},{"damage":5,"enemies":"Looter","floor":5,"turns":5},{"damage":7,"enemies":"3 Sentries","floor":6,"turns":10},{"damage":28,"enemies":"Gremlin Nob","floor":8,"turns":4},{"damage":0,"enemies":"3 Louse","floor":11,"turns":1},{"damage":9,"enemies":"3 Sentries","floor":14,"turns":10},{"damage":3,"enemies":"The Guardian","floor":16,"turns":14},{"damage":23,"enemies":"2 Thieves","floor":18,"turns":4},{"damage":0,"enemies":"Spheric Guardian","floor":22,"turns":4},{"damage":59,"enemies":"Slavers","floor":27,"turns":9},{"damage":19,"enemies":"Chosen and Byrds","floor":28,"turns":9},{"damage":10,"enemies":"Book of Stabbing","floor":29,"turns":8},{"damage":0,"enemies":"Cultist and Chosen","floor":30,"turns":7},{"damage":0,"enemies":"Gremlin Leader","floor":31,"turns":10},{"damage":0,"enemies":"Champ","floor":33,"turns":22},{"damage":50,"enemies":"3 Darklings","floor":35,"turns":7},{"damage":0,"enemies":"Orb Walker","floor":36,"turns":5},{"damage":10,"enemies":"Transient","floor":37,"turns":6},{"damage":0,"enemies":"Jaw Worm Horde","floor":38,"turns":7},{"damage":9,"enemies":"4 Shapes","floor":39,"turns":10},{"damage":53,"enemies":"Reptomancer","floor":40,"turns":12},{"damage":0,"enemies":"Nemesis","floor":42,"turns":10},{"damage":40,"enemies":"Awakened One","floor":50,"turns":14},{"damage":54,"enemies":"Time Eater","floor":51,"turns":10},{"damage":65,"enemies":"Shield and Spear","floor":55,"turns":5}],"seed_played":"-438347411849402084","potions_obtained":[{"floor":6,"key":"Poison Potion"},{"floor":14,"key":"Dexterity Potion"},{"floor":16,"key":"Weak Potion"},{"floor":18,"key":"Energy Potion"},{"floor":28,"key":"Energy Potion"},{"floor":31,"key":"PowerPotion"}],"is_trial":false,"path_per_floor":["M","M","M","?","M","E","R","E","T","?","M","?","R","E","R","B",null,"M","$","?","?","M","R","$","R","T","E","M","E","M","E","R","B",null,"M","M","M","M","M","E","R","E","T","$","?","T","R","?","R","B","B",null,"R","$","E"],"character_chosen":"THE_SILENT","items_purchased":["Bandage Up","Orrery","Deflect","Blade Dance","Paper Crane","Footwork+1"],"campfire_rested":1,"item_purchase_floors":[19,19,19,44,44,54],"current_hp_per_floor":[56,54,44,49,44,37,37,9,9,9,9,9,30,21,21,43,64,41,41,41,41,49,49,49,49,49,49,42,48,53,55,55,55,55,21,31,37,61,61,38,38,60,60,60,60,60,60,55,55,52,26,55,55,55,0,0],"gold":50,"neow_bonus":"THREE_RARE_CARDS","is_daily":false,"chose_seed":false,"campfire_upgraded":8,"win_rate":0.0,"timestamp":1610771293,"path_taken":["M","M","M","?","M","E","R","E","T","?","M","?","R","E","R","BOSS","M","$","?","?","M","R","$","R","T","E","M","E","M","E","R","BOSS","M","M","M","M","M","E","R","E","T","$","?","?","R","?","R","BOSS","BOSS","R","$","E"],"items_purchased_type":["Card","Relic","Card","Card","Relic","Card"],"build_version":"2020-12-22","purchased_purges":0,"victory":false,"max_hp_per_floor":[66,66,66,71,71,71,71,71,71,71,71,71,71,71,71,71,71,71,71,71,49,49,49,49,49,49,49,51,53,53,55,55,55,55,57,57,59,61,61,61,61,63,63,63,60,60,60,64,64,64,64,64,64,64,64,64],"relic_stats":{"Regal Pillow":0,"Gremlin Horn":[39,39],"Singing Bowl":18,"counters":[27,216],"Ornamental Fan":[600],"Pantograph":46,"Gambling Chip":[6],"Kunai":[146],"obtain_stats":[{"Regal Pillow":29,"Lantern":42,"Gremlin Horn":6,"Singing Bowl":26,"Frozen Egg 2":31,"Paper Crane":44,"Ancient Tea Set":46,"Ornamental Fan":9,"Pantograph":8,"Gambling Chip":40,"Orrery":19,"Philosopher\u0027s Stone":34,"Coffee Dripper":17,"Kunai":14,"TungstenRod":27,"Ring of the Snake":0},{"Regal Pillow":14,"Lantern":24,"Gremlin Horn":5,"Singing Bowl":11,"Frozen Egg 2":16,"Paper Crane":24,"Ancient Tea Set":24,"Ornamental Fan":6,"Pantograph":6,"Gambling Chip":23,"Orrery":10,"Philosopher\u0027s Stone":17,"Coffee Dripper":9,"Kunai":8,"TungstenRod":12,"Ring of the Snake":0},{"Regal Pillow":91,"Lantern":187,"Gremlin Horn":28,"Singing Bowl":65,"Frozen Egg 2":108,"Paper Crane":187,"Ancient Tea Set":187,"Ornamental Fan":32,"Pantograph":32,"Gambling Chip":177,"Orrery":61,"Philosopher\u0027s Stone":130,"Coffee Dripper":57,"Kunai":43,"TungstenRod":74,"Ring of the Snake":0}],"TungstenRod":38,"Ring of the Snake":[54]},"card_choices":[{"not_picked":["Bullet Time","Burst"],"picked":"Venomology","floor":0},{"not_picked":["Dodge and Roll","Deadly Poison"],"picked":"Poisoned Stab","floor":1},{"not_picked":["Endless Agony","Slice","Flying Knee"],"picked":"SKIP","floor":2},{"not_picked":["Blade Dance","Blur"],"picked":"Infinite Blades","floor":3},{"not_picked":["PiercingWail","All Out Attack"],"picked":"After Image","floor":5},{"not_picked":["Acrobatics","Underhanded Strike"],"picked":"Backflip","floor":6},{"not_picked":["Slice","Riddle With Holes"],"picked":"Dagger Spray","floor":8},{"not_picked":["Blade Dance","Flying Knee"],"picked":"Backstab","floor":11},{"not_picked":["Tactician","Prepared"],"picked":"Endless Agony","floor":14},{"not_picked":["Grand Finale","Venomology"],"picked":"Envenom","floor":16},{"not_picked":["Poisoned Stab","Tactician"],"picked":"Skewer","floor":18},{"not_picked":["Dash","Heel Hook"],"picked":"Malaise","floor":19},{"not_picked":["Deflect","Quick Slash"],"picked":"Blade Dance","floor":19},{"not_picked":["Heel Hook","Dagger Throw+1"],"picked":"Acrobatics","floor":19},{"not_picked":["Quick Slash","Prepared"],"picked":"Slice","floor":19},{"not_picked":["Distraction+1","Concentrate"],"picked":"Slice","floor":19},{"not_picked":["Deadly Poison+1","Heel Hook"],"picked":"Footwork","floor":22},{"not_picked":["Backflip","Outmaneuver"],"picked":"Leg Sweep","floor":27},{"not_picked":["Bane","Crippling Poison","Prepared"],"picked":"Singing Bowl","floor":28},{"not_picked":["Underhanded Strike","Flechettes","Deflect"],"picked":"Singing Bowl","floor":29},{"not_picked":["Dagger Spray","PiercingWail"],"picked":"Well Laid Plans","floor":30},{"not_picked":["Deadly Poison+1","Terror","A Thousand Cuts+1"],"picked":"Singing Bowl","floor":31},{"not_picked":["Venomology","Doppelganger"],"picked":"After Image+1","floor":33},{"not_picked":["Flying Knee","Acrobatics","Quick Slash+1"],"picked":"Singing Bowl","floor":35},{"not_picked":["Underhanded Strike","Deflect"],"picked":"Footwork+1","floor":36},{"not_picked":["Quick Slash+1","Dagger Spray","Sucker Punch"],"picked":"Singing Bowl","floor":37},{"not_picked":["Dagger Spray","Choke+1","Die Die Die"],"picked":"Singing Bowl","floor":38},{"not_picked":["Dash+1","Underhanded Strike"],"picked":"Blur","floor":39},{"not_picked":["Flying Knee+1","Bullet Time"],"picked":"Blur+1","floor":40},{"not_picked":["Flying Knee","Poisoned Stab","Bouncing Flask"],"picked":"Singing Bowl","floor":42},{"not_picked":["Trip","Mind Blast","Good Instincts"],"picked":"Singing Bowl","floor":48},{"not_picked":["Enlightenment","Finesse"],"picked":"Sadistic Nature+1","floor":48},{"not_picked":["Dramatic Entrance","Purity","Mind Blast"],"picked":"Singing Bowl","floor":48}],"player_experience":3063739,"relics_obtained":[{"floor":6,"key":"Gremlin Horn"},{"floor":8,"key":"Pantograph"},{"floor":9,"key":"Ornamental Fan"},{"floor":14,"key":"Kunai"},{"floor":26,"key":"Singing Bowl"},{"floor":27,"key":"TungstenRod"},{"floor":29,"key":"Regal Pillow"},{"floor":31,"key":"Frozen Egg 2"},{"floor":40,"key":"Gambling Chip"},{"floor":42,"key":"Lantern"},{"floor":46,"key":"Ancient Tea Set"}],"event_choices":[{"damage_healed":0,"gold_gain":0,"player_choice":"Donut","damage_taken":0,"max_hp_gain":5,"max_hp_loss":0,"event_name":"Big Fish","floor":4,"gold_loss":0},{"damage_healed":0,"gold_gain":0,"player_choice":"Ignored","damage_taken":0,"max_hp_gain":0,"max_hp_loss":0,"event_name":"Liars Game","floor":10,"gold_loss":0},{"damage_healed":0,"gold_gain":73,"player_choice":"Gained Gold","damage_taken":0,"max_hp_gain":0,"max_hp_loss":0,"event_name":"Golden Wing","floor":12,"gold_loss":0},{"damage_healed":0,"gold_gain":0,"player_choice":"Smashed Altar","damage_taken":0,"max_hp_gain":0,"max_hp_loss":0,"event_name":"Forgotten Altar","floor":20,"gold_loss":0,"cards_obtained":["Decay"]},{"damage_healed":0,"gold_gain":0,"player_choice":"Became a vampire","damage_taken":0,"max_hp_gain":0,"max_hp_loss":22,"event_name":"Vampires","floor":21,"gold_loss":0,"cards_obtained":["Bite","Bite","Bite","Bite","Bite"]},{"damage_healed":0,"gold_gain":0,"player_choice":"Max HP","damage_taken":0,"max_hp_gain":0,"max_hp_loss":3,"event_name":"Winding Halls","floor":45,"gold_loss":0},{"damage_healed":0,"gold_gain":0,"player_choice":"Memory 3","damage_taken":10,"max_hp_gain":0,"max_hp_loss":0,"event_name":"SensoryStone","floor":48,"gold_loss":0}],"is_beta":false,"boss_relics":[{"not_picked":["Runic Pyramid","Empty Cage"],"picked":"Coffee Dripper"},{"not_picked":["Pandora\u0027s Box","Calling Bell"],"picked":"Philosopher\u0027s Stone"}],"items_purged_floors":[],"is_endless":false,"potions_floor_spawned":[5,6,14,16,18,28,30,31,36,37,39,40,42],"killed_by":"Shield and Spear","ascension_level":20}}