{"host":"3a1ypf1irl30q4k8","time":1610804293,"event":{"mods":["AchievementEnabler","BaseMod","Bestiary","Colored Map","Minty Spire (QoL Compilation)","Relic Stats"],"gold_per_floor":[119,129,145,159,174,208,383,383,407,407,115,115,125,152,152,254,254,272,182,192,212,212,212,245,245,318,332,344,294,294,313,313,409,409,420,440,452,465,480,511,511,540,540,540,557,605,618,56,56,56,56],"floor_reached":50,"language":"ENG","playtime":2279,"items_purged":["Strike_R","Strike_R"],"score":672,"play_id":"1c239246-830e-43ef-9c53-b1979fcd8759","local_time":"20210116133813","is_ascension_mode":true,"campfire_choices":[{"data":"Searing Blow","floor":8,"key":"SMITH"},{"data":"Searing Blow+1","floor":10,"key":"SMITH"},{"data":"Searing Blow+2","floor":12,"key":"SMITH"},{"data":"Searing Blow+3","floor":15,"key":"SMITH"},{"data":"Searing Blow+4","floor":23,"key":"SMITH"},{"data":"Searing Blow+5","floor":25,"key":"SMITH"},{"floor":30,"key":"REST"},{"data":"Searing Blow+6","floor":32,"key":"SMITH"},{"floor":41,"key":"REST"},{"floor":44,"key":"REST"},{"floor":49,"key":"RECALL"}],"circlet_count":0,"master_deck":["Strike_R","Strike_R","Defend_R","Defend_R","Defend_R","Defend_R","Bash","Immolate","True Grit","Metallicize","Battle Trance","Clothesline","Reaper+1","Searing Blow+7","Ghostly Armor","Offering","Headbutt+1","Headbutt","Iron Wave+1","Whirlwind","Impervious","True Grit+1","Disarm+1","Dark Embrace"],"relics":["Burning Blood","Omamori","Pen Nib","PreservedInsect","Boot","Philosopher\u0027s Stone","Orichalcum","Tiny Chest","Shuriken","Calling Bell","Bronze Scales","Mercury Hourglass","Pocketwatch","Ornamental Fan","Mummified Hand","Ancient Tea Set","Medical Kit","CaptainsWheel"],"acts_visited":["Exordium","TheCity","TheBeyond"],"potions_floor_usage":[6,14,16,24,24,33,33,40,40,42,42],"damage_taken":[{"damage":2.0,"enemies":"Jaw Worm","floor":1.0,"turns":3.0},{"damage":6,"enemies":"2 Louse","floor":2,"turns":3},{"damage":0,"enemies":"Cultist","floor":3,"turns":3},{"damage":9,"enemies":"2 Fungi Beasts","floor":4,"turns":2},{"damage":15,"enemies":"Gremlin Gang","floor":5,"turns":3},{"damage":5,"enemies":"Gremlin Nob","floor":6,"turns":3},{"damage":7,"enemies":"Looter","floor":13,"turns":3},{"damage":10,"enemies":"3 Sentries","floor":14,"turns":3},{"damage":19,"enemies":"The Guardian","floor":16,"turns":8},{"damage":22,"enemies":"2 Thieves","floor":18,"turns":2},{"damage":6,"enemies":"Chosen","floor":20,"turns":3},{"damage":6,"enemies":"Snake Plant","floor":21,"turns":2},{"damage":1,"enemies":"Slavers","floor":24,"turns":2},{"damage":0,"enemies":"Cultist and Chosen","floor":27,"turns":3},{"damage":57,"enemies":"Shelled Parasite and Fungi","floor":28,"turns":5},{"damage":7,"enemies":"Centurion and Healer","floor":31,"turns":3},{"damage":37,"enemies":"Collector","floor":33,"turns":6},{"damage":0,"enemies":"Orb Walker","floor":35,"turns":1},{"damage":0,"enemies":"3 Shapes","floor":36,"turns":3},{"damage":30,"enemies":"Transient","floor":37,"turns":5},{"damage":11,"enemies":"3 Darklings","floor":38,"turns":3},{"damage":24,"enemies":"Spire Growth","floor":39,"turns":4},{"damage":50,"enemies":"Reptomancer","floor":40,"turns":6},{"damage":4,"enemies":"Nemesis","floor":42,"turns":5},{"damage":30,"enemies":"Writhing Mass","floor":45,"turns":4},{"damage":14,"enemies":"3 Darklings","floor":47,"turns":5},{"damage":61,"enemies":"Donu and Deca","floor":50,"turns":7}],"seed_played":"-7303116969806933758","potions_obtained":[{"floor":2,"key":"LiquidMemories"},{"floor":3,"key":"FearPotion"},{"floor":5,"key":"FearPotion"},{"floor":6,"key":"ColorlessPotion"},{"floor":13,"key":"Fire Potion"},{"floor":16,"key":"PowerPotion"},{"floor":18,"key":"Fire Potion"},{"floor":27,"key":"Regen Potion"},{"floor":28,"key":"SpeedPotion"},{"floor":31,"key":"Fruit Juice"},{"floor":35,"key":"HeartOfIron"},{"floor":39,"key":"ElixirPotion"},{"floor":40,"key":"Block Potion"},{"floor":45,"key":"LiquidBronze"}],"is_trial":false,"path_per_floor":["M","M","M","M","M","E","?","R","T","R","$","R","M","E","R","B",null,"M","?","M","M","?","R","E","R","T","M","M","?","R","M","R","B",null,"M","M","M","M","M","E","R","E","T","R","M","T","M","$","R","B"],"character_chosen":"IRONCLAD","items_purchased":["Ghostly Armor","PreservedInsect","Medical Kit","CaptainsWheel"],"campfire_rested":3,"item_purchase_floors":[11,11,48,48],"current_hp_per_floor":[60,60,66,63,54,55,55,55,55,55,55,55,58,54,54,41,80,70,70,70,70,70,70,75,75,75,80,29,29,53,57,57,46,85,85,85,64,64,51,12,37,39,39,64,40,40,42,42,42,0,0],"gold":56,"neow_bonus":"THREE_RARE_CARDS","is_daily":false,"chose_seed":false,"campfire_upgraded":7,"win_rate":0.0,"timestamp":1610804293,"path_taken":["M","M","M","M","M","E","?","R","T","R","$","R","M","E","R","BOSS","M","?","?","M","?","R","E","R","T","?","M","?","R","M","R","BOSS","M","?","M","M","M","E","R","E","T","R","M","?","M","?","R","BOSS"],"items_purchased_type":["Card","Relic","Relic","Relic"],"build_version":"2020-12-22","purchased_purges":2,"victory":false,"max_hp_per_floor":[80,80,80,80,80,80,80,80,80,80,80,80,80,80,80,80,80,80,80,80,80,80,80,80,80,80,80,80,80,80,80,80,85,85,85,85,85,85,85,85,85,85,85,85,85,85,85,85,85,85,85],"relic_stats":{"counters":[27,98],"Pen Nib":[13],"PreservedInsect":178,"Orichalcum":[66],"Boot":[31],"Medical Kit":[3],"Burning Blood":143,"Mercury Hourglass":[154],"Shuriken":[5],"Ornamental Fan":[8],"Mummified Hand":[2],"Bronze Scales":[119],"Tiny Chest":1,"obtain_stats":[{"Pen Nib":9,"PreservedInsect":11,"Omamori":6,"Orichalcum":22,"Boot":14,"Ancient Tea Set":46,"Medical Kit":48,"Burning Blood":0,"Mercury Hourglass":34,"Calling Bell":34,"CaptainsWheel":48,"Shuriken":26,"Ornamental Fan":40,"Mummified Hand":42,"Bronze Scales":34,"Philosopher\u0027s Stone":17,"Tiny Chest":24,"Pocketwatch":34},{"Pen Nib":6,"PreservedInsect":6,"Omamori":6,"Orichalcum":12,"Boot":8,"Ancient Tea Set":25,"Medical Kit":26,"Burning Blood":0,"Mercury Hourglass":17,"Calling Bell":17,"CaptainsWheel":26,"Shuriken":13,"Ornamental Fan":23,"Mummified Hand":24,"Bronze Scales":17,"Philosopher\u0027s Stone":9,"Tiny Chest":13,"Pocketwatch":17},{"Pen Nib":17,"PreservedInsect":17,"Omamori":17,"Orichalcum":38,"Boot":23,"Ancient Tea Set":86,"Medical Kit":91,"Burning Blood":0,"Mercury Hourglass":57,"Calling Bell":57,"CaptainsWheel":91,"Shuriken":40,"Ornamental Fan":77,"Mummified Hand":82,"Bronze Scales":57,"Philosopher\u0027s Stone":31,"Tiny Chest":40,"Pocketwatch":57}],"Pocketwatch":[57]},"card_choices":[{"not_picked":["Impervious","Bludgeon"],"picked":"Immolate","floor":0.0},{"not_picked":["Clash","Rage"],"picked":"True Grit","floor":1},{"not_picked":["Armaments","Body Slam"],"picked":"Metallicize","floor":2},{"not_picked":["Flex","Twin Strike"],"picked":"Battle Trance","floor":3},{"not_picked":["Headbutt","Iron Wave"],"picked":"Clothesline","floor":4},{"not_picked":["Intimidate","Havoc"],"picked":"Reaper","floor":5},{"not_picked":["Body Slam","Twin Strike"],"picked":"Searing Blow","floor":6},{"not_picked":["Heavy Blade","Entrench","Warcry"],"picked":"SKIP","floor":13},{"not_picked":["Body Slam","Blood for Blood","Metallicize"],"picked":"SKIP","floor":14},{"not_picked":["Barricade","Brutality"],"picked":"Offering","floor":16},{"not_picked":["Wild Strike","Carnage"],"picked":"Headbutt+1","floor":18},{"not_picked":["Flex","Body Slam"],"picked":"Headbutt","floor":20},{"not_picked":["Body Slam+1","Feed"],"picked":"Iron Wave+1","floor":21},{"not_picked":["Intimidate+1","Flex","Anger"],"picked":"SKIP","floor":24},{"not_picked":["Thunderclap+1","Flex"],"picked":"Whirlwind","floor":27},{"not_picked":["Anger","Clothesline","Iron Wave"],"picked":"SKIP","floor":28},{"not_picked":["Flex","Iron Wave","Warcry"],"picked":"SKIP","floor":31},{"not_picked":["Bludgeon","Feed"],"picked":"Impervious","floor":33},{"not_picked":["Anger","Pommel Strike+1"],"picked":"True Grit+1","floor":35},{"not_picked":["Dual Wield","Havoc+1","Clash"],"picked":"SKIP","floor":36},{"not_picked":["Body Slam","Cleave+1"],"picked":"Disarm+1","floor":37},{"not_picked":["Warcry+1","Headbutt","Wild Strike+1"],"picked":"SKIP","floor":38},{"not_picked":["Thunderclap+1","Clothesline","Bloodletting"],"picked":"SKIP","floor":39},{"not_picked":["Headbutt","Second Wind+1","Clash+1"],"picked":"SKIP","floor":40},{"not_picked":["Armaments","Brutality","Metallicize"],"picked":"SKIP","floor":42},{"not_picked":["Heavy Blade+1","Wild Strike+1","Clash"],"picked":"SKIP","floor":45},{"not_picked":["Sword Boomerang+1","Metallicize+1"],"picked":"Dark Embrace","floor":47}],"player_experience":1081417,"relics_obtained":[{"floor":6,"key":"Omamori"},{"floor":9,"key":"Pen Nib"},{"floor":14,"key":"Boot"},{"floor":24,"key":"Tiny Chest"},{"floor":26,"key":"Shuriken"},{"floor":34,"key":"Bronze Scales"},{"floor":34,"key":"Mercury Hourglass"},{"floor":34,"key":"Pocketwatch"},{"floor":40,"key":"Ornamental Fan"},{"floor":42,"key":"Mummified Hand"},{"floor":46,"key":"Ancient Tea Set"}],"event_choices":[{"damage_healed":0,"gold_gain":175,"player_choice":"AGREE","damage_taken":0,"max_hp_gain":0,"max_hp_loss":0,"event_name":"Liars Game","floor":7,"gold_loss":0,"cards_obtained":["Doubt"]},{"cards_removed":["Strike_R"],"damage_healed":0,"gold_gain":0,"player_choice":"Upgrade and Remove","damage_taken":0,"max_hp_gain":0,"max_hp_loss":0,"event_name":"Designer","floor":19,"gold_loss":90,"cards_upgraded":["Reaper"]},{"damage_healed":0,"gold_gain":0,"player_choice":"Gave Potion","damage_taken":0,"relics_obtained":["Orichalcum"],"max_hp_gain":0,"max_hp_loss":0,"event_name":"WeMeetAgain","floor":22,"gold_loss":0},{"damage_healed":0,"gold_gain":0,"player_choice":"Bet on Owner","damage_taken":0,"max_hp_gain":0,"max_hp_loss":0,"event_name":"The Joust","floor":29,"gold_loss":50}],"is_beta":false,"boss_relics":[{"not_picked":["Runic Pyramid","Runic Cube"],"picked":"Philosopher\u0027s Stone"},{"not_picked":["Velvet Choker","Coffee Dripper"],"picked":"Calling Bell"}],"items_purged_floors":[11,48],"is_endless":false,"potions_floor_spawned":[2,3,5,6,13,16,18,27,28,31,35,39,40,45],"killed_by":"Donu and Deca","ascension_level":3}}