{"host":"660cfmsallpwcpow","time":1610760440,"event":{"mods":["Ascension Reborn","Aspiration","BaseMod","BetterRewards","Colored Map","Colored Powertips","Conspire","Hubris","Infinite Spire","Minty Spire (QoL Compilation)","Replay The Spire","StSLib","The Wild Card"],"gold_per_floor":[113,124,48,63,78,78,110,123,123,123,73,148,148,148,148,259,259,292,202,229,242,242,242],"floor_reached":22,"language":"ENG","playtime":1368,"items_purged":[],"score":186,"play_id":"5addfe79-925e-4991-9967-4877224446fe","local_time":"20210115192720","is_ascension_mode":true,"campfire_choices":[{"data":"theWildCard:Attunement","floor":6,"key":"SMITH"},{"floor":10,"key":"REST"},{"floor":13,"key":"REST"},{"floor":15,"key":"REST"}],"circlet_count":0,"master_deck":["theWildCard:BasicStrike","theWildCard:BasicStrike","theWildCard:BasicStrike+1","theWildCard:BasicStrike","theWildCard:BasicDefend","theWildCard:BasicDefend+1","theWildCard:BasicDefend","theWildCard:BasicDefend","theWildCard:Arsene+1","theWildCard:SeveringSlash","theWildCard:Attunement+1","theWildCard:Abstinence","theWildCard:PowerOfTheArcana","theWildCard:SeveringSlash+1","conspire:SpireCoStock","theWildCard:FinalHour","theWildCard:SeveringSlash"],"relics":["theWildCard:VelvetContract","White Beast Statue","infinitespire:ShieldingShard","hubris:EvacipatedBox","Whetstone","aspiration:RunicSpoon"],"acts_visited":["Exordium","TheCity"],"potions_floor_usage":[7,16,16,20,22],"damage_taken":[{"damage":7,"enemies":"infinitespire:Voidling","floor":1,"turns":4},{"damage":1,"enemies":"Jaw Worm","floor":2,"turns":5},{"damage":0,"enemies":"2 Louse","floor":4,"turns":2},{"damage":2,"enemies":"conspire:2 RoseBushes","floor":5,"turns":6},{"damage":20,"enemies":"3 Sentries","floor":7,"turns":10},{"damage":8,"enemies":"Gremlin Gang","floor":8,"turns":5},{"damage":23,"enemies":"The Guardian","floor":16,"turns":10},{"damage":7,"enemies":"3 Byrds","floor":18,"turns":8},{"damage":30,"enemies":"Spheric Guardian","floor":20,"turns":10},{"damage":14,"enemies":"Snake Plant","floor":21,"turns":7},{"damage":16,"enemies":"Cultist and Chosen","floor":22,"turns":8}],"seed_played":"3727640950894669051","potions_obtained":[{"floor":2,"key":"Toxic Potion"},{"floor":5,"key":"Strength Potion"},{"floor":7,"key":"Ancient Potion"},{"floor":8,"key":"Dexterity Potion"},{"floor":16,"key":"Block Potion"},{"floor":18,"key":"Weak Potion"},{"floor":20,"key":"Fire Potion"},{"floor":21,"key":"Adrenaline Potion"}],"is_trial":false,"path_per_floor":["M","M","$","M","M","R","E","M","T","R","?","?","R","$","R","B",null,"M","?","M","M","M"],"character_chosen":"THE_WILD_CARD","items_purchased":["theWildCard:Abstinence","hubris:EvacipatedBox","Whetstone"],"campfire_rested":3,"item_purchase_floors":[3,14,14],"current_hp_per_floor":[60,59,59,59,57,57,37,29,29,47,47,36,54,25,43,20,60,53,53,23,9,0,0],"gold":242,"neow_bonus":"RANDOM_EVENT","is_daily":false,"chose_seed":false,"campfire_upgraded":1,"win_rate":0.0,"timestamp":1610760440,"path_taken":["M","?","$","M","M","R","E","M","T","R","?","?","R","?","R","BOSS","M","?","?","M","M"],"items_purchased_type":["Card","Relic","Relic"],"build_version":"2020-12-22","purchased_purges":0,"victory":false,"max_hp_per_floor":[60,60,60,60,60,60,60,60,60,60,60,60,60,60,60,60,60,60,60,60,60,60,60],"card_choices":[{"not_picked":["theWildCard:StalwartBlade","theWildCard:StingingStrike"],"picked":"theWildCard:SeveringSlash","floor":1},{"not_picked":["theWildCard:MaskChange","theWildCard:TheArcanaUnleashed"],"picked":"theWildCard:Attunement","floor":2},{"not_picked":["theWildCard:PaleRider","theWildCard:ArchaicAssault"],"picked":"theWildCard:PowerOfTheArcana","floor":4},{"not_picked":["theWildCard:StalwartBlade","theWildCard:Safeguard"],"picked":"theWildCard:SeveringSlash","floor":5},{"not_picked":["theWildCard:SeveringSlash","theWildCard:Odin","theWildCard:IdentityTheft"],"picked":"SKIP","floor":7},{"not_picked":["theWildCard:MagicMettle","theWildCard:Safeguard","theWildCard:StalwartBlade"],"picked":"SKIP","floor":8},{"not_picked":["theWildCard:Ruination","theWildCard:Satanael"],"picked":"theWildCard:FinalHour","floor":16},{"not_picked":["theWildCard:PowerOfTheArcana","theWildCard:Safeguard","theWildCard:Patience+1"],"picked":"SKIP","floor":18},{"not_picked":["theWildCard:EnergizedStroke","theWildCard:Metatron","theWildCard:Sakuya+1"],"picked":"SKIP","floor":20},{"not_picked":["theWildCard:MaskChange","theWildCard:UnderLockAndKey"],"picked":"theWildCard:SeveringSlash","floor":21}],"player_experience":161843,"relics_obtained":[{"floor":7,"key":"White Beast Statue"},{"floor":9,"key":"infinitespire:ShieldingShard"}],"event_choices":[{"damage_healed":0,"gold_gain":0,"player_choice":"Invest 1","damage_taken":0,"max_hp_gain":0,"max_hp_loss":0,"event_name":"conspire:Investor","floor":11,"gold_loss":0},{"damage_healed":0,"gold_gain":75,"player_choice":"Gather Gold","damage_taken":11,"max_hp_gain":0,"max_hp_loss":0,"event_name":"World of Goop","floor":12,"gold_loss":0},{"cards_removed":["theWildCard:CallToAdventure"],"damage_healed":0,"gold_gain":0,"player_choice":"Upgrade and Remove","damage_taken":0,"max_hp_gain":0,"max_hp_loss":0,"event_name":"Designer","floor":19,"gold_loss":90,"cards_upgraded":["theWildCard:BasicDefend"]}],"is_beta":false,"boss_relics":[{"not_picked":["aspiration:DefectSkillbook","conspire:SpecialSausage","Busted Crown"],"picked":"aspiration:RunicSpoon"}],"items_purged_floors":[],"is_endless":false,"potions_floor_spawned":[2,5,7,8,16,18,20,21],"killed_by":"Cultist and Chosen","ascension_level":0}}