{"host":"yx95kmaz06na3cze","time":1610775396,"event":{"mods":["BaseMod","Friendly Minions","Marisa????????","Minty Spire (QoL Compilation)","StSLib","SuperFastMode","Td1madao Mod","The Animator","The Jungle","The Servant 0.9.4"],"gold_per_floor":[116,41,41,61,81,81,81,81,126,139,151,101,176,191,191,191,191],"floor_reached":16,"language":"ENG","playtime":370,"items_purged":["Defend_MRS"],"score":92,"play_id":"993d4ce8-be20-4b35-be60-9b2e19f84b63","local_time":"20210115223636","is_ascension_mode":false,"campfire_choices":[{"floor":6,"key":"REST"},{"floor":8,"key":"REST"},{"floor":15,"key":"REST"}],"circlet_count":0,"master_deck":["Strike_MRS","Strike_MRS+1","Defend_MRS","Defend_MRS+1","MasterSpark","UpSweep","Acceleration","GrandCross","PowerUp","PowerUp"],"relics":["MiniHakkero","Juzu Bracelet","Anchor"],"acts_visited":["Exordium"],"potions_floor_usage":[14,16],"damage_taken":[{"damage":8,"enemies":"Small Slimes","floor":1,"turns":3},{"damage":8,"enemies":"Jaw Worm","floor":4,"turns":3},{"damage":1,"enemies":"Cultist","floor":5,"turns":3},{"damage":0,"enemies":"Looter","floor":10,"turns":2},{"damage":0,"enemies":"Blue Slaver","floor":11,"turns":2},{"damage":0,"enemies":"2 Fungi Beasts","floor":14,"turns":2},{"damage":45,"enemies":"The Guardian","floor":16,"turns":4}],"seed_played":"9135473138562176295","potions_obtained":[{"floor":1,"key":"Dexterity Potion"},{"floor":10,"key":"DistilledChaos"},{"floor":11,"key":"LiquidBronze"}],"is_trial":false,"path_per_floor":["M","$","?","M","M","R","?","R","T","M","M","?","?","M","R","B"],"character_chosen":"MARISA","items_purchased":[],"campfire_rested":3,"item_purchase_floors":[],"current_hp_per_floor":[46,46,13,5,4,26,11,33,33,33,33,33,22,22,44,0,0],"gold":191,"neow_bonus":"REMOVE_TWO","is_daily":false,"chose_seed":false,"campfire_upgraded":0,"win_rate":0.0,"timestamp":1610775396,"path_taken":["M","$","?","M","M","R","?","R","T","M","M","?","?","M","R","BOSS"],"items_purchased_type":[],"build_version":"2020-12-22","purchased_purges":1,"victory":false,"max_hp_per_floor":[75,75,75,75,75,75,75,75,75,75,75,75,75,75,75,75,75],"card_choices":[{"not_picked":["OrrerysSun","DragonMeteor"],"picked":"Acceleration","floor":1},{"not_picked":["OrrerysSun","OortCloud"],"picked":"GrandCross","floor":4},{"not_picked":["6A","OrrerysSun","NonDirectionalLaser"],"picked":"SKIP","floor":5},{"not_picked":["ShootTheMoon","OpenUniverse","AsteroidBelt"],"picked":"SKIP","floor":10},{"not_picked":["BlazeAway","DeepEcoloBomb"],"picked":"PowerUp","floor":11},{"not_picked":["StarDustReverie","FairyDestructionRay"],"picked":"PowerUp","floor":14}],"player_experience":156107,"relics_obtained":[{"floor":9,"key":"Anchor"}],"event_choices":[{"damage_healed":0,"gold_gain":0,"player_choice":"Success","damage_taken":33,"relics_obtained":["Juzu Bracelet"],"max_hp_gain":0,"max_hp_loss":0,"event_name":"Scrap Ooze","floor":3,"gold_loss":0},{"damage_healed":0,"gold_gain":0,"player_choice":"Entered Light","damage_taken":15,"max_hp_gain":0,"max_hp_loss":0,"event_name":"Shining Light","floor":7,"gold_loss":0,"cards_upgraded":["Defend_MRS","Strike_MRS"]},{"cards_removed":["Strike_MRS"],"damage_healed":0,"gold_gain":0,"player_choice":"Card Removal","damage_taken":0,"max_hp_gain":0,"max_hp_loss":0,"event_name":"The Cleric","floor":12,"gold_loss":50},{"damage_healed":0,"gold_gain":75,"player_choice":"Gather Gold","damage_taken":11,"max_hp_gain":0,"max_hp_loss":0,"event_name":"World of Goop","floor":13,"gold_loss":0}],"is_beta":false,"boss_relics":[],"items_purged_floors":[2],"is_endless":false,"potions_floor_spawned":[1,10,11],"killed_by":"The Guardian","ascension_level":0}}