{"host":"baymyijz6sxaqj5s","time":1610779734,"event":{"mods":["AchievementEnabler","BaseMod","Colored Map","Colored Powertips","DeckTracker","Highlight Path","KOR Keyword Fix","Keyboard Shortcuts","Minty Spire (QoL Compilation)","Quick Restart","StSLib","SuperFastMode"],"gold_per_floor":[117,117,129,23,23,23,41,56,56,77,77,77,94,106,106,208,208,228,228,254,268,193,193,218,218,218,236,254,266,266,277,277,373,373,384,396,51,63,79,79,91,108,135,145,145,172,186,199,199,199],"floor_reached":51,"language":"KOR","playtime":2010,"items_purged":[],"score":823,"play_id":"dae5e7ff-c7ea-45ad-8855-e321ba217dbe","local_time":"20210116154854","is_ascension_mode":true,"campfire_choices":[{"data":"Shrug It Off","floor":6,"key":"SMITH"},{"data":"Shrug It Off","floor":12,"key":"SMITH"},{"data":"Entrench","floor":15,"key":"SMITH"},{"floor":23,"key":"REST"},{"floor":25,"key":"REST"},{"floor":30,"key":"REST"},{"floor":32,"key":"REST"},{"data":"Body Slam","floor":40,"key":"SMITH"},{"data":"Flame Barrier","floor":45,"key":"SMITH"},{"floor":49,"key":"REST"}],"circlet_count":0,"master_deck":["Strike_R+1","Strike_R","Strike_R","Strike_R","Defend_R","Defend_R","Defend_R","Defend_R","Bash+1","Shrug It Off+1","Inflame","Spot Weakness","Body Slam+1","Shrug It Off+1","Battle Trance","Entrench+1","Demon Form","Shrug It Off+1","Sword Boomerang","Thunderclap+1","Whirlwind+1","Body Slam+1","Body Slam+1","Offering","Heavy Blade+1","Flame Barrier+1","Armaments+1"],"relics":["Burning Blood","HornCleat","Mummified Hand","Odd Mushroom","Runic Cube","Red Mask","Art of War","Bottled Flame","Sozu","Vajra","Anchor","Whetstone","Shuriken"],"acts_visited":["Exordium","TheCity","TheBeyond"],"potions_floor_usage":[10,13,20,24,28,29,31,33],"damage_taken":[{"damage":2,"enemies":"2 Louse","floor":1,"turns":5},{"damage":1,"enemies":"Cultist","floor":3,"turns":4},{"damage":5,"enemies":"Small Slimes","floor":7,"turns":4},{"damage":10,"enemies":"Gremlin Gang","floor":8,"turns":7},{"damage":14,"enemies":"The Mushroom Lair","floor":10,"turns":5},{"damage":0,"enemies":"Large Slime","floor":13,"turns":3},{"damage":1,"enemies":"2 Fungi Beasts","floor":14,"turns":3},{"damage":14,"enemies":"Slime Boss","floor":16,"turns":6},{"damage":3,"enemies":"Chosen","floor":18,"turns":6},{"damage":39,"enemies":"Masked Bandits","floor":20,"turns":8},{"damage":19,"enemies":"Spheric Guardian","floor":21,"turns":5},{"damage":33,"enemies":"Book of Stabbing","floor":24,"turns":8},{"damage":17,"enemies":"Snake Plant","floor":27,"turns":5},{"damage":37,"enemies":"3 Cultists","floor":28,"turns":5},{"damage":8,"enemies":"Snecko","floor":29,"turns":5},{"damage":20,"enemies":"Cultist and Chosen","floor":31,"turns":6},{"damage":45,"enemies":"Automaton","floor":33,"turns":11},{"damage":6,"enemies":"3 Darklings","floor":35,"turns":3},{"damage":0,"enemies":"3 Shapes","floor":36,"turns":3},{"damage":19,"enemies":"Transient","floor":38,"turns":5},{"damage":0,"enemies":"Spire Growth","floor":39,"turns":3},{"damage":0,"enemies":"Jaw Worm Horde","floor":41,"turns":4},{"damage":2,"enemies":"Writhing Mass","floor":42,"turns":6},{"damage":6,"enemies":"Transient","floor":44,"turns":5},{"damage":7,"enemies":"Nemesis","floor":46,"turns":3},{"damage":0,"enemies":"Spire Growth","floor":47,"turns":3},{"damage":36,"enemies":"Sphere and 2 Shapes","floor":48,"turns":4},{"damage":57,"enemies":"Awakened One","floor":50,"turns":10}],"seed_played":"-1278912585382365359","potions_obtained":[{"floor":1,"key":"BlessingOfTheForge"},{"floor":7,"key":"SteroidPotion"},{"floor":8,"key":"AttackPotion"},{"floor":16,"key":"SneckoOil"},{"floor":18,"key":"FearPotion"},{"floor":27,"key":"SkillPotion"},{"floor":29,"key":"BloodPotion"},{"floor":31,"key":"Fruit Juice"}],"is_trial":false,"path_per_floor":["M","?","M","$","T","R","M","M","T","?","?","R","M","M","R","B",null,"M","?","?","M","?","R","E","R","T","M","M","M","R","M","R","B",null,"M","M","$","M","M","R","M","M","T","M","R","E","M","M","R","B",null],"character_chosen":"IRONCLAD","items_purchased":["Inflame","Spot Weakness","Vajra","Flame Barrier","Anchor"],"campfire_rested":5,"item_purchase_floors":[4,4,37,37,37],"current_hp_per_floor":[88,88,88,88,88,88,88,84,84,76,76,76,82,87,87,79,88,88,88,55,42,42,68,41,67,67,56,25,23,49,52,78,44,93,93,93,93,80,86,86,92,93,93,93,93,92,93,63,90,39],"gold":199,"neow_bonus":"TEN_PERCENT_HP_BONUS","is_daily":false,"chose_seed":false,"campfire_upgraded":5,"win_rate":0.0,"timestamp":1610779734,"path_taken":["M","?","M","$","?","R","M","M","T","?","?","R","M","?","R","BOSS","M","?","?","M","?","R","E","R","T","M","?","M","R","M","R","BOSS","M","M","$","M","M","R","M","M","T","M","R","E","M","M","R","BOSS"],"items_purchased_type":["Card","Card","Relic","Card","Relic"],"build_version":"2020-12-22","purchased_purges":0,"victory":true,"max_hp_per_floor":[88,88,88,88,88,88,88,88,88,88,88,88,88,88,88,88,88,88,88,88,88,88,88,88,88,88,88,88,88,88,88,88,93,93,93,93,93,93,93,93,93,93,93,93,93,93,93,93,93,93],"card_choices":[{"not_picked":["Shockwave","Headbutt","Clothesline"],"picked":"SKIP","floor":1},{"not_picked":["Dark Embrace","Seeing Red"],"picked":"Shrug It Off","floor":3},{"not_picked":["Wild Strike","Havoc"],"picked":"Body Slam","floor":7},{"not_picked":["Pommel Strike","Iron Wave"],"picked":"Shrug It Off","floor":8},{"not_picked":["Warcry","Clash"],"picked":"Battle Trance","floor":13},{"not_picked":["Sword Boomerang","Headbutt"],"picked":"Entrench","floor":14},{"not_picked":["Juggernaut","Brutality"],"picked":"Demon Form","floor":16},{"not_picked":["Anger","Bloodletting"],"picked":"Shrug It Off+1","floor":18},{"not_picked":["Clothesline","Inflame"],"picked":"Thunderclap+1","floor":20},{"not_picked":["Iron Wave","Anger"],"picked":"Whirlwind","floor":21},{"not_picked":["Dual Wield+1","Shrug It Off","Battle Trance"],"picked":"SKIP","floor":24},{"not_picked":["Havoc","Clothesline+1"],"picked":"Body Slam","floor":27},{"not_picked":["Iron Wave","Warcry"],"picked":"Body Slam+1","floor":28},{"not_picked":["Wild Strike","Evolve","Carnage"],"picked":"SKIP","floor":29},{"not_picked":["Shockwave+1","Sword Boomerang","Dual Wield"],"picked":"SKIP","floor":31},{"not_picked":["Brutality","Fiend Fire"],"picked":"Offering","floor":33},{"not_picked":["Sword Boomerang","Warcry"],"picked":"Heavy Blade+1","floor":35},{"not_picked":["Flex","Searing Blow+1","Heavy Blade"],"picked":"SKIP","floor":36},{"not_picked":["Armaments","Sword Boomerang","Clothesline"],"picked":"SKIP","floor":38},{"not_picked":["Power Through","Intimidate"],"picked":"Armaments+1","floor":39},{"not_picked":["Armaments","Body Slam+1","Wild Strike"],"picked":"SKIP","floor":41},{"not_picked":["Bloodletting","Entrench","Metallicize"],"picked":"SKIP","floor":42},{"not_picked":["Perfected Strike+1","Clash+1","Iron Wave"],"picked":"SKIP","floor":44},{"not_picked":["Corruption","True Grit+1","Dark Embrace"],"picked":"SKIP","floor":46},{"not_picked":["Fire Breathing","Flex","Perfected Strike+1"],"picked":"SKIP","floor":47},{"not_picked":["Sentinel+1","Heavy Blade","Pommel Strike+1"],"picked":"SKIP","floor":48}],"player_experience":93247,"relics_obtained":[{"floor":5,"key":"HornCleat"},{"floor":9,"key":"Mummified Hand"},{"floor":10,"key":"Odd Mushroom"},{"floor":20,"key":"Red Mask"},{"floor":24,"key":"Art of War"},{"floor":26,"key":"Bottled Flame"},{"floor":43,"key":"Whetstone"},{"floor":46,"key":"Shuriken"}],"event_choices":[{"damage_healed":0,"gold_gain":0,"player_choice":"Upgraded","damage_taken":0,"max_hp_gain":0,"max_hp_loss":0,"event_name":"Upgrade Shrine","floor":2,"gold_loss":0,"cards_upgraded":["Bash"]},{"damage_healed":0,"gold_gain":0,"player_choice":"Fought Mushrooms","damage_taken":0,"max_hp_gain":0,"max_hp_loss":0,"event_name":"Mushrooms","floor":10,"gold_loss":0},{"damage_healed":0,"gold_gain":0,"player_choice":"Forge","damage_taken":0,"max_hp_gain":0,"max_hp_loss":0,"event_name":"Accursed Blacksmith","floor":11,"gold_loss":0,"cards_upgraded":["Body Slam"]},{"damage_healed":0,"gold_gain":0,"player_choice":"Read","damage_taken":0,"max_hp_gain":0,"max_hp_loss":0,"event_name":"The Library","floor":19,"gold_loss":0,"cards_obtained":["Sword Boomerang"]},{"damage_healed":0,"gold_gain":0,"player_choice":"Fought Bandits","damage_taken":0,"max_hp_gain":0,"max_hp_loss":0,"event_name":"Masked Bandits","floor":20,"gold_loss":0},{"cards_removed":["Strike_R"],"damage_healed":0,"gold_gain":0,"player_choice":"Gave Gold","damage_taken":0,"max_hp_gain":0,"max_hp_loss":0,"event_name":"Beggar","floor":22,"gold_loss":75}],"is_beta":false,"boss_relics":[{"not_picked":["Mark of Pain","Empty Cage"],"picked":"Runic Cube"},{"not_picked":["Pandora\u0027s Box","Philosopher\u0027s Stone"],"picked":"Sozu"}],"items_purged_floors":[],"is_endless":false,"potions_floor_spawned":[1,7,8,16,18,27,29,31,35,39,44,47],"ascension_level":3}}