{"host":"fa35vd3kig5td25x","time":1610794955,"event":{"mods":["BaseMod","Colored Powertips","Minty Spire (QoL Compilation)","Relic Stats","Slay the Relics Exporter"],"gold_per_floor":[115,115,61,61,74,108,124,124,124,134,134,167,182,216,216,294,294,310,235,255,274,1,36,51,82,82,82,82],"floor_reached":27,"language":"ENG","playtime":1116,"items_purged":["Strike_B","Strike_B"],"score":556,"play_id":"42e7aec0-adc4-49f6-af2d-5affef1f64de","local_time":"20210116120235","is_ascension_mode":true,"campfire_choices":[{"data":"Beam Cell","floor":8,"key":"SMITH"},{"data":"Sunder","floor":11,"key":"SMITH"},{"data":"Melter","floor":15,"key":"SMITH"}],"circlet_count":0,"master_deck":["AscendersBane","Strike_B","Defend_B","Defend_B","Defend_B","Defend_B","Zap","Dualcast","Rip and Tear","Beam Cell+1","Go for the Eyes","Ball Lightning","Sunder+1","Self Repair","Melter+1","Electrodynamics","Sunder","Undo+1","Coolheaded","Coolheaded"],"relics":["Cracked Core","NeowsBlessing","Mercury Hourglass","Oddly Smooth Stone","Matryoshka","Akabeko","Sozu","Lantern","Singing Bowl","Red Mask","Regal Pillow"],"acts_visited":["Exordium","TheCity"],"potions_floor_usage":[12,24],"damage_taken":[{"damage":0,"enemies":"Jaw Worm","floor":1,"turns":1},{"damage":0,"enemies":"2 Louse","floor":5,"turns":1},{"damage":0,"enemies":"Lagavulin","floor":6,"turns":1},{"damage":0,"enemies":"Cultist","floor":7,"turns":2},{"damage":1,"enemies":"Blue Slaver","floor":10,"turns":2},{"damage":2,"enemies":"3 Sentries","floor":12,"turns":4},{"damage":6,"enemies":"3 Louse","floor":13,"turns":2},{"damage":8,"enemies":"Gremlin Nob","floor":14,"turns":3},{"damage":18,"enemies":"Slime Boss","floor":16,"turns":6},{"damage":0,"enemies":"Chosen","floor":18,"turns":3},{"damage":23,"enemies":"Shell Parasite","floor":20,"turns":4},{"damage":10,"enemies":"Cultist and Chosen","floor":21,"turns":5},{"damage":47,"enemies":"Book of Stabbing","floor":23,"turns":5},{"damage":6,"enemies":"Snecko","floor":24,"turns":3},{"damage":0,"enemies":"Masked Bandits","floor":25,"turns":2},{"damage":10,"enemies":"Gremlin Leader","floor":27,"turns":3}],"seed_played":"2362612872357877554","potions_obtained":[{"floor":5,"key":"DistilledChaos"},{"floor":16,"key":"Block Potion"}],"is_trial":false,"path_per_floor":["M","?","$","?","M","E","M","R","T","M","R","E","M","E","R","B",null,"M","$","M","M","$","E","M","?","T","E"],"character_chosen":"DEFECT","items_purchased":["FocusPotion","Lantern"],"campfire_rested":0,"item_purchase_floors":[3,22],"current_hp_per_floor":[64,64,64,57,57,57,57,57,57,56,56,54,55,54,54,43,64,71,71,55,52,52,14,8,8,8,0,0],"gold":82,"neow_bonus":"THREE_ENEMY_KILL","is_daily":false,"chose_seed":false,"campfire_upgraded":3,"win_rate":0.0,"timestamp":1610794955,"path_taken":["M","?","$","?","M","E","M","R","T","M","R","E","M","E","R","BOSS","M","$","M","M","$","E","M","?","T","E"],"items_purchased_type":["Potion","Relic"],"build_version":"2020-12-22","purchased_purges":2,"victory":false,"max_hp_per_floor":[71,71,71,71,71,71,71,71,71,71,71,71,71,71,71,71,71,71,71,71,71,71,73,73,73,73,73,73],"relic_stats":{"Sozu":1,"Regal Pillow":0,"Singing Bowl":2,"counters":[16,45],"obtain_stats":[{"Sozu":17,"Lantern":22,"Regal Pillow":26,"Matryoshka":12,"NeowsBlessing":0,"Singing Bowl":23,"Oddly Smooth Stone":9,"Red Mask":25,"Cracked Core":0,"Akabeko":14,"Mercury Hourglass":6},{"Sozu":9,"Lantern":12,"Regal Pillow":15,"Matryoshka":6,"NeowsBlessing":0,"Singing Bowl":13,"Oddly Smooth Stone":4,"Red Mask":15,"Cracked Core":0,"Akabeko":8,"Mercury Hourglass":3},{"Sozu":21,"Lantern":33,"Regal Pillow":42,"Matryoshka":10,"NeowsBlessing":0,"Singing Bowl":38,"Oddly Smooth Stone":5,"Red Mask":42,"Cracked Core":0,"Akabeko":15,"Mercury Hourglass":3}],"Mercury Hourglass":[173]},"card_choices":[{"not_picked":["Leap","Redo"],"picked":"Rip and Tear","floor":1},{"not_picked":["Barrage","Go for the Eyes"],"picked":"Beam Cell","floor":5},{"not_picked":["Hologram","Chill"],"picked":"Go for the Eyes","floor":6},{"not_picked":["Blizzard","Static Discharge"],"picked":"Ball Lightning","floor":7},{"not_picked":["Reboot","Redo"],"picked":"Sunder","floor":10},{"not_picked":["Tempest","Go for the Eyes"],"picked":"Self Repair","floor":12},{"not_picked":["Storm","Streamline","Darkness"],"picked":"SKIP","floor":13},{"not_picked":["Chill","Redo"],"picked":"Melter","floor":14},{"not_picked":["Thunder Strike","Fission"],"picked":"Electrodynamics","floor":16},{"not_picked":["Hello World+1","Stack"],"picked":"Sunder","floor":18},{"not_picked":["Lockon","Stack","Blizzard+1"],"picked":"SKIP","floor":20},{"not_picked":["Ball Lightning","Leap"],"picked":"Undo+1","floor":21},{"not_picked":["Tempest","Reprogram","Chill"],"picked":"Singing Bowl","floor":23},{"not_picked":["Streamline","Steam Power"],"picked":"Coolheaded","floor":24},{"not_picked":["Ball Lightning+1","Self Repair"],"picked":"Coolheaded","floor":25}],"player_experience":2940101,"relics_obtained":[{"floor":6,"key":"Mercury Hourglass"},{"floor":9,"key":"Oddly Smooth Stone"},{"floor":12,"key":"Matryoshka"},{"floor":14,"key":"Akabeko"},{"floor":23,"key":"Singing Bowl"},{"floor":25,"key":"Red Mask"},{"floor":26,"key":"Regal Pillow"}],"event_choices":[{"damage_healed":0,"gold_gain":0,"player_choice":"Leave","damage_taken":0,"max_hp_gain":0,"max_hp_loss":0,"event_name":"The Cleric","floor":2,"gold_loss":0},{"cards_removed":["Strike_B"],"damage_healed":0,"gold_gain":0,"player_choice":"Card Removal","damage_taken":7,"max_hp_gain":0,"max_hp_loss":0,"event_name":"Golden Wing","floor":4,"gold_loss":0},{"damage_healed":0,"gold_gain":0,"player_choice":"Fought Bandits","damage_taken":0,"max_hp_gain":0,"max_hp_loss":0,"event_name":"Masked Bandits","floor":25,"gold_loss":0}],"is_beta":false,"boss_relics":[{"not_picked":["Black Star","Calling Bell"],"picked":"Sozu"}],"items_purged_floors":[19,22],"is_endless":false,"potions_floor_spawned":[5,10,16,18,20],"killed_by":"Gremlin Leader","ascension_level":20}}