{"host":"cdcsem0stf6rethc","time":1610774176,"event":{"mods":["AchievementEnabler","BaseMod","Colored Map","Highlight Path","Minty Spire (QoL Compilation)","StSLib","The Bug Knight"],"gold_per_floor":[217,217,217,231,231,231,250,181,181,181,197,214,232,251,251,251,251],"floor_reached":16,"language":"ENG","playtime":708,"items_purged":[],"score":94,"play_id":"771a1ac3-c65c-477e-afc0-df34a7471863","local_time":"20210116131616","is_ascension_mode":false,"campfire_choices":[{"data":"HollowMod:ChannelNail","floor":6,"key":"SMITH"},{"data":"HollowMod:SlysStrikes","floor":10,"key":"SMITH"},{"data":"HollowMod:AwokenDreamNail","floor":15,"key":"SMITH"}],"circlet_count":0,"master_deck":["HollowMod:NailStrikeStart","HollowMod:NailStrikeStart","HollowMod:NailStrikeStart","HollowMod:NailStrikeStart","HollowMod:QuickDashStart","HollowMod:QuickDashStart","HollowMod:QuickDashStart","HollowMod:QuickDashStart","HollowMod:FocusHealStart","HollowMod:PogoStrike","HollowMod:ChannelNail+1","HollowMod:HowlingWraiths","HollowMod:CornifersMapStart","HollowMod:SlysStrikes+1","HollowMod:AwokenDreamNail+1","HollowMod:GoodIntentions"],"relics":["HollowMod:VesselMask","Kunai","Ornamental Fan"],"acts_visited":["Exordium"],"potions_floor_usage":[12,16],"damage_taken":[{"damage":4,"enemies":"2 Louse","floor":1,"turns":3},{"damage":5,"enemies":"Small Slimes","floor":4,"turns":3},{"damage":0,"enemies":"Cultist","floor":7,"turns":2},{"damage":5,"enemies":"Looter","floor":11,"turns":3},{"damage":16,"enemies":"Red Slaver","floor":12,"turns":3},{"damage":25,"enemies":"Lots of Slimes","floor":13,"turns":5},{"damage":0,"enemies":"Large Slime","floor":14,"turns":5},{"damage":35,"enemies":"The Guardian","floor":16,"turns":8}],"seed_played":"5812517950004994936","potions_obtained":[{"floor":1,"key":"LiquidBronze"},{"floor":7,"key":"Dexterity Potion"},{"floor":12,"key":"Fruit Juice"},{"floor":13,"key":"ColorlessPotion"}],"is_trial":false,"path_per_floor":["M","?","?","M","?","R","M","$","T","R","M","M","M","M","R","B"],"character_chosen":"THE_BUGKNIGHT","items_purchased":["HollowMod:SlysStrikes"],"campfire_rested":0,"item_purchase_floors":[8],"current_hp_per_floor":[71,71,71,66,66,66,66,66,66,66,61,50,25,25,25,0,0],"gold":251,"neow_bonus":"HUNDRED_GOLD","is_daily":false,"chose_seed":false,"campfire_upgraded":3,"win_rate":0.0,"timestamp":1610774176,"path_taken":["M","?","?","?","?","R","M","$","T","R","?","M","M","?","R","BOSS"],"items_purchased_type":["Card"],"build_version":"2020-12-22","purchased_purges":0,"victory":false,"max_hp_per_floor":[75,75,75,75,75,75,75,75,75,75,75,80,80,80,80,80,80],"card_choices":[{"not_picked":["HollowMod:PerfectDash","HollowMod:SiblingsSouls"],"picked":"HollowMod:ChannelNail","floor":1},{"not_picked":["HollowMod:PerfectDash","HollowMod:VengefulVoid"],"picked":"HollowMod:HowlingWraiths","floor":4},{"not_picked":["HollowMod:InfectedAttack","HollowMod:MawleksShell"],"picked":"HollowMod:CornifersMapStart","floor":7},{"not_picked":["HollowMod:GoodIntentions","HollowMod:InfectedAttack"],"picked":"HollowMod:AwokenDreamNail","floor":11},{"not_picked":["HollowMod:NewLittleFool","HollowMod:Grubsong","HollowMod:CornifersMapStart"],"picked":"SKIP","floor":12},{"not_picked":["HollowMod:SoulStrike","HollowMod:VengefulVoid"],"picked":"HollowMod:GoodIntentions","floor":13},{"not_picked":["HollowMod:VengefulVoid","HollowMod:CloakDash","HollowMod:NewJinnsSoul"],"picked":"SKIP","floor":14}],"player_experience":79425,"relics_obtained":[{"floor":9,"key":"Ornamental Fan"}],"event_choices":[{"damage_healed":0,"gold_gain":0,"player_choice":"Gave Potion","damage_taken":0,"relics_obtained":["Kunai"],"max_hp_gain":0,"max_hp_loss":0,"event_name":"WeMeetAgain","floor":3,"gold_loss":0},{"damage_healed":0,"gold_gain":0,"player_choice":"Ignored","damage_taken":0,"max_hp_gain":0,"max_hp_loss":0,"event_name":"NoteForYourself","floor":5,"gold_loss":0}],"is_beta":false,"boss_relics":[],"items_purged_floors":[],"is_endless":false,"potions_floor_spawned":[1,7,12,13],"killed_by":"The Guardian","ascension_level":0}}