{"host":"fdzt26oh6i4vaxrk","time":1610827809,"event":{"mods":["BaseMod","Colored Map","Minty Spire (QoL Compilation)"],"gold_per_floor":[114,133,149,224,149,149,165,199,199,199,199,215,215,215,215],"floor_reached":14,"language":"ITA","playtime":743,"items_purged":[],"score":176,"play_id":"05cd11c6-9675-4438-befa-ab305879ed9b","local_time":"20210116211009","is_ascension_mode":true,"campfire_choices":[{"floor":6,"key":"REST"},{"data":"Fission","floor":10,"key":"SMITH"},{"data":"Go for the Eyes","floor":13,"key":"SMITH"}],"circlet_count":0,"master_deck":["AscendersBane","Strike_B","Strike_B","Strike_B","Defend_B","Defend_B","Defend_B","Defend_B","Zap","Dualcast","Streamline","Leap","Stack","BootSequence","Reinforced Body","Fission+1","Go for the Eyes+1"],"relics":["Cracked Core","FossilizedHelix","Mercury Hourglass"],"acts_visited":["Exordium"],"potions_floor_usage":[8,14],"damage_taken":[{"damage":2,"enemies":"Cultist","floor":1,"turns":4},{"damage":0,"enemies":"2 Louse","floor":2,"turns":3},{"damage":12,"enemies":"Small Slimes","floor":3,"turns":2},{"damage":2,"enemies":"Looter","floor":7,"turns":4},{"damage":27,"enemies":"3 Sentries","floor":8,"turns":9},{"damage":0,"enemies":"2 Fungi Beasts","floor":12,"turns":2},{"damage":41,"enemies":"Gremlin Nob","floor":14,"turns":4}],"seed_played":"-7857083091661799008","potions_obtained":[{"floor":2,"key":"Ancient Potion"},{"floor":7,"key":"FocusPotion"},{"floor":12,"key":"Explosive Potion"}],"is_trial":false,"path_per_floor":["M","M","M","?","?","R","M","E","T","R","?","M","R","E"],"character_chosen":"DEFECT","items_purchased":[],"campfire_rested":1,"item_purchase_floors":[],"current_hp_per_floor":[62,62,50,39,39,60,58,31,31,31,31,31,31,0,0],"gold":215,"neow_bonus":"THREE_CARDS","is_daily":false,"chose_seed":false,"campfire_upgraded":2,"win_rate":0.0,"timestamp":1610827809,"path_taken":["M","M","?","?","?","R","M","E","T","R","?","M","R","E"],"items_purchased_type":[],"build_version":"2020-12-22","purchased_purges":0,"victory":false,"max_hp_per_floor":[71,71,71,71,71,71,71,71,71,71,71,71,71,71,71],"card_choices":[{"not_picked":["Sweeping Beam","Cold Snap"],"picked":"Streamline","floor":0},{"not_picked":["Hologram","Auto Shields"],"picked":"Leap","floor":1},{"not_picked":["Defragment","Auto Shields"],"picked":"Stack","floor":2},{"not_picked":["Steam Power","Turbo"],"picked":"BootSequence","floor":3},{"not_picked":["Rebound","Coolheaded"],"picked":"Reinforced Body","floor":7},{"not_picked":["Chill","Storm"],"picked":"Fission","floor":8},{"not_picked":["Double Energy","Conserve Battery"],"picked":"Go for the Eyes","floor":12}],"player_experience":583890,"relics_obtained":[{"floor":8,"key":"FossilizedHelix"},{"floor":9,"key":"Mercury Hourglass"}],"event_choices":[{"damage_healed":0,"gold_gain":75,"player_choice":"Gather Gold","damage_taken":11,"max_hp_gain":0,"max_hp_loss":0,"event_name":"World of Goop","floor":4,"gold_loss":0},{"cards_removed":["Strike_B"],"damage_healed":0,"gold_gain":0,"player_choice":"Card Removal","damage_taken":0,"max_hp_gain":0,"max_hp_loss":0,"event_name":"The Cleric","floor":5,"gold_loss":75},{"damage_healed":0,"gold_gain":0,"player_choice":"Ignored","damage_taken":0,"max_hp_gain":0,"max_hp_loss":0,"event_name":"Shining Light","floor":11,"gold_loss":0}],"is_beta":false,"boss_relics":[],"items_purged_floors":[],"is_endless":false,"potions_floor_spawned":[2,7,12],"killed_by":"Gremlin Nob","ascension_level":19}}