{"host":"x2bb8tnu3h3a650h","time":1610828476,"event":{"mods":["AchievementEnabler","Aspiration","BaseMod","BetterRewards","Colored Map","Conspire","Defuse TimeMaze Blight","Energized Spire","Halation","Hermit","Hubris","Infinite Spire","Mimic Mod","Minty Spire (QoL Compilation)","Rare Cards Sparkle","Replay The Spire","Shop Mod","Spicy Shops","StSLib","The Jungle","The Servant 0.9.4","Wandering Minibosses","vexMod"],"gold_per_floor":[114,114,114,114,129,129,129,142,222,222,254,254,274,289,289,391,391,391,486,486,497,515,515,515,515,515,558,558,608,608,628,642,642,668,668,764,764,764,868,868,887,887,887,906,581,615,615,640,663,663,1043,1054,1054,1054,1054,1054],"floor_reached":57,"language":"ENG","playtime":2082,"items_purged":["ReplayTheSpireMod:Echoes of Time"],"score":1467,"play_id":"d0bac391-e603-4d3c-9967-2bb29670def3","local_time":"20210116202116","is_ascension_mode":true,"campfire_choices":[{"data":"hermit:EyeOfTheStorm","floor":6,"key":"SMITH"},{"data":"hermit:Snapshot","floor":10,"key":"SMITH"},{"data":"hermit:Covet","floor":12,"key":"SMITH"},{"floor":15,"key":"REST"},{"data":"hermit:RoundhouseKick","floor":18,"key":"SMITH"},{"data":"hermit:Maintenance","floor":26,"key":"SMITH"},{"data":"hermit:Quickdraw","floor":28,"key":"SMITH"},{"floor":30,"key":"REST"},{"floor":35,"key":"RECALL"},{"floor":38,"key":"REST"},{"data":"Swift Strike","floor":47,"key":"SMITH"},{"data":"hubris:InfiniteBlow+379","floor":55,"key":"SMITH"}],"circlet_count":0,"master_deck":["hermit:Strike_Hermit+1","hermit:Strike_Hermit+1","hermit:Strike_Hermit+1","hermit:Strike_Hermit+1","hermit:Defend_Hermit+1","hermit:Defend_Hermit","hermit:Defend_Hermit","hermit:Snapshot+1","hermit:Covet+1","hermit:EyeOfTheStorm+1","hermit:RoundhouseKick+1","hermit:Maintenance+1","hermit:Quickdraw+1","Swift Strike+1","conspire:Banana+1","Swift Strike+1","hubris:InfiniteBlow+380"],"relics":["hermit:Momento","aspiration:Nostalgia","infinitespire:DarkRift","hubris:Icosahedron","Quantum Egg","aspiration:HummingbirdHeart","hubris:Backtick","halation:PromiseList","vexMod:ImprovementManual","PrismaticShard","halation:EternalFortune","Bag of Marbles","Replay:Rubber Ducky","Runic Pyramid","Nunchaku","conspire:SpecialSausage","vexMod:BigBerry","halation:PapillonHeart","halation:PinkSoulGem","Kunai","hubris:Spice","Blue Candle","aspiration:ArtOfWarUpgrade"],"acts_visited":["Exordium","TheCity","TheBeyond"],"potions_floor_usage":[16,16,16,36,36,39,52],"damage_taken":[{"damage":0,"enemies":"Small Slimes","floor":1,"turns":3},{"damage":2,"enemies":"2 Louse","floor":5,"turns":4},{"damage":2,"enemies":"Cultist","floor":8,"turns":4},{"damage":17,"enemies":"3 Sentries","floor":11,"turns":6},{"damage":0,"enemies":"Lots of Slimes","floor":13,"turns":4},{"damage":1,"enemies":"3 Louse","floor":14,"turns":3},{"damage":14,"enemies":"Hexaghost","floor":16,"turns":8},{"damage":52,"enemies":"Hexaghost","floor":19,"turns":12},{"damage":0,"enemies":"Spheric Guardian","floor":21,"turns":3},{"damage":0,"enemies":"2 Thieves","floor":22,"turns":4},{"damage":13,"enemies":"Snake Plant","floor":27,"turns":5},{"damage":0,"enemies":"Snecko","floor":31,"turns":3},{"damage":0,"enemies":"Shelled Parasite and Fungi","floor":32,"turns":1},{"damage":0,"enemies":"conspire:SneckoGhost","floor":34,"turns":5},{"damage":8,"enemies":"Champ","floor":36,"turns":8},{"damage":11,"enemies":"Champ","floor":39,"turns":7},{"damage":3,"enemies":"3 Darklings","floor":41,"turns":3},{"damage":0,"enemies":"3 Shapes","floor":44,"turns":3},{"damage":5,"enemies":"Reptomancer","floor":46,"turns":4},{"damage":0,"enemies":"Nemesis","floor":48,"turns":5},{"damage":26,"enemies":"Sphere and 2 Shapes","floor":51,"turns":7},{"damage":7,"enemies":"Maw","floor":52,"turns":5},{"damage":0,"enemies":"conspire:OrnateMirror","floor":56,"turns":2}],"seed_played":"-3856101838944837813","potions_obtained":[{"floor":1,"key":"SkillPotion"},{"floor":8,"key":"Energy Potion"},{"floor":13,"key":"Death Potion"},{"floor":27,"key":"FearPotion"},{"floor":34,"key":"SkillPotion"},{"floor":36,"key":"BlessingOfTheForge"},{"floor":39,"key":"LifebloodPotion"},{"floor":51,"key":"PowerPotion"}],"is_trial":false,"path_per_floor":["M","$","?","?","M","R","?","M","T","R","E","R","M","M","R","B",null,"R","B",null,"M","M","?","?","?","R","M","R","T","R","M","M","AVR","E","R","B",null,"R","B",null,"M","?","?","M","$","E","R","E","T","R","M","M","R","AVR","R","B",null],"character_chosen":"HERMIT","items_purchased":["Kunai","Swift Strike"],"campfire_rested":3,"item_purchase_floors":[45,45],"current_hp_per_floor":[75,75,75,75,73,73,73,71,71,71,54,54,54,53,75,61,61,61,9,75,75,75,67,67,70,70,57,57,57,78,78,78,78,81,81,75,75,83,74,115,114,111,111,113,113,118,118,123,123,123,114,112,112,112,112,112],"gold":1054,"neow_bonus":"NOSTALGIA","is_daily":false,"chose_seed":false,"campfire_upgraded":8,"win_rate":0.0,"timestamp":1610828476,"path_taken":["M","$","?","?","M","R","?","?","T","R","E","R","M","M","R","BOSS","R","BOSS","M","?","?","?","?","R","M","R","T","R","M","M","AVR","E","R","BOSS","R","BOSS","M","?","?","M","?","E","R","E","T","R","M","?","R","AVR","R","BOSS"],"items_purchased_type":["Relic","Card"],"build_version":"2020-12-22","purchased_purges":1,"victory":true,"max_hp_per_floor":[75,75,75,75,75,75,75,75,75,75,75,75,75,75,75,75,75,75,75,75,75,75,75,75,78,78,78,78,78,78,78,78,78,81,81,83,83,83,85,115,117,111,111,113,113,123,123,128,128,128,130,135,135,135,135,135],"card_choices":[{"not_picked":["hermit:Ricochet","hermit:Manifest"],"picked":"hermit:EyeOfTheStorm","floor":1},{"not_picked":["hermit:TakeCover","hermit:LuckOfTheDraw","hermit:Midnight"],"picked":"SKIP","floor":5},{"not_picked":["hermit:EyeOfTheStorm","hermit:LuckOfTheDraw","hermit:HoleUp"],"picked":"SKIP","floor":8},{"not_picked":["hermit:Snipe","hermit:Glare","hermit:EternalForm"],"picked":"SKIP","floor":11},{"not_picked":["hermit:Snipe","hermit:ItchyTrigger","hermit:Coalescence"],"picked":"SKIP","floor":13},{"not_picked":["hermit:CalledShot","hermit:Roulette","hermit:Snipe"],"picked":"SKIP","floor":14},{"not_picked":["hermit:HeroicBravado","hermit:Gambit"],"picked":"hermit:RoundhouseKick","floor":16},{"not_picked":["hermit:Brawl","hermit:BodyArmor+1"],"picked":"hermit:Maintenance","floor":21},{"not_picked":["hermit:Misfire","hermit:Brawl","hermit:BodyArmor"],"picked":"SKIP","floor":22},{"not_picked":["EmptyBody","hermit:Vantage"],"picked":"Swift Strike+1","floor":27},{"not_picked":["Terror","hermit:BlackWind","Prepared"],"picked":"SKIP","floor":31},{"not_picked":["Replace","ShatteredReality","Poisoned Stab"],"picked":"SKIP","floor":32},{"not_picked":["ReplayTheSpireMod:System Scan","Headbutt"],"picked":"conspire:Banana+1","floor":34},{"not_picked":["Clothesline+1","Study","Prostrate"],"picked":"SKIP","floor":41},{"not_picked":["Deadly Poison+1","Spin","Consecrate+1"],"picked":"SKIP","floor":44},{"not_picked":["Setup+1","Omniscience","Accuracy+1"],"picked":"SKIP","floor":46},{"not_picked":["Static Discharge","SashWhip+1","PanicButton"],"picked":"SKIP","floor":48},{"not_picked":["Poisoned Stab+1","PiercingWail","Outmaneuver+1"],"picked":"SKIP","floor":51},{"not_picked":["Rewind","Cleave","Crescendo+1"],"picked":"SKIP","floor":52}],"player_experience":583686,"relics_obtained":[{"floor":9,"key":"Quantum Egg"},{"floor":11,"key":"aspiration:HummingbirdHeart"},{"floor":23,"key":"PrismaticShard"},{"floor":29,"key":"Bag of Marbles"},{"floor":34,"key":"halation:EternalFortune"},{"floor":34,"key":"Nunchaku"},{"floor":46,"key":"hubris:Spice"},{"floor":48,"key":"halation:EternalFortune"},{"floor":48,"key":"Blue Candle"},{"floor":49,"key":"Art of War"},{"floor":52,"key":"halation:EternalFortune"}],"event_choices":[{"damage_healed":0,"gold_gain":0,"player_choice":"Leave","damage_taken":0,"max_hp_gain":0,"max_hp_loss":0,"event_name":"The Cleric","floor":3,"gold_loss":0},{"cards_removed":["hermit:Defend_Hermit"],"damage_healed":0,"gold_gain":0,"player_choice":"Offered Basic","damage_taken":0,"max_hp_gain":0,"max_hp_loss":0,"event_name":"Bonfire Elementals","floor":7,"gold_loss":0}],"is_beta":false,"boss_relics":[{"not_picked":["Tiny House","conspire:SlowCooker"],"picked":"hubris:Backtick"},{"not_picked":["vexMod:EndlessSickness","aspiration:WatcherSkillbook"],"picked":"vexMod:ImprovementManual"},{"not_picked":["Sozu","halation:Prosthetics"],"picked":"conspire:SpecialSausage"},{"not_picked":["ReplayTheSpireMod:SealedPack","hubris:RunicObelisk"],"picked":"vexMod:BigBerry"}],"items_purged_floors":[33],"is_endless":false,"potions_floor_spawned":[1,8,13,14,27,34,36,39,44,51],"ascension_level":1}}