{"host":"41zuqv3z4fqqx8y0","time":1610764353,"event":{"mods":["BaseMod","Minty Spire (QoL Compilation)","Replay The Spire","StSLib","The Saiyan"],"gold_per_floor":[89,102,121,46,56,56,85,165,165,165,175,175,189,264,264,367,367,387,402,402,72,72,72,72,72],"floor_reached":24,"language":"FRA","playtime":1673,"items_purged":["Saiyan:SAIYA_Strike","Decay"],"score":196,"play_id":"e3d146d5-7bbe-47ff-978e-8d2b9d0c3585","local_time":"20210116033233","is_ascension_mode":false,"campfire_choices":[{"data":"Saiyan:Overexert","floor":6,"key":"SMITH"},{"data":"Saiyan:MindBoom","floor":10,"key":"SMITH"},{"floor":15,"key":"REST"},{"data":"Saiyan:MindBoom","floor":23,"key":"SMITH"}],"circlet_count":0,"master_deck":["Saiyan:SAIYA_Strike","Saiyan:SAIYA_Strike","Saiyan:SAIYA_Defend","Saiyan:SAIYA_Defend","Saiyan:SAIYA_Defend","Saiyan:SAIYA_Defend","Saiyan:EnergyBlast","Saiyan:KaioKen","Saiyan:RuthlessBlow","Saiyan:Overexert+1","Saiyan:DragonFist","Saiyan:FinalFlash","Saiyan:SoulSpice","Saiyan:MindBoom+1","Saiyan:TheBomb","Saiyan:SuperSaiyanForm","Saiyan:Medicine","Deep Breath","Saiyan:MindBoom+1","Shame"],"relics":["SaiyanSoul","SaiyanHeart","Replay:Accelerometer","Divine Protection","Kunai","Smiling Mask"],"acts_visited":["Exordium","TheCity"],"potions_floor_usage":[7,16,19,24,24],"damage_taken":[{"damage":0,"enemies":"Small Slimes","floor":1,"turns":3},{"damage":4,"enemies":"Jaw Worm","floor":2,"turns":4},{"damage":0,"enemies":"2 Louse","floor":3,"turns":3},{"damage":4,"enemies":"Exordium Wildlife","floor":5,"turns":3},{"damage":15,"enemies":"Gremlin Nob","floor":7,"turns":3},{"damage":0,"enemies":"Exordium Thugs","floor":11,"turns":3},{"damage":6,"enemies":"Looter","floor":13,"turns":3},{"damage":24,"enemies":"The Guardian","floor":16,"turns":10},{"damage":7,"enemies":"Shell Parasite","floor":18,"turns":5},{"damage":22,"enemies":"3 Byrds","floor":19,"turns":5},{"damage":41,"enemies":"Gremlin Leader","floor":24,"turns":4}],"seed_played":"-4202581956914411985","potions_obtained":[{"floor":1,"key":"Dexterity Potion"},{"floor":5,"key":"Death Potion"},{"floor":11,"key":"Energy Potion"},{"floor":16,"key":"Elixir"},{"floor":18,"key":"Fire Potion"}],"is_trial":false,"path_per_floor":["M","M","M","$","M","R","E","?","T","R","M","T","M","?","R","B",null,"M","M","?","$","?","R","E"],"character_chosen":"SAIYAJIN","items_purchased":["Deep Breath","Saiyan:MindBoom"],"campfire_rested":1,"item_purchase_floors":[21,21],"current_hp_per_floor":[60,57,59,59,56,56,42,42,42,42,43,43,38,27,47,24,68,61,39,39,39,39,39,0,0],"gold":72,"neow_bonus":"REMOVE_CARD","is_daily":false,"chose_seed":false,"campfire_upgraded":3,"win_rate":0.0,"timestamp":1610764353,"path_taken":["M","M","M","$","M","R","E","?","T","R","M","?","M","?","R","BOSS","M","M","?","$","?","R","E"],"items_purchased_type":["Card","Card"],"build_version":"2020-12-22","purchased_purges":2,"victory":false,"max_hp_per_floor":[60,61,63,63,64,64,65,65,65,65,66,66,67,67,67,68,68,68,68,68,68,68,68,68,68],"card_choices":[{"not_picked":["Saiyan:AugmentedBlast","Saiyan:PowerUp"],"picked":"Saiyan:Overexert","floor":1},{"not_picked":["Saiyan:BackAttack","Saiyan:TurtleShell"],"picked":"Saiyan:DragonFist","floor":2},{"not_picked":["Saiyan:FingerParry","Saiyan:ExpandingShockwave"],"picked":"Saiyan:FinalFlash","floor":3},{"not_picked":["Saiyan:ReverberatingForce","Saiyan:Quickening"],"picked":"Saiyan:SoulSpice","floor":5},{"not_picked":["Saiyan:TurtleShell","Saiyan:MonkeyTail"],"picked":"Saiyan:MindBoom","floor":7},{"not_picked":["Saiyan:BurningSoul","Saiyan:Scouter","Saiyan:Honing"],"picked":"SKIP","floor":11},{"not_picked":["Saiyan:BigBangAttack","Saiyan:UltraInstinct","Saiyan:Scouter"],"picked":"SKIP","floor":13},{"not_picked":["Saiyan:Rekindle","Saiyan:HyperTimeChamber"],"picked":"Saiyan:TheBomb","floor":16},{"not_picked":["Saiyan:DragonFist","Saiyan:MeteorDash"],"picked":"Saiyan:SuperSaiyanForm","floor":18},{"not_picked":["Saiyan:ExpandingShockwave","Saiyan:Overexert+1"],"picked":"Saiyan:Medicine","floor":19}],"player_experience":563447,"relics_obtained":[{"floor":7,"key":"Replay:Accelerometer"},{"floor":9,"key":"Divine Protection"},{"floor":12,"key":"Kunai"}],"event_choices":[{"damage_healed":0,"gold_gain":80,"player_choice":"Gained Gold","damage_taken":0,"max_hp_gain":0,"max_hp_loss":0,"event_name":"Golden Wing","floor":8,"gold_loss":0},{"damage_healed":0,"gold_gain":75,"player_choice":"Gather Gold","damage_taken":11,"max_hp_gain":0,"max_hp_loss":0,"event_name":"World of Goop","floor":14,"gold_loss":0},{"damage_healed":0,"gold_gain":0,"player_choice":"Smashed Altar","damage_taken":0,"max_hp_gain":0,"max_hp_loss":0,"event_name":"Forgotten Altar","floor":20,"gold_loss":0,"cards_obtained":["Decay"]}],"is_beta":false,"boss_relics":[{"not_picked":["Ectoplasm","Runic Dome","ReplayTheSpireMod:DimensionalGlitch"]}],"items_purged_floors":[4,21],"is_endless":false,"potions_floor_spawned":[1,5,11,16,18],"killed_by":"Gremlin Leader","ascension_level":0}}