{"host":"utqe55yv0jihe4d6","time":1610826607,"event":{"mods":["2.2 Compatiblity","AchievementEnabler","BaseMod","Block Reminder","Colored Map","Colored Powertips","Minty Spire (QoL Compilation)","Quick Restart","Rare Cards Sparkle","Relic Stats","SuperFastMode"],"gold_per_floor":[113,128,93,11,11,11,36,53,76,76,108,126,126,147,147,147,147],"floor_reached":16,"language":"ENG","playtime":387,"items_purged":[],"score":220,"play_id":"0d6a81c0-a49b-4ff6-9f8e-c6e5a00c584d","local_time":"20210116145007","is_ascension_mode":true,"campfire_choices":[{"data":"Combust","floor":6,"key":"SMITH"},{"data":"Perfected Strike","floor":10,"key":"SMITH"},{"floor":15,"key":"REST"}],"circlet_count":0,"master_deck":["AscendersBane","Strike_R","Strike_R","Strike_R","Strike_R","Strike_R","Defend_R","Defend_R","Defend_R","Defend_R","Bash","Clothesline","Combust+1","Anger","Perfected Strike+1","Pommel Strike","Feel No Pain","Exhume"],"relics":["Black Star","Ancient Tea Set","Dream Catcher","Akabeko","Blue Candle","Tiny Chest","Golden Idol"],"acts_visited":["Exordium"],"potions_floor_usage":[7],"damage_taken":[{"damage":4,"enemies":"Small Slimes","floor":1,"turns":4},{"damage":13,"enemies":"2 Louse","floor":2,"turns":3},{"damage":24,"enemies":"Gremlin Nob","floor":7,"turns":4},{"damage":2,"enemies":"Jaw Worm","floor":8,"turns":3},{"damage":30,"enemies":"Lagavulin","floor":11,"turns":6},{"damage":7,"enemies":"Gremlin Gang","floor":12,"turns":3},{"damage":3,"enemies":"Looter","floor":14,"turns":3},{"damage":30,"enemies":"Hexaghost","floor":16,"turns":7}],"seed_played":"-7156496006506570795","potions_obtained":[{"floor":2,"key":"Ancient Potion"},{"floor":7,"key":"DuplicationPotion"}],"is_trial":false,"path_per_floor":["M","M","?","$","?","R","E","M","T","R","E","M","?","M","R","B"],"character_chosen":"IRONCLAD","items_purchased":["Anger","Strength Potion"],"campfire_rested":1,"item_purchase_floors":[4,4],"current_hp_per_floor":[64,51,69,69,69,69,45,43,43,43,13,6,6,3,23,0,0],"gold":147,"neow_bonus":"BOSS_RELIC","is_daily":false,"chose_seed":false,"campfire_upgraded":2,"win_rate":0.0,"timestamp":1610826607,"path_taken":["M","M","?","$","?","R","E","M","T","R","E","M","?","M","R","BOSS"],"items_purchased_type":["Card","Potion"],"build_version":"2020-12-22","purchased_purges":0,"victory":false,"max_hp_per_floor":[75,75,75,75,75,75,75,75,75,75,75,75,68,68,68,68,68],"relic_stats":{"Dream Catcher":1,"counters":[8,33],"Golden Idol":4,"Blue Candle":[0],"Tiny Chest":0,"Black Star":2,"obtain_stats":[{"Dream Catcher":7,"Golden Idol":13,"Blue Candle":11,"Tiny Chest":11,"Black Star":0,"Ancient Tea Set":7,"Burning Blood":0,"Akabeko":9},{"Dream Catcher":3,"Golden Idol":6,"Blue Candle":5,"Tiny Chest":5,"Black Star":0,"Ancient Tea Set":3,"Burning Blood":0,"Akabeko":4},{"Dream Catcher":11,"Golden Idol":23,"Blue Candle":20,"Tiny Chest":20,"Black Star":0,"Ancient Tea Set":11,"Burning Blood":0,"Akabeko":14}]},"card_choices":[{"not_picked":["Pommel Strike","Wild Strike"],"picked":"Clothesline","floor":1},{"not_picked":["Body Slam","Thunderclap"],"picked":"Combust","floor":2},{"not_picked":["Flex","Exhume"],"picked":"Perfected Strike","floor":7},{"not_picked":["Reckless Charge","Cleave","Searing Blow"],"picked":"SKIP","floor":8},{"not_picked":["Sword Boomerang","Entrench"],"picked":"Pommel Strike","floor":11},{"not_picked":["Body Slam","Clash"],"picked":"Feel No Pain","floor":12},{"not_picked":["Iron Wave","Heavy Blade","Dropkick"],"picked":"SKIP","floor":14},{"not_picked":["Headbutt","Warcry"],"picked":"Exhume","floor":15}],"player_experience":2953877,"relics_obtained":[{"floor":7,"key":"Ancient Tea Set"},{"floor":7,"key":"Dream Catcher"},{"floor":9,"key":"Akabeko"},{"floor":11,"key":"Blue Candle"},{"floor":11,"key":"Tiny Chest"}],"event_choices":[{"damage_healed":18,"gold_gain":0,"player_choice":"Healed","damage_taken":0,"max_hp_gain":0,"max_hp_loss":0,"event_name":"The Cleric","floor":3,"gold_loss":35},{"damage_healed":0,"gold_gain":0,"player_choice":"Ignored","damage_taken":0,"max_hp_gain":0,"max_hp_loss":0,"event_name":"Liars Game","floor":5,"gold_loss":0},{"damage_healed":0,"gold_gain":0,"player_choice":"Lose Max HP","damage_taken":0,"relics_obtained":["Golden Idol"],"max_hp_gain":0,"max_hp_loss":7,"event_name":"Golden Idol","floor":13,"gold_loss":0}],"is_beta":false,"boss_relics":[],"items_purged_floors":[],"is_endless":false,"potions_floor_spawned":[2,7],"killed_by":"Hexaghost","ascension_level":20}}