{"host":"19t2eyow02s954g8","time":1610806078,"event":{"mods":["BaseMod","Colored Map","DeckTracker","Minty Spire (QoL Compilation)","StSLib","SuperFastMode"],"gold_per_floor":[111,36,36,36,52,52,52,87,140,171,171,187,206,219,219,295,295,275,55,67,81,81,108,108,125,151,151,165,175,186,35,35,112,162,174,192,209,84,104,104,104,122,122,146,0,0],"floor_reached":45,"language":"KOR","playtime":1680,"items_purged":["Strike_G","Dagger Spray","Dash"],"score":1048,"play_id":"f9f7be02-861b-40b1-8e0a-85200049d402","local_time":"20210116230758","is_ascension_mode":true,"campfire_choices":[{"data":"Neutralize","floor":6.0,"key":"SMITH"},{"floor":11,"key":"REST"},{"data":"Glass Knife","floor":15,"key":"SMITH"},{"floor":24,"key":"REST"},{"floor":27,"key":"REST"},{"data":"Accuracy","floor":32,"key":"SMITH"},{"data":"Calculated Gamble","floor":40,"key":"SMITH"},{"data":"Impatience","floor":41,"key":"SMITH"}],"circlet_count":0,"master_deck":["AscendersBane","Defend_G","Defend_G","Defend_G","Defend_G","Defend_G+1","Survivor","Neutralize+1","Noxious Fumes","Die Die Die","Backstab","Slice","Well Laid Plans","Blade Dance","Footwork","Glass Knife+1","Blade Dance","Tools of the Trade","Calculated Gamble+1","Tactician","Impatience+1","PiercingWail","Adrenaline","Terror","Eviscerate+1","Accuracy+1","Blade Dance","Acrobatics","Finisher"],"relics":["Ring of the Snake","Centennial Puzzle","Regal Pillow","Dream Catcher","Ornamental Fan","HoveringKite","Turnip","Bag of Preparation","Tiny House","Red Mask"],"acts_visited":["Exordium","TheCity","TheBeyond"],"potions_floor_usage":[16,16,20,21,25,33,35,36],"damage_taken":[{"damage":2.0,"enemies":"2 Louse","floor":1.0,"turns":3.0},{"damage":2.0,"enemies":"Small Slimes","floor":5.0,"turns":4.0},{"damage":33.0,"enemies":"Gremlin Nob","floor":8.0,"turns":6.0},{"damage":2,"enemies":"Lagavulin","floor":10,"turns":9},{"damage":0,"enemies":"Jaw Worm","floor":12,"turns":2},{"damage":0,"enemies":"3 Louse","floor":13,"turns":1},{"damage":3,"enemies":"Exordium Thugs","floor":14,"turns":2},{"damage":0,"enemies":"Slime Boss","floor":16,"turns":6},{"damage":15,"enemies":"2 Thieves","floor":18,"turns":4},{"damage":9,"enemies":"Chosen","floor":20,"turns":4},{"damage":1,"enemies":"Centurion and Healer","floor":21,"turns":6},{"damage":26,"enemies":"Slavers","floor":23,"turns":5},{"damage":10,"enemies":"Cultist and Chosen","floor":25,"turns":6},{"damage":16,"enemies":"Snecko","floor":28,"turns":7},{"damage":5,"enemies":"Shelled Parasite and Fungi","floor":29,"turns":2},{"damage":0,"enemies":"Snake Plant","floor":30,"turns":3},{"damage":24,"enemies":"Champ","floor":33,"turns":8},{"damage":5,"enemies":"3 Darklings","floor":35,"turns":3},{"damage":0,"enemies":"Orb Walker","floor":36,"turns":3},{"damage":9,"enemies":"Sphere and 2 Shapes","floor":37,"turns":7},{"damage":2,"enemies":"Transient","floor":39,"turns":6},{"damage":9,"enemies":"Maw","floor":42,"turns":7}],"seed_played":"-7799026064433391657","potions_obtained":[{"floor":1.0,"key":"EssenceOfSteel"},{"floor":12,"key":"LiquidMemories"},{"floor":13,"key":"AttackPotion"},{"floor":14,"key":"Fire Potion"},{"floor":18,"key":"SpeedPotion"},{"floor":20,"key":"EssenceOfSteel"},{"floor":22,"key":"FairyPotion"},{"floor":22,"key":"SneckoOil"},{"floor":23,"key":"CunningPotion"},{"floor":30,"key":"CunningPotion"},{"floor":33,"key":"DistilledChaos"},{"floor":35,"key":"ColorlessPotion"},{"floor":42,"key":"FearPotion"}],"is_trial":false,"path_per_floor":["M","?","?","?","M","R","?","E","T","E","R","M","M","M","R","B",null,"M","$","M","M","?","E","R","M","T","R","M","M","M","$","R","B",null,"M","M","M","$","M","R","R","M","?","T","?"],"character_chosen":"THE_SILENT","items_purchased":["Tactician","Impatience","Blade Dance"],"campfire_rested":3,"item_purchase_floors":[19,19,31],"current_hp_per_floor":[57,57,57,46,44,44,49,16,16,14,48,48,48,45,45,45,60,45,45,36,35,35,9,43,33,33,65,49,44,44,44,44,20,59,54,54,45,45,43,43,43,34,57,57,57,57],"gold":0,"neow_bonus":"TRANSFORM_TWO_CARDS","is_daily":false,"chose_seed":false,"campfire_upgraded":5,"win_rate":0.0,"timestamp":1610806078,"path_taken":["M","?","?","?","M","R","?","E","T","E","R","?","M","M","R","BOSS","M","$","M","M","?","E","R","M","T","R","M","?","M","?","R","BOSS","M","M","M","$","M","R","R","M","?","T","?"],"items_purchased_type":["Card","Card","Card"],"build_version":"2020-12-22","purchased_purges":3,"victory":false,"max_hp_per_floor":[60,60,60,60,60,60,65,65,65,65,65,65,65,65,65,65,65,65,65,65,65,65,65,65,65,65,65,65,65,65,65,65,65,70,70,70,70,70,70,70,70,70,57,57,57,57],"card_choices":[{"not_picked":["Caltrops","Heel Hook"],"picked":"Backstab","floor":1.0},{"not_picked":["Underhanded Strike","Noxious Fumes"],"picked":"Well Laid Plans","floor":5.0},{"not_picked":["Dagger Throw","Blur"],"picked":"Dash","floor":8},{"not_picked":["Choke","Well Laid Plans"],"picked":"Dagger Spray","floor":10},{"not_picked":["Accuracy","Masterful Stab"],"picked":"Blade Dance","floor":11},{"not_picked":["Poisoned Stab","Endless Agony"],"picked":"Footwork","floor":12},{"not_picked":["Deflect","Quick Slash"],"picked":"Glass Knife","floor":13},{"not_picked":["Quick Slash","Bane"],"picked":"Blade Dance","floor":14},{"not_picked":["Doppelganger","Die Die Die"],"picked":"Tools of the Trade","floor":16},{"not_picked":["Expertise","Backflip"],"picked":"Calculated Gamble","floor":18},{"not_picked":["Cloak And Dagger","Quick Slash","Bane"],"picked":"SKIP","floor":20},{"not_picked":["Prepared","Underhanded Strike"],"picked":"PiercingWail","floor":21},{"not_picked":["Acrobatics","Deadly Poison"],"picked":"Adrenaline","floor":23},{"not_picked":["Backstab","Cloak And Dagger"],"picked":"Terror","floor":25},{"not_picked":["Well Laid Plans","Calculated Gamble","Eviscerate+1"],"picked":"SKIP","floor":28},{"not_picked":["Well Laid Plans","Calculated Gamble","Eviscerate+1"],"picked":"SKIP","floor":28},{"not_picked":["Well Laid Plans","Calculated Gamble"],"picked":"Eviscerate+1","floor":28},{"not_picked":["Deadly Poison","Wraith Form v2"],"picked":"Accuracy","floor":29},{"not_picked":["Eviscerate","Escape Plan","Sucker Punch"],"picked":"SKIP","floor":30},{"not_picked":["Predator+1","Endless Agony"],"picked":"Acrobatics","floor":34},{"not_picked":["Heel Hook","Dodge and Roll","Deflect"],"picked":"SKIP","floor":35},{"not_picked":["Noxious Fumes","Dagger Throw","Flying Knee"],"picked":"SKIP","floor":36},{"not_picked":["All Out Attack+1","Infinite Blades","Calculated Gamble"],"picked":"SKIP","floor":37},{"not_picked":["Cloak And Dagger","Flying Knee+1","Dash"],"picked":"SKIP","floor":39},{"not_picked":["Dash","Eviscerate+1"],"picked":"Finisher","floor":42}],"player_experience":4292160,"relics_obtained":[{"floor":8,"key":"Regal Pillow"},{"floor":9,"key":"Dream Catcher"},{"floor":10,"key":"Ornamental Fan"},{"floor":23,"key":"Turnip"},{"floor":26,"key":"Bag of Preparation"}],"event_choices":[{"cards_removed":["Strike_G"],"damage_healed":0.0,"max_hp_gain":0.0,"max_hp_loss":0.0,"gold_gain":0.0,"event_name":"The Cleric","player_choice":"Card Removal","floor":2.0,"gold_loss":75.0,"damage_taken":0.0},{"damage_healed":0.0,"max_hp_gain":0.0,"max_hp_loss":0.0,"gold_gain":0.0,"cards_transformed":["Strike_G"],"event_name":"Living Wall","player_choice":"Change","floor":3.0,"gold_loss":0.0,"damage_taken":0.0,"cards_obtained":["Slice"]},{"damage_healed":0.0,"max_hp_gain":0.0,"max_hp_loss":0.0,"gold_gain":0.0,"event_name":"Scrap Ooze","player_choice":"Success","floor":4.0,"gold_loss":0.0,"damage_taken":11.0,"relics_obtained":["Centennial Puzzle"]},{"damage_healed":0.0,"max_hp_gain":5.0,"max_hp_loss":0.0,"gold_gain":0.0,"event_name":"Big Fish","player_choice":"Donut","floor":7.0,"gold_loss":0.0,"damage_taken":0.0},{"damage_healed":0,"gold_gain":0,"player_choice":"Got Potions","damage_taken":0,"max_hp_gain":0,"max_hp_loss":0,"event_name":"Lab","floor":22,"gold_loss":0},{"damage_healed":57,"gold_gain":0,"player_choice":"Heal","damage_taken":0,"max_hp_gain":0,"max_hp_loss":13,"event_name":"The Moai Head","floor":43,"gold_loss":0},{"damage_healed":0,"gold_gain":0,"player_choice":"Paid","damage_taken":0,"relics_obtained":["Red Mask"],"max_hp_gain":0,"max_hp_loss":0,"event_name":"Tomb of Lord Red Mask","floor":45,"gold_loss":146}],"is_beta":false,"boss_relics":[{"not_picked":["Empty Cage","Calling Bell"],"picked":"HoveringKite"},{"not_picked":["Velvet Choker","Sozu"],"picked":"Tiny House"}],"items_purged_floors":[19,31,38],"is_endless":false,"potions_floor_spawned":[1,12,13,14,18,20,23,30,33,35,42],"ascension_level":20}}