{"host":"mai03x2ekbjy4059","time":1610779631,"event":{"mods":["2.2 Compatiblity","BaseMod","DeckTracker","Highlight Path","Keyboard Shortcuts","Minty Spire (QoL Compilation)","Permanent Neow","Quick Restart","SuperFastMode","everything is the same but u backflip on backflip"],"gold_per_floor":[117,130,149,159,159,193,67,102,127,127,27,37,49,77,77,181,181,191,191,191,191,66,95,115,150,150,179,179,179,179,206,206,309,309,324,324,337,350,350,350,378,378,447,467,499,499,528,38,38,38,38,38,38,73,73],"floor_reached":56,"language":"KOR","playtime":1525,"items_purged":["Strike_G","Strike_G","Strike_G","Defend_G"],"score":1563,"play_id":"f32692fd-c196-4161-a82e-1a15f037126f","local_time":"20210116154711","is_ascension_mode":true,"campfire_choices":[{"data":"After Image","floor":10.0,"key":"SMITH"},{"data":"Accuracy","floor":15.0,"key":"SMITH"},{"data":"Burst","floor":30,"key":"SMITH"},{"data":"Blade Dance","floor":32,"key":"SMITH"},{"data":"Blade Dance","floor":40,"key":"SMITH"},{"data":"Blade Dance","floor":42,"key":"SMITH"},{"floor":49,"key":"RECALL"},{"data":"Blind","floor":52,"key":"SMITH"}],"circlet_count":0,"master_deck":["Defend_G","Defend_G","Defend_G","Survivor","Neutralize","Blade Dance+1","Burst+1","Accuracy+1","Blade Dance+1","After Image+1","Backstab","Cloak And Dagger","Blade Dance+1","Dodge and Roll+1","Backflip","Infinite Blades","Malaise","Blur+1","Flash of Steel","Swift Strike","Bandage Up","Blade Dance+1","Cloak And Dagger+1","Blind+1"],"relics":["Ring of the Snake","Bag of Marbles","Centennial Puzzle","Snake Skull","Oddly Smooth Stone","WristBlade","Blood Vial","Paper Crane","Pen Nib","MutagenicStrength","InkBottle","Black Star","Orichalcum","Blue Candle","Question Card","Singing Bowl","Lizard Tail","Omamori","Gambling Chip","Bottled Tornado","Boot","Bag of Preparation"],"acts_visited":["Exordium","TheCity","TheBeyond","TheEnding"],"potions_floor_usage":[55,55],"damage_taken":[{"damage":0.0,"enemies":"Cultist","floor":1.0,"turns":3.0},{"damage":0.0,"enemies":"Jaw Worm","floor":2.0,"turns":3.0},{"damage":0.0,"enemies":"2 Louse","floor":3.0,"turns":2.0},{"damage":2.0,"enemies":"Large Slime","floor":4.0,"turns":8.0},{"damage":15.0,"enemies":"Gremlin Nob","floor":6.0,"turns":4.0},{"damage":9.0,"enemies":"3 Sentries","floor":8.0,"turns":6.0},{"damage":1.0,"enemies":"Looter","floor":12.0,"turns":2.0},{"damage":0.0,"enemies":"Blue Slaver","floor":13.0,"turns":2.0},{"damage":0.0,"enemies":"Gremlin Nob","floor":14.0,"turns":2.0},{"damage":18.0,"enemies":"Hexaghost","floor":16.0,"turns":7.0},{"damage":0.0,"enemies":"Shell Parasite","floor":18.0,"turns":3.0},{"damage":6.0,"enemies":"Slavers","floor":23.0,"turns":2.0},{"damage":0.0,"enemies":"3 Byrds","floor":24.0,"turns":4.0},{"damage":0.0,"enemies":"Gremlin Leader","floor":25.0,"turns":1.0},{"damage":0.0,"enemies":"Book of Stabbing","floor":27.0,"turns":4.0},{"damage":0,"enemies":"Gremlin Leader","floor":31,"turns":2},{"damage":2,"enemies":"Champ","floor":33,"turns":7},{"damage":0,"enemies":"3 Shapes","floor":35,"turns":3},{"damage":4,"enemies":"3 Darklings","floor":37,"turns":3},{"damage":0,"enemies":"Jaw Worm Horde","floor":38,"turns":1},{"damage":0,"enemies":"Reptomancer","floor":41,"turns":5},{"damage":0,"enemies":"Spire Growth","floor":44,"turns":3},{"damage":0,"enemies":"Nemesis","floor":45,"turns":4},{"damage":0,"enemies":"Reptomancer","floor":47,"turns":2},{"damage":15,"enemies":"Awakened One","floor":50,"turns":8},{"damage":2,"enemies":"Shield and Spear","floor":54,"turns":5},{"damage":51,"enemies":"The Heart","floor":55,"turns":8}],"seed_played":"6463669312456176590","potions_obtained":[{"floor":2.0,"key":"Poison Potion"},{"floor":4.0,"key":"Swift Potion"},{"floor":6.0,"key":"PowerPotion"},{"floor":12.0,"key":"GhostInAJar"},{"floor":14.0,"key":"SteroidPotion"},{"floor":23.0,"key":"Explosive Potion"},{"floor":25.0,"key":"GamblersBrew"},{"floor":31,"key":"Dexterity Potion"},{"floor":37,"key":"FearPotion"},{"floor":47,"key":"Strength Potion"}],"is_trial":false,"path_per_floor":["M","M","M","M","?","E","$","E","T","R","$","M","M","E","R","B",null,"M","?","?","?","$","E","M","E","T","E","?","?","R","E","R","B",null,"M","?","M","M","?","R","E","R","T","M","E","?","E","$","R","B",null,"R","$","E","B",null],"character_chosen":"THE_SILENT","items_purchased":["Blade Dance","Bottled Tornado","Blind"],"campfire_rested":0,"item_purchase_floors":[7,48,48],"current_hp_per_floor":[70,70,70,68,61,46,46,37,37,37,37,36,36,36,36,18,70,70,57,57,57,57,51,51,51,51,53,53,53,53,55,55,55,75,75,75,71,73,63,63,69,69,69,75,77,77,77,77,77,66,77,77,77,79,32],"gold":73,"neow_bonus":"RANDOM_COMMON_RELIC","is_daily":false,"chose_seed":false,"campfire_upgraded":7,"win_rate":0.0,"timestamp":1610779631,"path_taken":["M","M","M","?","?","E","$","E","T","R","$","M","M","E","R","BOSS","M","?","?","?","?","E","?","E","T","E","?","?","R","E","R","BOSS","M","?","M","?","?","R","E","R","T","M","E","?","E","$","R","BOSS","R","$","E","BOSS"],"items_purchased_type":["Card","Relic","Card"],"build_version":"2020-12-22","purchased_purges":4,"victory":true,"max_hp_per_floor":[70,70,70,70,70,70,70,70,70,70,70,70,70,70,70,70,70,70,75,75,75,75,75,75,75,75,75,75,75,75,75,75,75,75,75,75,75,75,75,75,75,75,75,75,77,77,77,77,77,77,77,77,77,79,79],"card_choices":[{"not_picked":["Crippling Poison","Bane"],"picked":"Blade Dance","floor":1.0},{"not_picked":["Bane","Well Laid Plans","Underhanded Strike"],"picked":"SKIP","floor":2.0},{"not_picked":["Quick Slash","Deadly Poison","Flechettes"],"picked":"SKIP","floor":3.0},{"not_picked":["Dagger Throw","Flechettes"],"picked":"Burst","floor":4.0},{"not_picked":["Backflip","Predator"],"picked":"Accuracy","floor":6.0},{"not_picked":["Caltrops","Sucker Punch"],"picked":"After Image","floor":8.0},{"not_picked":["Setup","Outmaneuver"],"picked":"Backstab","floor":12.0},{"not_picked":["PiercingWail","Expertise","Slice"],"picked":"SKIP","floor":13.0},{"not_picked":["Dagger Throw","Tools of the Trade","Distraction"],"picked":"SKIP","floor":14.0},{"not_picked":["Calculated Gamble","Prepared","Dagger Spray"],"picked":"SKIP","floor":18.0},{"not_picked":["Backstab+1","Blade Dance"],"picked":"Cloak And Dagger","floor":23.0},{"not_picked":["Poisoned Stab","Prepared"],"picked":"Blade Dance","floor":24.0},{"not_picked":["Malaise","Slice"],"picked":"Dodge and Roll+1","floor":25.0},{"not_picked":["Leg Sweep+1","Prepared"],"picked":"Backflip","floor":27.0},{"not_picked":["Bullet Time","Flechettes"],"picked":"Infinite Blades","floor":31},{"not_picked":["Dagger Spray","Dodge and Roll","Bane"],"picked":"SKIP","floor":35},{"not_picked":["Leg Sweep","Acrobatics","Distraction"],"picked":"SKIP","floor":37},{"not_picked":["Deadly Poison+1","Quick Slash"],"picked":"Blur+1","floor":38},{"not_picked":["Mind Blast","Dark Shackles"],"picked":"Flash of Steel","floor":39},{"not_picked":["Secret Weapon","Forethought"],"picked":"Swift Strike","floor":39},{"not_picked":["Purity","Forethought"],"picked":"Bandage Up","floor":39},{"not_picked":["All Out Attack+1","Dodge and Roll+1"],"picked":"Blade Dance+1","floor":41},{"not_picked":["Backflip+1","Backstab","Deadly Poison+1","Dagger Throw"],"picked":"SKIP","floor":44},{"not_picked":["Blade Dance+1","Eviscerate+1","Bouncing Flask+1","Flechettes+1"],"picked":"Singing Bowl","floor":45},{"not_picked":["Deadly Poison+1","Dagger Spray+1","Dodge and Roll+1"],"picked":"Cloak And Dagger+1","floor":47},{"not_picked":["Underhanded Strike+1","Bouncing Flask","Prepared","Tactician+1"],"picked":"Singing Bowl","floor":54}],"player_experience":1049394,"relics_obtained":[{"floor":6.0,"key":"Centennial Puzzle"},{"floor":8.0,"key":"Snake Skull"},{"floor":14.0,"key":"Oddly Smooth Stone"},{"floor":25.0,"key":"Blood Vial"},{"floor":26.0,"key":"Paper Crane"},{"floor":27.0,"key":"Pen Nib"},{"floor":31,"key":"InkBottle"},{"floor":41,"key":"Orichalcum"},{"floor":41,"key":"Blue Candle"},{"floor":43,"key":"Question Card"},{"floor":45,"key":"Singing Bowl"},{"floor":45,"key":"Lizard Tail"},{"floor":47,"key":"Omamori"},{"floor":47,"key":"Gambling Chip"},{"floor":54,"key":"Boot"},{"floor":54,"key":"Bag of Preparation"}],"event_choices":[{"cards_removed":["Strike_G"],"damage_healed":0.0,"max_hp_gain":0.0,"max_hp_loss":0.0,"gold_gain":0.0,"event_name":"Golden Wing","player_choice":"Card Removal","floor":5.0,"gold_loss":0.0,"damage_taken":7.0},{"damage_healed":0.0,"max_hp_gain":5.0,"max_hp_loss":0.0,"gold_gain":0.0,"event_name":"Forgotten Altar","player_choice":"Shed Blood","floor":19.0,"gold_loss":0.0,"damage_taken":18.0},{"damage_healed":0.0,"max_hp_gain":0.0,"max_hp_loss":0.0,"gold_gain":0.0,"event_name":"Vampires","player_choice":"Ignored","floor":20.0,"gold_loss":0.0,"damage_taken":0.0},{"damage_healed":0.0,"max_hp_gain":0.0,"max_hp_loss":0.0,"gold_gain":0.0,"event_name":"The Mausoleum","player_choice":"Ignored","floor":21.0,"gold_loss":0.0,"damage_taken":0.0},{"damage_healed":0,"gold_gain":0,"player_choice":"Inject Mutagens","damage_taken":0,"relics_obtained":["MutagenicStrength"],"max_hp_gain":0,"max_hp_loss":0,"event_name":"Drug Dealer","floor":28,"gold_loss":0},{"cards_removed":["Strike_G"],"damage_healed":0,"gold_gain":0,"player_choice":"Offered Basic","damage_taken":0,"max_hp_gain":0,"max_hp_loss":0,"event_name":"Bonfire Elementals","floor":29,"gold_loss":0},{"damage_healed":0,"gold_gain":0,"cards_transformed":["Defend_G"],"player_choice":"Transformed","damage_taken":0,"max_hp_gain":0,"max_hp_loss":0,"event_name":"Transmorgrifier","floor":36,"gold_loss":0,"cards_obtained":["Malaise"]},{"damage_healed":0,"gold_gain":0,"player_choice":"Memory 3","damage_taken":10,"max_hp_gain":0,"max_hp_loss":0,"event_name":"SensoryStone","floor":39,"gold_loss":0},{"damage_healed":0,"gold_gain":0,"player_choice":"Ignored","damage_taken":0,"max_hp_gain":0,"max_hp_loss":0,"event_name":"Tomb of Lord Red Mask","floor":46,"gold_loss":0}],"is_beta":false,"boss_relics":[{"not_picked":["HoveringKite","Astrolabe"],"picked":"WristBlade"},{"not_picked":["Busted Crown","Runic Pyramid"],"picked":"Black Star"}],"items_purged_floors":[7,11,22,48],"is_endless":false,"potions_floor_spawned":[2,4,6,12,13,14,23,25,27,31,37,41,44,47],"ascension_level":1}}