{"host":"Ruben","time":1610831266,"event":{"mods":["AchievementEnabler","Aspiration","BaseMod","Better Altar","Better Match","Better Note","Better Sensory Stone","Better Skull","Better Third Choice","BetterRewards","Colored Map","Conspire","Downfall","GifTheSpireLib","Googly Eyes","Highlight Path","Hubris","Minty Spire (QoL Compilation)","Permanent Neow","Shop Mod","Spicy Shops","StSLib","Stuff the Spire","The IronCluck","everything is the same but u backflip on backflip","slay the spire mod where everything is the same but ironclad has a cowboy hat"],"gold_per_floor":[110,35,35,47,57,57,87,102,102,102,112,112,140,1,1,96,96,110,10,22,40,40,72,72,103,103,121,121,121,121,133,133,237,237,256,194,211,221,271,298,298,311,357,357,391,463,481,514,514,514,514,514,63,88,88,88],"floor_reached":55,"language":"ENG","playtime":5172,"items_purged":["Defend_R","Strike_R","Strike_R","Bash"],"score":924,"play_id":"cf595c86-8732-4e3e-808f-621cc98d06cd","local_time":"20210116220746","is_ascension_mode":true,"campfire_choices":[{"data":"StuffTheSpire:Innocence","floor":6.0,"key":"SMITH"},{"data":"Body Slam","floor":10.0,"key":"SMITH"},{"data":"Entrench","floor":12.0,"key":"SMITH"},{"data":"Armaments","floor":15.0,"key":"SMITH"},{"floor":24.0,"key":"REST"},{"floor":29.0,"key":"REST"},{"floor":32.0,"key":"RECALL"},{"floor":44,"key":"REST"},{"data":"Body Slam","floor":49,"key":"SMITH"},{"data":"Prepared","floor":52,"key":"SMITH"}],"circlet_count":0,"master_deck":["Strike_R","Defend_R","Defend_R","Defend_R","Armaments+1","StuffTheSpire:Innocence+1","Sword Boomerang","Clash","Body Slam+1","Entrench+1","Berserk","Body Slam+1","Clash","Armaments","Metallicize+1","Body Slam+1","Ghostly Armor","Prepared+1","Warcry","Backflip+1","Backflip+1","Iron Wave+1","Footwork+1","Deflect","hubris:ReadiedAction"],"relics":["Burning Blood","Red Skull","aspiration:FrozenJewel","hubris:OldNail","Dream Catcher","hubris:BottledRain","Empty Cage","CultistMask","hubris:ToyBattleship","Frozen Egg 2","hubris:IronBody","aspiration:SilentSkillbook","StuffTheSpire:NeowsTribute","Unceasing Top","Regal Pillow","Pear","StuffTheSpire:HeavyRock","Medical Kit","Oddly Smooth Stone"],"acts_visited":["Exordium","TheCity","TheBeyond","TheEnding"],"potions_floor_usage":[40,48],"damage_taken":[{"damage":1.0,"enemies":"Cultist","floor":1.0,"turns":3.0},{"damage":10.0,"enemies":"Jaw Worm","floor":4.0,"turns":4.0},{"damage":2.0,"enemies":"Small Slimes","floor":5.0,"turns":5.0},{"damage":25.0,"enemies":"Gremlin Nob","floor":7.0,"turns":4.0},{"damage":0.0,"enemies":"2 Fungi Beasts","floor":8.0,"turns":3.0},{"damage":0.0,"enemies":"Looter","floor":11.0,"turns":3.0},{"damage":7.0,"enemies":"3 Sentries","floor":13.0,"turns":8.0},{"damage":36.0,"enemies":"Hexaghost","floor":16.0,"turns":11.0},{"damage":0.0,"enemies":"Spheric Guardian","floor":18.0,"turns":3.0},{"damage":0.0,"enemies":"2 Thieves","floor":20.0,"turns":4.0},{"damage":21.0,"enemies":"Centurion and Healer","floor":21.0,"turns":3.0},{"damage":48.0,"enemies":"Gremlin Leader","floor":23.0,"turns":6.0},{"damage":0.0,"enemies":"Book of Stabbing","floor":25.0,"turns":5.0},{"damage":14.0,"enemies":"Sentry and Sphere","floor":27.0,"turns":7.0},{"damage":0.0,"enemies":"Snake Plant","floor":31.0,"turns":4.0},{"damage":5.0,"enemies":"Champ","floor":33.0,"turns":11.0},{"damage":0.0,"enemies":"3 Darklings","floor":35.0,"turns":7.0},{"damage":9,"enemies":"Orb Walker","floor":37,"turns":3},{"damage":22,"enemies":"Sphere and 2 Shapes","floor":38,"turns":10},{"damage":0,"enemies":"Mind Bloom Boss Battle","floor":39,"turns":4},{"damage":0,"enemies":"Reptomancer","floor":40,"turns":6},{"damage":28,"enemies":"Transient","floor":42,"turns":5},{"damage":0,"enemies":"Nemesis","floor":45,"turns":5},{"damage":0,"enemies":"Spire Growth","floor":47,"turns":4},{"damage":13,"enemies":"Giant Head","floor":48,"turns":8},{"damage":7,"enemies":"Donu and Deca","floor":50,"turns":8},{"damage":0,"enemies":"Shield and Spear","floor":54,"turns":5},{"damage":90,"enemies":"The Heart","floor":55,"turns":6}],"seed_played":"2002690131337527660","potions_obtained":[{"floor":1.0,"key":"BloodPotion"},{"floor":5.0,"key":"hexamod:SoulburnPotion"},{"floor":8.0,"key":"Swift Potion"},{"floor":11.0,"key":"hexamod:SoulburnPotion"},{"floor":21.0,"key":"champ:CounterPotion"},{"floor":25.0,"key":"Ancient Potion"},{"floor":27.0,"key":"DistilledChaos"},{"floor":30.0,"key":"Fire Potion"},{"floor":31.0,"key":"hexamod:SoulburnPotion"},{"floor":38,"key":"champ:CounterPotion"},{"floor":42,"key":"Swift Potion"},{"floor":54,"key":"sneckomod:MuddlingPotion"}],"is_trial":false,"path_per_floor":["M","$","?","M","M","R","E","M","T","R","M","R","E","?","R","B",null,"M","$","M","M","?","E","R","E","T","M","?","R","?","M","R","B",null,"M","$","M","M","?","E","?","M","T","R","E","T","M","E","R","B",null,"R","$","E","B"],"character_chosen":"IRONCLAD","items_purchased":["Ghostly Armor","Medical Kit","hubris:ReadiedAction"],"campfire_rested":3,"item_purchase_floors":[36,53,53],"current_hp_per_floor":[80,80,73,69,73,73,54,60,60,60,80,80,79,79,79,49,80,80,80,80,65,65,23,47,53,53,45,45,69,69,75,75,76,80,80,80,77,61,67,73,80,58,58,80,80,90,90,83,83,82,90,90,90,90,0,0],"gold":88,"neow_bonus":"RANDOM_COMMON_RELIC","is_daily":false,"chose_seed":false,"campfire_upgraded":6,"win_rate":0.0,"timestamp":1610831266,"path_taken":["M","$","?","M","M","R","E","M","T","R","M","R","E","?","R","BOSS","M","$","?","M","?","E","R","E","T","M","?","R","?","?","R","BOSS","M","$","M","M","?","E","?","M","T","R","E","?","M","E","R","BOSS","R","$","E","BOSS"],"items_purchased_type":["Card","Relic","Card"],"build_version":"2020-12-18","purchased_purges":4,"victory":false,"max_hp_per_floor":[80,80,80,80,80,80,80,80,80,80,80,80,80,80,80,80,80,80,80,80,80,80,80,80,80,80,80,80,80,80,80,80,80,80,80,80,80,80,80,80,80,80,80,80,80,90,90,90,90,90,90,90,90,90,90,90],"card_choices":[{"not_picked":["Pommel Strike","Battle Trance"],"picked":"Armaments","floor":1.0},{"not_picked":["Sever Soul","Anger"],"picked":"Sword Boomerang","floor":4.0},{"not_picked":["Headbutt","StuffTheSpire:Slingshot"],"picked":"Clash","floor":5.0},{"not_picked":["Metallicize","Pommel Strike"],"picked":"Body Slam","floor":7.0},{"not_picked":["Reckless Charge","Clothesline"],"picked":"Entrench","floor":8.0},{"not_picked":["Clothesline","Headbutt","Havoc"],"picked":"SKIP","floor":11.0},{"not_picked":["Twin Strike","Wild Strike","Pummel"],"picked":"SKIP","floor":13.0},{"not_picked":["Immolate","Fiend Fire"],"picked":"Berserk","floor":16.0},{"not_picked":["Pummel+1","Iron Wave"],"picked":"Body Slam","floor":18.0},{"not_picked":["Pommel Strike","Headbutt"],"picked":"Clash","floor":20.0},{"not_picked":["StuffTheSpire:RockThrow","Clash","StuffTheSpire:Slingshot"],"picked":"SKIP","floor":21.0},{"not_picked":["Combust","Pommel Strike","Bludgeon"],"picked":"SKIP","floor":23.0},{"not_picked":["Sword Boomerang+1","Twin Strike"],"picked":"Armaments","floor":25.0},{"not_picked":["True Grit","Anger","Headbutt"],"picked":"SKIP","floor":27.0},{"not_picked":["StuffTheSpire:RagingBull","Clash"],"picked":"Metallicize+1","floor":29.0},{"not_picked":["Burning Pact","Cleave","Havoc"],"picked":"SKIP","floor":31.0},{"not_picked":["Sword Boomerang+1","Uppercut","Armaments+1"],"picked":"Body Slam+1","floor":35.0},{"not_picked":["StuffTheSpire:ClusterCrunch+1","PiercingWail+1","conspire:Charge+1"],"picked":"Prepared","floor":37},{"not_picked":["StuffTheSpire:BumpUp","Pommel Strike","Wild Strike+1","Clash+1"],"picked":"SKIP","floor":38},{"not_picked":["conspire:Purge","Outmaneuver+1","Quick Slash"],"picked":"Warcry","floor":39},{"not_picked":["Venomology","Underhanded Strike+1","Slice"],"picked":"Backflip+1","floor":40},{"not_picked":["hubris:SharpeningStone+1","Heavy Blade+1","Second Wind+1"],"picked":"Backflip+1","floor":42},{"not_picked":["Combust+1","Riddle With Holes+1","Fire Breathing+1"],"picked":"Iron Wave+1","floor":44},{"not_picked":["Uppercut+1","Anger+1","Sever Soul","StuffTheSpire:RagingBull"],"picked":"SKIP","floor":45},{"not_picked":["Uppercut+1","Anger+1","Sever Soul","StuffTheSpire:RagingBull"],"picked":"SKIP","floor":45},{"not_picked":["Uppercut+1","Anger+1","Sever Soul","StuffTheSpire:RagingBull"],"picked":"SKIP","floor":45},{"not_picked":["Deadly Poison","Prepared+1","conspire:Charge"],"picked":"Footwork+1","floor":47},{"not_picked":["Blade Dance+1","Perfected Strike+1","Calculated Gamble+1"],"picked":"Deflect","floor":48},{"not_picked":["Doppelganger","Sentinel+1","Pommel Strike","Sword Boomerang+1"],"picked":"SKIP","floor":54}],"player_experience":294948,"relics_obtained":[{"floor":7.0,"key":"aspiration:FrozenJewel"},{"floor":9.0,"key":"hubris:OldNail"},{"floor":13.0,"key":"Dream Catcher"},{"floor":23.0,"key":"hubris:ToyBattleship"},{"floor":25.0,"key":"Frozen Egg 2"},{"floor":26.0,"key":"hubris:IronBody"},{"floor":39,"key":"StuffTheSpire:NeowsTribute"},{"floor":40,"key":"Unceasing Top"},{"floor":45,"key":"Regal Pillow"},{"floor":46,"key":"Pear"},{"floor":48,"key":"StuffTheSpire:HeavyRock"},{"floor":54,"key":"Oddly Smooth Stone"}],"event_choices":[{"damage_healed":0.0,"max_hp_gain":0.0,"max_hp_loss":0.0,"gold_gain":0.0,"event_name":"WeMeetAgain","player_choice":"Paid Gold","floor":14.0,"gold_loss":139.0,"damage_taken":0.0,"relics_obtained":["hubris:BottledRain"]},{"damage_healed":0.0,"max_hp_gain":0.0,"max_hp_loss":0.0,"gold_gain":0.0,"event_name":"FaceTrader","player_choice":"Trade","floor":22.0,"gold_loss":0.0,"damage_taken":0.0,"relics_obtained":["CultistMask"]},{"damage_healed":0.0,"max_hp_gain":0.0,"max_hp_loss":0.0,"gold_gain":0.0,"event_name":"The Woman in Blue","player_choice":"Bought 0 Potions","floor":28.0,"gold_loss":0.0,"damage_taken":0.0},{"damage_healed":0.0,"max_hp_gain":0.0,"max_hp_loss":0.0,"gold_gain":0.0,"event_name":"Lab","player_choice":"Got Potions","floor":30.0,"gold_loss":0.0,"damage_taken":0.0},{"damage_healed":0,"gold_gain":0,"player_choice":"Fight","damage_taken":0,"max_hp_gain":0,"max_hp_loss":0,"event_name":"MindBloom","floor":39,"gold_loss":0}],"is_beta":true,"boss_relics":[{"not_picked":["Black Blood","Sozu"],"picked":"Empty Cage"},{"not_picked":["hubris:HollowSoul","aspiration:SecretTechniqueScroll"],"picked":"aspiration:SilentSkillbook"}],"items_purged_floors":[2,19,53,53],"is_endless":false,"potions_floor_spawned":[1,5,8,11,21,25,27,31,38,42,54],"killed_by":"The Heart","ascension_level":1}}