{"host":"sc0o2qwpf9j16a4i","time":1610822044,"event":{"mods":["AchievementEnabler","BaseMod","BetterRewards","Block Reminder","Colored Map","Colored Powertips","Custom Start","Highlight Path","Minty Spire (QoL Compilation)","Relic Stats"],"gold_per_floor":[113,13,13,32,46,46,79,79,102,102,27,68,143,479,479,559,586,613,613,613],"floor_reached":19,"language":"ENG","playtime":462,"items_purged":["Strike_B","Strike_B"],"score":566,"play_id":"d1a0f3ce-9508-40ce-911c-38fb85ac7a2e","local_time":"20210116203404","is_ascension_mode":true,"campfire_choices":[{"data":"Defragment","floor":6,"key":"SMITH"},{"data":"Darkness","floor":8,"key":"SMITH"},{"floor":10,"key":"REST"},{"data":"Auto Shields","floor":15,"key":"SMITH"}],"circlet_count":0,"master_deck":["AscendersBane","Defend_B","Defend_B","Defend_B","Zap","Dualcast","Defragment+1","Ball Lightning","Auto Shields+1","Sweeping Beam","Cold Snap","Darkness+1","Electrodynamics","Static Discharge","Conserve Battery","Stack","Conserve Battery","Reboot","Biased Cognition+1","Darkness+1","FTL+1","Hologram"],"relics":["Cracked Core","Lantern","Regal Pillow","Bronze Scales","CeramicFish","Art of War","Old Coin","Astrolabe"],"acts_visited":["Exordium","TheCity"],"potions_floor_usage":[12,16,18,19],"damage_taken":[{"damage":0,"enemies":"Small Slimes","floor":1,"turns":3},{"damage":0,"enemies":"2 Louse","floor":4,"turns":3},{"damage":0,"enemies":"Jaw Worm","floor":5,"turns":2},{"damage":11,"enemies":"Lagavulin","floor":7,"turns":8},{"damage":3,"enemies":"3 Sentries","floor":12,"turns":3},{"damage":13,"enemies":"Lagavulin","floor":14,"turns":5},{"damage":11,"enemies":"Hexaghost","floor":16,"turns":7},{"damage":22,"enemies":"2 Thieves","floor":18,"turns":1},{"damage":56,"enemies":"Masked Bandits","floor":19,"turns":3}],"seed_played":"-4984557402359287661","potions_obtained":[{"floor":1,"key":"ColorlessPotion"},{"floor":7,"key":"Weak Potion"},{"floor":12,"key":"DistilledChaos"},{"floor":16,"key":"Swift Potion"}],"is_trial":false,"path_per_floor":["M","$","?","M","M","R","E","R","T","R","$","E","?","E","R","B",null,"M","?"],"character_chosen":"DEFECT","items_purchased":["Defragment","Lantern","Regal Pillow","Ball Lightning","Auto Shields","Static Discharge","Conserve Battery"],"campfire_rested":1,"item_purchase_floors":[0,0,0,0,0,11,11],"current_hp_per_floor":[45,45,45,45,45,45,34,34,34,70,70,67,56,43,43,32,61,39,0,0],"gold":613,"neow_bonus":"","is_daily":false,"chose_seed":false,"campfire_upgraded":3,"win_rate":0.0,"timestamp":1610822044,"path_taken":["M","$","?","M","M","R","E","R","T","R","$","E","?","E","R","BOSS","M","?"],"items_purchased_type":["Card","Relic","Relic","Card","Card","Card","Card"],"build_version":"2020-12-22","purchased_purges":2,"victory":false,"max_hp_per_floor":[71,71,71,71,71,71,71,71,71,71,71,71,71,71,71,71,71,71,71,71],"relic_stats":{"Regal Pillow":15,"counters":[24,102],"Bronze Scales":[70],"CeramicFish":81,"Astrolabe":["Biased Cognition","Darkness","FTL"],"Art of War":[61],"obtain_stats":[{"Ice Cream":0,"Lantern":0,"Regal Pillow":0,"CeramicFish":9,"Astrolabe":17,"Omamori":7,"Juzu Bracelet":26,"Cables":9,"Old Coin":14,"Sozu":17,"Bronze Scales":7,"MealTicket":11,"Art of War":12,"Kunai":24,"Cracked Core":0},{"Ice Cream":0,"Lantern":15,"Regal Pillow":15,"CeramicFish":19,"Astrolabe":22,"Omamori":5,"Juzu Bracelet":14,"Cables":6,"Old Coin":21,"Sozu":9,"Bronze Scales":19,"MealTicket":7,"Art of War":20,"Kunai":13,"Cracked Core":0},{"Ice Cream":0,"Lantern":67,"Regal Pillow":67,"CeramicFish":83,"Astrolabe":98,"Omamori":19,"Juzu Bracelet":66,"Cables":21,"Old Coin":91,"Sozu":36,"Bronze Scales":83,"MealTicket":26,"Art of War":86,"Kunai":59,"Cracked Core":0}]},"card_choices":[{"not_picked":["Stack","Steam"],"picked":"Sweeping Beam","floor":1},{"not_picked":["Chaos","Steam"],"picked":"Cold Snap","floor":4},{"not_picked":["Sweeping Beam","Streamline"],"picked":"Darkness","floor":5},{"not_picked":["Blizzard","Lockon"],"picked":"Electrodynamics","floor":7},{"not_picked":["Hyperbeam","Cold Snap"],"picked":"Stack","floor":12},{"not_picked":["Steam","Stack"],"picked":"Conserve Battery","floor":14},{"not_picked":["Hyperbeam","Machine Learning"],"picked":"Reboot","floor":16},{"not_picked":["Steam","Fusion"],"picked":"Hologram","floor":18}],"player_experience":671259,"relics_obtained":[{"floor":7,"key":"Bronze Scales"},{"floor":9,"key":"CeramicFish"},{"floor":12,"key":"Art of War"},{"floor":14,"key":"Old Coin"}],"event_choices":[{"damage_healed":0,"gold_gain":0,"player_choice":"Ignored","damage_taken":0,"max_hp_gain":0,"max_hp_loss":0,"event_name":"Liars Game","floor":3,"gold_loss":0},{"damage_healed":0,"gold_gain":75,"player_choice":"Gather Gold","damage_taken":11,"max_hp_gain":0,"max_hp_loss":0,"event_name":"World of Goop","floor":13,"gold_loss":0},{"damage_healed":0,"gold_gain":0,"player_choice":"Fought Bandits","damage_taken":0,"max_hp_gain":0,"max_hp_loss":0,"event_name":"Masked Bandits","floor":19,"gold_loss":0}],"is_beta":false,"boss_relics":[{"not_picked":["Black Star","Empty Cage"],"picked":"Astrolabe"}],"items_purged_floors":[0,2],"is_endless":false,"potions_floor_spawned":[1,7,12,16],"killed_by":"Masked Bandits","ascension_level":20}}