{"host":"w9yruvs4bqht6bhw","time":1610828718,"event":{"mods":["BaseMod","Colored Powertips","Minty Spire (QoL Compilation)"],"gold_per_floor":[115,115,115,130,148,148,223,236,288,288,326,326,27,102,102,232,232,255,255,255,180,201,201,222,235,235,235,266,44,44,64,64,192,192,213,22,355,655,665,696,714,749,749,7,7,22,22,72,72,72],"floor_reached":51,"language":"ENG","playtime":1681,"items_purged":["Strike_R"],"score":1254,"play_id":"494c02e9-4ddb-4a4e-8ef6-7c883048e764","local_time":"20210116152518","is_ascension_mode":true,"campfire_choices":[{"data":"Armaments","floor":6,"key":"SMITH"},{"floor":10,"key":"REST"},{"data":"Demon Form","floor":15,"key":"SMITH"},{"floor":23,"key":"REST"},{"floor":27,"key":"REST"},{"floor":30,"key":"REST"},{"floor":32,"key":"REST"},{"data":"Heavy Blade","floor":45,"key":"SMITH"},{"data":"Strike_R","floor":47,"key":"PURGE"},{"data":"Flame Barrier","floor":49,"key":"SMITH"}],"circlet_count":0,"master_deck":["AscendersBane","Strike_R","Strike_R","Defend_R+1","Defend_R","Defend_R","Bash","Clothesline","Armaments+1","Demon Form+1","Shrug It Off","RitualDagger","Disarm+1","Heavy Blade+1","Exhume+1","Reaper","Flame Barrier+1","Dramatic Entrance"],"relics":["Burning Blood","Potion Belt","Pen Nib","Toy Ornithopter","Dead Branch","Matryoshka","Velvet Choker","Bottled Tornado","Sundial","Peace Pipe","Coffee Dripper","War Paint","Ginger","Vajra","Ice Cream","Meat on the Bone","Pocketwatch","Toolbox","Unceasing Top"],"acts_visited":["Exordium","TheCity","TheBeyond"],"potions_floor_usage":[11,11,16,24,31,33,33,40,41,50,50,50],"damage_taken":[{"damage":11,"enemies":"2 Louse","floor":1,"turns":3},{"damage":4,"enemies":"Small Slimes","floor":4,"turns":4},{"damage":3,"enemies":"Jaw Worm","floor":5,"turns":5},{"damage":11,"enemies":"Looter","floor":8,"turns":5},{"damage":20,"enemies":"3 Sentries","floor":11,"turns":6},{"damage":7,"enemies":"The Guardian","floor":16,"turns":6},{"damage":28,"enemies":"Spheric Guardian","floor":18,"turns":4},{"damage":27,"enemies":"Shell Parasite","floor":22,"turns":6},{"damage":9,"enemies":"Snecko","floor":24,"turns":4},{"damage":30,"enemies":"Centurion and Healer","floor":25,"turns":5},{"damage":62,"enemies":"Slavers","floor":28,"turns":6},{"damage":7,"enemies":"Chosen and Byrds","floor":31,"turns":5},{"damage":20,"enemies":"Champ","floor":33,"turns":6},{"damage":23,"enemies":"3 Darklings","floor":35,"turns":7},{"damage":10,"enemies":"Orb Walker","floor":39,"turns":4},{"damage":2,"enemies":"Nemesis","floor":40,"turns":7},{"damage":26,"enemies":"4 Shapes","floor":41,"turns":4},{"damage":43,"enemies":"Giant Head","floor":42,"turns":7},{"damage":8,"enemies":"Jaw Worm Horde","floor":46,"turns":3},{"damage":0,"enemies":"Mind Bloom Boss Battle","floor":48,"turns":3},{"damage":60,"enemies":"Awakened One","floor":50,"turns":10}],"seed_played":"5637188828979269243","potions_obtained":[{"floor":0,"key":"Explosive Potion"},{"floor":0,"key":"DuplicationPotion"},{"floor":5,"key":"Fire Potion"},{"floor":8,"key":"Dexterity Potion"},{"floor":16,"key":"SteroidPotion"},{"floor":22,"key":"Strength Potion"},{"floor":24,"key":"BloodPotion"},{"floor":39,"key":"PowerPotion"},{"floor":42,"key":"EssenceOfSteel"}],"is_trial":false,"path_per_floor":["M","?","?","M","M","R","?","M","T","R","E","?","$","T","R","B",null,"M","?","?","?","M","R","M","M","T","R","E","$","R","M","R","B",null,"M","$","?","?","M","E","M","E","T","$","R","M","R","?","R","B",null],"character_chosen":"IRONCLAD","items_purchased":["Dead Branch","FairyPotion","Energy Potion","Block Potion","AttackPotion","Dramatic Entrance","AttackPotion","Meat on the Bone","Pocketwatch","Toolbox"],"campfire_rested":5,"item_purchase_floors":[13,29,29,36,36,36,44,44,44,44],"current_hp_per_floor":[67,67,55,57,60,60,49,44,44,66,52,57,57,57,57,61,75,53,47,47,47,26,49,66,42,42,65,9,9,32,36,59,55,73,79,79,79,79,75,79,59,79,79,79,79,77,77,79,79,54],"gold":72,"neow_bonus":"THREE_SMALL_POTIONS","is_daily":false,"chose_seed":false,"campfire_upgraded":4,"win_rate":0.0,"timestamp":1610828718,"path_taken":["M","?","?","M","M","R","?","M","T","R","E","?","?","?","R","BOSS","M","?","?","?","M","R","M","?","T","R","E","$","R","M","R","BOSS","M","$","?","?","M","E","M","E","T","$","R","?","R","?","R","BOSS"],"items_purchased_type":["Relic","Potion","Potion","Potion","Potion","Card","Potion","Relic","Relic","Relic"],"build_version":"2020-12-22","purchased_purges":1,"victory":true,"max_hp_per_floor":[80,74,74,74,74,74,74,74,74,74,74,79,79,79,79,79,79,79,79,79,79,79,79,79,79,79,79,79,79,79,79,79,79,79,79,79,79,79,79,79,79,79,79,79,79,79,79,79,79,79],"card_choices":[{"not_picked":["Entrench","Sentinel"],"picked":"Clothesline","floor":1},{"not_picked":["Twin Strike","Flex"],"picked":"Armaments","floor":4},{"not_picked":["Evolve","Metallicize","Armaments"],"picked":"SKIP","floor":5},{"not_picked":["Searing Blow","Rupture","Feel No Pain"],"picked":"SKIP","floor":8},{"not_picked":["Second Wind","Headbutt"],"picked":"Demon Form","floor":11},{"not_picked":["Searing Blow","Havoc"],"picked":"Shrug It Off","floor":18},{"not_picked":["Metallicize+1","Rampage"],"picked":"Disarm+1","floor":22},{"not_picked":["Armaments+1","Anger"],"picked":"Heavy Blade","floor":24},{"not_picked":["Warcry+1","Reckless Charge","Immolate"],"picked":"SKIP","floor":25},{"not_picked":["Twin Strike","Headbutt"],"picked":"Exhume","floor":28},{"not_picked":["Second Wind","Thunderclap+1","Pommel Strike"],"picked":"SKIP","floor":31},{"not_picked":["Immolate","Fiend Fire"],"picked":"Reaper","floor":33},{"not_picked":["Inflame+1","Bloodletting+1"],"picked":"Flame Barrier","floor":35},{"not_picked":["Twin Strike+1","Whirlwind","Warcry+1"],"picked":"SKIP","floor":39},{"not_picked":["Twin Strike+1","Whirlwind","Warcry+1"],"picked":"SKIP","floor":39},{"not_picked":["Cleave","Fiend Fire","Blood for Blood"],"picked":"SKIP","floor":40},{"not_picked":["True Grit","Pommel Strike","Uppercut+1"],"picked":"SKIP","floor":41},{"not_picked":["Seeing Red","Rampage","True Grit+1"],"picked":"SKIP","floor":42},{"not_picked":["Dark Embrace","Iron Wave","Body Slam"],"picked":"SKIP","floor":46}],"player_experience":406718,"relics_obtained":[{"floor":9,"key":"Pen Nib"},{"floor":11,"key":"Toy Ornithopter"},{"floor":14,"key":"Matryoshka"},{"floor":26,"key":"Bottled Tornado"},{"floor":26,"key":"Sundial"},{"floor":28,"key":"Peace Pipe"},{"floor":40,"key":"War Paint"},{"floor":42,"key":"Ginger"},{"floor":43,"key":"Vajra"},{"floor":43,"key":"Ice Cream"},{"floor":48,"key":"Unceasing Top"}],"event_choices":[{"damage_healed":0,"gold_gain":0,"player_choice":"Lose Max HP","damage_taken":0,"relics_obtained":["Golden Idol"],"max_hp_gain":0,"max_hp_loss":6,"event_name":"Golden Idol","floor":2,"gold_loss":0},{"damage_healed":0,"gold_gain":0,"player_choice":"Success","damage_taken":12,"relics_obtained":["Potion Belt"],"max_hp_gain":0,"max_hp_loss":0,"event_name":"Scrap Ooze","floor":3,"gold_loss":0},{"damage_healed":0,"gold_gain":75,"player_choice":"Gather Gold","damage_taken":11,"max_hp_gain":0,"max_hp_loss":0,"event_name":"World of Goop","floor":7,"gold_loss":0},{"damage_healed":0,"gold_gain":0,"player_choice":"Donut","damage_taken":0,"max_hp_gain":5,"max_hp_loss":0,"event_name":"Big Fish","floor":12,"gold_loss":0},{"damage_healed":0,"gold_gain":0,"player_choice":"Joined the Cult","damage_taken":6,"max_hp_gain":0,"max_hp_loss":0,"event_name":"Nest","floor":19,"gold_loss":0,"cards_obtained":["RitualDagger"]},{"cards_removed":["Strike_R"],"damage_healed":0,"gold_gain":0,"player_choice":"Elegance","damage_taken":0,"max_hp_gain":0,"max_hp_loss":0,"event_name":"Back to Basics","floor":20,"gold_loss":0},{"cards_removed":["Defend_R"],"damage_healed":0,"gold_gain":0,"player_choice":"Gave Gold","damage_taken":0,"max_hp_gain":0,"max_hp_loss":0,"event_name":"Beggar","floor":21,"gold_loss":75},{"damage_healed":0,"gold_gain":333,"player_choice":"Gave Idol","damage_taken":0,"max_hp_gain":0,"max_hp_loss":0,"event_name":"The Moai Head","floor":37,"relics_lost":["Golden Idol"],"gold_loss":0},{"damage_healed":0,"gold_gain":300,"player_choice":"Gold","damage_taken":0,"max_hp_gain":0,"max_hp_loss":0,"event_name":"Wheel of Change","floor":38,"gold_loss":0},{"damage_healed":0,"gold_gain":0,"player_choice":"Fight","damage_taken":0,"max_hp_gain":0,"max_hp_loss":0,"event_name":"MindBloom","floor":48,"gold_loss":0}],"is_beta":false,"boss_relics":[{"not_picked":["Astrolabe","Cursed Key"],"picked":"Velvet Choker"},{"not_picked":["Calling Bell","Runic Dome"],"picked":"Coffee Dripper"}],"items_purged_floors":[29],"is_endless":false,"potions_floor_spawned":[5,8,16,22,24,39,42,46],"ascension_level":11}}