{"host":"0997y4wz57mwz0jp","time":1610785902,"event":{"mods":["2.2 Compatiblity","AchievementEnabler","BaseMod","Hermit","Marisa£¨Ùöéë¡¡Øª×âÞÞ£©","Minty Spire (QoL Compilation)","StSLib","The Cursed"],"gold_per_floor":[118,134,209,209,18,18,47,47,47,76,96,109,59,74,74,171,171,185,185,40,57,68,93,93,128,128,153,165,192,204,236,248,356,368,392,404,416,416],"floor_reached":37,"language":"KOR","playtime":2857,"items_purged":[],"score":517,"play_id":"2fe9cd1e-8b42-489d-af7e-d52476cc957b","local_time":"20210116173142","is_ascension_mode":false,"campfire_choices":[{"data":"TheCursedMod:CursedRelics","floor":6.0,"key":"SMITH"},{"data":"TheCursedMod:Stigma","floor":8.0,"key":"SMITH"},{"data":"TheCursedMod:Torture","floor":15.0,"key":"SMITH"},{"floor":28.0,"key":"REST"},{"floor":30.0,"key":"REST"},{"floor":32.0,"key":"REST"}],"circlet_count":0,"master_deck":["TheCursedMod:Strike_TheCursed","TheCursedMod:Strike_TheCursed","TheCursedMod:Strike_TheCursed","TheCursedMod:Strike_TheCursed","TheCursedMod:Defend_TheCursed","TheCursedMod:Defend_TheCursed","TheCursedMod:Defend_TheCursed","TheCursedMod:Defend_TheCursed","TheCursedMod:CursedWand","TheCursedMod:CleanUpWorkshop","TheCursedMod:Dregs","TheCursedMod:Obscuration","TheCursedMod:CursedRelics+1","TheCursedMod:CursedStaff","TheCursedMod:Stigma+1","TheCursedMod:Stretching","TheCursedMod:CircleOfFlame","TheCursedMod:Torture+1","TheCursedMod:Wield","TheCursedMod:OutForBlood","CurseOfTheBell","TheCursedMod:CircleOfCorruption+1","Impatience","TheCursedMod:Torture+1","TheCursedMod:SpitefulPlan","TheCursedMod:WearCloak+1","TheCursedMod:SoulCrush","TheCursedMod:ReleasedStrength","TheCursedMod:SmokeScreen","TheCursedMod:CursedShiv+1","TheCursedMod:DemonSword+1","TheCursedMod:RapidMovement+1"],"relics":["TheCursedMod:BlackMagic101","NeowsBlessing","ClockworkSouvenir","Blue Candle","Art of War","Lantern","Calling Bell","Pen Nib","Mercury Hourglass","Bird Faced Urn","DollysMirror","Bottled Tornado","Pear","Ancient Tea Set","Molten Egg 2","MawBank","TheCursedMod:OminousMark"],"acts_visited":["Exordium","TheCity","TheBeyond"],"potions_floor_usage":[37,37],"damage_taken":[{"damage":0.0,"enemies":"Cultist","floor":1.0,"turns":1.0},{"damage":0.0,"enemies":"Small Slimes","floor":2.0,"turns":1.0},{"damage":0.0,"enemies":"Lagavulin","floor":7.0,"turns":1.0},{"damage":0.0,"enemies":"Gremlin Nob","floor":10.0,"turns":3.0},{"damage":0.0,"enemies":"2 Louse","floor":11.0,"turns":2.0},{"damage":12.0,"enemies":"Exordium Thugs","floor":12.0,"turns":5.0},{"damage":0.0,"enemies":"Lots of Slimes","floor":14.0,"turns":2.0},{"damage":13.0,"enemies":"The Guardian","floor":16.0,"turns":8.0},{"damage":2.0,"enemies":"2 Thieves","floor":18.0,"turns":3.0},{"damage":10.0,"enemies":"Chosen","floor":21.0,"turns":2.0},{"damage":8.0,"enemies":"3 Cultists","floor":22.0,"turns":3.0},{"damage":24.0,"enemies":"Book of Stabbing","floor":23.0,"turns":4.0},{"damage":24.0,"enemies":"Slavers","floor":25.0,"turns":4.0},{"damage":9.0,"enemies":"Cultist and Chosen","floor":29.0,"turns":6.0},{"damage":21.0,"enemies":"Sentry and Sphere","floor":31.0,"turns":5.0},{"damage":41.0,"enemies":"Automaton","floor":33.0,"turns":10.0},{"damage":10.0,"enemies":"Orb Walker","floor":35.0,"turns":2.0},{"damage":91,"enemies":"Orin","floor":37,"turns":7}],"seed_played":"879435744825145826","potions_obtained":[{"floor":4.0,"key":"Block Potion"},{"floor":4.0,"key":"DistilledChaos"},{"floor":4.0,"key":"Fruit Juice"},{"floor":10.0,"key":"SteroidPotion"},{"floor":11.0,"key":"EssenceOfSteel"},{"floor":16.0,"key":"Strength Potion"},{"floor":21.0,"key":"FearPotion"},{"floor":22.0,"key":"SteroidPotion"},{"floor":23.0,"key":"Energy Potion"},{"floor":33.0,"key":"GamblersBrew"},{"floor":35.0,"key":"DuplicationPotion"}],"is_trial":false,"path_per_floor":["M","M","?","?","$","R","E","R","T","E","M","M","$","M","R","B",null,"M","?","$","M","M","E","?","E","T","T","R","M","R","M","R","B",null,"M","?","?"],"character_chosen":"THE_CURSED","items_purchased":["ClockworkSouvenir","TheCursedMod:CursedStaff","TheCursedMod:Torture","DollysMirror"],"campfire_rested":3,"item_purchase_floors":[5,5,13,20],"current_hp_per_floor":[75,75,64,69,69,69,69,69,69,69,69,57,57,57,57,44,80,78,78,78,70,62,42,52,30,30,30,57,52,79,62,89,51,90,80,80,0,0],"gold":416,"neow_bonus":"THREE_ENEMY_KILL","is_daily":false,"chose_seed":false,"campfire_upgraded":3,"win_rate":0.0,"timestamp":1610785902,"path_taken":["M","?","?","?","$","R","E","R","T","E","M","?","?","M","R","BOSS","M","?","?","?","M","E","?","E","T","?","R","M","R","M","R","BOSS","M","?","?"],"items_purchased_type":["Relic","Card","Card","Relic"],"build_version":"2020-12-22","purchased_purges":0,"victory":false,"max_hp_per_floor":[75,75,75,80,80,80,80,80,80,80,80,80,80,80,80,80,80,80,80,80,80,80,80,90,90,90,90,90,90,90,90,90,90,90,90,90,90,90],"card_choices":[{"not_picked":["TheCursedMod:WearCloak","TheCursedMod:VitalStrike"],"picked":"TheCursedMod:Obscuration","floor":1.0},{"not_picked":["TheCursedMod:CursedAmulet","TheCursedMod:CircleOfBlood"],"picked":"TheCursedMod:CursedRelics","floor":2.0},{"not_picked":["TheCursedMod:Neurasthenia","TheCursedMod:FleshFromBone"],"picked":"TheCursedMod:Stigma","floor":7.0},{"not_picked":["TheCursedMod:AshesToAshes","TheCursedMod:ManaCirculation"],"picked":"TheCursedMod:Stretching","floor":10.0},{"not_picked":["TheCursedMod:VitalStrike","TheCursedMod:CursedAmulet"],"picked":"TheCursedMod:WearCloak","floor":11.0},{"not_picked":["TheCursedMod:RapidMovement","TheCursedMod:BlessingInDisguise"],"picked":"TheCursedMod:CircleOfFlame","floor":12.0},{"not_picked":["TheCursedMod:CursedAmulet","TheCursedMod:CursedBlade"],"picked":"TheCursedMod:Wield","floor":14.0},{"not_picked":["TheCursedMod:AntiAging","TheCursedMod:ForbiddenAlchemy"],"picked":"TheCursedMod:OutForBlood","floor":16.0},{"not_picked":["TheCursedMod:TroublousMinions","TheCursedMod:TacticalStrike+1"],"picked":"TheCursedMod:CircleOfCorruption+1","floor":18.0},{"not_picked":["TheCursedMod:RavingStaff","TheCursedMod:RapidMovement+1"],"picked":"TheCursedMod:SpitefulPlan","floor":21.0},{"not_picked":["TheCursedMod:PrepareRite","TheCursedMod:CircleOfCorruption"],"picked":"TheCursedMod:WearCloak+1","floor":22.0},{"not_picked":["TheCursedMod:CursedBlade+1","TheCursedMod:CircleOfWindfury"],"picked":"TheCursedMod:SoulCrush","floor":23.0},{"not_picked":["TheCursedMod:SpitefulPlan","TheCursedMod:CircleOfCorruption"],"picked":"TheCursedMod:ReleasedStrength","floor":25.0},{"not_picked":["TheCursedMod:SurpriseAttack+1","TheCursedMod:Wield+1"],"picked":"TheCursedMod:SmokeScreen","floor":29.0},{"not_picked":["TheCursedMod:VitalStrike+1","TheCursedMod:SpitefulStrike+1"],"picked":"TheCursedMod:CursedShiv+1","floor":31.0},{"not_picked":["TheCursedMod:CursedRelics+1","TheCursedMod:ForbiddenAlchemy"],"picked":"TheCursedMod:DemonSword+1","floor":33.0},{"not_picked":["TheCursedMod:BlessingInDisguise+1","TheCursedMod:SpitefulStrike+1"],"picked":"TheCursedMod:RapidMovement+1","floor":35.0}],"player_experience":94210,"relics_obtained":[{"floor":7.0,"key":"Blue Candle"},{"floor":9.0,"key":"Art of War"},{"floor":10.0,"key":"Lantern"},{"floor":17.0,"key":"Pen Nib"},{"floor":17.0,"key":"Mercury Hourglass"},{"floor":17.0,"key":"Bird Faced Urn"},{"floor":23.0,"key":"Bottled Tornado"},{"floor":25.0,"key":"Ancient Tea Set"},{"floor":26.0,"key":"Molten Egg 2"},{"floor":27.0,"key":"MawBank"}],"event_choices":[{"damage_healed":0.0,"max_hp_gain":0.0,"max_hp_loss":0.0,"gold_gain":75.0,"event_name":"World of Goop","player_choice":"Gather Gold","floor":3.0,"gold_loss":0.0,"damage_taken":11.0},{"damage_healed":0.0,"max_hp_gain":0.0,"max_hp_loss":0.0,"gold_gain":0.0,"event_name":"Lab","player_choice":"Got Potions","floor":4.0,"gold_loss":0.0,"damage_taken":0.0},{"damage_healed":0.0,"max_hp_gain":0.0,"max_hp_loss":0.0,"gold_gain":0.0,"event_name":"Match and Keep!","player_choice":"1 cards matched","floor":19.0,"gold_loss":0.0,"damage_taken":0.0,"cards_obtained":["Impatience"]},{"damage_healed":0.0,"max_hp_gain":0.0,"max_hp_loss":0.0,"gold_gain":0.0,"event_name":"The Mausoleum","player_choice":"Opened","floor":24.0,"gold_loss":0.0,"damage_taken":0.0,"relics_obtained":["Pear"]},{"cards_removed":["TheCursedMod:WearCloak"],"damage_healed":0.0,"max_hp_gain":0.0,"max_hp_loss":0.0,"gold_gain":0.0,"event_name":"Falling","player_choice":"Removed Skill","floor":36.0,"gold_loss":0.0,"damage_taken":0.0},{"damage_healed":0,"gold_gain":0,"player_choice":"Fight","damage_taken":0,"max_hp_gain":0,"max_hp_loss":0,"event_name":"OrinTheCat","floor":37,"gold_loss":0}],"is_beta":false,"boss_relics":[{"not_picked":["Tiny House","Velvet Choker"],"picked":"Calling Bell"},{"not_picked":["Sozu","Coffee Dripper"],"picked":"TheCursedMod:OminousMark"}],"items_purged_floors":[],"is_endless":false,"potions_floor_spawned":[10,11,16,21,22,23,33,35],"killed_by":"Orin","ascension_level":0}}