{"host":"xkmvu47k9fdstweo","time":1610776920,"event":{"mods":["BaseMod","Colored Map","Conspire","Hubris","Minty Spire (QoL Compilation)","Quick Restart","Railgun Mod","Shop Mod","StSLib","The Alterego","The Animator","The Servant 0.9.4","The Wild Card","TheBandit","WarShipGirlsR/??è≠èóR mod","vexMod"],"gold_per_floor":[116,116,141,159,159,159,190,190,190,208,208,221,229,229,229,329,329,348,361,47,47,47,47,47,74,74,96,128,128],"floor_reached":28,"language":"ENG","playtime":1426,"items_purged":["animator:Strike"],"score":282,"play_id":"9eeef2f5-5902-47cd-8d80-2068b789a47b","local_time":"20210116010200","is_ascension_mode":true,"campfire_choices":[{"data":"animator:Millim","floor":6.0,"key":"SMITH"},{"floor":8.0,"key":"REST"},{"data":"animator:Emonzaemon","floor":11.0,"key":"SMITH"},{"floor":15.0,"key":"REST"},{"floor":23.0,"key":"REST"}],"circlet_count":0,"master_deck":["animator:Strike_Katanagatari+1","animator:Defend_Katanagatari","animator:Strike+1","animator:Defend","animator:Defend","animator:Defend","animator:Azekura","animator:Emonzaemon+1","animator:Hans+1","animator:Raven","animator:Mitsurugi","animator:Millim+1","animator:Sonic","animator:Yoichi","animator:SilverFang","animator:Kaijin","animator:Boros","animator:Geryuganshoop","animator:Mitsurugi","animator:Sonic","animator:Melzalgald","animator:ElricEdward"],"relics":["animator:LivingPicture","animator:TheMissingPiece","animator:PurgingStone","hubris:Icosahedron","vexMod:ScavengeHelm","Boot","hubris:SlimyHat","Busted Crown","Philosopher\u0027s Stone","HornCleat","Enchiridion","Bag of Preparation","Vajra","vexMod:BarristanHead"],"acts_visited":["Exordium","TheCity"],"potions_floor_usage":[],"damage_taken":[{"damage":17.0,"enemies":"Jaw Worm","floor":1.0,"turns":6.0},{"damage":0.0,"enemies":"2 Louse","floor":3.0,"turns":4.0},{"damage":1.0,"enemies":"conspire:RoseBush","floor":4.0,"turns":5.0},{"damage":10.0,"enemies":"Gremlin Nob","floor":7.0,"turns":4.0},{"damage":10.0,"enemies":"Large Slime","floor":10.0,"turns":5.0},{"damage":4.0,"enemies":"Red Slaver","floor":12.0,"turns":6.0},{"damage":9.0,"enemies":"Lagavulin Event","floor":13.0,"turns":6.0},{"damage":26.0,"enemies":"Slime Boss","floor":16.0,"turns":9.0},{"damage":3.0,"enemies":"3 Byrds","floor":18.0,"turns":4.0},{"damage":27.0,"enemies":"Spheric Guardian","floor":19.0,"turns":5.0},{"damage":4.0,"enemies":"Book of Stabbing","floor":25.0,"turns":5.0},{"damage":0.0,"enemies":"Snecko","floor":27.0,"turns":3.0},{"damage":10.0,"enemies":"conspire:SneckoGhost","floor":28.0,"turns":6.0}],"seed_played":"-1439319458504635360","potions_obtained":[{"floor":3.0,"key":"Energy Potion"},{"floor":4.0,"key":"EssenceOfSteel"},{"floor":12.0,"key":"EssenceOfSteel"},{"floor":16.0,"key":"DistilledChaos"},{"floor":18.0,"key":"BlessingOfTheForge"},{"floor":19.0,"key":"PowerPotion"},{"floor":25.0,"key":"SteroidPotion"},{"floor":28,"key":"Energy Potion"}],"is_trial":false,"path_per_floor":["M","?","M","M","?","R","E","R","T","M","R","M","?","?","R","B",null,"M","M","$","?","?","R","?","E","T","M","E"],"character_chosen":"THE_ANIMATOR","items_purchased":["HornCleat"],"campfire_rested":3,"item_purchase_floors":[20],"current_hp_per_floor":[49,36,36,35,35,35,25,44,44,34,34,30,21,21,40,40,66,66,19,19,22,6,15,15,16,16,16,6,6],"gold":128,"neow_bonus":"ONE_RANDOM_RARE_CARD","is_daily":false,"chose_seed":false,"campfire_upgraded":2,"win_rate":0.0,"timestamp":1610776920,"path_taken":["M","?","M","M","?","R","E","R","T","M","R","M","?","?","R","BOSS","M","M","$","?","?","R","?","E","T","?","E"],"items_purchased_type":["Relic"],"build_version":"2020-12-22","purchased_purges":1,"victory":false,"max_hp_per_floor":[66,66,66,66,66,66,66,66,66,66,66,66,66,66,66,66,66,66,33,33,33,33,33,33,33,33,33,33,33],"card_choices":[{"not_picked":["animator:Aqua","animator:GuildGirl"],"picked":"animator:Raven","floor":1.0},{"not_picked":["animator:Emonzaemon","animator:Souei"],"picked":"animator:Mitsurugi","floor":3.0},{"not_picked":["animator:Hakurou","animator:Assassin"],"picked":"animator:Millim","floor":4.0},{"not_picked":["animator:Tatsumaki","animator:Genos"],"picked":"animator:Sonic","floor":7.0},{"not_picked":["animator:Illya","animator:Mitsurugi"],"picked":"animator:Yoichi","floor":10.0},{"not_picked":["animator:Genos","animator:Azekura"],"picked":"animator:SilverFang","floor":12.0},{"not_picked":["animator:Elsword","animator:Vanir"],"picked":"animator:Kaijin","floor":13.0},{"not_picked":["animator:HigakiRinne","animator:Eris"],"picked":"animator:Boros","floor":16.0},{"not_picked":[],"picked":"animator:Geryuganshoop","floor":18.0},{"not_picked":[],"picked":"animator:Mitsurugi","floor":19.0},{"not_picked":[],"picked":"animator:Melzalgald","floor":25.0},{"not_picked":[],"picked":"animator:ElricEdward","floor":27.0}],"player_experience":346616,"relics_obtained":[{"floor":7.0,"key":"vexMod:ScavengeHelm"},{"floor":9.0,"key":"Boot"},{"floor":22.0,"key":"Enchiridion"},{"floor":25.0,"key":"Bag of Preparation"},{"floor":26.0,"key":"Vajra"},{"floor":28,"key":"vexMod:BarristanHead"}],"event_choices":[{"damage_healed":0.0,"max_hp_gain":0.0,"max_hp_loss":0.0,"gold_gain":0.0,"event_name":"Shining Light","player_choice":"Entered Light","floor":2.0,"gold_loss":0.0,"damage_taken":13.0,"cards_upgraded":["animator:Hans","animator:Strike"]},{"damage_healed":0.0,"max_hp_gain":0.0,"max_hp_loss":0.0,"gold_gain":0.0,"event_name":"Dead Adventurer","player_choice":"Searched \u00272\u0027 times","floor":13.0,"gold_loss":0.0,"damage_taken":0.0,"relics_obtained":["hubris:SlimyHat"]},{"damage_healed":0.0,"max_hp_gain":0.0,"max_hp_loss":0.0,"gold_gain":0.0,"cards_transformed":["animator:Strike"],"event_name":"Transmorgrifier","player_choice":"Transformed","floor":14.0,"gold_loss":0.0,"damage_taken":0.0,"cards_obtained":["animator:Father"]},{"damage_healed":0.0,"max_hp_gain":0.0,"max_hp_loss":0.0,"gold_gain":0.0,"event_name":"Cursed Tome","player_choice":"Obtained Book","floor":22.0,"gold_loss":0.0,"damage_taken":16.0},{"damage_healed":0.0,"max_hp_gain":0.0,"max_hp_loss":0.0,"gold_gain":0.0,"event_name":"Duplicator","player_choice":"Copied","floor":24.0,"gold_loss":0.0,"damage_taken":0.0,"cards_obtained":["animator:Sonic"]}],"is_beta":false,"boss_relics":[{"not_picked":["Astrolabe","hubris:Backtick"],"picked":"Busted Crown"}],"items_purged_floors":[20],"is_endless":false,"potions_floor_spawned":[3,4,12,16,18,19,25,28],"killed_by":"conspire:SneckoGhost","ascension_level":2}}