{"host":"5p9hybygolzp0efr","time":1610803364,"event":{"mods":["AchievementEnabler","BaseMod","Bestiary","Colored Map","Minty Spire (QoL Compilation)","Permanent Neow","Relic Stats"],"gold_per_floor":[114,114,131,131,146,146,146,146],"floor_reached":7,"language":"ENG","playtime":456,"items_purged":[],"score":49,"play_id":"a649e13e-0c38-4ecc-988a-bc7c1fb2edc3","local_time":"20210116212244","is_ascension_mode":true,"campfire_choices":[{"data":"LikeWater","floor":6,"key":"SMITH"}],"circlet_count":0,"master_deck":["Strike_P","Strike_P","Strike_P","Strike_P+1","Defend_P","Defend_P","Defend_P","Defend_P+1","Eruption","Vigilance","FlurryOfBlows","MentalFortress","LikeWater+1"],"relics":["Snecko Eye"],"acts_visited":["Exordium"],"potions_floor_usage":[],"damage_taken":[{"damage":0.0,"enemies":"Small Slimes","floor":1.0,"turns":1.0},{"damage":9.0,"enemies":"2 Louse","floor":3.0,"turns":2.0},{"damage":5.0,"enemies":"Cultist","floor":5.0,"turns":4.0},{"damage":46,"enemies":"3 Sentries","floor":7,"turns":8}],"seed_played":"6066782972951592597","potions_obtained":[{"floor":4.0,"key":"Energy Potion"},{"floor":4.0,"key":"Explosive Potion"},{"floor":4.0,"key":"SmokeBomb"}],"is_trial":false,"path_per_floor":["M","?","M","?","M","R","E"],"character_chosen":"WATCHER","items_purchased":[],"campfire_rested":0,"item_purchase_floors":[],"current_hp_per_floor":[72,58,49,49,44,44,0,0],"gold":146,"neow_bonus":"BOSS_RELIC","is_daily":false,"chose_seed":false,"campfire_upgraded":1,"win_rate":0.0,"timestamp":1610803364,"path_taken":["M","?","M","?","M","R","E"],"items_purchased_type":[],"build_version":"2020-12-22","purchased_purges":0,"victory":false,"max_hp_per_floor":[72,72,72,72,72,72,72,72],"relic_stats":{"counters":[4,15],"Snecko Eye":[21,22,19,27],"obtain_stats":[{"Snecko Eye":0,"PureWater":0},{"Snecko Eye":0,"PureWater":0},{"Snecko Eye":0,"PureWater":0}]},"card_choices":[{"not_picked":["SashWhip","BowlingBash"],"picked":"FlurryOfBlows","floor":1.0},{"not_picked":["FlyingSleeves","Sanctity"],"picked":"MentalFortress","floor":3.0},{"not_picked":["Nirvana","Pray"],"picked":"LikeWater","floor":5.0}],"player_experience":479869,"relics_obtained":[],"event_choices":[{"damage_healed":0.0,"max_hp_gain":0.0,"max_hp_loss":0.0,"gold_gain":0.0,"event_name":"Shining Light","player_choice":"Entered Light","floor":2.0,"gold_loss":0.0,"damage_taken":14.0,"cards_upgraded":["Strike_P","Defend_P"]},{"damage_healed":0.0,"max_hp_gain":0.0,"max_hp_loss":0.0,"gold_gain":0.0,"event_name":"Lab","player_choice":"Got Potions","floor":4.0,"gold_loss":0.0,"damage_taken":0.0}],"is_beta":false,"boss_relics":[],"items_purged_floors":[],"is_endless":false,"potions_floor_spawned":[],"killed_by":"3 Sentries","ascension_level":4}}