{"host":"FirstDane","time":1610771089,"event":{"mods":["BaseMod","Bestiary","Highlight Path","Minty Spire (QoL Compilation)","Relic Stats","Slay the Relics Exporter"],"gold_per_floor":[109,124,138,138,150,150,175,175,225,239,0,32,32,46,46,117,117,130,130,150,150,150],"floor_reached":21,"language":"ENG","playtime":1661,"items_purged":["Strike_G"],"score":432,"play_id":"f45ce233-9cb5-441c-838d-7a7d072d0911","local_time":"20210115222449","is_ascension_mode":true,"campfire_choices":[{"data":"Mayhem","floor":6,"key":"SMITH"},{"data":"Dash","floor":8,"key":"SMITH"},{"data":"Neutralize","floor":13,"key":"SMITH"},{"data":"Noxious Fumes","floor":15,"key":"SMITH"}],"circlet_count":0,"master_deck":["AscendersBane","Strike_G","Strike_G","Strike_G","Strike_G","Defend_G","Defend_G","Defend_G","Defend_G","Defend_G","Survivor","Neutralize+1","Mayhem+1","Dagger Spray","Noxious Fumes+1","Dagger Throw","Dash+1","Corpse Explosion","Adrenaline","Deflect","Backstab"],"relics":["Ring of the Snake","Omamori","Anchor","Calling Bell","Bronze Scales","Frozen Egg 2","WingedGreaves","CultistMask"],"acts_visited":["Exordium","TheCity"],"potions_floor_usage":[5,7,7,16],"damage_taken":[{"damage":2,"enemies":"2 Louse","floor":1,"turns":3},{"damage":4,"enemies":"Small Slimes","floor":2,"turns":4},{"damage":0,"enemies":"Cultist","floor":3,"turns":4},{"damage":5,"enemies":"Blue Slaver","floor":5,"turns":5},{"damage":0,"enemies":"Gremlin Nob","floor":7,"turns":3},{"damage":0,"enemies":"2 Fungi Beasts","floor":10,"turns":3},{"damage":1,"enemies":"Lagavulin","floor":12,"turns":7},{"damage":8,"enemies":"Exordium Wildlife","floor":14,"turns":4},{"damage":18,"enemies":"The Guardian","floor":16,"turns":10},{"damage":0,"enemies":"3 Byrds","floor":18,"turns":3},{"damage":22,"enemies":"Chosen","floor":20,"turns":5},{"damage":37,"enemies":"Sentry and Sphere","floor":21,"turns":7}],"seed_played":"-9070485670642822126","potions_obtained":[{"floor":1,"key":"FearPotion"},{"floor":3,"key":"LiquidMemories"},{"floor":5,"key":"BlessingOfTheForge"},{"floor":10,"key":"FearPotion"},{"floor":12,"key":"LiquidBronze"},{"floor":18,"key":"SteroidPotion"}],"is_trial":false,"path_per_floor":["M","M","M","?","M","R","E","R","T","M","$","E","R","M","R","B",null,"M","?","M","M"],"character_chosen":"THE_SILENT","items_purchased":["Corpse Explosion"],"campfire_rested":0,"item_purchase_floors":[11],"current_hp_per_floor":[42,38,38,38,33,33,33,33,33,33,33,32,32,24,24,6,51,51,51,29,0,0],"gold":150,"neow_bonus":"RANDOM_COLORLESS_2","is_daily":false,"chose_seed":false,"campfire_upgraded":4,"win_rate":0.0,"timestamp":1610771089,"path_taken":["M","M","M","?","M","R","E","R","T","M","$","E","R","M","R","BOSS","M","?","M","?"],"items_purchased_type":["Card"],"build_version":"2020-12-18","purchased_purges":1,"victory":false,"max_hp_per_floor":[66,66,66,66,66,66,66,66,66,66,66,66,66,66,66,66,66,66,66,66,66,66],"relic_stats":{"counters":[12,58],"Bronze Scales":[59],"obtain_stats":[{"Calling Bell":17,"Anchor":12,"Bronze Scales":17,"WingedGreaves":17,"CultistMask":19,"Omamori":9,"Frozen Egg 2":17,"Ring of the Snake":0},{"Calling Bell":9,"Anchor":7,"Bronze Scales":9,"WingedGreaves":9,"CultistMask":10,"Omamori":5,"Frozen Egg 2":9,"Ring of the Snake":0},{"Calling Bell":43,"Anchor":29,"Bronze Scales":43,"WingedGreaves":43,"CultistMask":46,"Omamori":19,"Frozen Egg 2":43,"Ring of the Snake":0}],"Ring of the Snake":[24]},"card_choices":[{"not_picked":["Master of Strategy","Secret Weapon"],"picked":"Mayhem","floor":0},{"not_picked":["Bane","Outmaneuver"],"picked":"Dagger Spray","floor":1},{"not_picked":["Cloak And Dagger","Infinite Blades"],"picked":"Noxious Fumes","floor":2},{"not_picked":["Flechettes","Terror"],"picked":"Dagger Throw","floor":3},{"not_picked":["PiercingWail","Outmaneuver"],"picked":"Dash","floor":5},{"not_picked":["Eviscerate","Skewer","Cloak And Dagger"],"picked":"SKIP","floor":7},{"not_picked":["Quick Slash","Deflect","Underhanded Strike"],"picked":"SKIP","floor":10},{"not_picked":["Grand Finale","Prepared","Underhanded Strike"],"picked":"SKIP","floor":12},{"not_picked":["Sucker Punch","Flying Knee","Dagger Throw"],"picked":"SKIP","floor":14},{"not_picked":["Grand Finale","Unload"],"picked":"Adrenaline","floor":16},{"not_picked":["Slice","Dagger Spray"],"picked":"Deflect","floor":18},{"not_picked":["Calculated Gamble","Caltrops+1"],"picked":"Backstab","floor":20}],"player_experience":3925404,"relics_obtained":[{"floor":9,"key":"Omamori"},{"floor":12,"key":"Anchor"},{"floor":17,"key":"Bronze Scales"},{"floor":17,"key":"Frozen Egg 2"},{"floor":17,"key":"WingedGreaves"}],"event_choices":[{"damage_healed":0,"gold_gain":0,"player_choice":"Ignored","damage_taken":0,"max_hp_gain":0,"max_hp_loss":0,"event_name":"Liars Game","floor":4,"gold_loss":0},{"damage_healed":0,"gold_gain":0,"player_choice":"Trade","damage_taken":0,"relics_obtained":["CultistMask"],"max_hp_gain":0,"max_hp_loss":0,"event_name":"FaceTrader","floor":19,"gold_loss":0}],"is_beta":true,"boss_relics":[{"not_picked":["Philosopher\u0027s Stone","Velvet Choker"],"picked":"Calling Bell"}],"items_purged_floors":[11],"is_endless":false,"potions_floor_spawned":[1,3,5,10,12,18],"killed_by":"Sentry and Sphere","ascension_level":20}}