{"host":"k7udt7atmcuzf6l0","time":1610780449,"event":{"mods":["AchievementEnabler","BaseMod","Colored Map","Colored Powertips","Highlight Path","Minty Spire (QoL Compilation)","Quick Restart","Rare Cards Sparkle","StSLib","UnlockEverythingMod"],"gold_per_floor":[210,230,230,230,242,242,304,304,304,331,331,350,61,78,78,174,174,187,205,48,48,63,63,75,100,124,143,143,170,205,5,5,105,105,120,131,147,164,182,182,213,213,240,240,250,250,584,291,291,291],"floor_reached":51,"language":"ZHT","playtime":1910,"items_purged":["Defend_R"],"score":967,"play_id":"39f4007d-5f50-44a0-a71a-c2e31566bd9b","local_time":"20210116150049","is_ascension_mode":false,"campfire_choices":[{"data":"Armaments","floor":6.0,"key":"SMITH"},{"data":"Clash","floor":8.0,"key":"SMITH"},{"data":"Bash","floor":11.0,"key":"SMITH"},{"data":"1","floor":15.0,"key":"LIFT"},{"data":"2","floor":23.0,"key":"LIFT"},{"data":"3","floor":28.0,"key":"LIFT"},{"data":"Brutality","floor":32.0,"key":"SMITH"},{"data":"Demon Form","floor":40.0,"key":"SMITH"},{"data":"Offering","floor":42,"key":"SMITH"},{"data":"Shockwave","floor":44,"key":"SMITH"},{"data":"Seeing Red","floor":49,"key":"SMITH"}],"circlet_count":0,"master_deck":["Strike_R","Strike_R","Strike_R","Strike_R","Strike_R","Defend_R","Defend_R","Defend_R","Bash+1","Pommel Strike+1","Clash+1","Armaments+1","Thunderclap","Dropkick","Iron Wave","Offering+1","Warcry+1","Shrug It Off+1","Battle Trance","Cleave+1","Brutality+1","Shockwave+1","Sword Boomerang","Demon Form+1","Rupture+1","Whirlwind+1","Infernal Blade+1","Seeing Red+1","Heavy Blade+1"],"relics":["Burning Blood","White Beast Statue","Thread and Needle","Gremlin Horn","Ice Cream","Girya","Black Star","Bag of Marbles","WingedGreaves","Singing Bowl","Bronze Scales","Torii","Ginger","Nunchaku","Red Skull","Lee\u0027s Waffle","Philosopher\u0027s Stone","Anchor","Mango","Juzu Bracelet","Orichalcum","Old Coin","Happy Flower"],"acts_visited":["Exordium","TheCity","TheBeyond"],"potions_floor_usage":[41,45,50],"damage_taken":[{"damage":6.0,"enemies":"Cultist","floor":1.0,"turns":3.0},{"damage":7.0,"enemies":"2 Louse","floor":2.0,"turns":3.0},{"damage":0.0,"enemies":"Jaw Worm","floor":5.0,"turns":1.0},{"damage":18.0,"enemies":"Lagavulin Event","floor":7.0,"turns":5.0},{"damage":13.0,"enemies":"Gremlin Nob","floor":10.0,"turns":4.0},{"damage":0.0,"enemies":"Gremlin Gang","floor":12.0,"turns":3.0},{"damage":0.0,"enemies":"Lots of Slimes","floor":14.0,"turns":2.0},{"damage":59.0,"enemies":"The Guardian","floor":16.0,"turns":11.0},{"damage":7.0,"enemies":"Chosen","floor":18.0,"turns":3.0},{"damage":19.0,"enemies":"2 Thieves","floor":19.0,"turns":4.0},{"damage":24.0,"enemies":"Snake Plant","floor":22.0,"turns":4.0},{"damage":6.0,"enemies":"Centurion and Healer","floor":24.0,"turns":3.0},{"damage":21.0,"enemies":"Book of Stabbing","floor":25.0,"turns":5.0},{"damage":16.0,"enemies":"Sentry and Sphere","floor":27.0,"turns":4.0},{"damage":21.0,"enemies":"Slavers","floor":29.0,"turns":2.0},{"damage":13.0,"enemies":"Book of Stabbing","floor":30.0,"turns":3.0},{"damage":62.0,"enemies":"Champ","floor":33.0,"turns":7.0},{"damage":17.0,"enemies":"Orb Walker","floor":35.0,"turns":3.0},{"damage":9.0,"enemies":"3 Shapes","floor":36.0,"turns":1.0},{"damage":10.0,"enemies":"Sphere and 2 Shapes","floor":37.0,"turns":2.0},{"damage":45.0,"enemies":"Writhing Mass","floor":38.0,"turns":3.0},{"damage":9.0,"enemies":"Spire Growth","floor":39.0,"turns":3.0},{"damage":34,"enemies":"Nemesis","floor":41,"turns":3},{"damage":9,"enemies":"Maw","floor":45,"turns":3},{"damage":7,"enemies":"Reptomancer","floor":47,"turns":2},{"damage":33,"enemies":"Donu and Deca","floor":50,"turns":5}],"seed_played":"-7636339748659192821","potions_obtained":[{"floor":5.0,"key":"Swift Potion"},{"floor":7.0,"key":"FairyPotion"},{"floor":10.0,"key":"GamblersBrew"},{"floor":12.0,"key":"FairyPotion"},{"floor":16.0,"key":"Weak Potion"},{"floor":18.0,"key":"DistilledChaos"},{"floor":19.0,"key":"FairyPotion"},{"floor":30.0,"key":"PowerPotion"},{"floor":33.0,"key":"Explosive Potion"},{"floor":36.0,"key":"SkillPotion"},{"floor":37.0,"key":"SkillPotion"},{"floor":38.0,"key":"SpeedPotion"},{"floor":41,"key":"ColorlessPotion"},{"floor":45,"key":"SpeedPotion"},{"floor":47,"key":"ColorlessPotion"}],"is_trial":false,"path_per_floor":["M","M","?","?","M","R","?","R","T","E","R","M","$","M","R","B",null,"M","M","$","?","M","R","M","E","T","M","R","E","E","$","R","B",null,"M","M","M","M","M","R","E","R","T","R","M","?","E","$","R","B",null],"character_chosen":"IRONCLAD","items_purchased":["Girya","Bag of Marbles","Lee\u0027s Waffle","Sword Boomerang","Happy Flower","LiquidMemories"],"campfire_rested":0,"item_purchase_floors":[13,20,31,31,48,48],"current_hp_per_floor":[80,79,72,72,78,78,66,66,66,59,59,65,65,71,71,18,80,79,66,66,66,48,48,48,35,35,27,27,12,31,91,91,35,91,82,79,77,38,35,35,21,21,21,21,18,18,19,19,19,28],"gold":291,"neow_bonus":"HUNDRED_GOLD","is_daily":false,"chose_seed":false,"campfire_upgraded":8,"win_rate":0.0,"timestamp":1610780449,"path_taken":["M","M","?","?","M","R","?","R","T","E","R","M","$","M","R","BOSS","M","M","$","?","?","R","M","E","T","M","R","E","E","$","R","BOSS","M","M","?","?","M","R","E","R","T","R","M","?","E","$","R","BOSS"],"items_purchased_type":["Relic","Relic","Relic","Card","Relic","Potion"],"build_version":"2020-12-22","purchased_purges":1,"victory":true,"max_hp_per_floor":[80,80,80,80,80,80,80,80,80,80,80,80,80,80,80,80,80,80,80,80,80,80,80,80,82,82,84,84,84,84,91,91,91,91,93,93,95,95,95,95,109,109,109,109,109,109,111,111,111,111],"card_choices":[{"not_picked":["Iron Wave","Warcry"],"picked":"Pommel Strike","floor":1.0},{"not_picked":["Pommel Strike","Sever Soul"],"picked":"Clash","floor":2.0},{"not_picked":["Pommel Strike","Wild Strike"],"picked":"Armaments","floor":5.0},{"not_picked":["Pommel Strike","Flame Barrier"],"picked":"Thunderclap","floor":7.0},{"not_picked":["Demon Form","Clothesline"],"picked":"Dropkick","floor":10.0},{"not_picked":["Shrug It Off","Havoc"],"picked":"Warcry","floor":12.0},{"not_picked":["Blood for Blood","Feel No Pain"],"picked":"Iron Wave","floor":14.0},{"not_picked":["Brutality","Juggernaut"],"picked":"Offering","floor":16.0},{"not_picked":["Cleave","Pommel Strike"],"picked":"Warcry+1","floor":18.0},{"not_picked":["Perfected Strike","Heavy Blade"],"picked":"Shrug It Off+1","floor":19.0},{"not_picked":["Clothesline+1","Exhume"],"picked":"Battle Trance","floor":22.0},{"not_picked":["Clothesline","True Grit+1"],"picked":"Cleave+1","floor":24.0},{"not_picked":["Clothesline+1","Iron Wave+1","Entrench"],"picked":"Singing Bowl","floor":25.0},{"not_picked":["Power Through","Reckless Charge","Havoc"],"picked":"Singing Bowl","floor":27.0},{"not_picked":["Cleave+1","Hemokinesis"],"picked":"Brutality","floor":29.0},{"not_picked":["Warcry","Havoc"],"picked":"Shockwave","floor":30.0},{"not_picked":["Immolate","Corruption"],"picked":"Demon Form","floor":33.0},{"not_picked":["Anger","Fire Breathing+1","Shrug It Off"],"picked":"Singing Bowl","floor":35.0},{"not_picked":["Body Slam","Heavy Blade"],"picked":"Rupture+1","floor":36.0},{"not_picked":["Cleave+1","Dark Embrace+1","Sentinel"],"picked":"Singing Bowl","floor":37.0},{"not_picked":["Carnage+1","Anger"],"picked":"Whirlwind+1","floor":38.0},{"not_picked":["Blood for Blood","Sentinel"],"picked":"Infernal Blade+1","floor":39.0},{"not_picked":["Anger","Carnage"],"picked":"Seeing Red","floor":41},{"not_picked":["Shrug It Off+1","Clothesline+1"],"picked":"Heavy Blade+1","floor":45},{"not_picked":["Shrug It Off","Twin Strike","Second Wind+1"],"picked":"Singing Bowl","floor":47}],"player_experience":72438,"relics_obtained":[{"floor":9.0,"key":"Gremlin Horn"},{"floor":10.0,"key":"Ice Cream"},{"floor":25.0,"key":"WingedGreaves"},{"floor":25.0,"key":"Singing Bowl"},{"floor":26.0,"key":"Bronze Scales"},{"floor":29.0,"key":"Torii"},{"floor":29.0,"key":"Ginger"},{"floor":30.0,"key":"Nunchaku"},{"floor":30.0,"key":"Red Skull"},{"floor":41,"key":"Anchor"},{"floor":41,"key":"Mango"},{"floor":43,"key":"Juzu Bracelet"},{"floor":47,"key":"Orichalcum"},{"floor":47,"key":"Old Coin"}],"event_choices":[{"damage_healed":0.0,"max_hp_gain":0.0,"max_hp_loss":0.0,"gold_gain":0.0,"event_name":"Scrap Ooze","player_choice":"Success","floor":3.0,"gold_loss":0.0,"damage_taken":7.0,"relics_obtained":["White Beast Statue"]},{"damage_healed":0.0,"max_hp_gain":0.0,"max_hp_loss":0.0,"gold_gain":0.0,"event_name":"Living Wall","player_choice":"Grow","floor":4.0,"gold_loss":0.0,"damage_taken":0.0,"cards_upgraded":["Pommel Strike"]},{"damage_healed":0.0,"max_hp_gain":0.0,"max_hp_loss":0.0,"gold_gain":0.0,"event_name":"Dead Adventurer","player_choice":"Searched \u00272\u0027 times","floor":7.0,"gold_loss":0.0,"damage_taken":0.0,"relics_obtained":["Thread and Needle"]},{"damage_healed":0.0,"max_hp_gain":0.0,"max_hp_loss":0.0,"gold_gain":0.0,"event_name":"Match and Keep!","player_choice":"0 cards matched","floor":21.0,"gold_loss":0.0,"damage_taken":0.0,"cards_obtained":[]},{"cards_removed":["Warcry"],"damage_healed":0,"gold_gain":0,"player_choice":"Removed Skill","damage_taken":0,"max_hp_gain":0,"max_hp_loss":0,"event_name":"Falling","floor":46,"gold_loss":0}],"is_beta":false,"boss_relics":[{"not_picked":["Cursed Key","Coffee Dripper"],"picked":"Black Star"},{"not_picked":["Velvet Choker","Runic Dome"],"picked":"Philosopher\u0027s Stone"}],"items_purged_floors":[48],"is_endless":false,"potions_floor_spawned":[5,7,10,12,14,16,18,19,22,24,25,27,29,30,33,35,36,37,38,39,41,45,47],"ascension_level":0}}