{"host":"utcbn1j9ebmpc40m","time":1610827794,"event":{"mods":["BaseMod","Better Altar","Better Match","GifTheSpireLib","Minty Spire (QoL Compilation)","Poor People Problems","StSLib","SuperFastMode","The IronCluck","The Servant 0.9.4"],"gold_per_floor":[114,131,107,118,193,193,193,14,14,41,27,27,53,53,53,132,132,142,154,154,8,22,54,54,54,79,0,30,30,30,44,44,44,44],"floor_reached":33,"language":"ENG","playtime":591,"items_purged":["Strike_R"],"score":505,"play_id":"de614cf0-0ed3-433a-9fce-75dfd3d93583","local_time":"20210116150954","is_ascension_mode":true,"campfire_choices":[{"data":"Armaments","floor":6,"key":"SMITH"},{"floor":15,"key":"REST"},{"data":"Entrench","floor":24,"key":"SMITH"},{"floor":30,"key":"REST"},{"data":"Rage","floor":32,"key":"SMITH"}],"circlet_count":0,"master_deck":["AscendersBane","Strike_R","Strike_R","Strike_R","Strike_R","Defend_R","Defend_R","Defend_R","Defend_R","Bash","Perfected Strike","Uppercut","Armaments+1","Flex","Feel No Pain","Reaper","Body Slam","Spot Weakness","Impervious","Double Tap","Rage+1","Entrench+1","Sever Soul","Clothesline+1","Seeing Red+1","Shame","Shrug It Off","Entrench+1","Heavy Blade"],"relics":["Burning Blood","NeowsBlessing","Strawberry","Art of War","Anchor","Snecko Eye","Nloth\u0027s Gift","MealTicket","Oddly Smooth Stone","Regal Pillow","Blood Vial"],"acts_visited":["Exordium","TheCity"],"potions_floor_usage":[10,16,23,28],"damage_taken":[{"damage":0,"enemies":"2 Louse","floor":1,"turns":1},{"damage":0,"enemies":"Jaw Worm","floor":2,"turns":1},{"damage":0,"enemies":"Small Slimes","floor":4,"turns":1},{"damage":31,"enemies":"Gremlin Nob","floor":10,"turns":4},{"damage":15,"enemies":"Exordium Thugs","floor":11,"turns":4},{"damage":68,"enemies":"The Guardian","floor":16,"turns":14},{"damage":0,"enemies":"Spheric Guardian","floor":18,"turns":3},{"damage":8,"enemies":"2 Thieves","floor":19,"turns":3},{"damage":14,"enemies":"Centurion and Healer","floor":22,"turns":6},{"damage":6,"enemies":"Gremlin Leader","floor":23,"turns":5},{"damage":75,"enemies":"Slavers","floor":28,"turns":10},{"damage":5,"enemies":"Snake Plant","floor":31,"turns":3},{"damage":83,"enemies":"Collector","floor":33,"turns":9}],"seed_played":"-3655455153854231076","potions_obtained":[{"floor":1,"key":"SkillPotion"},{"floor":2,"key":"Strength Potion"},{"floor":22,"key":"Block Potion"},{"floor":23,"key":"Fire Potion"},{"floor":31,"key":"FearPotion"}],"is_trial":false,"path_per_floor":["M","M","$","M","?","R","?","$","T","E","M","$","T","?","R","B",null,"M","M","?","$","M","E","R","?","T","?","E","?","R","M","R","B"],"character_chosen":"IRONCLAD","items_purchased":["Armaments","Feel No Pain","Reaper","Sever Soul"],"campfire_rested":2,"item_purchase_floors":[3,8,8,21],"current_hp_per_floor":[78,80,80,80,69,69,80,80,80,62,61,61,61,58,84,41,76,82,80,80,80,87,87,87,87,87,87,19,19,60,63,63,0,0],"gold":44,"neow_bonus":"THREE_ENEMY_KILL","is_daily":false,"chose_seed":false,"campfire_upgraded":3,"win_rate":0.0,"timestamp":1610827794,"path_taken":["M","M","$","M","?","R","?","?","T","E","M","$","?","?","R","BOSS","M","M","?","?","?","E","R","?","T","?","E","?","R","?","R","BOSS"],"items_purchased_type":["Card","Card","Card","Card"],"build_version":"2020-12-22","purchased_purges":1,"victory":false,"max_hp_per_floor":[80,80,80,80,80,80,80,80,80,87,87,87,87,87,87,87,87,87,87,87,87,87,87,87,87,87,87,87,87,87,87,87,87,87],"card_choices":[{"not_picked":["Power Through","Warcry"],"picked":"Perfected Strike","floor":1},{"not_picked":["Dual Wield","Wild Strike"],"picked":"Uppercut","floor":2},{"not_picked":["Sword Boomerang","Clothesline"],"picked":"Flex","floor":4},{"not_picked":["Iron Wave","Dark Embrace"],"picked":"Body Slam","floor":10},{"not_picked":["Battle Trance","Warcry"],"picked":"Spot Weakness","floor":11},{"not_picked":["Sentinel","Disarm"],"picked":"Impervious","floor":15},{"not_picked":["Demon Form","Bludgeon"],"picked":"Double Tap","floor":16},{"not_picked":["Shrug It Off","Pommel Strike"],"picked":"Rage","floor":18},{"not_picked":["Twin Strike","Clothesline"],"picked":"Entrench","floor":19},{"not_picked":["Twin Strike","Impervious"],"picked":"Clothesline+1","floor":22},{"not_picked":["Impervious","Feel No Pain"],"picked":"Seeing Red+1","floor":23},{"not_picked":["Flex","Brutality"],"picked":"Shrug It Off","floor":28},{"not_picked":["Ghostly Armor","Thunderclap"],"picked":"Heavy Blade","floor":31}],"player_experience":498520,"relics_obtained":[{"floor":9,"key":"Dream Catcher"},{"floor":10,"key":"Strawberry"},{"floor":13,"key":"Art of War"},{"floor":23,"key":"MealTicket"},{"floor":26,"key":"Regal Pillow"},{"floor":28,"key":"Blood Vial"}],"event_choices":[{"damage_healed":0,"gold_gain":75,"player_choice":"Gather Gold","damage_taken":11,"max_hp_gain":0,"max_hp_loss":0,"event_name":"World of Goop","floor":5,"gold_loss":0},{"damage_healed":26,"gold_gain":0,"player_choice":"Banana","damage_taken":0,"max_hp_gain":0,"max_hp_loss":0,"event_name":"Big Fish","floor":7,"gold_loss":0},{"damage_healed":0,"gold_gain":0,"player_choice":"Success","damage_taken":3,"relics_obtained":["Anchor"],"max_hp_gain":0,"max_hp_loss":0,"event_name":"Scrap Ooze","floor":14,"gold_loss":0},{"damage_healed":0,"gold_gain":0,"player_choice":"Traded Relic","damage_taken":0,"relics_obtained":["Nloth\u0027s Gift"],"max_hp_gain":0,"max_hp_loss":0,"event_name":"N\u0027loth","floor":20,"relics_lost":["Dream Catcher"],"gold_loss":0},{"damage_healed":0,"gold_gain":0,"player_choice":"Stole Relic","damage_taken":0,"relics_obtained":["Oddly Smooth Stone"],"max_hp_gain":0,"max_hp_loss":0,"event_name":"Addict","floor":25,"gold_loss":0,"cards_obtained":["Shame"]},{"damage_healed":0,"gold_gain":0,"player_choice":"Paid Fearfully","damage_taken":0,"max_hp_gain":0,"max_hp_loss":0,"event_name":"Masked Bandits","floor":27,"gold_loss":79},{"damage_healed":0,"gold_gain":0,"player_choice":"Copied","damage_taken":0,"max_hp_gain":0,"max_hp_loss":0,"event_name":"Duplicator","floor":29,"gold_loss":0,"cards_obtained":["Entrench"]}],"is_beta":false,"boss_relics":[{"not_picked":["Black Blood","Calling Bell"],"picked":"Snecko Eye"}],"items_purged_floors":[21],"is_endless":false,"potions_floor_spawned":[1,2,22,23,31],"killed_by":"Collector","ascension_level":13}}