{"host":"h0xw20cia6ppa69g","time":1610785974,"event":{"mods":["AchievementEnabler","BaseMod","Colored Map","Filter the Spire","Googly Eyes","Minty Spire (QoL Compilation)","Relic Stats","StSLib","The Awakened One except there are too many feathers","everything is the same but u backflip on backflip"],"gold_per_floor":[364,378,378,11,11,39,58,58,134,163,163,196,196,271,271,373,373,391,88,48,64,78,104,118,118,142,142,170,195,195,218,218,328,328,346,372,393,1410,1442,1486,1507,1507,1558,1558,1604,1646,643,658,658,658,658,658,86,111,111],"floor_reached":56,"language":"ENG","playtime":2609,"items_purged":["Searing Blow","Normality","Normality"],"score":1519,"play_id":"1480f072-0a72-4624-8fda-06310a9ef1c0","local_time":"20210116023254","is_ascension_mode":true,"campfire_choices":[{"data":"Barricade","floor":8.0,"key":"SMITH"},{"floor":11.0,"key":"REST"},{"data":"Power Through","floor":13.0,"key":"SMITH"},{"data":"Bash","floor":15.0,"key":"SMITH"},{"data":"Entrench","floor":30.0,"key":"SMITH"},{"data":"True Grit","floor":32,"key":"SMITH"},{"floor":42,"key":"RECALL"},{"data":"Disarm","floor":44,"key":"SMITH"},{"data":"Battle Trance","floor":49,"key":"SMITH"},{"data":"Impervious","floor":52,"key":"SMITH"}],"circlet_count":0,"master_deck":["Bash+1","Headbutt","Battle Trance+1","Barricade+1","Power Through+1","Shrug It Off","Demon Form+1","Combust+1","Metallicize+1","Clothesline","Brutality+1","Body Slam+1","Sentinel+1","Rupture+1","Disarm+1","True Grit+1","Dark Embrace+1","Entrench+1","Headbutt","Impervious","Body Slam+1","Impervious+1","Shockwave+1","Evolve+1","Corruption+1","Body Slam+1","True Grit+1","Metallicize+1","PanicButton","Dark Embrace+1","Rupture+1"],"relics":["Burning Blood","Prayer Wheel","Bag of Preparation","Frozen Egg 2","Self Forming Clay","HornCleat","Pandora\u0027s Box","Medical Kit","Calipers","CeramicFish","Meat on the Bone","Coffee Dripper","Lantern","Mummified Hand","Magic Flower","Charon\u0027s Ashes","ClockworkSouvenir","Champion Belt","Pocketwatch","TungstenRod","Pear"],"acts_visited":["Exordium","TheCity","TheBeyond","TheEnding"],"potions_floor_usage":[54,55],"damage_taken":[{"damage":10.0,"enemies":"Jaw Worm","floor":1.0,"turns":4.0},{"damage":0.0,"enemies":"Small Slimes","floor":2.0,"turns":4.0},{"damage":37.0,"enemies":"3 Sentries","floor":6.0,"turns":13.0},{"damage":2.0,"enemies":"2 Louse","floor":7.0,"turns":3.0},{"damage":8.0,"enemies":"Lagavulin","floor":10.0,"turns":10.0},{"damage":10.0,"enemies":"3 Sentries","floor":12.0,"turns":17.0},{"damage":6.0,"enemies":"Hexaghost","floor":16.0,"turns":13.0},{"damage":26.0,"enemies":"2 Thieves","floor":18.0,"turns":4.0},{"damage":9.0,"enemies":"3 Byrds","floor":21.0,"turns":4.0},{"damage":7.0,"enemies":"Snake Plant","floor":22.0,"turns":6.0},{"damage":15.0,"enemies":"Book of Stabbing","floor":23.0,"turns":6.0},{"damage":6.0,"enemies":"Chosen and Byrds","floor":24.0,"turns":4.0},{"damage":8.0,"enemies":"Centurion and Healer","floor":28.0,"turns":6.0},{"damage":10.0,"enemies":"Gremlin Leader","floor":29.0,"turns":6.0},{"damage":4.0,"enemies":"Shelled Parasite and Fungi","floor":31.0,"turns":5.0},{"damage":11,"enemies":"Automaton","floor":33,"turns":5},{"damage":1,"enemies":"Orb Walker","floor":35,"turns":2},{"damage":2,"enemies":"3 Darklings","floor":37,"turns":3},{"damage":6,"enemies":"Sphere and 2 Shapes","floor":39,"turns":4},{"damage":4,"enemies":"Giant Head","floor":40,"turns":5},{"damage":4,"enemies":"Writhing Mass","floor":41,"turns":5},{"damage":15,"enemies":"2 Orb Walkers","floor":45,"turns":2},{"damage":14,"enemies":"Reptomancer","floor":46,"turns":5},{"damage":1,"enemies":"3 Darklings","floor":48,"turns":2},{"damage":1,"enemies":"Donu and Deca","floor":50,"turns":2},{"damage":6,"enemies":"Shield and Spear","floor":54,"turns":4},{"damage":0,"enemies":"The Heart","floor":55,"turns":6}],"seed_played":"-2315566393799448591","potions_obtained":[{"floor":7.0,"key":"ElixirPotion"},{"floor":12.0,"key":"PowerPotion"},{"floor":16.0,"key":"ColorlessPotion"},{"floor":21.0,"key":"DistilledChaos"},{"floor":33,"key":"SteroidPotion"}],"is_trial":false,"path_per_floor":["M","M","?","$","?","E","M","R","T","E","R","E","R","?","R","B",null,"M","$","?","M","M","E","M","?","T","?","M","E","R","M","R","B",null,"M","T","M","?","M","E","M","R","T","R","?","E","$","M","R","B",null,"R","$","E","B",null],"character_chosen":"IRONCLAD","items_purchased":["Prayer Wheel","Battle Trance","Rupture+1","Medical Kit","ClockworkSouvenir","Champion Belt","Pocketwatch","PanicButton","Dark Embrace+1","TungstenRod","Ancient Potion","Rupture+1"],"campfire_rested":1,"item_purchase_floors":[4,4,19,19,47,47,47,47,47,53,53,53],"current_hp_per_floor":[52,58,51,51,51,20,24,24,24,22,46,42,42,31,31,31,80,60,60,60,57,56,47,47,47,47,47,45,41,41,55,55,50,80,80,80,80,80,80,80,80,80,80,80,71,66,66,74,74,80,80,80,80,90,90],"gold":111,"neow_bonus":"TWO_FIFTY_GOLD","is_daily":false,"chose_seed":false,"campfire_upgraded":8,"win_rate":0.0,"timestamp":1610785974,"path_taken":["M","M","?","$","?","E","M","R","T","E","R","E","R","?","R","BOSS","M","$","?","M","?","E","?","?","T","?","M","E","R","M","R","BOSS","M","?","?","?","M","E","M","R","T","R","?","E","$","M","R","BOSS","R","$","E","BOSS"],"items_purchased_type":["Relic","Card","Card","Relic","Relic","Relic","Relic","Card","Card","Relic","Potion","Card"],"build_version":"2020-12-22","purchased_purges":3,"victory":true,"max_hp_per_floor":[80,80,80,80,80,80,80,80,80,80,80,80,80,80,80,80,80,80,80,80,80,80,80,80,80,80,80,80,80,80,80,80,80,80,80,80,80,80,80,80,80,80,80,80,80,80,80,80,80,80,80,80,80,90,90],"relic_stats":{"counters":[27,150],"Self Forming Clay":[249],"CeramicFish":126,"Magic Flower":[7],"Charon\u0027s Ashes":[120],"Bag of Preparation":[48],"Medical Kit":[60],"Burning Blood":150,"Mummified Hand":[63],"Prayer Wheel":13,"Pandora\u0027s Box":["Combust","Searing Blow","Hemokinesis","Metallicize","Clothesline","Brutality","Body Slam"],"Champion Belt":[8],"obtain_stats":[{"Lantern":36,"Calipers":23,"Pear":54,"Self Forming Clay":10,"CeramicFish":26,"Magic Flower":45,"Charon\u0027s Ashes":46,"Bag of Preparation":6,"Frozen Egg 2":9,"Medical Kit":19,"Burning Blood":0,"ClockworkSouvenir":47,"HornCleat":12,"Mummified Hand":40,"Prayer Wheel":4,"Pandora\u0027s Box":17,"Coffee Dripper":34,"Champion Belt":47,"TungstenRod":53,"Meat on the Bone":29,"Pocketwatch":47},{"Lantern":17,"Calipers":11,"Pear":26,"Self Forming Clay":5,"CeramicFish":12,"Magic Flower":22,"Charon\u0027s Ashes":23,"Bag of Preparation":3,"Frozen Egg 2":4,"Medical Kit":8,"Burning Blood":0,"ClockworkSouvenir":23,"HornCleat":6,"Mummified Hand":20,"Prayer Wheel":2,"Pandora\u0027s Box":7,"Coffee Dripper":16,"Champion Belt":23,"TungstenRod":25,"Meat on the Bone":14,"Pocketwatch":23},{"Lantern":112,"Calipers":84,"Pear":144,"Self Forming Clay":34,"CeramicFish":88,"Magic Flower":131,"Charon\u0027s Ashes":136,"Bag of Preparation":21,"Frozen Egg 2":24,"Medical Kit":68,"Burning Blood":0,"ClockworkSouvenir":136,"HornCleat":51,"Mummified Hand":124,"Prayer Wheel":8,"Pandora\u0027s Box":64,"Coffee Dripper":110,"Champion Belt":136,"TungstenRod":140,"Meat on the Bone":100,"Pocketwatch":136}],"TungstenRod":15,"Meat on the Bone":12,"Pocketwatch":[0]},"card_choices":[{"not_picked":["Perfected Strike","Body Slam","Havoc"],"picked":"SKIP","floor":1.0},{"not_picked":["Armaments","Shrug It Off"],"picked":"Headbutt","floor":2.0},{"not_picked":["Searing Blow","Cleave"],"picked":"Barricade","floor":6.0},{"not_picked":["Thunderclap","Rampage"],"picked":"Power Through","floor":7.0},{"not_picked":["Warcry","Havoc","Iron Wave"],"picked":"SKIP","floor":7.0},{"not_picked":["Reckless Charge","Searing Blow"],"picked":"Shrug It Off","floor":10.0},{"not_picked":["Barricade+1","Iron Wave","Armaments"],"picked":"SKIP","floor":12.0},{"not_picked":["Limit Break","Reaper"],"picked":"Demon Form+1","floor":16.0},{"not_picked":["Headbutt","Havoc"],"picked":"Sentinel+1","floor":18.0},{"not_picked":["Iron Wave","Armaments","Wild Strike"],"picked":"SKIP","floor":18.0},{"not_picked":["Sentinel","Reckless Charge"],"picked":"Disarm","floor":21.0},{"not_picked":["Inflame+1","Clothesline"],"picked":"True Grit","floor":21.0},{"not_picked":["Body Slam","Clash+1"],"picked":"Dark Embrace+1","floor":22.0},{"not_picked":["Pommel Strike","Armaments","Sentinel"],"picked":"SKIP","floor":22.0},{"not_picked":["Bloodletting","Wild Strike","Combust+1"],"picked":"SKIP","floor":23.0},{"not_picked":["Anger","Havoc+1"],"picked":"Entrench","floor":24.0},{"not_picked":["Dark Embrace+1","Rampage","Warcry"],"picked":"SKIP","floor":24.0},{"not_picked":["Thunderclap","Disarm"],"picked":"Impervious","floor":28.0},{"not_picked":["Havoc","Pummel","Warcry"],"picked":"SKIP","floor":28.0},{"not_picked":["Clothesline","Armaments","Clash+1"],"picked":"SKIP","floor":29.0},{"not_picked":["Sword Boomerang","Disarm"],"picked":"Body Slam+1","floor":31},{"not_picked":["Infernal Blade","Ghostly Armor","Thunderclap"],"picked":"SKIP","floor":31},{"not_picked":["Demon Form+1","Corruption+1"],"picked":"Impervious","floor":33},{"not_picked":["True Grit","Seeing Red+1","Perfected Strike"],"picked":"SKIP","floor":35},{"not_picked":["Wild Strike","Heavy Blade+1","Body Slam"],"picked":"SKIP","floor":35},{"not_picked":["Perfected Strike+1","Flame Barrier"],"picked":"Shockwave+1","floor":37},{"not_picked":["Pummel","Warcry","Sword Boomerang+1"],"picked":"SKIP","floor":37},{"not_picked":["Warcry+1","Shrug It Off"],"picked":"Evolve+1","floor":39},{"not_picked":["Heavy Blade+1","Clothesline+1"],"picked":"Corruption+1","floor":39},{"not_picked":["Flame Barrier+1","Pommel Strike+1"],"picked":"Body Slam+1","floor":40},{"not_picked":["Sword Boomerang","Pummel+1"],"picked":"True Grit+1","floor":41},{"not_picked":["Havoc+1","Battle Trance+1","Shrug It Off"],"picked":"SKIP","floor":41},{"not_picked":["Shrug It Off+1","Inflame+1"],"picked":"Metallicize+1","floor":46},{"not_picked":["Wild Strike","Cleave","Flex"],"picked":"SKIP","floor":48},{"not_picked":["Twin Strike","Clothesline+1","Flame Barrier"],"picked":"SKIP","floor":48},{"not_picked":["Whirlwind+1","Disarm","Thunderclap+1"],"picked":"SKIP","floor":54}],"player_experience":3711192,"relics_obtained":[{"floor":6.0,"key":"Bag of Preparation"},{"floor":9.0,"key":"Frozen Egg 2"},{"floor":10.0,"key":"Self Forming Clay"},{"floor":12.0,"key":"HornCleat"},{"floor":23.0,"key":"Calipers"},{"floor":26.0,"key":"CeramicFish"},{"floor":29.0,"key":"Meat on the Bone"},{"floor":36,"key":"Lantern"},{"floor":40,"key":"Mummified Hand"},{"floor":45,"key":"Magic Flower"},{"floor":46,"key":"Charon\u0027s Ashes"},{"floor":54,"key":"Pear"}],"event_choices":[{"cards_removed":["Strike_R"],"damage_healed":0.0,"max_hp_gain":0.0,"max_hp_loss":0.0,"gold_gain":0.0,"event_name":"Golden Wing","player_choice":"Card Removal","floor":3.0,"gold_loss":0.0,"damage_taken":7.0},{"damage_healed":0.0,"max_hp_gain":0.0,"max_hp_loss":0.0,"gold_gain":0.0,"cards_transformed":["Strike_R"],"event_name":"Living Wall","player_choice":"Change","floor":5.0,"gold_loss":0.0,"damage_taken":0.0,"cards_obtained":["Sever Soul"]},{"damage_healed":0.0,"max_hp_gain":0.0,"max_hp_loss":0.0,"gold_gain":75.0,"event_name":"World of Goop","player_choice":"Gather Gold","floor":14.0,"gold_loss":0.0,"damage_taken":11.0},{"damage_healed":0.0,"max_hp_gain":0.0,"max_hp_loss":0.0,"gold_gain":0.0,"event_name":"Designer","player_choice":"Upgrade","floor":20.0,"gold_loss":40.0,"damage_taken":0.0,"cards_upgraded":["Body Slam"]},{"damage_healed":0.0,"max_hp_gain":0.0,"max_hp_loss":0.0,"gold_gain":0.0,"cards_transformed":["Sever Soul","Hemokinesis"],"event_name":"Drug Dealer","player_choice":"Became Test Subject","floor":25.0,"gold_loss":0.0,"damage_taken":0.0,"cards_obtained":["Wild Strike","Headbutt"]},{"cards_removed":["Wild Strike"],"damage_healed":0.0,"max_hp_gain":0.0,"max_hp_loss":0.0,"gold_gain":0.0,"event_name":"Purifier","player_choice":"Purged","floor":27.0,"gold_loss":0.0,"damage_taken":0.0},{"damage_healed":0,"gold_gain":999,"player_choice":"Gold","damage_taken":0,"max_hp_gain":0,"max_hp_loss":0,"event_name":"MindBloom","floor":38,"gold_loss":0,"cards_obtained":["Normality","Normality"]},{"damage_healed":0,"gold_gain":0,"player_choice":"Fight","damage_taken":0,"max_hp_gain":0,"max_hp_loss":0,"event_name":"Mysterious Sphere","floor":45,"gold_loss":0}],"is_beta":false,"boss_relics":[{"not_picked":["Runic Cube","Busted Crown"],"picked":"Pandora\u0027s Box"},{"not_picked":["Sozu","SlaversCollar"],"picked":"Coffee Dripper"}],"items_purged_floors":[19,47,53],"is_endless":false,"potions_floor_spawned":[7,12,16,21,22,29,33,37,40,45],"ascension_level":1}}