{"host":"e4wnmsyty9uvvtwf","time":1610803331,"event":{"mods":["BaseMod","Colored Map","Colored Powertips","Downfall","Minty Spire (QoL Compilation)","Rare Cards Sparkle","StSLib"],"gold_per_floor":[99,119,136,136,156,156,156,166,177,177,14,25,37,37,48,48,48],"floor_reached":16,"language":"ZHS","playtime":736,"items_purged":["Pain"],"score":121,"play_id":"6024e3f1-3709-4e9d-a930-3dc81924a11d","local_time":"20210116212211","is_ascension_mode":false,"campfire_choices":[{"data":"bronze:Replicate","floor":1,"key":"SMITH"},{"data":"bronze:DelayedSlice","floor":6,"key":"SMITH"},{"data":"bronze:Boost","floor":10,"key":"SMITH"}],"circlet_count":0,"master_deck":["bronze:Strike","bronze:Strike","bronze:Strike","bronze:Defend","bronze:Defend","bronze:Defend","bronze:Defend","bronze:Replicate+1","bronze:Goto","bronze:Boost+1","bronze:Branch+1","bronze:DelayedSlice+1","bronze:Repulsor","bronze:Boost+1","bronze:Frontload","bronze:ForceShield","bronze:Repair","bronze:ChosenStrike","bronze:Shield"],"relics":["bronze:BronzeCore","Pear"],"acts_visited":["Exordium"],"potions_floor_usage":[],"damage_taken":[{"damage":1,"enemies":"Cultist","floor":2,"turns":3},{"damage":0,"enemies":"2 Louse","floor":3,"turns":3},{"damage":7,"enemies":"Small Slimes","floor":5,"turns":3},{"damage":5,"enemies":"Exordium Thugs","floor":8,"turns":5},{"damage":6,"enemies":"Exordium Wildlife","floor":9,"turns":5},{"damage":5,"enemies":"downfall:FleeingMerchant","floor":11,"turns":4},{"damage":0,"enemies":"2 Fungi Beasts","floor":12,"turns":3},{"damage":8,"enemies":"Large Slime","floor":13,"turns":7},{"damage":6,"enemies":"Blue Slaver","floor":15,"turns":5},{"damage":75,"enemies":"IC_STATUS_ARCHETYPE","floor":16,"turns":13}],"seed_played":"6098598020707648972","potions_obtained":[{"floor":2,"key":"ColorlessPotion"},{"floor":9,"key":"PowerPotion"},{"floor":13,"key":"Fire Potion"}],"is_trial":false,"path_per_floor":["R","M","M","?","M","R","T","M","M","R","$","M","M","?","M","B"],"character_chosen":"THE_AUTOMATON","items_purchased":["bronze:ForceShield"],"campfire_rested":0,"item_purchase_floors":[11],"current_hp_per_floor":[77,76,76,76,69,69,79,74,68,68,63,63,62,62,63,0,0],"gold":48,"neow_bonus":"TEN_PERCENT_HP_BONUS","is_daily":false,"chose_seed":false,"campfire_upgraded":3,"win_rate":0.0,"timestamp":1610803331,"path_taken":["R","M","?","?","M","R","T","?","M","R","$","M","M","?","M","BOSS"],"items_purchased_type":["Card"],"build_version":"2020-12-22","purchased_purges":1,"victory":false,"max_hp_per_floor":[77,77,77,77,77,77,87,87,87,87,87,87,87,87,87,87,87],"card_choices":[{"not_picked":["bronze:Branch","bronze:Frontload"],"picked":"bronze:Boost","floor":2},{"not_picked":["bronze:Iterate","bronze:BuggyMess"],"picked":"bronze:Branch","floor":3},{"not_picked":["bronze:Invalidate","bronze:FineTuning"],"picked":"bronze:DelayedSlice","floor":5},{"not_picked":["bronze:Iterate","bronze:DelayedGuard"],"picked":"bronze:Repulsor","floor":8},{"not_picked":["bronze:WhirlingStrike","bronze:DelayedSlice"],"picked":"bronze:Boost","floor":9},{"not_picked":["bronze:BugBarrage","bronze:DelayedGuard"],"picked":"bronze:Frontload","floor":11},{"not_picked":["bronze:SpaghettiCode","bronze:Turbo"],"picked":"bronze:Repair","floor":12},{"not_picked":["bronze:MaxOutput","bronze:ForLoop"],"picked":"bronze:ChosenStrike","floor":13},{"not_picked":["bronze:BitShift","bronze:Overheat"],"picked":"bronze:Shield","floor":15}],"player_experience":616694,"relics_obtained":[{"floor":7,"key":"Pear"}],"event_choices":[],"is_beta":false,"boss_relics":[],"items_purged_floors":[11],"is_endless":false,"potions_floor_spawned":[2,9,13],"killed_by":"IC_STATUS_ARCHETYPE","ascension_level":0}}