{"host":"iyj530209nkhhjuz","time":1610755842,"event":{"mods":["AchievementEnabler","BaseMod","Better Match","Better Note","Better Third Choice","BetterRewards","Colored Map","Colored Powertips","Dark Map","Fox Events","Highlight Path","Minty Spire (QoL Compilation)","Permanent Neow","Random Character Button","Rare Cards Sparkle","Relic Stats","StSLib","Waifu the Spire"],"gold_per_floor":[110,385,402,415,415,415,415],"floor_reached":6,"language":"ENG","playtime":406,"items_purged":[],"score":49,"play_id":"c0c72b08-150f-40ed-a880-42c3d35715a5","local_time":"20210116011042","is_ascension_mode":true,"campfire_choices":[],"circlet_count":0,"master_deck":["Strike_B","Strike_B","Strike_B","Defend_B","Defend_B","Defend_B","Zap","Dualcast","Compile Driver","Echo Form","Auto Shields","Regret","Reprogram","Hologram"],"relics":["Cracked Core"],"acts_visited":["Exordium"],"potions_floor_usage":[],"damage_taken":[{"damage":1.0,"enemies":"Cultist","floor":1.0,"turns":3.0},{"damage":3.0,"enemies":"2 Louse","floor":3.0,"turns":3.0},{"damage":9.0,"enemies":"Jaw Worm","floor":4.0,"turns":3.0},{"damage":65,"enemies":"Gremlin Nob","floor":6,"turns":4}],"seed_played":"3518386103645500338","potions_obtained":[{"floor":1.0,"key":"Block Potion"},{"floor":3.0,"key":"Strength Potion"}],"is_trial":false,"path_per_floor":["M","?","M","M","?","E"],"character_chosen":"DEFECT","items_purchased":[],"campfire_rested":0,"item_purchase_floors":[],"current_hp_per_floor":[67,67,64,55,55,0,0],"gold":415,"neow_bonus":"TRANSFORM_TWO_CARDS","is_daily":false,"chose_seed":false,"campfire_upgraded":0,"win_rate":0.0,"timestamp":1610755842,"path_taken":["M","?","?","?","?","E"],"items_purchased_type":[],"build_version":"2020-12-22","purchased_purges":0,"victory":false,"max_hp_per_floor":[68,68,68,68,68,68,68],"relic_stats":{"counters":[85,374],"obtain_stats":[{"Ice Cream":31,"Gremlin Horn":43,"CeramicFish":0,"Vajra":4,"DollysMirror":36,"Sundial":47,"Strawberry":0,"Prayer Wheel":46,"Kunai":9,"Toxic Egg 2":31,"Pen Nib":44,"War Paint":42,"Akabeko":44,"SlaversCollar":34,"Shuriken":27,"Bronze Scales":25,"Molten Egg 2":11,"foxEvents:LuckyCharm":5,"Black Star":17,"Unceasing Top":43,"Meat on the Bone":8,"Pocketwatch":7,"Regal Pillow":9,"Bag of Preparation":37,"Smiling Mask":26,"Ancient Tea Set":30,"Empty Cage":17,"Burning Blood":0,"Nunchaku":8,"Matryoshka":37,"Pantograph":47,"Toolbox":0,"Tiny Chest":28,"Red Mask":41,"Cracked Core":0,"Ring of the Snake":0,"Runic Pyramid":17,"Golden Idol":3,"Circlet":0,"PreservedInsect":0,"Omamori":26,"Orichalcum":23,"Medical Kit":37,"White Beast Statue":37,"Anchor":6,"CaptainsWheel":12,"Ornamental Fan":9,"Turnip":9,"Art of War":26,"Bottled Lightning":6,"Membership Card":20,"PureWater":0,"Toy Ornithopter":30},{"Ice Cream":80,"Gremlin Horn":57,"CeramicFish":5,"Vajra":35,"DollysMirror":53,"Sundial":59,"Strawberry":5,"Prayer Wheel":31,"Kunai":65,"Toxic Egg 2":80,"Pen Nib":29,"War Paint":28,"Akabeko":57,"SlaversCollar":52,"Shuriken":49,"Bronze Scales":77,"Molten Egg 2":11,"foxEvents:LuckyCharm":36,"Black Star":70,"Unceasing Top":28,"Meat on the Bone":4,"Pocketwatch":9,"Regal Pillow":38,"Bag of Preparation":27,"Smiling Mask":20,"Ancient Tea Set":23,"Empty Cage":43,"Burning Blood":0,"Nunchaku":38,"Matryoshka":53,"Pantograph":59,"Toolbox":33,"Tiny Chest":22,"Red Mask":27,"Cracked Core":0,"Ring of the Snake":0,"Runic Pyramid":15,"Golden Idol":1,"Circlet":0,"PreservedInsect":33,"Omamori":48,"Orichalcum":19,"Medical Kit":27,"White Beast Statue":27,"Anchor":64,"CaptainsWheel":67,"Ornamental Fan":10,"Turnip":4,"Art of War":77,"Bottled Lightning":3,"Membership Card":17,"PureWater":0,"Toy Ornithopter":50},{"Ice Cream":357,"Gremlin Horn":240,"CeramicFish":27,"Vajra":144,"DollysMirror":221,"Sundial":251,"Strawberry":27,"Prayer Wheel":125,"Kunai":285,"Toxic Egg 2":357,"Pen Nib":116,"War Paint":111,"Akabeko":240,"SlaversCollar":217,"Shuriken":197,"Bronze Scales":342,"Molten Egg 2":48,"foxEvents:LuckyCharm":147,"Black Star":307,"Unceasing Top":111,"Meat on the Bone":24,"Pocketwatch":42,"Regal Pillow":154,"Bag of Preparation":108,"Smiling Mask":82,"Ancient Tea Set":93,"Empty Cage":172,"Burning Blood":0,"Nunchaku":154,"Matryoshka":221,"Pantograph":251,"Toolbox":139,"Tiny Chest":89,"Red Mask":108,"Cracked Core":0,"Ring of the Snake":0,"Runic Pyramid":62,"Golden Idol":4,"Circlet":0,"PreservedInsect":139,"Omamori":192,"Orichalcum":78,"Medical Kit":108,"White Beast Statue":108,"Anchor":282,"CaptainsWheel":294,"Ornamental Fan":44,"Turnip":24,"Art of War":342,"Bottled Lightning":16,"Membership Card":71,"PureWater":0,"Toy Ornithopter":201}]},"card_choices":[{"not_picked":["Barrage","Coolheaded"],"picked":"Auto Shields","floor":1.0},{"not_picked":["Go for the Eyes","Ball Lightning"],"picked":"Reprogram","floor":3.0},{"not_picked":["Beam Cell","Sweeping Beam"],"picked":"Hologram","floor":4.0}],"player_experience":410939,"relics_obtained":[],"event_choices":[{"damage_healed":0.0,"max_hp_gain":0.0,"max_hp_loss":0.0,"gold_gain":275.0,"event_name":"Golden Shrine","player_choice":"Desecrate","floor":2.0,"gold_loss":0.0,"damage_taken":0.0,"cards_obtained":["Regret"]},{"damage_healed":0.0,"max_hp_gain":0.0,"max_hp_loss":0.0,"gold_gain":0.0,"event_name":"betterThird:BetterSerpent","player_choice":"Ignored","floor":5.0,"gold_loss":0.0,"damage_taken":415.0}],"is_beta":false,"boss_relics":[],"items_purged_floors":[],"is_endless":false,"potions_floor_spawned":[1,3],"killed_by":"Gremlin Nob","ascension_level":7}}