{"host":"tfkz8stxzb1up54p","time":1610841195,"event":{"mods":["AchievementEnabler","BaseMod","Better Note","BetterRewards","Block Reminder","Colored Powertips","Curses Come First","Disable Question Mark Monsters","Displayed Cursed Tome","Emptier Cage","Gold Saver","Gremlin Skip","Halation","Highlight Path","Minty Spire (QoL Compilation)","Permanent Neow","Poor People Problems","Replay The Spire","StSLib"],"gold_per_floor":[1070,1262,1281,1026,1036,1062,1079,1079,1126,1159,1309,127,155,168,168,243,243,257,307,333,333,381,381,35,35,117,117,145,145,91,118,118,196,196,216,216,230,230,250,250,285,285,285,285,339,369,402,402,402,402,402],"floor_reached":50,"language":"ENG","playtime":4466,"items_purged":["Pain","Doubt","Delirium"],"score":1396,"play_id":"2125ceaa-ab8e-4ea9-aa70-19c78c00cad0","local_time":"20210116235315","daily_mods":["Specialized","Diverse","DeadlyEvents"],"is_ascension_mode":true,"campfire_choices":[{"data":"Inflame","floor":8,"key":"SMITH"},{"floor":15,"key":"DIG"},{"data":"1","floor":23,"key":"LIFT"},{"data":"2","floor":25,"key":"LIFT"},{"data":"3","floor":27,"key":"LIFT"},{"floor":32,"key":"DIG"},{"data":"ReplayTheSpireMod:Brewmster","floor":40,"key":"SMITH"},{"data":"Madness","floor":42,"key":"SMITH"},{"data":"Madness","floor":44,"key":"SMITH"}],"circlet_count":0,"master_deck":["AscendersBane","Strike_R","Strike_R","Strike_R","Strike_R","Strike_R","Defend_R","Defend_R+1","Defend_R+1","Bash","Rip and Tear+1","Rip and Tear+1","Rip and Tear+1","Rip and Tear+1","Rip and Tear+1","Replay:Undeath\u0027s Touch","Cloak And Dagger","Finisher","Inflame+1","Panacea","FollowUp+1","Beam Cell","Sweeping Beam","Infinite Blades","Chrysalis+1","Die Die Die","Hallucinations","CommonCold","SashWhip+1","ReplayTheSpireMod:Brewmster+1","Flash of Steel+1","Madness","Bandage Up","Double Energy+1","Twin Strike+1","Evaluate+1","Madness+1","Madness+1","Sucker Punch+1","FTL+1"],"relics":["Black Blood","halation:WeightlessCrab","Oddly Smooth Stone","Replay:Rubber Ducky","Guide Book","Eternal Feather","Girya","CaptainsWheel","Shuriken","Replay:Ancient Bell","Red Skull","Molten Egg 2","WingedGreaves","War Paint","Blood Vial","ReplayTheSpireMod:ShopPack","Replay:Bottled Eggs","FossilizedHelix","Tiny Chest","Anchor","Mummified Hand","Omamori","ReplayTheSpireMod:TigerMarble","Happy Flower"],"acts_visited":["Exordium","TheCity","TheBeyond"],"potions_floor_usage":[6,10,13,16,31,35,35,39,39,39,41,41,41,46,46,47,47,50],"damage_taken":[{"damage":0,"enemies":"Small Slimes","floor":1,"turns":2},{"damage":11,"enemies":"Jaw Worm","floor":3,"turns":3},{"damage":0,"enemies":"2 Louse","floor":5,"turns":2},{"damage":13,"enemies":"3 Sentries","floor":6,"turns":5},{"damage":18,"enemies":"Exordium Thugs","floor":7,"turns":4},{"damage":0,"enemies":"Lagavulin","floor":10,"turns":4},{"damage":4,"enemies":"Replay:BlueRogue","floor":13,"turns":4},{"damage":3,"enemies":"Blue Slaver","floor":14,"turns":2},{"damage":12,"enemies":"The Guardian","floor":16,"turns":9},{"damage":23,"enemies":"Shell Parasite","floor":18,"turns":3},{"damage":56,"enemies":"Slavers","floor":20,"turns":5},{"damage":9,"enemies":"Replay:Snechameleon","floor":28,"turns":4},{"damage":19,"enemies":"Book of Stabbing","floor":31,"turns":3},{"damage":35,"enemies":"Collector","floor":33,"turns":5},{"damage":0,"enemies":"3 Shapes","floor":35,"turns":5},{"damage":0,"enemies":"Orb Walker","floor":37,"turns":2},{"damage":42,"enemies":"Maw","floor":39,"turns":8},{"damage":55,"enemies":"Reptomancer","floor":41,"turns":5},{"damage":0,"enemies":"R_Hoarder","floor":46,"turns":7},{"damage":83,"enemies":"Giant Head","floor":47,"turns":7},{"damage":91,"enemies":"Awakened One","floor":50,"turns":9}],"seed_played":"6471971910608702211","potions_obtained":[{"floor":3,"key":"LifebloodPotion"},{"floor":7,"key":"AttackPotion"},{"floor":10,"key":"Strength Potion"},{"floor":14,"key":"SkillPotion"},{"floor":33,"key":"Explosive Potion"},{"floor":35,"key":"Strength Potion"},{"floor":46,"key":"ElixirPotion"},{"floor":47,"key":"Dexterity Potion"}],"is_trial":true,"path_per_floor":["M","?","M","$","M","E","M","R","T","E","?","$","E","M","R","B",null,"M","?","E","?","T","R","$","R","T","R","E","$","$","E","R","B",null,"M","?","M","?","M","R","E","R","T","R","T","E","E","?","R","B"],"character_chosen":"IRONCLAD","items_purchased":["Inflame","Panacea","Sweeping Beam","Infinite Blades","Chrysalis","Guide Book","Eternal Feather","Girya","ReplayTheSpireMod:ShopPack","Bandage Up","Double Energy+1"],"campfire_rested":0,"item_purchase_floors":[4,4,12,12,12,12,12,12,24,24,30],"current_hp_per_floor":[74,74,69,69,75,68,56,56,56,62,62,62,64,67,75,69,74,57,57,7,7,7,25,25,43,43,61,60,60,60,68,75,50,69,75,75,75,61,37,58,21,45,45,69,69,75,19,19,65,0,0],"gold":402,"neow_bonus":"","is_daily":false,"chose_seed":false,"campfire_upgraded":4,"win_rate":0.0,"timestamp":1610841195,"path_taken":["M","?","M","$","M","E","M","R","T","E","?","?","?","?","R","BOSS","M","?","?","?","?","R","$","R","T","R","?","?","$","E","R","BOSS","M","?","M","?","?","R","E","R","T","R","?","?","E","?","R","BOSS"],"items_purchased_type":["Card","Card","Card","Card","Card","Relic","Relic","Relic","Relic","Card","Card"],"build_version":"2020-12-22","purchased_purges":3,"victory":false,"max_hp_per_floor":[75,75,75,75,75,75,75,75,75,75,75,75,75,75,75,75,75,75,75,75,75,75,75,75,75,75,75,75,75,75,75,75,75,75,75,75,75,75,75,75,75,75,75,75,75,75,75,75,75,75,75],"card_choices":[{"not_picked":["Replay:ManipulateFuture","EmptyFist"],"picked":"Replay:Undeath\u0027s Touch","floor":1},{"not_picked":["WheelKick","Fluid Movement"],"picked":"Cloak And Dagger","floor":2},{"not_picked":["Pummel","PathToVictory"],"picked":"Finisher","floor":3},{"not_picked":["ReplayTheSpireMod:Corrosion Curse","Dagger Spray","Carnage"],"picked":"SKIP","floor":5},{"not_picked":["Escape Plan","Crescendo"],"picked":"FollowUp","floor":6},{"not_picked":["Poisoned Stab","FollowUp","Replay:BluntJabs"],"picked":"SKIP","floor":7},{"not_picked":["Carnage","ConjureBlade"],"picked":"Beam Cell","floor":10},{"not_picked":["Body Slam","Burning Pact","Choke"],"picked":"SKIP","floor":13},{"not_picked":["Evolve","Steam","EmptyFist"],"picked":"SKIP","floor":14},{"not_picked":["Omniscience","ReplayTheSpireMod:From All Sides"],"picked":"Die Die Die","floor":16},{"not_picked":["Languid","AbeCurse"],"picked":"Hallucinations","floor":17},{"not_picked":["Parasite","AbeCurse"],"picked":"Delirium","floor":17},{"not_picked":["Spreading Infection","ReplayTheSpireMod:Restless Dread"],"picked":"CommonCold","floor":17},{"not_picked":["Blizzard+1","Replay:Vibes+1","ReplayTheSpireMod:LeadingStrike+1"],"picked":"SKIP","floor":18},{"not_picked":["Clash+1","Infernal Blade"],"picked":"SashWhip+1","floor":20},{"not_picked":["Chrysalis","The Bomb"],"picked":"ReplayTheSpireMod:Brewmster","floor":24},{"not_picked":["Impatience","Madness"],"picked":"Flash of Steel","floor":24},{"not_picked":["Specialist","Impatience"],"picked":"Madness","floor":24},{"not_picked":["Brilliance+1","Hello World","CutThroughFate+1"],"picked":"SKIP","floor":28},{"not_picked":["Undo","Redo+1","Crystallizer"],"picked":"SKIP","floor":31},{"not_picked":["Bane+1","Skim+1"],"picked":"Twin Strike+1","floor":35},{"not_picked":["Clothesline+1","Replay:ManipulateFuture+1"],"picked":"Evaluate+1","floor":37},{"not_picked":["Replay:ManipulateFuture","ReplayTheSpireMod:Strike From Hell+1"],"picked":"Sucker Punch+1","floor":39},{"not_picked":["ReachHeaven+1","Redo+1"],"picked":"FTL+1","floor":41},{"not_picked":["Biased Cognition","Searing Blow+1","ClearTheMind+1"],"picked":"SKIP","floor":46},{"not_picked":["Barrage+1","Halt+1","Immolate+1"],"picked":"SKIP","floor":47}],"player_experience":1358097,"relics_obtained":[{"floor":6,"key":"halation:WeightlessCrab"},{"floor":9,"key":"Oddly Smooth Stone"},{"floor":10,"key":"Replay:Rubber Ducky"},{"floor":13,"key":"CaptainsWheel"},{"floor":15,"key":"Shuriken"},{"floor":20,"key":"War Paint"},{"floor":22,"key":"Blood Vial"},{"floor":26,"key":"Replay:Bottled Eggs"},{"floor":28,"key":"FossilizedHelix"},{"floor":31,"key":"Tiny Chest"},{"floor":32,"key":"Anchor"},{"floor":41,"key":"Mummified Hand"},{"floor":45,"key":"Omamori"},{"floor":46,"key":"ReplayTheSpireMod:TigerMarble"},{"floor":47,"key":"Happy Flower"}],"event_choices":[{"damage_healed":0,"gold_gain":150,"player_choice":"AGREE","damage_taken":0,"max_hp_gain":0,"max_hp_loss":0,"event_name":"Liars Game","floor":11,"gold_loss":0,"cards_obtained":["Doubt"]},{"damage_healed":0,"gold_gain":100,"player_choice":"Bet on Murderer","damage_taken":0,"max_hp_gain":0,"max_hp_loss":0,"event_name":"The Joust","floor":19,"gold_loss":50},{"damage_healed":0,"gold_gain":0,"player_choice":"Ignored","damage_taken":0,"max_hp_gain":0,"max_hp_loss":0,"event_name":"Vampires","floor":21,"gold_loss":0},{"cards_removed":["Defend_R"],"damage_healed":0,"gold_gain":0,"player_choice":"Removed Skill","damage_taken":0,"max_hp_gain":0,"max_hp_loss":0,"event_name":"Falling","floor":36,"gold_loss":0},{"damage_healed":0,"gold_gain":0,"player_choice":"Embrace Madness","damage_taken":14,"max_hp_gain":0,"max_hp_loss":0,"event_name":"Winding Halls","floor":38,"gold_loss":0,"cards_obtained":["Madness","Madness"]}],"is_beta":false,"boss_relics":[{"not_picked":["Painkiller Herb","halation:SmartPhone"],"picked":"Replay:Ancient Bell"},{"not_picked":["Regal Pillow","ReplayFunnel"],"picked":"Red Skull"},{"not_picked":["halation:TwoAmDonut","Blue Candle"],"picked":"Molten Egg 2"},{"not_picked":["Gambling Chip","Replay:PocketPolymizer"],"picked":"WingedGreaves"},{"not_picked":["Busted Crown","Astrolabe"],"picked":"Black Blood"}],"items_purged_floors":[4,12,24],"is_endless":false,"potions_floor_spawned":[3,7,10,14,33,35,37,46,47],"killed_by":"Awakened One","ascension_level":20}}