{"host":"56d873i5r3uhle0q","time":1610766907,"event":{"mods":["100% Spire Juice","Act Like it!","Aspiration","BaseMod","Block Reminder","Conspire","Gensokyo","Hermit","Jedi Mod","Marisa????????","Marked Mod","Minty Spire (QoL Compilation)","Replay The Spire","StSLib","The Animator","The Bug Knight","The Cursed","The Jungle","The Marked","The Servant 0.9.4","everything is the same but u backflip on backflip","vexMod","??????REMEMod"],"gold_per_floor":[119,49,86,86,86,86,141,141,141,165,165,165,165,101,130,164,164,376,376],"floor_reached":18,"language":"ENG","playtime":1097,"items_purged":[],"score":110,"play_id":"5dd517a7-bddf-4a72-adb7-7f065f5bb111","local_time":"20210115201507","is_ascension_mode":false,"campfire_choices":[{"data":"ReplayTheSpireMod:From All Sides","floor":6,"key":"SMITH"},{"floor":8,"key":"REST"},{"floor":17,"key":"REST"}],"circlet_count":0,"master_deck":["Strike_G","Strike_G","Strike_G","Strike_G","Strike_G","Defend_G","Defend_G","Defend_G","Defend_G","Defend_G","Survivor","Neutralize","ReplayTheSpireMod:From All Sides+1","Mayhem","Prepared"],"relics":["Ring of the Snake","REME_ComplimentaryCards","Replay:Bandana","Replay:Arrowhead","Mercury Hourglass","jedi:archwizardhat","Bag of Marbles"],"acts_visited":["Gensokyo:Gensokyo"],"potions_floor_usage":[18,18],"damage_taken":[{"damage":0.0,"enemies":"Gensokyo:Python","floor":1.0,"turns":4.0},{"damage":5,"enemies":"Gensokyo:Gryphon","floor":3,"turns":4},{"damage":35,"enemies":"Gensokyo:Cirno","floor":7,"turns":9},{"damage":0,"enemies":"Gensokyo:3_Fairies","floor":10,"turns":3},{"damage":0,"enemies":"Gensokyo:LivingMonolith","floor":15,"turns":2},{"damage":9,"enemies":"Gensokyo:Kitsune","floor":16,"turns":2},{"damage":73,"enemies":"Gensokyo:Reimu","floor":18,"turns":18}],"seed_played":"-6161274441882741499","potions_obtained":[{"floor":1.0,"key":"Energy Potion"},{"floor":10,"key":"SteroidPotion"},{"floor":16,"key":"Reflective Coating"}],"is_trial":false,"path_per_floor":["M","?","M","$","?","R","E","R","T","M","PTL","PTL","T","COS","M","M","R","B"],"character_chosen":"THE_SILENT","items_purchased":[],"campfire_rested":2,"item_purchase_floors":[],"current_hp_per_floor":[70,70,65,65,65,65,30,51,51,51,51,51,51,51,51,42,63,0,0],"gold":376,"neow_bonus":"ONE_RANDOM_RARE_CARD","is_daily":false,"chose_seed":false,"campfire_upgraded":1,"win_rate":0.0,"timestamp":1610766907,"path_taken":["M","?","M","$","?","R","E","R","T","?","PTL","PTL","?","COS","M","M","R","BOSS"],"items_purchased_type":[],"build_version":"2020-12-22","purchased_purges":0,"victory":false,"max_hp_per_floor":[70,70,70,70,70,70,70,70,70,70,70,70,70,70,70,70,70,70,70],"card_choices":[{"not_picked":["Quick Slash","Predator","Slice"],"picked":"SKIP","floor":1.0},{"not_picked":["Backflip","Outmaneuver","Hidden Blade"],"picked":"SKIP","floor":3},{"not_picked":["Fluid Movement","ReplayTheSpireMod:Necrosis","Quick Slash"],"picked":"SKIP","floor":7},{"not_picked":["Deadly Poison","Infinite Blades"],"picked":"Prepared","floor":10},{"not_picked":["Dagger Throw","Replay:Poison Smokescreen","Underhanded Strike"],"picked":"SKIP","floor":15},{"not_picked":["Blade Dance","Backflip","REME_ShadowStrike"],"picked":"SKIP","floor":16}],"player_experience":528789,"relics_obtained":[{"floor":7,"key":"Replay:Arrowhead"},{"floor":9,"key":"Mercury Hourglass"},{"floor":13,"key":"jedi:archwizardhat"}],"event_choices":[],"is_beta":false,"boss_relics":[],"items_purged_floors":[],"is_endless":false,"potions_floor_spawned":[1,10,16],"killed_by":"Gensokyo:Reimu","ascension_level":0}}