{"host":"j015jhc2yy25u1i1","time":1610829676,"event":{"mods":["AchievementEnabler","BaseMod","Colored Map","Colored Powertips","Highlight Path","Minty Spire (QoL Compilation)"],"gold_per_floor":[112,125,50,0,0,30,30,45,45,58,85,85,85,100,100,197,197,209,19,19,33,46,46,75,90,116,116,116],"floor_reached":27,"language":"ENG","playtime":1543,"items_purged":["Defend_G"],"score":281,"play_id":"209724e1-25c5-410b-8700-6609bb0d493f","local_time":"20210116134116","is_ascension_mode":true,"campfire_choices":[{"data":"Noxious Fumes","floor":7,"key":"SMITH"},{"floor":12,"key":"REST"},{"floor":15,"key":"REST"},{"floor":23,"key":"REST"}],"circlet_count":0,"master_deck":["Strike_G","Strike_G","Strike_G","Defend_G","Defend_G","Defend_G","Survivor","Neutralize+1","Acrobatics","Noxious Fumes+1","Noxious Fumes","Noxious Fumes","Leg Sweep","Quick Slash+1","Well Laid Plans","Corpse Explosion","A Thousand Cuts","Backflip+1","Dash+1","PiercingWail"],"relics":["Ring of the Snake","Pantograph","Ancient Tea Set","Philosopher\u0027s Stone","Snake Skull","Centennial Puzzle","Orichalcum"],"acts_visited":["Exordium","TheCity"],"potions_floor_usage":[6,11,16,16,24],"damage_taken":[{"damage":4,"enemies":"Cultist","floor":1,"turns":6},{"damage":0,"enemies":"2 Louse","floor":2,"turns":3},{"damage":27,"enemies":"Gremlin Nob","floor":6,"turns":5},{"damage":0,"enemies":"Small Slimes","floor":8,"turns":3},{"damage":3,"enemies":"Exordium Wildlife","floor":10,"turns":3},{"damage":28,"enemies":"3 Sentries","floor":11,"turns":5},{"damage":8,"enemies":"Exordium Thugs","floor":14,"turns":5},{"damage":29,"enemies":"Hexaghost","floor":16,"turns":8},{"damage":2,"enemies":"Chosen","floor":18,"turns":6},{"damage":21,"enemies":"Spheric Guardian","floor":21,"turns":4},{"damage":27,"enemies":"Centurion and Healer","floor":22,"turns":4},{"damage":34,"enemies":"Book of Stabbing","floor":24,"turns":7},{"damage":1,"enemies":"Snecko","floor":25,"turns":5},{"damage":14,"enemies":"Slavers","floor":27,"turns":1}],"seed_played":"6067715071960073995","potions_obtained":[{"floor":2,"key":"DistilledChaos"},{"floor":6,"key":"SkillPotion"},{"floor":10,"key":"Poison Potion"},{"floor":13,"key":"LiquidBronze"},{"floor":14,"key":"Swift Potion"},{"floor":22,"key":"FearPotion"},{"floor":24,"key":"SpeedPotion"},{"floor":25,"key":"DuplicationPotion"}],"is_trial":false,"path_per_floor":["M","M","$","?","?","E","R","M","T","M","E","R","?","M","R","B",null,"M","$","?","M","M","R","E","M","T","E"],"character_chosen":"THE_SILENT","items_purchased":["Well Laid Plans","Snake Skull"],"campfire_rested":3,"item_purchase_floors":[19,19],"current_hp_per_floor":[66,66,66,66,70,43,43,43,43,40,12,33,33,25,46,41,70,68,68,68,47,20,41,7,6,6,0,0],"gold":116,"neow_bonus":"UPGRADE_CARD","is_daily":false,"chose_seed":false,"campfire_upgraded":1,"win_rate":0.0,"timestamp":1610829676,"path_taken":["M","M","$","?","?","E","R","M","T","?","E","R","?","M","R","BOSS","M","$","?","M","M","R","E","M","T","E"],"items_purchased_type":["Card","Relic"],"build_version":"2020-12-22","purchased_purges":1,"victory":false,"max_hp_per_floor":[70,70,70,70,70,70,70,70,70,70,70,70,70,70,70,70,70,70,70,70,70,70,70,70,70,70,70,70],"card_choices":[{"not_picked":["Deadly Poison","Sucker Punch"],"picked":"Acrobatics","floor":1},{"not_picked":["Dodge and Roll","Prepared"],"picked":"Noxious Fumes","floor":2},{"not_picked":["Riddle With Holes","Burst","Endless Agony"],"picked":"SKIP","floor":6},{"not_picked":["Quick Slash","Terror"],"picked":"Noxious Fumes","floor":8},{"not_picked":["Acrobatics","Poisoned Stab"],"picked":"Noxious Fumes","floor":10},{"not_picked":["Dagger Throw","Quick Slash"],"picked":"Leg Sweep","floor":11},{"not_picked":["Deadly Poison","Flechettes","Deflect"],"picked":"SKIP","floor":14},{"not_picked":["Flying Knee","Slice"],"picked":"Quick Slash+1","floor":18},{"not_picked":["Dagger Throw","Riddle With Holes","Dodge and Roll+1"],"picked":"SKIP","floor":21},{"not_picked":["Leg Sweep+1","Slice+1"],"picked":"Backflip+1","floor":22},{"not_picked":["Crippling Poison","Heel Hook"],"picked":"Dash+1","floor":24},{"not_picked":["Masterful Stab","Flying Knee"],"picked":"PiercingWail","floor":25}],"player_experience":26590,"relics_obtained":[{"floor":6,"key":"Pantograph"},{"floor":11,"key":"Ancient Tea Set"},{"floor":24,"key":"Centennial Puzzle"},{"floor":26,"key":"Orichalcum"}],"event_choices":[{"cards_removed":["Defend_G"],"damage_healed":0,"gold_gain":0,"player_choice":"Card Removal","damage_taken":0,"max_hp_gain":0,"max_hp_loss":0,"event_name":"The Cleric","floor":4,"gold_loss":50},{"damage_healed":4,"gold_gain":0,"player_choice":"Full Heal","damage_taken":0,"max_hp_gain":0,"max_hp_loss":0,"event_name":"Wheel of Change","floor":5,"gold_loss":0},{"damage_healed":0,"gold_gain":0,"player_choice":"Got Potions","damage_taken":0,"max_hp_gain":0,"max_hp_loss":0,"event_name":"Lab","floor":13,"gold_loss":0},{"damage_healed":0,"gold_gain":0,"cards_transformed":["Strike_G","Strike_G"],"player_choice":"Became Test Subject","damage_taken":0,"max_hp_gain":0,"max_hp_loss":0,"event_name":"Drug Dealer","floor":20,"gold_loss":0,"cards_obtained":["Corpse Explosion","A Thousand Cuts"]}],"is_beta":false,"boss_relics":[{"not_picked":["Calling Bell","WristBlade"],"picked":"Philosopher\u0027s Stone"}],"items_purged_floors":[3],"is_endless":false,"potions_floor_spawned":[2,6,10,14,22,24,25],"killed_by":"Slavers","ascension_level":1}}