{"host":"sc0o2qwpf9j16a4i","time":1610810488,"event":{"mods":["AchievementEnabler","BaseMod","BetterRewards","Block Reminder","Colored Map","Colored Powertips","Custom Start","Highlight Path","Minty Spire (QoL Compilation)","Relic Stats"],"gold_per_floor":[116,135,151,116,131,131,165,165,165,165,195,195,195,24,24,101,101,112,188,213,227,55,90,90,119,119,144,144,164,164,180,180,255,255,270,270,280,57,57,89,101,101,128,141,152,177,177,177,177],"floor_reached":48,"language":"ENG","playtime":1786,"items_purged":["Strike_P","Strike_P"],"score":1612,"play_id":"ef0d763f-005d-4896-8846-3cf300986b8c","local_time":"20210116172128","is_ascension_mode":true,"campfire_choices":[{"data":"Alpha","floor":6,"key":"SMITH"},{"floor":8,"key":"REST"},{"floor":10,"key":"REST"},{"data":"LikeWater","floor":13,"key":"SMITH"},{"data":"Protect","floor":15,"key":"SMITH"},{"floor":24,"key":"REST"},{"floor":28,"key":"REST"},{"floor":32,"key":"REST"},{"floor":42,"key":"RECALL"},{"floor":47,"key":"REST"}],"circlet_count":0,"master_deck":["AscendersBane","Strike_P","Strike_P","Defend_P","Defend_P","Defend_P","Eruption","Vigilance","Consecrate","SashWhip+1","CutThroughFate","Protect+1","Alpha+1","LikeWater+1","Omniscience","DeceiveReality","FearNoEvil","LikeWater+1","Wallop","Sanctity","ThirdEye","DevaForm","Establishment","Worship","TalkToTheHand+1","Protect","Conclude+1"],"relics":["PureWater","Membership Card","Ginger","Tiny Chest","Pocketwatch","CaptainsWheel","Torii","Incense Burner","VioletLotus","Kunai","Red Mask","DollysMirror","Gremlin Horn","Blue Candle","Lantern","TungstenRod","Pantograph","Fusion Hammer","OrangePellets","Mummified Hand","Bronze Scales","Art of War","Vajra"],"acts_visited":["Exordium","TheCity","TheBeyond"],"potions_floor_usage":[1,7,16,20,23,27,31,33,33,46,48,48],"damage_taken":[{"damage":7,"enemies":"Cultist","floor":1,"turns":5},{"damage":4,"enemies":"Jaw Worm","floor":2,"turns":3},{"damage":0,"enemies":"2 Louse","floor":3,"turns":2},{"damage":6,"enemies":"Lots of Slimes","floor":5,"turns":4},{"damage":41,"enemies":"Gremlin Nob","floor":7,"turns":4},{"damage":7,"enemies":"3 Sentries","floor":11,"turns":5},{"damage":5,"enemies":"Hexaghost","floor":16,"turns":6},{"damage":15,"enemies":"Shell Parasite","floor":18,"turns":4},{"damage":1,"enemies":"Masked Bandits","floor":20,"turns":3},{"damage":12,"enemies":"3 Byrds","floor":21,"turns":3},{"damage":29,"enemies":"Slavers","floor":23,"turns":5},{"damage":0,"enemies":"Gremlin Leader","floor":25,"turns":5},{"damage":9,"enemies":"Slavers","floor":27,"turns":4},{"damage":11,"enemies":"Centurion and Healer","floor":29,"turns":5},{"damage":7,"enemies":"Chosen and Byrds","floor":31,"turns":6},{"damage":5,"enemies":"Automaton","floor":33,"turns":10},{"damage":7,"enemies":"3 Shapes","floor":35,"turns":4},{"damage":0,"enemies":"Orb Walker","floor":37,"turns":5},{"damage":0,"enemies":"Giant Head","floor":40,"turns":7},{"damage":0,"enemies":"Maw","floor":41,"turns":6},{"damage":0,"enemies":"Spire Growth","floor":44,"turns":7},{"damage":0,"enemies":"Writhing Mass","floor":45,"turns":6},{"damage":0,"enemies":"Nemesis","floor":46,"turns":7},{"damage":79,"enemies":"Reptomancer","floor":48,"turns":2}],"seed_played":"-1766860534126208182","potions_obtained":[{"floor":2,"key":"GamblersBrew"},{"floor":5,"key":"Fruit Juice"},{"floor":7,"key":"Fire Potion"},{"floor":16,"key":"DuplicationPotion"},{"floor":21,"key":"SpeedPotion"},{"floor":25,"key":"SneckoOil"},{"floor":29,"key":"BottledMiracle"},{"floor":31,"key":"Strength Potion"},{"floor":37,"key":"Block Potion"},{"floor":41,"key":"LiquidMemories"},{"floor":46,"key":"EssenceOfSteel"}],"is_trial":false,"path_per_floor":["M","M","M","?","M","R","E","R","T","R","E","?","R","$","R","B",null,"M","T","?","M","$","E","R","E","T","E","R","M","T","M","R","B",null,"M","?","M","$","T","E","M","R","T","M","M","E","R","E"],"character_chosen":"WATCHER","items_purchased":["Membership Card","Ginger","Tiny Chest","StancePotion","LiquidBronze","Consecrate","Incense Burner","DollysMirror","Wallop","OrangePellets","Mummified Hand"],"campfire_rested":6,"item_purchase_floors":[0,0,0,0,0,0,14,22,22,38,38],"current_hp_per_floor":[37,33,33,50,44,44,8,29,29,50,43,43,43,43,43,38,64,49,49,48,36,36,7,28,28,28,19,40,29,29,22,43,63,71,64,64,64,64,64,64,64,64,64,64,64,64,73,0,0],"gold":177,"neow_bonus":"","is_daily":false,"chose_seed":false,"campfire_upgraded":3,"win_rate":0.0,"timestamp":1610810488,"path_taken":["M","M","?","?","M","R","E","R","T","R","E","?","R","$","R","BOSS","M","?","?","M","$","E","R","E","T","E","R","M","?","M","R","BOSS","M","?","M","$","?","E","M","R","T","?","?","E","R","E"],"items_purchased_type":["Relic","Relic","Relic","Potion","Potion","Card","Relic","Relic","Card","Relic","Relic"],"build_version":"2020-12-22","purchased_purges":2,"victory":false,"max_hp_per_floor":[68,68,68,68,68,68,73,73,73,73,73,73,73,73,73,73,73,73,73,73,73,73,73,73,73,73,73,73,73,73,73,73,73,73,73,73,73,73,73,73,73,73,73,73,73,73,73,73,73],"relic_stats":{"Torii":47,"Gremlin Horn":[9,9],"counters":[36,163],"Blue Candle":[0],"Ginger":[28],"OrangePellets":[8],"Mummified Hand":[45],"Pantograph":96,"Bronze Scales":[65],"Tiny Chest":2,"VioletLotus":[8],"Art of War":[16],"Kunai":[13],"obtain_stats":[{"Lantern":26,"Torii":11,"Gremlin Horn":23,"Vajra":46,"Incense Burner":14,"Ginger":0,"DollysMirror":22,"Mummified Hand":38,"Pantograph":30,"Tiny Chest":0,"VioletLotus":17,"Fusion Hammer":34,"Red Mask":20,"Kunai":19,"Runic Pyramid":17,"Pear":9,"NeowsBlessing":0,"Blue Candle":25,"Orichalcum":19,"WarpedTongs":5,"OrangePellets":38,"CaptainsWheel":9,"Bronze Scales":40,"Art of War":6,"Bag of Marbles":10,"Membership Card":0,"PureWater":0,"TungstenRod":27,"Pocketwatch":7},{"Lantern":24,"Torii":18,"Gremlin Horn":23,"Vajra":35,"Incense Burner":18,"Ginger":12,"DollysMirror":22,"Mummified Hand":30,"Pantograph":26,"Tiny Chest":12,"VioletLotus":19,"Fusion Hammer":28,"Red Mask":21,"Kunai":20,"Runic Pyramid":9,"Pear":4,"NeowsBlessing":0,"Blue Candle":24,"Orichalcum":10,"WarpedTongs":2,"OrangePellets":30,"CaptainsWheel":17,"Bronze Scales":31,"Art of War":3,"Bag of Marbles":5,"Membership Card":12,"PureWater":0,"TungstenRod":25,"Pocketwatch":17},{"Lantern":94,"Torii":68,"Gremlin Horn":89,"Vajra":161,"Incense Burner":68,"Ginger":45,"DollysMirror":84,"Mummified Hand":128,"Pantograph":103,"Tiny Chest":45,"VioletLotus":74,"Fusion Hammer":119,"Red Mask":81,"Kunai":78,"Runic Pyramid":26,"Pear":5,"NeowsBlessing":0,"Blue Candle":94,"Orichalcum":33,"WarpedTongs":2,"OrangePellets":128,"CaptainsWheel":63,"Bronze Scales":135,"Art of War":3,"Bag of Marbles":10,"Membership Card":45,"PureWater":0,"TungstenRod":98,"Pocketwatch":63}],"TungstenRod":20,"Pocketwatch":[146]},"card_choices":[{"not_picked":["EmptyBody","EmptyFist"],"picked":"SashWhip","floor":1},{"not_picked":["Study","CrushJoints"],"picked":"CutThroughFate","floor":2},{"not_picked":["SashWhip","Evaluate"],"picked":"Protect","floor":3},{"not_picked":["Consecrate","ForeignInfluence"],"picked":"Alpha","floor":5},{"not_picked":["PathToVictory","EmptyBody"],"picked":"LikeWater","floor":7},{"not_picked":["ForeignInfluence","CrushJoints","Tantrum"],"picked":"SKIP","floor":11},{"not_picked":["Ragnarok","Brilliance"],"picked":"Omniscience","floor":16},{"not_picked":["PathToVictory","FlurryOfBlows"],"picked":"DeceiveReality","floor":18},{"not_picked":["WaveOfTheHand","Crescendo+1"],"picked":"FearNoEvil","floor":21},{"not_picked":["Nirvana","PathToVictory","JustLucky+1"],"picked":"SKIP","floor":23},{"not_picked":["FlyingSleeves","FollowUp","SashWhip"],"picked":"SKIP","floor":25},{"not_picked":["Protect","FlyingSleeves","Pray"],"picked":"SKIP","floor":27},{"not_picked":["Protect","Tantrum"],"picked":"Sanctity","floor":29},{"not_picked":["Protect","Crescendo"],"picked":"ThirdEye","floor":31},{"not_picked":["DeusExMachina","Judgement"],"picked":"DevaForm","floor":33},{"not_picked":["EmptyBody","Study","SashWhip"],"picked":"SKIP","floor":35},{"not_picked":["Collect","JustLucky+1","EmptyFist"],"picked":"SKIP","floor":37},{"not_picked":["CutThroughFate","FlyingSleeves"],"picked":"Establishment","floor":40},{"not_picked":["WindmillStrike","Crescendo"],"picked":"Worship","floor":41},{"not_picked":["FlurryOfBlows","Perseverance"],"picked":"TalkToTheHand+1","floor":44},{"not_picked":["Consecrate","EmptyBody"],"picked":"Protect","floor":45},{"not_picked":["BattleHymn","Judgement"],"picked":"Conclude+1","floor":46}],"player_experience":658793,"relics_obtained":[{"floor":7,"key":"Pocketwatch"},{"floor":9,"key":"CaptainsWheel"},{"floor":11,"key":"Torii"},{"floor":19,"key":"Kunai"},{"floor":20,"key":"Red Mask"},{"floor":23,"key":"Gremlin Horn"},{"floor":25,"key":"Blue Candle"},{"floor":26,"key":"Lantern"},{"floor":27,"key":"TungstenRod"},{"floor":30,"key":"Pantograph"},{"floor":40,"key":"Bronze Scales"},{"floor":43,"key":"Art of War"},{"floor":46,"key":"Vajra"}],"event_choices":[{"damage_healed":17,"gold_gain":0,"player_choice":"Healed","damage_taken":0,"max_hp_gain":0,"max_hp_loss":0,"event_name":"The Cleric","floor":4,"gold_loss":35},{"damage_healed":0,"gold_gain":0,"player_choice":"Upgraded","damage_taken":0,"max_hp_gain":0,"max_hp_loss":0,"event_name":"Upgrade Shrine","floor":12,"gold_loss":0,"cards_upgraded":["SashWhip"]},{"damage_healed":0,"gold_gain":0,"player_choice":"Fought Bandits","damage_taken":0,"max_hp_gain":0,"max_hp_loss":0,"event_name":"Masked Bandits","floor":20,"gold_loss":0},{"cards_removed":["Defend_P"],"damage_healed":0,"gold_gain":0,"player_choice":"Removed Skill","damage_taken":0,"max_hp_gain":0,"max_hp_loss":0,"event_name":"Falling","floor":36,"gold_loss":0}],"is_beta":false,"boss_relics":[{"not_picked":["Black Star","Ectoplasm"],"picked":"VioletLotus"},{"not_picked":["Runic Dome","Tiny House"],"picked":"Fusion Hammer"}],"items_purged_floors":[0,22],"is_endless":false,"potions_floor_spawned":[2,5,7,16,18,21,25,29,31,37,41,44,45,46],"killed_by":"Reptomancer","ascension_level":20}}