{"host":"utqe55yv0jihe4d6","time":1610834984,"event":{"mods":["2.2 Compatiblity","AchievementEnabler","BaseMod","Block Reminder","Colored Map","Colored Powertips","Minty Spire (QoL Compilation)","Quick Restart","Rare Cards Sparkle","Relic Stats","SuperFastMode"],"gold_per_floor":[112,127,127,402,422,462,462,1,1,1,21,21,57,57,57,147,147,160,160,160,185,185,226,226,561,561,461,477,144,169,192,192,285,285,301,319,343,359,242,298,310,366,447,482,494,547,559,609,621,633,645,645],"floor_reached":51,"language":"ENG","playtime":3888,"items_purged":["Regret","Strike_R","Strike_R"],"score":1651,"play_id":"54bb949b-2a8b-47cc-8006-59248aa909e5","local_time":"20210116170944","is_ascension_mode":true,"campfire_choices":[{"data":"Blood for Blood","floor":7,"key":"SMITH"},{"data":"Apotheosis","floor":10,"key":"SMITH"},{"floor":12,"key":"REST"},{"floor":15,"key":"REST"},{"floor":24,"key":"REST"},{"floor":32,"key":"REST"},{"floor":41,"key":"REST"},{"floor":45,"key":"RECALL"},{"data":"Corruption","floor":47,"key":"SMITH"},{"data":"Dark Embrace","floor":49,"key":"SMITH"}],"circlet_count":0,"master_deck":["AscendersBane","Strike_R","Defend_R","Defend_R","Defend_R","Defend_R","Bash","Blood for Blood+1","Dual Wield","Pommel Strike","Dark Embrace+1","Corruption+1","Apotheosis+1","Intimidate","Immolate","Feed","Flame Barrier","Shrug It Off","Carnage","Shockwave","Inflame","True Grit","Inflame","Evolve","Limit Break","Whirlwind+1","Power Through","Entrench+1","Pommel Strike","Bludgeon","Shrug It Off","Flame Barrier+1"],"relics":["Burning Blood","Golden Idol","Letter Opener","Bronze Scales","Darkstone Periapt","Philosopher\u0027s Stone","Ornamental Fan","Old Coin","Happy Flower","Snecko Eye","MawBank","InkBottle","Regal Pillow","Blue Candle","Nunchaku","The Courier"],"acts_visited":["Exordium","TheCity","TheBeyond"],"potions_floor_usage":[6,21,31,31,36,51],"damage_taken":[{"damage":16,"enemies":"Jaw Worm","floor":1,"turns":5},{"damage":6,"enemies":"Small Slimes","floor":2,"turns":5},{"damage":9,"enemies":"Cultist","floor":5,"turns":4},{"damage":35,"enemies":"Gremlin Nob","floor":6,"turns":4},{"damage":9,"enemies":"Red Slaver","floor":11,"turns":3},{"damage":25,"enemies":"3 Sentries","floor":13,"turns":5},{"damage":46,"enemies":"The Guardian","floor":16,"turns":11},{"damage":15,"enemies":"Chosen","floor":18,"turns":5},{"damage":7,"enemies":"3 Byrds","floor":21,"turns":2},{"damage":27,"enemies":"Gremlin Leader","floor":23,"turns":6},{"damage":23,"enemies":"Book of Stabbing","floor":25,"turns":5},{"damage":0,"enemies":"3 Cultists","floor":28,"turns":4},{"damage":19,"enemies":"Cultist and Chosen","floor":30,"turns":5},{"damage":0,"enemies":"Snecko","floor":31,"turns":4},{"damage":20,"enemies":"Champ","floor":33,"turns":8},{"damage":15,"enemies":"3 Darklings","floor":35,"turns":4},{"damage":22,"enemies":"3 Shapes","floor":36,"turns":4},{"damage":0,"enemies":"Spire Growth","floor":37,"turns":3},{"damage":8,"enemies":"4 Shapes","floor":38,"turns":2},{"damage":31,"enemies":"Nemesis","floor":40,"turns":5},{"damage":1,"enemies":"Giant Head","floor":42,"turns":6},{"damage":8,"enemies":"Maw","floor":44,"turns":7},{"damage":0,"enemies":"Reptomancer","floor":46,"turns":3},{"damage":2,"enemies":"Nemesis","floor":48,"turns":5},{"damage":101,"enemies":"Time Eater","floor":50,"turns":11},{"damage":23,"enemies":"Awakened One","floor":51,"turns":5}],"seed_played":"-859001033119610824","potions_obtained":[{"floor":1,"key":"SpeedPotion"},{"floor":5,"key":"Explosive Potion"},{"floor":13,"key":"LiquidMemories"},{"floor":21,"key":"Energy Potion"},{"floor":23,"key":"GamblersBrew"},{"floor":25,"key":"Swift Potion"},{"floor":31,"key":"FearPotion"},{"floor":38,"key":"CultistPotion"},{"floor":40,"key":"FearPotion"},{"floor":42,"key":"GamblersBrew"}],"is_trial":false,"path_per_floor":["M","M","?","?","M","E","R","$","T","R","M","R","E","$","R","B",null,"M","?","?","M","?","E","R","E","T","$","M","$","M","M","R","B",null,"M","M","M","M","?","E","R","E","T","M","R","E","R","E","R","B","B"],"character_chosen":"IRONCLAD","items_purchased":["Corruption","Apotheosis","Happy Flower","Inflame"],"campfire_rested":5,"item_purchase_floors":[8,8,29,29],"current_hp_per_floor":[65,65,65,65,62,33,33,33,33,33,30,52,33,33,55,15,59,50,50,50,49,49,32,55,38,38,38,56,56,47,53,81,71,91,82,74,84,86,86,65,100,109,109,107,107,113,113,117,117,22,0,0],"gold":645,"neow_bonus":"TEN_PERCENT_HP_BONUS","is_daily":false,"chose_seed":false,"campfire_upgraded":4,"win_rate":0.0,"timestamp":1610834984,"path_taken":["M","M","?","?","M","E","R","$","T","R","?","R","E","?","R","BOSS","M","?","?","M","?","E","R","E","T","$","M","$","M","M","R","BOSS","M","M","M","M","?","E","R","E","T","?","R","E","R","E","R","BOSS","BOSS"],"items_purchased_type":["Card","Card","Relic","Card"],"build_version":"2020-12-22","purchased_purges":3,"victory":false,"max_hp_per_floor":[82,82,74,74,74,74,74,74,74,74,74,74,74,74,74,74,74,74,74,74,74,74,78,78,78,78,78,90,90,94,94,94,98,98,98,106,110,114,114,118,118,122,122,122,122,122,122,122,122,122,122,122],"relic_stats":{"Darkstone Periapt":0,"Regal Pillow":0,"Happy Flower":[24],"counters":[26,131],"Golden Idol":170,"Blue Candle":[0],"Letter Opener":[311],"MawBank":144,"Burning Blood":150,"Nunchaku":[4],"Ornamental Fan":[100],"Bronze Scales":[355],"Snecko Eye":[140,123,118,123],"obtain_stats":[{"Darkstone Periapt":13,"Regal Pillow":42,"Happy Flower":29,"Golden Idol":3,"Blue Candle":43,"The Courier":48,"Letter Opener":6,"MawBank":39,"Burning Blood":0,"Old Coin":25,"Nunchaku":46,"Ornamental Fan":23,"Bronze Scales":9,"Snecko Eye":34,"Philosopher\u0027s Stone":17,"InkBottle":40},{"Darkstone Periapt":6,"Regal Pillow":21,"Happy Flower":12,"Golden Idol":2,"Blue Candle":21,"The Courier":24,"Letter Opener":4,"MawBank":19,"Burning Blood":0,"Old Coin":11,"Nunchaku":23,"Ornamental Fan":10,"Bronze Scales":4,"Snecko Eye":15,"Philosopher\u0027s Stone":7,"InkBottle":20},{"Darkstone Periapt":26,"Regal Pillow":100,"Happy Flower":59,"Golden Idol":10,"Blue Candle":100,"The Courier":115,"Letter Opener":18,"MawBank":89,"Burning Blood":0,"Old Coin":55,"Nunchaku":110,"Ornamental Fan":50,"Bronze Scales":18,"Snecko Eye":76,"Philosopher\u0027s Stone":37,"InkBottle":94}],"InkBottle":[18]},"card_choices":[{"not_picked":["Heavy Blade","Power Through"],"picked":"Blood for Blood","floor":1},{"not_picked":["Cleave","Thunderclap"],"picked":"Dual Wield","floor":2},{"not_picked":["Burning Pact","Flex"],"picked":"Pommel Strike","floor":5},{"not_picked":["Headbutt","Heavy Blade"],"picked":"Dark Embrace","floor":6},{"not_picked":["Body Slam","Thunderclap"],"picked":"Intimidate","floor":11},{"not_picked":["Armaments","Dropkick"],"picked":"Immolate","floor":13},{"not_picked":["Exhume","Limit Break"],"picked":"Feed","floor":16},{"not_picked":["Pommel Strike","Thunderclap"],"picked":"Flame Barrier","floor":18},{"not_picked":["Armaments","Sword Boomerang"],"picked":"Shockwave","floor":21},{"not_picked":["Anger","Whirlwind"],"picked":"Inflame","floor":23},{"not_picked":["Dual Wield","Intimidate"],"picked":"True Grit","floor":25},{"not_picked":["Rampage","Clothesline","Sword Boomerang+1"],"picked":"SKIP","floor":28},{"not_picked":["Pummel","Wild Strike","Heavy Blade"],"picked":"SKIP","floor":30},{"not_picked":["Anger","Inflame"],"picked":"Evolve","floor":31},{"not_picked":["Berserk","Immolate"],"picked":"Limit Break","floor":33},{"not_picked":["Heavy Blade","Thunderclap","Havoc+1"],"picked":"SKIP","floor":35},{"not_picked":["Body Slam","Thunderclap","Reckless Charge"],"picked":"SKIP","floor":36},{"not_picked":["Rupture","Searing Blow+1"],"picked":"Whirlwind+1","floor":37},{"not_picked":["Whirlwind","Cleave+1"],"picked":"Power Through","floor":38},{"not_picked":["Fire Breathing","Shockwave"],"picked":"Entrench+1","floor":40},{"not_picked":["Iron Wave","Perfected Strike+1"],"picked":"Pommel Strike","floor":42},{"not_picked":["Whirlwind","Clash"],"picked":"Bludgeon","floor":44},{"not_picked":["Fire Breathing","Wild Strike"],"picked":"Shrug It Off","floor":46},{"not_picked":["Rage","Pummel"],"picked":"Flame Barrier+1","floor":48}],"player_experience":2953877,"relics_obtained":[{"floor":6,"key":"Letter Opener"},{"floor":9,"key":"Bronze Scales"},{"floor":13,"key":"Darkstone Periapt"},{"floor":23,"key":"Ornamental Fan"},{"floor":25,"key":"Old Coin"},{"floor":40,"key":"InkBottle"},{"floor":42,"key":"Regal Pillow"},{"floor":43,"key":"Blue Candle"},{"floor":46,"key":"Nunchaku"},{"floor":48,"key":"The Courier"}],"event_choices":[{"damage_healed":0,"gold_gain":0,"player_choice":"Lose Max HP","damage_taken":0,"relics_obtained":["Golden Idol"],"max_hp_gain":0,"max_hp_loss":8,"event_name":"Golden Idol","floor":3,"gold_loss":0},{"damage_healed":0,"gold_gain":275,"player_choice":"Desecrate","damage_taken":0,"max_hp_gain":0,"max_hp_loss":0,"event_name":"Golden Shrine","floor":4,"gold_loss":0,"cards_obtained":["Regret"]},{"damage_healed":0,"gold_gain":0,"player_choice":"Ignored","damage_taken":0,"max_hp_gain":0,"max_hp_loss":0,"event_name":"Ghosts","floor":19,"gold_loss":0},{"damage_healed":0,"gold_gain":0,"cards_transformed":["Strike_R","Strike_R"],"player_choice":"Became Test Subject","damage_taken":0,"max_hp_gain":0,"max_hp_loss":0,"event_name":"Drug Dealer","floor":20,"gold_loss":0,"cards_obtained":["Shrug It Off","Carnage"]},{"damage_healed":0,"gold_gain":0,"player_choice":"Ignored","damage_taken":0,"max_hp_gain":0,"max_hp_loss":0,"event_name":"The Mausoleum","floor":22,"gold_loss":0},{"damage_healed":0,"gold_gain":0,"player_choice":"Paid Gold","damage_taken":0,"relics_obtained":["MawBank"],"max_hp_gain":0,"max_hp_loss":0,"event_name":"WeMeetAgain","floor":39,"gold_loss":117}],"is_beta":false,"boss_relics":[{"not_picked":["Black Star","Empty Cage"],"picked":"Philosopher\u0027s Stone"},{"not_picked":["SacredBark","Tiny House"],"picked":"Snecko Eye"}],"items_purged_floors":[8,27,29],"is_endless":false,"potions_floor_spawned":[1,5,13,21,23,25,31,38,40,42,44],"killed_by":"Awakened One","ascension_level":20}}