{"host":"oje6be5eir840l9r","time":1610816322,"event":{"mods":["2.2 Compatiblity","AchievementEnabler","Alarm Clock","BaseMod","Colored Map","DeckTracker","Highlight Path","Minty Spire (QoL Compilation)","Random Character Button","Rare Cards Sparkle"],"gold_per_floor":[114,189,7,7,7,7,7,7,32,62,62,77,77,115,115,240,240,229,248,248,248,173,173,173,272,322,334,346,377,255,255,255,380,380,399,418,418,751,801,801,851,532,532,532,290,290,92,107,107,107],"floor_reached":51,"language":"POL","playtime":3012,"items_purged":["Shame","Injury"],"score":741,"play_id":"e52cecb2-cf23-4da2-b421-7f17d305bcb2","local_time":"20210116175842","daily_mods":["Allstar","Flight","Night Terrors"],"is_ascension_mode":false,"campfire_choices":[{"data":"Apotheosis","floor":6,"key":"SMITH"},{"data":"Blade Dance","floor":8,"key":"SMITH"},{"data":"Mayhem","floor":15,"key":"SMITH"},{"data":"After Image","floor":23,"key":"SMITH"},{"data":"Infinite Blades","floor":24,"key":"SMITH"},{"data":"Blind","floor":27,"key":"SMITH"},{"data":"Accuracy","floor":32,"key":"SMITH"},{"data":"Envenom","floor":40,"key":"SMITH"},{"data":"Catalyst","floor":49,"key":"SMITH"}],"circlet_count":0,"master_deck":["Defend_G+1","Defend_G+1","Defend_G+1","Defend_G+1","Defend_G+1","Survivor","Neutralize+1","Impatience","Dark Shackles","Panacea","Mayhem+1","PanicButton","Blade Dance+1","Apotheosis+1","Blind+1","Leg Sweep","After Image+1","Slice+1","Infinite Blades+1","Bite","Bite","Bite","Bite+1","Bite+1","Corpse Explosion","Neutralize","Blade Dance","Accuracy+1","Envenom+1","Acrobatics+1","Footwork+1","Blade Dance","Well Laid Plans","Catalyst+1","The Bomb","Violence","Accuracy","Blade Dance","Slice","Impatience","Accuracy","Venomology","Cloak And Dagger"],"relics":["Ring of the Snake","PreservedInsect","Orichalcum","HornCleat","Philosopher\u0027s Stone","Blood Vial","MawBank","Busted Crown","Thread and Needle","Smiling Mask","Whetstone","Letter Opener"],"acts_visited":["Exordium","TheCity","TheBeyond"],"potions_floor_usage":[33,50],"damage_taken":[{"damage":1,"enemies":"2 Louse","floor":1,"turns":4},{"damage":2,"enemies":"Gremlin Nob","floor":10,"turns":3},{"damage":0,"enemies":"Small Slimes","floor":12,"turns":3},{"damage":8,"enemies":"Lagavulin","floor":14,"turns":7},{"damage":4,"enemies":"Slime Boss","floor":16,"turns":15},{"damage":5,"enemies":"2 Thieves","floor":18,"turns":4},{"damage":0,"enemies":"Spheric Guardian","floor":19,"turns":4},{"damage":4,"enemies":"3 Cultists","floor":29,"turns":6},{"damage":18,"enemies":"Collector","floor":33,"turns":12},{"damage":0,"enemies":"3 Darklings","floor":35,"turns":3},{"damage":0,"enemies":"Orb Walker","floor":36,"turns":5},{"damage":0,"enemies":"Mind Bloom Boss Battle","floor":39,"turns":6},{"damage":9,"enemies":"Jaw Worm Horde","floor":48,"turns":4},{"damage":7,"enemies":"Time Eater","floor":50,"turns":10}],"seed_played":"2700428786693623746","potions_obtained":[{"floor":12,"key":"Weak Potion"},{"floor":16,"key":"Weak Potion"},{"floor":18,"key":"DistilledChaos"},{"floor":19,"key":"LiquidMemories"},{"floor":36,"key":"BlessingOfTheForge"}],"is_trial":false,"path_per_floor":["M","?","$","?","$","R","?","R","T","E","?","M","?","E","R","B",null,"M","M","?","?","$","R","R","?","T","R","?","M","$","?","R","B",null,"M","M","?","?","?","R","T","$","T","?","$","?","$","M","R","B",null],"character_chosen":"THE_SILENT","items_purchased":["Apotheosis","Accuracy","Blade Dance","Well Laid Plans","Whetstone","Catalyst","Accuracy","Blade Dance","Slice","Impatience","Accuracy","Venomology","Cloak And Dagger"],"campfire_rested":0,"item_purchase_floors":[3,30,42,42,42,42,45,45,45,45,47,47,47],"current_hp_per_floor":[69,58,58,44,44,44,44,44,44,42,42,42,42,34,34,30,70,65,65,49,49,49,49,49,49,49,49,49,49,49,49,49,49,49,49,49,49,49,49,49,49,49,49,39,39,39,39,41,41,49],"gold":107,"neow_bonus":"","is_daily":true,"chose_seed":false,"campfire_upgraded":9,"win_rate":0.0,"timestamp":1610816322,"path_taken":["M","?","$","?","?","R","?","R","T","E","?","?","?","E","R","BOSS","M","M","?","?","$","R","R","?","T","R","?","?","$","?","R","BOSS","M","M","?","?","?","R","?","$","T","?","$","?","$","?","R","BOSS"],"items_purchased_type":["Card","Card","Card","Card","Relic","Card","Card","Card","Card","Card","Card","Card","Card"],"build_version":"2020-12-22","purchased_purges":2,"victory":true,"max_hp_per_floor":[70,70,70,70,70,70,70,70,70,70,70,70,70,70,70,70,70,70,70,49,49,49,49,49,49,49,49,49,49,49,49,49,49,49,49,49,49,49,49,49,49,49,49,49,49,49,49,49,49,49],"card_choices":[{"not_picked":["Deadly Poison","Noxious Fumes"],"picked":"Blade Dance","floor":1},{"not_picked":["Masterful Stab","Glass Knife","Reflex"],"picked":"SKIP","floor":10},{"not_picked":["Sucker Punch","Prepared"],"picked":"Leg Sweep","floor":12},{"not_picked":["Deadly Poison","Crippling Poison","Leg Sweep"],"picked":"SKIP","floor":14},{"not_picked":["Adrenaline","Corpse Explosion"],"picked":"After Image","floor":16},{"not_picked":["Dagger Spray","Riddle With Holes"],"picked":"Slice+1","floor":18},{"not_picked":["Flying Knee","Dagger Throw"],"picked":"Infinite Blades","floor":19},{"not_picked":["Prepared+1","Dodge and Roll"],"picked":"Blade Dance","floor":29},{"not_picked":["Night Terror","Malaise"],"picked":"Envenom","floor":33},{"not_picked":["PiercingWail"],"picked":"SKIP","floor":35},{"not_picked":[],"picked":"Acrobatics+1","floor":36},{"not_picked":[],"picked":"Footwork+1","floor":39},{"not_picked":[],"picked":"The Bomb","floor":44},{"not_picked":[],"picked":"Violence","floor":44},{"not_picked":[],"picked":"Blind","floor":44},{"not_picked":["Masterful Stab+1"],"picked":"SKIP","floor":48}],"player_experience":34164,"relics_obtained":[{"floor":9,"key":"PreservedInsect"},{"floor":10,"key":"Orichalcum"},{"floor":14,"key":"HornCleat"},{"floor":26,"key":"MawBank"},{"floor":39,"key":"Thread and Needle"},{"floor":41,"key":"Smiling Mask"},{"floor":43,"key":"Letter Opener"}],"event_choices":[{"damage_healed":0,"gold_gain":75,"player_choice":"Gather Gold","damage_taken":11,"max_hp_gain":0,"max_hp_loss":0,"event_name":"World of Goop","floor":2,"gold_loss":0},{"damage_healed":0,"gold_gain":0,"player_choice":"Entered Light","damage_taken":14,"max_hp_gain":0,"max_hp_loss":0,"event_name":"Shining Light","floor":4,"gold_loss":0,"cards_upgraded":["Neutralize","Strike_G"]},{"damage_healed":0,"gold_gain":0,"player_choice":"Ignored","damage_taken":0,"max_hp_gain":0,"max_hp_loss":0,"event_name":"Golden Wing","floor":7,"gold_loss":0},{"damage_healed":0,"gold_gain":0,"player_choice":"1 cards matched","damage_taken":0,"max_hp_gain":0,"max_hp_loss":0,"event_name":"Match and Keep!","floor":11,"gold_loss":0,"cards_obtained":["Blind"]},{"damage_healed":0,"gold_gain":0,"player_choice":"Take Wound","damage_taken":0,"relics_obtained":["Golden Idol"],"max_hp_gain":0,"max_hp_loss":0,"event_name":"Golden Idol","floor":13,"gold_loss":0,"cards_obtained":["Injury"]},{"damage_healed":0,"gold_gain":0,"player_choice":"Became a vampire","damage_taken":0,"max_hp_gain":0,"max_hp_loss":21,"event_name":"Vampires","floor":20,"gold_loss":0,"cards_obtained":["Bite","Bite","Bite","Bite","Bite"]},{"damage_healed":0,"gold_gain":0,"player_choice":"Stole Relic","damage_taken":0,"relics_obtained":["Blood Vial"],"max_hp_gain":0,"max_hp_loss":0,"event_name":"Addict","floor":21,"gold_loss":0,"cards_obtained":["Shame"]},{"damage_healed":0,"gold_gain":99,"player_choice":"Stole From Cult","damage_taken":0,"max_hp_gain":0,"max_hp_loss":0,"event_name":"Nest","floor":25,"gold_loss":0},{"damage_healed":0,"gold_gain":0,"player_choice":"2 cards matched","damage_taken":0,"max_hp_gain":0,"max_hp_loss":0,"event_name":"Match and Keep!","floor":28,"gold_loss":0,"cards_obtained":["Corpse Explosion","Neutralize"]},{"damage_healed":0,"gold_gain":0,"player_choice":"Simplicity","damage_taken":0,"max_hp_gain":0,"max_hp_loss":0,"event_name":"Back to Basics","floor":31,"gold_loss":0,"cards_upgraded":["Defend_G","Defend_G","Defend_G","Defend_G","Defend_G"]},{"damage_healed":0,"gold_gain":0,"player_choice":"Ignored","damage_taken":0,"max_hp_gain":0,"max_hp_loss":0,"event_name":"Mysterious Sphere","floor":37,"gold_loss":0},{"damage_healed":0,"gold_gain":333,"player_choice":"Gave Idol","damage_taken":0,"max_hp_gain":0,"max_hp_loss":0,"event_name":"The Moai Head","floor":38,"relics_lost":["Golden Idol"],"gold_loss":0},{"damage_healed":0,"gold_gain":0,"player_choice":"Fight","damage_taken":0,"max_hp_gain":0,"max_hp_loss":0,"event_name":"MindBloom","floor":39,"gold_loss":0},{"damage_healed":0,"gold_gain":0,"player_choice":"Memory 3","damage_taken":10,"max_hp_gain":0,"max_hp_loss":0,"event_name":"SensoryStone","floor":44,"gold_loss":0},{"cards_removed":["Blind"],"damage_healed":0,"gold_gain":0,"player_choice":"Removed Skill","damage_taken":0,"max_hp_gain":0,"max_hp_loss":0,"event_name":"Falling","floor":46,"gold_loss":0}],"is_beta":false,"boss_relics":[{"not_picked":["Runic Dome","Fusion Hammer"],"picked":"Philosopher\u0027s Stone"},{"not_picked":["SlaversCollar","Runic Pyramid"],"picked":"Busted Crown"}],"items_purged_floors":[22,30],"is_endless":false,"potions_floor_spawned":[12,16,18,19,36],"ascension_level":0}}