{"host":"04hh9gplt9wkfmr1","time":1610803271,"event":{"mods":["AchievementEnabler","BaseMod","Colored Map","KOR Keyword Fix","Minty Spire (QoL Compilation)","Rare Cards Sparkle","SuperFastMode"],"gold_per_floor":[19,19,19,43,43,43,76,1,1,1,1],"floor_reached":10,"language":"KOR","playtime":234,"items_purged":["Strike_B"],"score":74,"play_id":"c00ff15e-c751-442e-b47a-be0447142db2","local_time":"20210116222111","is_ascension_mode":true,"campfire_choices":[{"data":"Chrysalis","floor":6,"key":"SMITH"}],"circlet_count":0,"master_deck":["Strike_B","Strike_B","Defend_B","Defend_B","Defend_B","Defend_B","Zap","Dualcast","Chrysalis+1","Cold Snap","Consume","Chaos"],"relics":["Cracked Core","Golden Idol","Regal Pillow","Bottled Flame"],"acts_visited":["Exordium"],"potions_floor_usage":[7],"damage_taken":[{"damage":9,"enemies":"Jaw Worm","floor":1,"turns":4},{"damage":10,"enemies":"2 Louse","floor":4,"turns":3},{"damage":2,"enemies":"Lagavulin","floor":7,"turns":10},{"damage":22,"enemies":"3 Sentries","floor":10,"turns":5}],"seed_played":"-84504783000841547","potions_obtained":[{"floor":1,"key":"PotionOfCapacity"}],"is_trial":false,"path_per_floor":["M","?","$","M","?","R","E","$","T","E"],"character_chosen":"DEFECT","items_purchased":[],"campfire_rested":0,"item_purchase_floors":[],"current_hp_per_floor":[66,48,48,38,31,31,29,29,29,7,7],"gold":1,"neow_bonus":"RANDOM_COLORLESS_2","is_daily":false,"chose_seed":false,"campfire_upgraded":1,"win_rate":0.0,"timestamp":1610803271,"path_taken":["M","?","$","M","?","R","E","$","T","E"],"items_purchased_type":[],"build_version":"2020-12-22","purchased_purges":1,"victory":false,"max_hp_per_floor":[75,75,75,75,75,75,75,75,75,75,75],"card_choices":[{"not_picked":["Violence","Transmutation"],"picked":"Chrysalis","floor":0},{"not_picked":["Melter","Conserve Battery"],"picked":"Cold Snap","floor":1},{"not_picked":["Barrage","Recycle"],"picked":"Consume","floor":4},{"not_picked":["Barrage","Ball Lightning"],"picked":"Chaos","floor":7}],"player_experience":39477,"relics_obtained":[{"floor":7,"key":"Regal Pillow"},{"floor":9,"key":"Bottled Flame"}],"event_choices":[{"damage_healed":0,"gold_gain":0,"player_choice":"Take Damage","damage_taken":18,"relics_obtained":["Golden Idol"],"max_hp_gain":0,"max_hp_loss":0,"event_name":"Golden Idol","floor":2,"gold_loss":0},{"cards_removed":["Strike_B"],"damage_healed":0,"gold_gain":0,"player_choice":"Card Removal","damage_taken":7,"max_hp_gain":0,"max_hp_loss":0,"event_name":"Golden Wing","floor":5,"gold_loss":0}],"is_beta":false,"boss_relics":[],"items_purged_floors":[8],"is_endless":false,"potions_floor_spawned":[1],"killed_by":"3 Sentries","ascension_level":3}}