{"host":"5tnmlfm2arf82kze","time":1610773588,"event":{"mods":["Act Like it!","BaseMod","CapriCore","Colored Powertips","Gensokyo","Marisa（F雨　魔理沙）","Minty Spire (QoL Compilation)","Replay The Spire","RumiaBox-露米娅的神秘盒子","Shop Mod","Spicy Shops","StSLib","The Immortal","Waifu the Spire","【功能Mod】聪明的最终Boss"],"gold_per_floor":[111,111,111,189,200,225,51,77,77,77,77,77,77,77,109,125,125,720,720,730,78,98,98,98,98,98],"floor_reached":24,"language":"ZHS","playtime":2783,"items_purged":[],"score":228,"play_id":"fcab5826-17d9-4427-9184-b5b36f71c3de","local_time":"20210116130628","is_ascension_mode":true,"campfire_choices":[{"floor":12,"key":"REST"},{"floor":14,"key":"RECALL"},{"floor":17,"key":"REST"}],"circlet_count":0,"master_deck":["MokouMod:Strike","MokouMod:Strike","MokouMod:Strike","MokouMod:Defend","MokouMod:Defend","MokouMod:HeatSpark","MokouMod:Burn+1","Clumsy","MokouMod:TemporalFireSeal","MokouMod:ScorchingColumn","MokouMod:FlareStarter","MokouMod:RadiantBlade+1","MokouMod:IgnitionBarrier","MokouMod:Refresh","MokouMod:ShiftIgnition","MokouMod:ExplosiveFlame+1","Injury","Shame","MokouMod:Stoke+1","Gensokyo:BlemishedSteel","Gensokyo:Shovel","Gensokyo:TarnishedGold","Gensokyo:DepletedGenerator","Gensokyo:ReactiveArmor","Gensokyo:TurboGranny","Gensokyo:MedicineKit","MokouMod:DanceofFlames","Gensokyo:EightFeetTall"],"relics":["MokouMod:PhoenixFeather","FossilizedHelix","Gensokyo:NagashiBinaDoll","Regal Pillow","Ornamental Fan","Replay:Wax Seal","Gensokyo:PortableGap","PreservedInsect","GodSword4","Replay:Arrowhead","Replay:Grab Bag","Cursed Key","Sozu","Kintsugi","Guide Book"],"acts_visited":["Gensokyo:Gensokyo","Gensokyo:Gensokyoer"],"potions_floor_usage":[8,18],"damage_taken":[{"damage":0.0,"enemies":"Gensokyo:Python","floor":1.0,"turns":4.0},{"damage":0.0,"enemies":"Gensokyo:2_Kodama","floor":5.0,"turns":5.0},{"damage":12.0,"enemies":"Gensokyo:Mamizou","floor":6.0,"turns":11.0},{"damage":44,"enemies":"Gensokyo:Aya","floor":8,"turns":10},{"damage":43,"enemies":"Gensokyo:Cirno","floor":15,"turns":11},{"damage":4,"enemies":"Gensokyo:Gryphon","floor":16,"turns":6},{"damage":52,"enemies":"Gensokyo:Reimu","floor":18,"turns":20},{"damage":22,"enemies":"Gensokyo:3_Dogs","floor":20,"turns":6},{"damage":20,"enemies":"Gensokyo:AngelMirror","floor":22,"turns":6},{"damage":20,"enemies":"Gensokyo:Wraith","floor":24,"turns":4}],"seed_played":"-410301681245150383","potions_obtained":[{"floor":1.0,"key":"LifebloodPotion"},{"floor":6.0,"key":"AttackPotion"},{"floor":15,"key":"Milkshake"}],"is_trial":false,"path_per_floor":["M","?","?","?","M","E","COS","E","PTL","PTL","T","R","?","R","E","M","R","B",null,"M","COS","M","?","M"],"character_chosen":"MKU","items_purchased":[],"campfire_rested":2,"item_purchase_floors":[],"current_hp_per_floor":[68,68,68,41,41,29,29,3,3,3,3,38,38,38,13,9,42,14,62,40,40,20,20,0,0,0],"gold":98,"neow_bonus":"ONE_RARE_RELIC","is_daily":false,"chose_seed":false,"campfire_upgraded":0,"win_rate":0.0,"timestamp":1610773588,"path_taken":["M","?","?","?","M","E","COS","E","PTL","PTL","T","R","?","R","E","M","R","BOSS","M","COS","M","?","M"],"items_purchased_type":[],"build_version":"2020-12-22","purchased_purges":0,"victory":false,"max_hp_per_floor":[68,68,68,68,68,68,68,68,68,68,68,68,62,62,62,62,62,62,62,62,62,62,56,56,56,56],"card_choices":[{"not_picked":["MokouMod:Singe","MokouMod:IgnitionBlast"],"picked":"MokouMod:Burn","floor":1.0},{"not_picked":["MokouMod:CrimsonArmoury","MokouMod:IllusoryBattlefield"],"picked":"MokouMod:TemporalFireSeal","floor":4.0},{"not_picked":["MokouMod:EternalBurstReactor","MokouMod:Ember"],"picked":"MokouMod:ScorchingColumn","floor":4.0},{"not_picked":["MokouMod:FujiyamaVolcano","MokouMod:Firecracker"],"picked":"MokouMod:FlareStarter","floor":5.0},{"not_picked":["MokouMod:SearingShot","MokouMod:PhoenixFeathers"],"picked":"MokouMod:RadiantBlade","floor":6.0},{"not_picked":["MokouMod:Cataclysm","MokouMod:FusionFlare"],"picked":"MokouMod:IgnitionBarrier","floor":8},{"not_picked":["MokouMod:UncontrollableSolarReaction","MokouMod:ControlledCombustion"],"picked":"MokouMod:Refresh","floor":15},{"not_picked":["MokouMod:BlazingComet","MokouMod:HeatFactory"],"picked":"MokouMod:ShiftIgnition","floor":16},{"not_picked":["MokouMod:BurningHiddenBullet","MokouMod:SearingBlow"],"picked":"MokouMod:ExplosiveFlame","floor":18},{"not_picked":["MokouMod:ResoluteFlare","MokouMod:Sear"],"picked":"MokouMod:Stoke+1","floor":20},{"not_picked":["MokouMod:IcarusDive","MokouMod:ScorchingColumn"],"picked":"MokouMod:DanceofFlames","floor":22},{"not_picked":["Gensokyo:SpontaneousHumanCombustion","Gensokyo:TekeTeke"],"picked":"Gensokyo:EightFeetTall","floor":23}],"player_experience":144815,"relics_obtained":[{"floor":4.0,"key":"Regal Pillow"},{"floor":6.0,"key":"Ornamental Fan"},{"floor":8,"key":"Replay:Wax Seal"},{"floor":15,"key":"GodSword4"}],"event_choices":[],"is_beta":false,"boss_relics":[{"not_picked":["AddBug","Abe\u0027s Treasure"],"picked":"Replay:Grab Bag"},{"not_picked":["SlaversCollar","Coffee Dripper"],"picked":"Cursed Key"},{"not_picked":["Fusion Hammer","Runic Dome"],"picked":"Sozu"},{"not_picked":["Snecko Eye","Runic Pyramid"],"picked":"Kintsugi"}],"items_purged_floors":[],"is_endless":false,"potions_floor_spawned":[1,6,15,22],"killed_by":"Gensokyo:Wraith","ascension_level":2}}