{"host":"mydft8i2zzydgggw","time":1610831979,"event":{"mods":["AchievementEnabler","BaseMod","BetterRewards","Colored Map","Colored Powertips","DeckTracker","Keyboard Shortcuts","Minty Spire (QoL Compilation)","Rare Cards Sparkle","StSLib","SuperFastMode","everything is the same but u backflip on backflip"],"gold_per_floor":[113,132,132,150,3,32,32,47,47,59,59,59,72,72,72,167,167,183,26,26,43,43,43,72,72,72],"floor_reached":25,"language":"KOR","playtime":611,"items_purged":["Strike_B"],"score":309,"play_id":"cee7ab5b-7bf6-4217-9ca3-7c853cc8ceb2","local_time":"20210117061939","is_ascension_mode":true,"campfire_choices":[{"data":"Coolheaded","floor":7,"key":"SMITH"},{"floor":11,"key":"REST"},{"floor":15,"key":"REST"},{"data":"Coolheaded","floor":23,"key":"SMITH"}],"circlet_count":0,"master_deck":["Strike_B","Defend_B","Defend_B","Defend_B","Defend_B","Zap","Dualcast","FTL","Cold Snap","Go for the Eyes","Coolheaded+1","Consume","Beam Cell+1","Electrodynamics","Blizzard+1","Coolheaded+1","Loop"],"relics":["Cracked Core","Bird Faced Urn","Boot","Regal Pillow","Molten Egg 2","Cursed Key","ClockworkSouvenir","Oddly Smooth Stone","Torii"],"acts_visited":["Exordium","TheCity"],"potions_floor_usage":[6,6,18],"damage_taken":[{"damage":0,"enemies":"Cultist","floor":1,"turns":3},{"damage":2,"enemies":"Jaw Worm","floor":2,"turns":4},{"damage":0,"enemies":"Small Slimes","floor":4,"turns":2},{"damage":18,"enemies":"3 Sentries","floor":6,"turns":10},{"damage":30,"enemies":"Exordium Thugs","floor":8,"turns":7},{"damage":12,"enemies":"3 Louse","floor":10,"turns":3},{"damage":5,"enemies":"2 Fungi Beasts","floor":13,"turns":3},{"damage":44,"enemies":"The Guardian","floor":16,"turns":18},{"damage":6,"enemies":"3 Byrds","floor":18,"turns":3},{"damage":0,"enemies":"Spheric Guardian","floor":21,"turns":3},{"damage":35,"enemies":"Slavers","floor":24,"turns":6},{"damage":28,"enemies":"Snake Plant","floor":25,"turns":2}],"seed_played":"8785107814381480176","potions_obtained":[{"floor":1,"key":"Regen Potion"},{"floor":2,"key":"Swift Potion"},{"floor":10,"key":"FairyPotion"},{"floor":16,"key":"LiquidMemories"},{"floor":18,"key":"Strength Potion"}],"is_trial":false,"path_per_floor":["M","M","?","M","$","E","R","M","T","M","R","?","M","?","R","B",null,"M","$","?","M","$","R","E","M"],"character_chosen":"DEFECT","items_purchased":["Consume","ClockworkSouvenir"],"campfire_rested":2,"item_purchase_floors":[5,19],"current_hp_per_floor":[50,48,48,48,48,45,45,15,15,3,40,22,17,10,47,3,57,53,53,53,55,55,55,22,0,0],"gold":72,"neow_bonus":"ONE_RARE_RELIC","is_daily":false,"chose_seed":false,"campfire_upgraded":2,"win_rate":0.0,"timestamp":1610831979,"path_taken":["M","?","?","M","$","E","R","M","T","?","R","?","M","?","R","BOSS","M","$","?","M","?","R","E","M"],"items_purchased_type":["Card","Relic"],"build_version":"2020-12-22","purchased_purges":1,"victory":false,"max_hp_per_floor":[75,75,75,75,75,75,75,75,75,75,75,75,75,75,75,75,75,75,75,75,75,75,75,75,75,75],"card_choices":[{"not_picked":["Sunder","Beam Cell"],"picked":"FTL","floor":1},{"not_picked":["Stack","Steam Power"],"picked":"Cold Snap","floor":2},{"not_picked":["Reprogram","Rebound"],"picked":"Coolheaded","floor":4},{"not_picked":["Hologram","Compile Driver","Genetic Algorithm"],"picked":"SKIP","floor":6},{"not_picked":["Hello World","Beam Cell","Go for the Eyes"],"picked":"SKIP","floor":8},{"not_picked":["Gash","Aggregate","BootSequence"],"picked":"SKIP","floor":10},{"not_picked":["Conserve Battery","Redo"],"picked":"Beam Cell+1","floor":13},{"not_picked":["Amplify","Fission"],"picked":"Electrodynamics","floor":16},{"not_picked":["Double Energy","Steam"],"picked":"Blizzard+1","floor":18},{"not_picked":["Genetic Algorithm","Sunder+1"],"picked":"Coolheaded","floor":21},{"not_picked":["Self Repair","Streamline+1"],"picked":"Loop","floor":24}],"player_experience":168337,"relics_obtained":[{"floor":6,"key":"Boot"},{"floor":9,"key":"Regal Pillow"},{"floor":24,"key":"Torii"}],"event_choices":[{"damage_healed":0,"gold_gain":0,"cards_transformed":["Strike_B"],"player_choice":"Transformed","damage_taken":0,"max_hp_gain":0,"max_hp_loss":0,"event_name":"Transmorgrifier","floor":3,"gold_loss":0,"cards_obtained":["Go for the Eyes"]},{"damage_healed":0,"gold_gain":0,"player_choice":"Success","damage_taken":18,"relics_obtained":["Molten Egg 2"],"max_hp_gain":0,"max_hp_loss":0,"event_name":"Scrap Ooze","floor":12,"gold_loss":0},{"cards_removed":["Strike_B"],"damage_healed":0,"gold_gain":0,"player_choice":"Card Removal","damage_taken":7,"max_hp_gain":0,"max_hp_loss":0,"event_name":"Golden Wing","floor":14,"gold_loss":0},{"damage_healed":0,"gold_gain":0,"player_choice":"Gave Potion","damage_taken":0,"relics_obtained":["Oddly Smooth Stone"],"max_hp_gain":0,"max_hp_loss":0,"event_name":"WeMeetAgain","floor":20,"gold_loss":0}],"is_beta":false,"boss_relics":[{"not_picked":["Fusion Hammer","Philosopher\u0027s Stone"],"picked":"Cursed Key"}],"items_purged_floors":[5],"is_endless":false,"potions_floor_spawned":[1,2,10,16,18],"killed_by":"Snake Plant","ascension_level":8}}