{"host":"9tdk3zzhmpo6o3dg","time":1610805183,"event":{"mods":["AchievementEnabler","BaseMod","Downfall","Marisa£®ÏF”Í°°ƒß¿Ì…≥£©","Minty Spire (QoL Compilation)","Shop Mod","StSLib","The Cursed","The Marked","The Servant 0.9.4"],"gold_per_floor":[115,115,115,33,50,50,61,61,86,86,86],"floor_reached":10,"language":"ZHS","playtime":386,"items_purged":[],"score":59,"play_id":"a2ad7a6a-714f-4dce-b0a8-b24949947da2","local_time":"20210116215303","is_ascension_mode":true,"campfire_choices":[{"data":"theMarked:SoldierOfQuellstein","floor":6,"key":"SMITH"}],"circlet_count":0,"master_deck":["theMarked:Strike","theMarked:Strike","theMarked:Strike","theMarked:Strike","theMarked:Strike+1","theMarked:Defend+1","theMarked:Defend","theMarked:Defend","theMarked:Defend","theMarked:SoldierOfQuellstein+1","theMarked:SummonStrength","theMarked:ChainLightning","theMarked:ReduceFriction","theMarked:MaelstromOfLightning+1"],"relics":["theMarked:ArtifactOfAir","Pantograph","Juzu Bracelet"],"acts_visited":["Exordium"],"potions_floor_usage":[10],"damage_taken":[{"damage":3,"enemies":"Jaw Worm","floor":1,"turns":5},{"damage":0,"enemies":"Small Slimes","floor":5,"turns":3},{"damage":0,"enemies":"Cultist","floor":7,"turns":3},{"damage":75,"enemies":"Gremlin Nob","floor":10,"turns":4}],"seed_played":"-2365092470280398321","potions_obtained":[{"floor":5,"key":"GamblersBrew"},{"floor":7,"key":"theMarked:ChargePotion"}],"is_trial":false,"path_per_floor":["M","?","?","$","M","R","M","?","T","E"],"character_chosen":"THE_DEFAULT","items_purchased":["theMarked:ReduceFriction"],"campfire_rested":0,"item_purchase_floors":[4],"current_hp_per_floor":[67,64,50,50,50,50,50,50,50,0,0],"gold":86,"neow_bonus":"ONE_RANDOM_RARE_CARD","is_daily":false,"chose_seed":false,"campfire_upgraded":1,"win_rate":0.0,"timestamp":1610805183,"path_taken":["M","?","?","$","M","R","M","?","T","E"],"items_purchased_type":["Card"],"build_version":"2020-12-22","purchased_purges":0,"victory":false,"max_hp_per_floor":[70,70,70,70,70,70,70,70,70,70,70],"card_choices":[{"not_picked":["theMarked:SwordAndMagic","theMarked:Frustration"],"picked":"theMarked:ChainLightning","floor":1},{"not_picked":["theMarked:WastefulDefense","theMarked:TunnelVision"],"picked":"theMarked:MaelstromOfLightning","floor":5},{"not_picked":["theMarked:Panic","theMarked:TwofoldDefense","theMarked:ElectricStrings"],"picked":"SKIP","floor":7}],"player_experience":136286,"relics_obtained":[{"floor":9,"key":"Juzu Bracelet"}],"event_choices":[{"damage_healed":0,"gold_gain":0,"player_choice":"Success","damage_taken":3,"relics_obtained":["Pantograph"],"max_hp_gain":0,"max_hp_loss":0,"event_name":"Scrap Ooze","floor":2,"gold_loss":0},{"damage_healed":0,"gold_gain":0,"player_choice":"Entered Light","damage_taken":14,"max_hp_gain":0,"max_hp_loss":0,"event_name":"Shining Light","floor":3,"gold_loss":0,"cards_upgraded":["theMarked:Defend","theMarked:Strike"]},{"damage_healed":0,"gold_gain":0,"player_choice":"Forge","damage_taken":0,"max_hp_gain":0,"max_hp_loss":0,"event_name":"Accursed Blacksmith","floor":8,"gold_loss":0,"cards_upgraded":["theMarked:MaelstromOfLightning"]}],"is_beta":false,"boss_relics":[],"items_purged_floors":[],"is_endless":false,"potions_floor_spawned":[5,7],"killed_by":"Gremlin Nob","ascension_level":1}}