{"host":"Birbo","time":1610787343,"event":{"mods":["Ascension Unlocker","BaseMod","DeckTracker","Hermit","Minty Spire (QoL Compilation)","Random Character Button","StSLib"],"gold_per_floor":[20,20,20,33,47,47,88,62,62,86,121,140,57,78,78,78,78],"floor_reached":16,"language":"ENG","playtime":617,"items_purged":[],"score":228,"play_id":"147b3b6b-b7c9-4771-a26f-ec642b2d5b8e","local_time":"20210116115543","is_ascension_mode":true,"campfire_choices":[{"data":"Dagger Spray","floor":6.0,"key":"SMITH"},{"data":"Noxious Fumes","floor":15,"key":"SMITH"}],"circlet_count":0,"master_deck":["AscendersBane","Strike_G","Strike_G","Strike_G","Strike_G","Strike_G","Defend_G","Defend_G","Defend_G","Defend_G","Defend_G+1","Survivor+1","Neutralize","Dagger Spray+1","Crippling Poison","Bouncing Flask","Dash","Backstab","Skewer","Burst","Well Laid Plans","Noxious Fumes+1"],"relics":["Ring of the Snake","Gambling Chip","Golden Idol","Unceasing Top","Peace Pipe","HornCleat"],"acts_visited":["Exordium"],"potions_floor_usage":[7,7,11,16],"damage_taken":[{"damage":0.0,"enemies":"2 Louse","floor":1.0,"turns":3.0},{"damage":0.0,"enemies":"Small Slimes","floor":4.0,"turns":3.0},{"damage":0.0,"enemies":"Jaw Worm","floor":5.0,"turns":4.0},{"damage":13,"enemies":"Gremlin Nob","floor":7,"turns":4},{"damage":4,"enemies":"Exordium Thugs","floor":8,"turns":4},{"damage":0,"enemies":"Looter","floor":10,"turns":3},{"damage":7,"enemies":"Lagavulin","floor":11,"turns":6},{"damage":0,"enemies":"Exordium Wildlife","floor":12,"turns":2},{"damage":0,"enemies":"Red Slaver","floor":14,"turns":2},{"damage":17,"enemies":"Slime Boss","floor":16,"turns":9}],"seed_played":"4352876916987101036","potions_obtained":[{"floor":1.0,"key":"AttackPotion"},{"floor":4.0,"key":"Ancient Potion"},{"floor":8,"key":"Energy Potion"},{"floor":10,"key":"Poison Potion"}],"is_trial":false,"path_per_floor":["M","?","?","M","M","R","E","M","T","M","E","M","$","M","R","B"],"character_chosen":"THE_SILENT","items_purchased":["Noxious Fumes"],"campfire_rested":0,"item_purchase_floors":[13],"current_hp_per_floor":[59,59,41,41,41,41,28,24,24,24,17,17,17,17,17,0,0],"gold":78,"neow_bonus":"ONE_RARE_RELIC","is_daily":false,"chose_seed":false,"campfire_upgraded":2,"win_rate":0.0,"timestamp":1610787343,"path_taken":["M","?","?","M","M","R","E","M","T","M","E","M","$","M","R","BOSS"],"items_purchased_type":["Card"],"build_version":"2020-12-18","purchased_purges":0,"victory":false,"max_hp_per_floor":[66,60,60,60,60,60,60,60,60,60,60,60,60,60,60,60,60],"card_choices":[{"not_picked":["Accuracy","Outmaneuver"],"picked":"Dagger Spray","floor":1.0},{"not_picked":["Acrobatics","Catalyst"],"picked":"Crippling Poison","floor":4.0},{"not_picked":["Eviscerate","Dodge and Roll"],"picked":"Bouncing Flask","floor":5.0},{"not_picked":["Well Laid Plans","Acrobatics"],"picked":"Dash","floor":7},{"not_picked":["Dagger Spray","Flechettes"],"picked":"Backstab","floor":8},{"not_picked":["Acrobatics","PiercingWail"],"picked":"Skewer","floor":10},{"not_picked":["Backflip","Cloak And Dagger"],"picked":"Burst","floor":11},{"not_picked":["Blur","Reflex"],"picked":"Well Laid Plans","floor":12},{"not_picked":["Accuracy","Tactician","Poisoned Stab"],"picked":"SKIP","floor":14}],"player_experience":1419424,"relics_obtained":[{"floor":7,"key":"Unceasing Top"},{"floor":9,"key":"Peace Pipe"},{"floor":11,"key":"HornCleat"}],"event_choices":[{"damage_healed":0.0,"max_hp_gain":0.0,"max_hp_loss":6.0,"gold_gain":0.0,"event_name":"Golden Idol","player_choice":"Lose Max HP","floor":2.0,"gold_loss":0.0,"damage_taken":0.0,"relics_obtained":["Golden Idol"]},{"damage_healed":0.0,"max_hp_gain":0.0,"max_hp_loss":0.0,"gold_gain":0.0,"event_name":"Shining Light","player_choice":"Entered Light","floor":3.0,"gold_loss":0.0,"damage_taken":18.0,"cards_upgraded":["Survivor","Defend_G"]}],"is_beta":true,"boss_relics":[],"items_purged_floors":[],"is_endless":false,"potions_floor_spawned":[1,4,8,10],"killed_by":"Slime Boss","ascension_level":20}}