{"host":"0qlrtuw7bw78ucw4","time":1610801081,"event":{"mods":["BaseMod","Downfall","Minty Spire (QoL Compilation)","StSLib"],"gold_per_floor":[99,114,126,139,139,139,139,139,149,249,269,287,302,212,232,232,232,232],"floor_reached":16,"language":"ENG","playtime":1357,"items_purged":["Slimebound:Strike_Slimebound"],"score":144,"play_id":"28ac10ef-1420-47f9-9146-50298f577cce","local_time":"20210116234441","is_ascension_mode":true,"campfire_choices":[{"data":"Dramatic Entrance","floor":1,"key":"SMITH"},{"data":"Slimebound:MegaLick","floor":8,"key":"SMITH"}],"circlet_count":0,"master_deck":["AscendersBane","Slimebound:Tackle","Slimebound:Defend_Slimebound","Slimebound:Defend_Slimebound","Slimebound:Defend_Slimebound","Slimebound:Split+1","Slimebound:CorrosiveSpit","Dramatic Entrance+1","Slimebound:TongueLash","Slimebound:Gluttony","Slimebound:MegaLick+1","Slimebound:LeechLife","Slimebound:LeadByExample","Slimebound:LeechEnergy","Slimebound:Darklings","Slimebound:SlimeSpikes","Slimebound:SamplingLick","Slimebound:TongueLash","Slimebound:MegaLick"],"relics":["Slimebound:AbsorbEndCombat","Art of War"],"acts_visited":["Exordium"],"potions_floor_usage":[16,16,16],"damage_taken":[{"damage":1,"enemies":"2 Louse","floor":2,"turns":2},{"damage":0,"enemies":"Small Slimes","floor":3,"turns":2},{"damage":2,"enemies":"Jaw Worm","floor":4,"turns":3},{"damage":10,"enemies":"Large Slime","floor":9,"turns":5},{"damage":34,"enemies":"downfall:Heads","floor":10,"turns":6},{"damage":3,"enemies":"Lots of Slimes","floor":11,"turns":1},{"damage":4,"enemies":"3 Louse","floor":12,"turns":2},{"damage":12,"enemies":"Blue Slaver","floor":13,"turns":3},{"damage":3,"enemies":"downfall:FleeingMerchant","floor":14,"turns":4},{"damage":0,"enemies":"Large Slime","floor":15,"turns":4},{"damage":51,"enemies":"SI_SHIV_ARCHETYPE","floor":16,"turns":7}],"seed_played":"-6491527580870840983","potions_obtained":[{"floor":2,"key":"Energy Potion"},{"floor":10,"key":"LiquidBronze"},{"floor":12,"key":"AttackPotion"}],"is_trial":false,"path_per_floor":["R","M","M","M","?","?","T","R","M","?","M","M","M","$","M","B"],"character_chosen":"SLIMEBOUND","items_purchased":[],"campfire_rested":0,"item_purchase_floors":[],"current_hp_per_floor":[59,58,59,60,60,60,60,60,53,29,27,23,12,29,36,0,0,0],"gold":232,"neow_bonus":"RANDOM_COLORLESS","is_daily":false,"chose_seed":false,"campfire_upgraded":2,"win_rate":0.0,"timestamp":1610801081,"path_taken":["R","M","M","M","?","?","T","R","M","?","M","M","?","$","M","BOSS"],"items_purchased_type":[],"build_version":"2020-12-22","purchased_purges":1,"victory":false,"max_hp_per_floor":[65,65,65,65,65,65,65,65,65,65,65,65,65,65,65,65,65,65],"card_choices":[{"not_picked":["Deep Breath","Enlightenment"],"picked":"Dramatic Entrance","floor":0},{"not_picked":["Slimebound:SamplingLick","Slimebound:FinishingTackle"],"picked":"Slimebound:TongueLash","floor":2},{"not_picked":["Slimebound:Repurpose","Slimebound:SplitMire"],"picked":"Slimebound:Gluttony","floor":3},{"not_picked":["Slimebound:FinishingTackle","Slimebound:SplitAcid"],"picked":"Slimebound:MegaLick","floor":4},{"not_picked":["Slimebound:SplitLeeching","Slimebound:AcidTongue"],"picked":"Slimebound:LeechLife","floor":9},{"not_picked":["Slimebound:SplitLeeching","Slimebound:GrowthPunch"],"picked":"Slimebound:LeechEnergy","floor":10},{"not_picked":["Slimebound:Prepare","Slimebound:Equalize"],"picked":"Slimebound:Darklings","floor":11},{"not_picked":["Slimebound:SplitMire","Slimebound:GoopTackle"],"picked":"Slimebound:SlimeSpikes","floor":12},{"not_picked":["Slimebound:LeechEnergy","Slimebound:PressTheAttack"],"picked":"Slimebound:SamplingLick","floor":13},{"not_picked":["Slimebound:LeechEnergy","Slimebound:SplitBruiser"],"picked":"Slimebound:TongueLash","floor":14},{"not_picked":["Slimebound:SplitAcid","Slimebound:Gluttony"],"picked":"Slimebound:MegaLick","floor":15}],"player_experience":835674,"relics_obtained":[{"floor":7,"key":"Art of War"}],"event_choices":[{"cards_removed":["Slimebound:Strike_Slimebound"],"damage_healed":0,"gold_gain":0,"player_choice":"Card Removal","damage_taken":0,"max_hp_gain":0,"max_hp_loss":0,"event_name":"The Cleric","floor":6,"gold_loss":0}],"is_beta":false,"boss_relics":[],"items_purged_floors":[14],"is_endless":false,"potions_floor_spawned":[2,10,12,13,15],"killed_by":"SI_SHIV_ARCHETYPE","ascension_level":10}}