{"host":"jexbkylv34f8xu3o","time":1610801970,"event":{"mods":["AchievementEnabler","BaseMod","Colored Map","Colored Powertips","GifTheSpireLib","Highlight Path","Minty Spire (QoL Compilation)","Quick Restart","StSLib"],"gold_per_floor":[116,14,31,31,50,79,96,96,96,271,303,303,13,13,13,13,13],"floor_reached":16,"language":"ENG","playtime":339,"items_purged":["Defend_R"],"score":162,"play_id":"7966cb1e-b2b1-4263-b5e1-845c1a1a6499","local_time":"20210116095930","is_ascension_mode":true,"campfire_choices":[{"floor":8,"key":"REST"},{"data":"Uppercut","floor":12,"key":"SMITH"},{"data":"1","floor":15,"key":"LIFT"}],"circlet_count":0,"master_deck":["AscendersBane","Strike_R","Strike_R","Strike_R","Strike_R","Strike_R","Defend_R","Defend_R","Defend_R","Bash","CurseOfTheBell","Shrug It Off","Headbutt","Body Slam","Uppercut+1"],"relics":["Calling Bell","Vajra","HornCleat","Incense Burner","Boot","White Beast Statue","Blood Vial","Gremlin Horn","Girya"],"acts_visited":["Exordium"],"potions_floor_usage":[6,11,11,16],"damage_taken":[{"damage":2,"enemies":"Jaw Worm","floor":1,"turns":4},{"damage":0,"enemies":"2 Louse","floor":3,"turns":3},{"damage":12,"enemies":"Small Slimes","floor":5,"turns":3},{"damage":41,"enemies":"Lagavulin","floor":6,"turns":7},{"damage":1,"enemies":"Blue Slaver","floor":7,"turns":3},{"damage":18,"enemies":"Gremlin Nob","floor":11,"turns":4},{"damage":23,"enemies":"The Guardian","floor":16,"turns":5}],"seed_played":"2088117915961149221","potions_obtained":[{"floor":1,"key":"Dexterity Potion"},{"floor":5,"key":"LiquidBronze"},{"floor":7,"key":"LiquidMemories"},{"floor":11,"key":"Ancient Potion"}],"is_trial":false,"path_per_floor":["M","$","M","?","M","E","M","R","T","?","E","R","$","?","R","B"],"character_chosen":"IRONCLAD","items_purchased":["Shrug It Off","Girya"],"campfire_rested":1,"item_purchase_floors":[2,13],"current_hp_per_floor":[70,70,70,67,55,14,13,37,37,37,21,21,21,21,21,0,0],"gold":13,"neow_bonus":"BOSS_RELIC","is_daily":false,"chose_seed":false,"campfire_upgraded":1,"win_rate":0.0,"timestamp":1610801970,"path_taken":["M","$","M","?","M","E","M","R","T","?","E","R","?","?","R","BOSS"],"items_purchased_type":["Card","Relic"],"build_version":"2020-12-22","purchased_purges":1,"victory":false,"max_hp_per_floor":[80,80,80,80,80,80,80,80,80,80,80,80,80,80,80,80,80],"card_choices":[{"not_picked":["Anger","Sentinel","Armaments"],"picked":"SKIP","floor":1},{"not_picked":["Perfected Strike","Disarm"],"picked":"Headbutt","floor":3},{"not_picked":["Reckless Charge","Iron Wave"],"picked":"Body Slam","floor":5},{"not_picked":["Heavy Blade","Shockwave","Pummel"],"picked":"SKIP","floor":6},{"not_picked":["Hemokinesis","Heavy Blade","Combust"],"picked":"SKIP","floor":7},{"not_picked":["Hemokinesis","Searing Blow"],"picked":"Uppercut","floor":11}],"player_experience":558908,"relics_obtained":[{"floor":0,"key":"Vajra"},{"floor":0,"key":"HornCleat"},{"floor":0,"key":"Incense Burner"},{"floor":6,"key":"White Beast Statue"},{"floor":9,"key":"Blood Vial"},{"floor":11,"key":"Gremlin Horn"}],"event_choices":[{"damage_healed":0,"gold_gain":0,"player_choice":"Success","damage_taken":3,"relics_obtained":["Boot"],"max_hp_gain":0,"max_hp_loss":0,"event_name":"Scrap Ooze","floor":4,"gold_loss":0},{"damage_healed":0,"gold_gain":175,"player_choice":"AGREE","damage_taken":0,"max_hp_gain":0,"max_hp_loss":0,"event_name":"Liars Game","floor":10,"gold_loss":0,"cards_obtained":["Doubt"]},{"cards_removed":["Doubt"],"damage_healed":0,"gold_gain":0,"player_choice":"Forget","damage_taken":0,"max_hp_gain":0,"max_hp_loss":0,"event_name":"Living Wall","floor":14,"gold_loss":0}],"is_beta":false,"boss_relics":[],"items_purged_floors":[2],"is_endless":false,"potions_floor_spawned":[1,5,7,11],"killed_by":"The Guardian","ascension_level":10}}