{"host":"0997y4wz57mwz0jp","time":1610800356,"event":{"mods":["2.2 Compatiblity","AchievementEnabler","BaseMod","Hermit","Marisa£¨Ùöéë¡¡Øª×âÞÞ£©","Minty Spire (QoL Compilation)","StSLib","The Cursed"],"gold_per_floor":[111,123,123,48,61,98,98,63,89,164,7,34,66,86,86,189,489,499,526,526,553,578,617,642,681,753,779,779,798,798,12,12,122,122,141,159,180,193,193,193,48,69,95,124,124,124,154,3,3,10],"floor_reached":51,"language":"KOR","playtime":4664,"items_purged":["Pain"],"score":834,"play_id":"531503f2-d523-4899-94f4-c2a44c935fce","local_time":"20210116213236","is_ascension_mode":false,"campfire_choices":[{"data":"hermit:Scavenge","floor":7,"key":"SMITH"},{"floor":15,"key":"REST"},{"floor":28,"key":"REST"},{"floor":30,"key":"REST"},{"data":"hermit:Glare","floor":32,"key":"SMITH"},{"floor":40,"key":"REST"},{"floor":46,"key":"REST"},{"data":"hermit:Dive","floor":49,"key":"SMITH"}],"circlet_count":0,"master_deck":["hermit:Strike_Hermit","hermit:Strike_Hermit","hermit:Strike_Hermit","hermit:Strike_Hermit","hermit:Defend_Hermit","hermit:Defend_Hermit","hermit:Defend_Hermit","hermit:Defend_Hermit","hermit:Snapshot","hermit:Covet","hermit:Scavenge+1","hermit:Showdown","hermit:Snipe","hermit:Magnum","hermit:CursedWeapon","hermit:GhostlyPresence","hermit:Snipe","hermit:PistolWhip","hermit:FinalCanter","CurseOfTheBell","hermit:Glare+1","hermit:Quickdraw","hermit:SprayPray+1","hermit:Dive+1","hermit:Deadeye","hermit:Shortfuse","hermit:Glare+1","hermit:Misfire+1","hermit:CursedWeapon+1","hermit:ShadowCloak","hermit:Glare+1","hermit:BlackWind+1","hermit:Snipe+1","hermit:Quickdraw+1","hermit:TakeCover+1","hermit:Dive+1","hermit:EyeOfTheStorm+1","hermit:LoneWolf+1","Writhe","hermit:EyeOfTheStorm+1"],"relics":["hermit:Momento","NeowsBlessing","WarpedTongs","Orichalcum","Bronze Scales","Strawberry","Centennial Puzzle","Calling Bell","Bag of Marbles","Eternal Feather","Old Coin","Oddly Smooth Stone","Molten Egg 2","Toxic Egg 2","DollysMirror","Art of War","Pocketwatch","hermit:DentedPlate","Boot","Vajra","Nunchaku","PreservedInsect","Omamori","Chemical X"],"acts_visited":["Exordium","TheCity","TheBeyond"],"potions_floor_usage":[6,16,16,16,29,44,44,47,50],"damage_taken":[{"damage":0,"enemies":"Cultist","floor":1,"turns":1},{"damage":0,"enemies":"Small Slimes","floor":2,"turns":1},{"damage":0,"enemies":"Jaw Worm","floor":5,"turns":1},{"damage":12,"enemies":"Gremlin Nob","floor":6,"turns":4},{"damage":5,"enemies":"2 Fungi Beasts","floor":12,"turns":4},{"damage":14,"enemies":"Lagavulin","floor":13,"turns":9},{"damage":4,"enemies":"Looter","floor":14,"turns":2},{"damage":9,"enemies":"Slime Boss","floor":16,"turns":9},{"damage":10,"enemies":"3 Byrds","floor":18,"turns":4},{"damage":2,"enemies":"Spheric Guardian","floor":19,"turns":2},{"damage":2,"enemies":"Snecko","floor":21,"turns":4},{"damage":3,"enemies":"Cultist and Chosen","floor":22,"turns":5},{"damage":17,"enemies":"Gremlin Leader","floor":23,"turns":3},{"damage":5,"enemies":"Shelled Parasite and Fungi","floor":24,"turns":3},{"damage":12,"enemies":"Book of Stabbing","floor":25,"turns":4},{"damage":19,"enemies":"Centurion and Healer","floor":27,"turns":5},{"damage":18,"enemies":"Snecko","floor":29,"turns":7},{"damage":41,"enemies":"Champ","floor":33,"turns":8},{"damage":2,"enemies":"Orb Walker","floor":35,"turns":2},{"damage":11,"enemies":"3 Darklings","floor":36,"turns":3},{"damage":10,"enemies":"Sphere and 2 Shapes","floor":37,"turns":3},{"damage":13,"enemies":"Writhing Mass","floor":38,"turns":2},{"damage":4,"enemies":"Transient","floor":42,"turns":5},{"damage":41,"enemies":"Reptomancer","floor":44,"turns":5},{"damage":37,"enemies":"Nemesis","floor":47,"turns":7},{"damage":78,"enemies":"Awakened One","floor":50,"turns":20}],"seed_played":"-5838925084525433205","potions_obtained":[{"floor":1,"key":"Explosive Potion"},{"floor":2,"key":"PowerPotion"},{"floor":12,"key":"AttackPotion"},{"floor":13,"key":"SteroidPotion"},{"floor":19,"key":"FairyPotion"},{"floor":22,"key":"Energy Potion"},{"floor":33,"key":"SpeedPotion"},{"floor":37,"key":"SteroidPotion"},{"floor":44,"key":"Block Potion"},{"floor":47,"key":"Explosive Potion"}],"is_trial":false,"path_per_floor":["M","M","?","$","M","E","R","$","T","?","$","M","E","M","R","B",null,"M","M","?","M","M","E","M","E","T","M","R","M","R","$","R","B",null,"M","M","M","M","?","R","$","M","T","E","?","R","E","$","R","B",null],"character_chosen":"HERMIT","items_purchased":["hermit:CursedWeapon","Strawberry","DollysMirror","hermit:ShadowCloak","Art of War","hermit:Glare+1","Pocketwatch","FearPotion","Vajra","Chemical X"],"campfire_rested":5,"item_purchase_floors":[8,11,31,31,31,31,31,31,41,48],"current_hp_per_floor":[75,75,75,75,75,63,63,63,63,52,59,54,40,36,60,51,82,72,70,70,68,65,48,43,31,31,12,51,33,72,72,82,41,73,71,60,50,37,37,92,92,88,88,47,76,114,77,77,101,23],"gold":10,"neow_bonus":"THREE_ENEMY_KILL","is_daily":false,"chose_seed":false,"campfire_upgraded":3,"win_rate":0.0,"timestamp":1610800356,"path_taken":["M","M","?","$","?","E","R","?","T","?","?","M","E","M","R","BOSS","M","M","?","M","M","E","M","E","T","M","R","M","R","$","R","BOSS","M","M","M","M","?","R","?","M","T","E","?","R","E","$","R","BOSS"],"items_purchased_type":["Card","Relic","Relic","Card","Relic","Card","Relic","Potion","Relic","Relic"],"build_version":"2020-12-22","purchased_purges":1,"victory":true,"max_hp_per_floor":[75,75,75,75,75,75,75,75,75,75,82,82,82,82,82,82,82,82,82,82,82,82,82,82,82,82,82,82,82,82,82,82,82,114,114,114,114,114,114,114,114,114,114,114,114,114,114,114,114,114],"card_choices":[{"not_picked":["hermit:CalledShot","hermit:Gestalt"],"picked":"hermit:Scavenge","floor":1},{"not_picked":["hermit:LoneWolf","hermit:Ricochet"],"picked":"hermit:Showdown","floor":2},{"not_picked":["hermit:Desperado","hermit:Vantage"],"picked":"hermit:Snipe","floor":5},{"not_picked":["hermit:DeadMansHand","hermit:PistolWhip"],"picked":"hermit:Magnum","floor":6},{"not_picked":["hermit:Manifest","hermit:Dive"],"picked":"hermit:GhostlyPresence","floor":12},{"not_picked":["hermit:Roughhouse","hermit:Vantage"],"picked":"hermit:Snipe","floor":13},{"not_picked":["hermit:ItchyTrigger","hermit:Gestalt"],"picked":"hermit:PistolWhip","floor":14},{"not_picked":["hermit:Roughhouse","hermit:DeadOrAlive"],"picked":"hermit:FinalCanter","floor":16},{"not_picked":["hermit:Feint+1","hermit:Snipe+1"],"picked":"hermit:Glare","floor":18},{"not_picked":["hermit:Desperado","hermit:Roulette+1"],"picked":"hermit:Quickdraw","floor":19},{"not_picked":["hermit:Desperado","hermit:Spite"],"picked":"hermit:SprayPray+1","floor":21},{"not_picked":["hermit:Coalescence","hermit:Feint"],"picked":"hermit:Dive","floor":22},{"not_picked":["hermit:Misfire","hermit:DeadMansHand"],"picked":"hermit:Deadeye","floor":23},{"not_picked":["hermit:Gestalt","hermit:Midnight"],"picked":"hermit:Shortfuse","floor":24},{"not_picked":["hermit:FromBeyond","hermit:Combo"],"picked":"hermit:Glare","floor":25},{"not_picked":["hermit:TrackingShot+1","hermit:Malice+1"],"picked":"hermit:Glare+1","floor":27},{"not_picked":["hermit:Snipe+1","hermit:LowProfile+1"],"picked":"hermit:Misfire+1","floor":29},{"not_picked":["hermit:Magnum+1","hermit:Dissolve+1"],"picked":"hermit:BlackWind+1","floor":33},{"not_picked":["hermit:Vantage+1","hermit:LoneWolf+1"],"picked":"hermit:Snipe+1","floor":35},{"not_picked":["hermit:Dive+1","hermit:Roulette+1"],"picked":"hermit:Quickdraw+1","floor":36},{"not_picked":["hermit:BodyArmor+1","hermit:Misfire+1"],"picked":"hermit:TakeCover+1","floor":37},{"not_picked":["hermit:Manifest+1","hermit:Shortfuse+1"],"picked":"hermit:Dive+1","floor":38},{"not_picked":["hermit:TakeCover+1","hermit:Snipe+1"],"picked":"hermit:EyeOfTheStorm+1","floor":42},{"not_picked":["hermit:Scavenge+1","hermit:HoleUp+1"],"picked":"hermit:LoneWolf+1","floor":44},{"not_picked":["hermit:HighCaliber+1","hermit:Grudge+1"],"picked":"hermit:EyeOfTheStorm+1","floor":47}],"player_experience":97067,"relics_obtained":[{"floor":6,"key":"Orichalcum"},{"floor":9,"key":"Bronze Scales"},{"floor":13,"key":"Centennial Puzzle"},{"floor":17,"key":"Bag of Marbles"},{"floor":17,"key":"Eternal Feather"},{"floor":17,"key":"Old Coin"},{"floor":23,"key":"Oddly Smooth Stone"},{"floor":25,"key":"Molten Egg 2"},{"floor":26,"key":"Toxic Egg 2"},{"floor":43,"key":"Nunchaku"},{"floor":44,"key":"PreservedInsect"},{"floor":47,"key":"Omamori"}],"event_choices":[{"damage_healed":0,"gold_gain":0,"player_choice":"Rummage","damage_taken":0,"relics_obtained":["WarpedTongs"],"max_hp_gain":0,"max_hp_loss":0,"event_name":"Accursed Blacksmith","floor":3,"gold_loss":0,"cards_obtained":["Pain"]},{"damage_healed":0,"gold_gain":75,"player_choice":"Gather Gold","damage_taken":11,"max_hp_gain":0,"max_hp_loss":0,"event_name":"World of Goop","floor":10,"gold_loss":0},{"damage_healed":0,"gold_gain":0,"player_choice":"Ignored","damage_taken":0,"max_hp_gain":0,"max_hp_loss":0,"event_name":"Vampires","floor":20,"gold_loss":0},{"cards_removed":["hermit:Glare"],"damage_healed":0,"gold_gain":0,"player_choice":"Gave Card","damage_taken":0,"relics_obtained":["Boot"],"max_hp_gain":0,"max_hp_loss":0,"event_name":"WeMeetAgain","floor":39,"gold_loss":0},{"damage_healed":29,"gold_gain":0,"player_choice":"Writhe","damage_taken":0,"max_hp_gain":0,"max_hp_loss":0,"event_name":"Winding Halls","floor":45,"gold_loss":0,"cards_obtained":["Writhe"]}],"is_beta":false,"boss_relics":[{"not_picked":["Ectoplasm","hermit:BartenderGlass"],"picked":"Calling Bell"},{"not_picked":["SlaversCollar","SacredBark"],"picked":"hermit:DentedPlate"}],"items_purged_floors":[4],"is_endless":false,"potions_floor_spawned":[1,2,12,13,14,19,22,33,37,44,47],"ascension_level":0}}