{"host":"4rvk26w7t08d5zdj","time":1610772798,"event":{"mods":["AchievementEnabler","BaseMod","Colored Powertips","Conspire","Energized Spire","GifTheSpireLib","Minty Spire (QoL Compilation)","Rare Cards Sparkle","StSLib","The Animator","The Blue Laboratory"],"gold_per_floor":[126,201,201,201,211,211,225,275,349,314,343,359,52,52,52,156,156,167,266,295,107,135,135,135],"floor_reached":23,"language":"ENG","playtime":1438,"items_purged":[],"score":229,"play_id":"cab999fe-dd17-4ba6-bcf2-ff2220a2b37f","local_time":"20210115205318","is_ascension_mode":false,"campfire_choices":[{"data":"animator:Aisha","floor":6,"key":"SMITH"},{"data":"animator:Aisha","floor":15,"key":"SMITH"}],"circlet_count":0,"master_deck":["animator:Strike_MadokaMagica","animator:Defend_MadokaMagica","animator:Strike","animator:Strike","animator:Strike","animator:Defend","animator:Defend","animator:Defend+1","animator:IrohaTamaki","animator:YuiTsuruno+1","animator:Aisha+1","animator:Millim","animator:Ara","animator:SayakaMiki+1","animator:GoblinSlayer","animator:Caster","animator:Aisha+1","animator:GoblinSlayer","animator:Rimuru","animator:KyokoSakura","animator:Geryuganshoop","animator:NagisaMomoe","animator:GuildGirl+1"],"relics":["animator:LivingPicture","animator:TheMissingPiece","Bag of Preparation","Shuriken","DollysMirror","Lee\u0027s Waffle","Red Mask"],"acts_visited":["Exordium","TheCity"],"potions_floor_usage":[7,16],"damage_taken":[{"damage":4.0,"enemies":"Small Slimes","floor":1.0,"turns":3.0},{"damage":0,"enemies":"2 Louse","floor":5,"turns":3},{"damage":3,"enemies":"Jaw Worm","floor":7,"turns":4},{"damage":3,"enemies":"Blue Slaver","floor":11,"turns":5},{"damage":0,"enemies":"conspire:2 RoseBushes","floor":12,"turns":6},{"damage":0,"enemies":"Slime Boss","floor":16,"turns":8},{"damage":15,"enemies":"Spheric Guardian","floor":18,"turns":6},{"damage":37,"enemies":"conspire:FuzzyDice","floor":20,"turns":5},{"damage":64,"enemies":"Masked Bandits","floor":22,"turns":7},{"damage":11,"enemies":"conspire:SneckoGhost","floor":23,"turns":3}],"seed_played":"2812903274994406098","potions_obtained":[{"floor":1.0,"key":"blueLaboratory:PolymorphPotion"},{"floor":7,"key":"Strength Potion"},{"floor":18,"key":"blueLaboratory:BottledHope"},{"floor":22,"key":"blueLaboratory:PyrophylliteBrew"}],"is_trial":false,"path_per_floor":["M","?","?","?","M","R","M","T","T","?","M","M","$","?","R","B",null,"M","?","M","$","?","E"],"character_chosen":"THE_ANIMATOR","items_purchased":["animator:Caster","animator:Aisha","DollysMirror","Lee\u0027s Waffle","animator:NagisaMomoe"],"campfire_rested":0,"item_purchase_floors":[13,13,13,21,21],"current_hp_per_floor":[62,51,51,51,51,51,49,49,49,65,62,62,62,49,49,49,67,53,53,16,75,11,0,0],"gold":135,"neow_bonus":"UPGRADE_CARD","is_daily":false,"chose_seed":false,"campfire_upgraded":2,"win_rate":0.0,"timestamp":1610772798,"path_taken":["M","?","?","?","M","R","M","?","T","?","M","?","$","?","R","BOSS","M","?","M","$","?","E"],"items_purchased_type":["Card","Card","Relic","Relic","Card"],"build_version":"2020-12-22","purchased_purges":0,"victory":false,"max_hp_per_floor":[66,66,66,66,66,66,67,67,67,67,67,67,67,67,67,67,67,68,68,68,75,75,75,75],"card_choices":[{"not_picked":["animator:Berserker","animator:Ain"],"picked":"animator:Aisha","floor":1.0},{"not_picked":["animator:EmiyaShirou","animator:YuiTsuruno"],"picked":"animator:Millim","floor":5},{"not_picked":["animator:Rider","animator:Souei"],"picked":"animator:Ara","floor":7},{"not_picked":["animator:YuiTsuruno","animator:IrohaTamaki"],"picked":"animator:SayakaMiki","floor":11},{"not_picked":["animator:Ara","animator:SilverFang"],"picked":"animator:GoblinSlayer","floor":12},{"not_picked":["animator:Saber","animator:Gilgamesh"],"picked":"animator:Rimuru","floor":16},{"not_picked":["animator:Alexander","animator:SayakaMiki"],"picked":"animator:KyokoSakura","floor":18},{"not_picked":["animator:Gluttony","animator:MetalKnight"],"picked":"animator:Geryuganshoop","floor":20},{"not_picked":["animator:RoyMustang","animator:DwarfShaman"],"picked":"animator:GuildGirl+1","floor":22}],"player_experience":1040629,"relics_obtained":[{"floor":8,"key":"Bag of Preparation"},{"floor":9,"key":"Shuriken"},{"floor":22,"key":"Red Mask"}],"event_choices":[{"damage_healed":0.0,"max_hp_gain":0.0,"max_hp_loss":0.0,"gold_gain":75.0,"event_name":"World of Goop","player_choice":"Gather Gold","floor":2.0,"gold_loss":0.0,"damage_taken":11.0},{"damage_healed":0,"gold_gain":0,"player_choice":"Leave","damage_taken":0,"max_hp_gain":0,"max_hp_loss":0,"event_name":"conspire:Investor","floor":4,"gold_loss":0},{"damage_healed":16,"gold_gain":0,"player_choice":"Healed","damage_taken":0,"max_hp_gain":0,"max_hp_loss":0,"event_name":"The Cleric","floor":10,"gold_loss":35},{"damage_healed":0,"gold_gain":0,"player_choice":"Entered Light","damage_taken":13,"max_hp_gain":0,"max_hp_loss":0,"event_name":"Shining Light","floor":14,"gold_loss":0,"cards_upgraded":["animator:SayakaMiki","animator:Defend"]},{"damage_healed":0,"gold_gain":99,"player_choice":"Stole From Cult","damage_taken":0,"max_hp_gain":0,"max_hp_loss":0,"event_name":"Nest","floor":19,"gold_loss":0},{"damage_healed":0,"gold_gain":0,"player_choice":"Fought Bandits","damage_taken":0,"max_hp_gain":0,"max_hp_loss":0,"event_name":"Masked Bandits","floor":22,"gold_loss":0}],"is_beta":false,"boss_relics":[{"not_picked":["energizedSpire:HugeHouse","energizedSpire:SpiderWeb","energizedSpire:MagnifyingGlass"]}],"items_purged_floors":[],"is_endless":false,"potions_floor_spawned":[1,7,18,22],"killed_by":"conspire:SneckoGhost","ascension_level":0}}