{"host":"oeotdbd679q6m6vu","time":1610792619,"event":{"mods":["Act Like it!","BaseMod","Colored Map","Decade(Õı–°√˜)","Downfall","Friendly Minions","Gensokyo","GifTheSpireLib","Highlight Path","Marisa£®ÏF”Í°°ƒß¿Ì…≥£©","Minty Spire (QoL Compilation)","Rare Cards Sparkle","Reimu£®≤©¿ˆ¡È√Œ£©","StSLib","The Animator","Youmu£®ªÍ∆«—˝√Œ£©"],"gold_per_floor":[99,99,99,199,199,232,259,288,307,307,333,345,345,101,114,209,209,9,24,36,36,36,136,136,236,236,336,351,27,45,57,67,162,162,162,172,100,123,137,137,160,201,513,538,561,473,517,543,575,587,599,645,47,47,47,47,47,47],"floor_reached":56,"language":"ZHS","playtime":5020,"items_purged":["downfall:Malfunctioning","downfall:Malfunctioning","animator:Curse_GriefSeed"],"score":911,"play_id":"3f9605fe-c291-46fd-b002-7640288ae931","local_time":"20210116052339","is_ascension_mode":true,"campfire_choices":[{"data":"Slimebound:Split","floor":1,"key":"SMITH"},{"floor":10,"key":"RECALL"},{"floor":18,"key":"DIG"},{"floor":26,"key":"DIG"},{"floor":35,"key":"DIG"},{"floor":46,"key":"DIG"},{"data":"Apotheosis","floor":54,"key":"SMITH"}],"circlet_count":0,"master_deck":["Slimebound:Strike_Slimebound","Slimebound:Strike_Slimebound","Slimebound:Strike_Slimebound+1","Slimebound:Tackle","Slimebound:Defend_Slimebound","Slimebound:Defend_Slimebound","Slimebound:Defend_Slimebound+1","Slimebound:Defend_Slimebound","Slimebound:Split+1","Slimebound:CorrosiveSpit","Slimebound:Repurpose","Slimebound:Equalize+1","Slimebound:SlimeTap+1","Slimebound:SplitAcid+1","Slimebound:ServeAndProtect","Slimebound:DuplicatedForm","Slimebound:DivideAndConquer","Slimebound:Darklings","CurseOfTheBell","Slimebound:SlimeBrawl+1","Slimebound:SplitAcid","Slimebound:CheckThePlaybook","Regret","Slimebound:DouseInSlime","downfall:Aged","Slimebound:Repurpose","Slimebound:SlimeBarrage+1","Slimebound:Repurpose+1","Apotheosis+1","Slimebound:FlameTackle+1","Slimebound:Prepare+1","Slimebound:SelfFormingGoo","Slimebound:SplitBruiser","Wraith","Slimebound:SplitBruiser+1","Slimebound:RallyTheTroops+1","Slimebound:FormOfPuddle+1","Slimebound:SlimeBarrage+1","Slimebound:SplitMire+1"],"relics":["Slimebound:AbsorbEndCombat","downfall:HeartsMalice","Whetstone","PreservedInsect","Potion Belt","Darkstone Periapt","Strange Spoon","Calling Bell","Oddly Smooth Stone","Matryoshka","Shovel","downfall:HeartBlessingRed","downfall:HeartBlessingGreen","Centennial Puzzle","Enchiridion","Blue Candle","Mastiff:ReiMu","Ginger","PureWhite:ReiMu","Molten Egg 2","Bottled Lightning","Toy Ornithopter","Lee\u0027s Waffle","Coffee Dripper","Pantograph","Slimebound:SelfDamagePreventRelic","Slimebound:AggressiveSlimeRelic","Bag of Preparation","MawBank","Strawberry","downfall:HeartBlessingBlue","Toxic Egg 2","Kunai","Art of War","Letter Opener","Toolbox"],"acts_visited":["Exordium","TheCity","TheBeyond","TheEnding"],"potions_floor_usage":[16,16,19,19,25,28,28,30,32,33,33,44,47,47,50,50,55],"damage_taken":[{"damage":0,"enemies":"Jaw Worm","floor":2,"turns":1},{"damage":0,"enemies":"2 Louse","floor":3,"turns":1},{"damage":0,"enemies":"Small Slimes","floor":5,"turns":1},{"damage":17,"enemies":"Lagavulin","floor":6,"turns":6},{"damage":30,"enemies":"Gremlin Nob","floor":8,"turns":4},{"damage":8,"enemies":"3 Louse","floor":9,"turns":4},{"damage":5,"enemies":"3 Sentries","floor":11,"turns":4},{"damage":3,"enemies":"2 Fungi Beasts","floor":12,"turns":2},{"damage":16,"enemies":"downfall:FleeingMerchant","floor":14,"turns":4},{"damage":8,"enemies":"Gremlin Gang","floor":15,"turns":5},{"damage":38,"enemies":"SI_SHIV_ARCHETYPE","floor":16,"turns":5},{"damage":2,"enemies":"3 Byrds","floor":19,"turns":3},{"damage":31,"enemies":"Sentry and Sphere","floor":20,"turns":3},{"damage":26,"enemies":"Colosseum Nobs","floor":25,"turns":3},{"damage":36,"enemies":"downfall:LadyInBlue","floor":27,"turns":6},{"damage":4,"enemies":"Cultist and Chosen","floor":28,"turns":4},{"damage":3,"enemies":"downfall:FleeingMerchant","floor":29,"turns":4},{"damage":14,"enemies":"Shelled Parasite and Fungi","floor":30,"turns":2},{"damage":25,"enemies":"3 Cultists","floor":31,"turns":5},{"damage":63,"enemies":"Sentry and Sphere","floor":32,"turns":6},{"damage":36,"enemies":"IC_MUSHROOM_ARCHETYPE","floor":33,"turns":8},{"damage":36,"enemies":"Orb Walker","floor":36,"turns":3},{"damage":17,"enemies":"downfall:FleeingMerchant","floor":37,"turns":3},{"damage":33,"enemies":"3 Darklings","floor":39,"turns":5},{"damage":31,"enemies":"Giant Head","floor":42,"turns":4},{"damage":10,"enemies":"Maw","floor":44,"turns":5},{"damage":25,"enemies":"4 Shapes","floor":45,"turns":3},{"damage":18,"enemies":"Nemesis","floor":47,"turns":3},{"damage":14,"enemies":"Writhing Mass","floor":48,"turns":2},{"damage":0,"enemies":"Sphere and 2 Shapes","floor":49,"turns":2},{"damage":40,"enemies":"DF_ARCHETYPE_ORBS","floor":50,"turns":4},{"damage":42,"enemies":"downfall:CharBossMerchant","floor":52,"turns":6},{"damage":104,"enemies":"downfall:NeowBoss","floor":55,"turns":9},{"damage":81,"enemies":"downfall:NeowBossFinal","floor":56,"turns":5}],"seed_played":"-4026406256536090785","potions_obtained":[{"floor":8,"key":"Fire Potion"},{"floor":11,"key":"Strength Potion"},{"floor":15,"key":"Regen Potion"},{"floor":16,"key":"DistilledChaos"},{"floor":19,"key":"Block Potion"},{"floor":25,"key":"SteroidPotion"},{"floor":27,"key":"GrandPatriotsElixir:ReiMu"},{"floor":27,"key":"DistilledChaos"},{"floor":27,"key":"SkillPotion"},{"floor":30,"key":"champ:CounterPotion"},{"floor":32,"key":"Fire Potion"},{"floor":33,"key":"SpeedPotion"},{"floor":39,"key":"Swift Potion"},{"floor":44,"key":"AttackPotion"},{"floor":45,"key":"GrandPatriotsElixir:ReiMu"},{"floor":47,"key":"Slimebound:SpawnSlimePotion"}],"is_trial":false,"path_per_floor":["R","M","M","?","M","E","T","E","M","R","E","M","?","$","M","B",null,"R","M","M","?","?","?","T","?","R","?","M","$","M","M","M","B",null,"R","M","$","?","M","?","T","E","?","M","M","R","E","M","M","B",null,"E","$","R","B","B"],"character_chosen":"SLIMEBOUND","items_purchased":["Strange Spoon","Apotheosis","Lee\u0027s Waffle","Slimebound:SelfDamagePreventRelic","Slimebound:AggressiveSlimeRelic","Letter Opener","Toolbox","MagicPotion:ReiMu"],"campfire_rested":0,"item_purchase_floors":[14,29,29,37,37,53,53,53],"current_hp_per_floor":[65,65,65,65,65,52,52,28,24,24,19,21,27,23,21,22,77,77,76,60,44,18,47,47,36,36,3,13,113,101,81,50,41,113,113,78,62,62,38,44,44,47,47,53,43,53,62,48,48,53,136,95,95,95,50,0,0,0],"gold":47,"neow_bonus":"THREE_ENEMY_KILL","is_daily":false,"chose_seed":false,"campfire_upgraded":2,"win_rate":0.0,"timestamp":1610792619,"path_taken":["R","M","M","?","M","E","T","E","M","R","E","M","?","$","M","BOSS","R","M","M","?","?","?","T","?","R","?","?","$","M","M","M","BOSS","R","M","$","?","M","?","T","E","?","M","?","R","E","M","M","BOSS","E","$","R","BOSS","BOSS"],"items_purchased_type":["Relic","Card","Relic","Relic","Relic","Relic","Relic","Potion"],"build_version":"2020-12-22","purchased_purges":3,"victory":false,"max_hp_per_floor":[65,65,65,65,65,65,65,65,65,65,65,65,71,71,71,71,77,77,77,77,77,77,106,106,106,106,106,106,113,113,113,113,113,113,113,113,113,113,113,119,119,126,126,126,126,136,136,136,136,136,136,136,136,136,136,136,136,136],"card_choices":[{"not_picked":["Slimebound:SplitAcid","Slimebound:DivideAndConquer"],"picked":"Slimebound:Repurpose","floor":2},{"not_picked":["Slimebound:RollThrough","Slimebound:SlimeSpikes","Slimebound:SplitAcid"],"picked":"SKIP","floor":3},{"not_picked":["Slimebound:Chomp","Slimebound:Prepare"],"picked":"Slimebound:Equalize","floor":5},{"not_picked":["Slimebound:FlameTackle","Slimebound:DisruptingSlam","Slimebound:MegaLick"],"picked":"SKIP","floor":6},{"not_picked":["Slimebound:ProtectTheBoss","Slimebound:Prepare"],"picked":"Slimebound:SlimeTap","floor":8},{"not_picked":["Slimebound:DisruptingSlam","Slimebound:ComboTackle"],"picked":"Slimebound:SplitAcid","floor":9},{"not_picked":["Slimebound:GoopSpray","Slimebound:SlimeSpikes"],"picked":"Slimebound:ServeAndProtect","floor":11},{"not_picked":["Slimebound:HungryTackle","Slimebound:Gluttony","Slimebound:FinishingTackle"],"picked":"SKIP","floor":12},{"not_picked":["Slimebound:SamplingLick","Slimebound:GoopSpray"],"picked":"Slimebound:DuplicatedForm","floor":14},{"not_picked":["Slimebound:ViciousTackle","Slimebound:Nibble"],"picked":"Slimebound:DivideAndConquer","floor":15},{"not_picked":["Slimebound:MinionMaster","Slimebound:LeechLife"],"picked":"Slimebound:Darklings","floor":16},{"not_picked":["Slimebound:SplitBruiser","Slimebound:AcidTongue"],"picked":"Slimebound:SlimeBrawl+1","floor":19},{"not_picked":["Slimebound:RollThrough","Slimebound:GoopTackle"],"picked":"Slimebound:SplitAcid","floor":20},{"not_picked":["Slimebound:Prepare","Slimebound:BestDefense"],"picked":"Slimebound:Repurpose","floor":25},{"not_picked":["Slimebound:LevelUp","Slimebound:SplitMire"],"picked":"Slimebound:SlimeBarrage+1","floor":27},{"not_picked":["Slimebound:Equalize+1","Slimebound:AcidTongue+1","Slimebound:GrowthPunch+1"],"picked":"SKIP","floor":28},{"not_picked":["Slimebound:PressTheAttack+1","Slimebound:TongueLash+1"],"picked":"Slimebound:Repurpose+1","floor":29},{"not_picked":["Slimebound:HauntingLick","Slimebound:GoopSpray"],"picked":"Slimebound:FlameTackle+1","floor":30},{"not_picked":["Slimebound:SplitLeeching","Slimebound:FormOfPuddle","Slimebound:GrowthPunch+1"],"picked":"SKIP","floor":31},{"not_picked":["Slimebound:Schlurp","Slimebound:LeechingTouch+1"],"picked":"Slimebound:Prepare+1","floor":32},{"not_picked":["Slimebound:RallyTheTroops+1","Slimebound:DuplicatedForm"],"picked":"Slimebound:SelfFormingGoo","floor":33},{"not_picked":["Slimebound:SplitAcid+1","Slimebound:GoopTackle+1","Slimebound:ComboTackle+1"],"picked":"SKIP","floor":36},{"not_picked":["Slimebound:SplitBruiser","Slimebound:ProtectTheBoss+1","Slimebound:PressTheAttack+1"],"picked":"SKIP","floor":37},{"not_picked":["Slimebound:SamplingLick","Slimebound:RollThrough+1"],"picked":"Slimebound:SplitBruiser","floor":39},{"not_picked":["Slimebound:FinishingTackle+1","Slimebound:ItLooksTasty+1"],"picked":"Slimebound:SplitBruiser+1","floor":42},{"not_picked":["Slimebound:SlimeSpikes","Slimebound:SplitLeeching","Slimebound:LevelUp"],"picked":"SKIP","floor":44},{"not_picked":["Slimebound:SplitMire","Slimebound:Recollect","Slimebound:RollThrough+1"],"picked":"SKIP","floor":45},{"not_picked":["Slimebound:SamplingLick+1","Slimebound:SplitMire+1"],"picked":"Slimebound:RallyTheTroops+1","floor":47},{"not_picked":["Slimebound:GrowthPunch+1","Slimebound:DisruptingSlam+1"],"picked":"Slimebound:FormOfPuddle+1","floor":48},{"not_picked":["Slimebound:SplitAcid+1","Slimebound:HauntingLick+1"],"picked":"Slimebound:SlimeBarrage+1","floor":49},{"not_picked":["Slimebound:RollThrough+1","Slimebound:Prepare+1"],"picked":"Slimebound:SplitMire+1","floor":52}],"player_experience":335650,"relics_obtained":[{"floor":6,"key":"Whetstone"},{"floor":7,"key":"PreservedInsect"},{"floor":8,"key":"Potion Belt"},{"floor":11,"key":"Darkstone Periapt"},{"floor":17,"key":"Oddly Smooth Stone"},{"floor":17,"key":"Matryoshka"},{"floor":17,"key":"Shovel"},{"floor":18,"key":"Centennial Puzzle"},{"floor":21,"key":"Enchiridion"},{"floor":24,"key":"Mastiff:ReiMu"},{"floor":24,"key":"Ginger"},{"floor":25,"key":"PureWhite:ReiMu"},{"floor":25,"key":"Molten Egg 2"},{"floor":26,"key":"Bottled Lightning"},{"floor":27,"key":"Toy Ornithopter"},{"floor":35,"key":"Pantograph"},{"floor":38,"key":"Bag of Preparation"},{"floor":41,"key":"MawBank"},{"floor":42,"key":"Strawberry"},{"floor":46,"key":"Toxic Egg 2"},{"floor":47,"key":"Kunai"},{"floor":52,"key":"Art of War"}],"event_choices":[{"damage_healed":0,"gold_gain":0,"player_choice":"Ignored","damage_taken":0,"max_hp_gain":0,"max_hp_loss":0,"event_name":"OrinTheCat","floor":40,"gold_loss":0},{"damage_healed":0,"gold_gain":300,"player_choice":"Gold","damage_taken":0,"max_hp_gain":0,"max_hp_loss":0,"event_name":"Wheel of Change","floor":43,"gold_loss":0}],"is_beta":false,"boss_relics":[{"not_picked":["Sozu","Snecko Eye"],"picked":"Calling Bell"},{"not_picked":["Tiny House","Slimebound:TarBlob"],"picked":"Coffee Dripper"}],"items_purged_floors":[14,37,53],"is_endless":false,"potions_floor_spawned":[8,11,15,16,19,25,30,32,33,39,44,45,47],"killed_by":"downfall:NeowBossFinal","ascension_level":1}}