{"host":"71x3l6y2fkerz90u","time":1610762704,"event":{"mods":["BaseMod","Downfall","Hubris","Minty Spire (QoL Compilation)","Replay The Spire","StSLib","The Necromancer"],"gold_per_floor":[99,99,117,137,137,10,10,10,38,55,65,93,18,79,99,200,200,50,67,78,93,10,28,28,42,42,57,82,100,127,18,38,138,138,138,157,19,39,53,83,109,136,147,166,199,199,199,209,229,229,229,254,208,208,208],"floor_reached":56,"language":"DEU","playtime":6863,"items_purged":[],"score":1544,"play_id":"968bf7f7-082e-48dc-9e00-5e0a808829a8","local_time":"20210116030504","is_ascension_mode":true,"campfire_choices":[{"data":"Guardian:TwinSlam","floor":1,"key":"SMITH"},{"floor":8,"key":"RECALL"},{"data":"Guardian:SpikerProtocol","floor":13,"key":"SMITH"},{"data":"Guardian:FloatingOrbs","floor":18,"key":"SMITH"},{"data":"Guardian:Defend_Guardian","floor":35,"key":"SMITH"},{"floor":47,"key":"REST"},{"floor":54,"key":"REST"}],"circlet_count":0,"master_deck":["Guardian:Strike_Guardian","Guardian:Strike_Guardian","Guardian:Strike_Guardian","Guardian:Defend_Guardian","Guardian:Defend_Guardian","Guardian:Defend_Guardian","Guardian:CurlUp","Guardian:TwinSlam+1","Guardian:BronzeArmor","Guardian:WalkerClaw","Guardian:TemporalShield","CommonCold","Guardian:SpikerProtocol+1","Guardian:ChargeCore","Guardian:ChargeCore","Guardian:FloatingOrbs+1","Guardian:Reroute","Guardian:Emergency","Guardian:ArmoredProtocol","Guardian:RollAttack","Guardian:BronzeOrb","Guardian:AncientConstruct","Guardian:DecasProtection","Guardian:RollAttack","Guardian:Harden","Guardian:TimeCapacitor","Guardian:Recover","Guardian:Clone+1","Guardian:FloatingOrbs","Guardian:CrystalBeam","Guardian:Incinerate","Guardian:EvasiveProtocol+1","Guardian:RefractedBeam+1","Guardian:RevengeProtocol","Guardian:ShieldCharger","Guardian:Reroute","Guardian:Recover","Guardian:PiercingHide","Guardian:Incinerate","Guardian:ShieldSpikes+1","Guardian:EvasiveProtocol","Guardian:TimeBomb+1","Guardian:Orbwalk","Guardian:Reroute+1","Guardian:Harden+1","Guardian:DecasProtection+1","Guardian:DecasProtection+1","Guardian:Recover+1","Guardian:ChargeCore"],"relics":["Replay:Bronze Core","Ring of Fury","ReplayTheSpireMod:Ring of Addiction","SacredBark","Toy Ornithopter","Incense Burner","Ginger","downfall:HeartBlessingGreen","Onion Ring","Runic Pyramid","downfall:HeartBlessingBlue","downfall:HeartBlessingRed","Gambling Chip","Replay:Accelerometer","Bird Faced Urn","Simple Rune","hubris:TerracottaHorce","Centennial Puzzle","ReplayTheSpireMod:Lightbulb","Strawberry","TungstenRod","Torii"],"acts_visited":["Exordium","TheCity","TheBeyond","TheEnding"],"potions_floor_usage":[6,9,12,12,16,22,22,25,28,31,33,39,40,48,49,50],"damage_taken":[{"damage":0,"enemies":"Jaw Worm","floor":3,"turns":3},{"damage":0,"enemies":"2 Louse","floor":4,"turns":2},{"damage":2,"enemies":"downfall:FleeingMerchant","floor":6,"turns":5},{"damage":20,"enemies":"Lagavulin","floor":9,"turns":8},{"damage":0,"enemies":"Cultist","floor":10,"turns":2},{"damage":0,"enemies":"Exordium Wildlife","floor":11,"turns":2},{"damage":1,"enemies":"3 Sentries","floor":12,"turns":6},{"damage":0,"enemies":"Gremlin Gang","floor":15,"turns":3},{"damage":7,"enemies":"downfall:Ironclad","floor":16,"turns":3},{"damage":0,"enemies":"3 Byrds","floor":19,"turns":3},{"damage":0,"enemies":"Shell Parasite","floor":20,"turns":3},{"damage":1,"enemies":"Cultist and Chosen","floor":21,"turns":3},{"damage":1,"enemies":"downfall:FleeingMerchant","floor":22,"turns":5},{"damage":3,"enemies":"Snecko","floor":23,"turns":4},{"damage":0,"enemies":"Shelled Parasite and Fungi","floor":25,"turns":4},{"damage":1,"enemies":"Sentry and Sphere","floor":27,"turns":4},{"damage":11,"enemies":"Gremlin Leader","floor":28,"turns":6},{"damage":0,"enemies":"Cultist and Chosen","floor":29,"turns":3},{"damage":12,"enemies":"Book of Stabbing","floor":30,"turns":4},{"damage":10,"enemies":"downfall:FleeingMerchant","floor":31,"turns":4},{"damage":0,"enemies":"Snake Plant","floor":32,"turns":2},{"damage":9,"enemies":"downfall:Defect","floor":33,"turns":6},{"damage":0,"enemies":"Orb Walker","floor":36,"turns":2},{"damage":9,"enemies":"3 Darklings","floor":38,"turns":3},{"damage":17,"enemies":"Transient","floor":39,"turns":5},{"damage":0,"enemies":"Giant Head","floor":40,"turns":8},{"damage":24,"enemies":"Reptomancer","floor":42,"turns":5},{"damage":3,"enemies":"4 Shapes","floor":43,"turns":5},{"damage":21,"enemies":"Writhing Mass","floor":44,"turns":5},{"damage":18,"enemies":"Nemesis","floor":45,"turns":5},{"damage":11,"enemies":"Spire Growth","floor":48,"turns":4},{"damage":4,"enemies":"Jaw Worm Horde","floor":49,"turns":3},{"damage":40,"enemies":"downfall:Silent","floor":50,"turns":11},{"damage":23,"enemies":"downfall:CharBossMerchant","floor":52,"turns":8},{"damage":36,"enemies":"downfall:NeowBoss","floor":55,"turns":23}],"seed_played":"5344725003309566656","potions_obtained":[{"floor":5,"key":"ColorlessPotion"},{"floor":5,"key":"LiquidBronze"},{"floor":5,"key":"EssenceOfSteel"},{"floor":9,"key":"Venom Potion"},{"floor":14,"key":"FearPotion"},{"floor":15,"key":"Dexterity Potion"},{"floor":16,"key":"Fire Potion"},{"floor":19,"key":"ColorlessPotion"},{"floor":23,"key":"Venom Potion"},{"floor":27,"key":"Languid Potion"},{"floor":32,"key":"Guardian:DefensiveModePotion"},{"floor":38,"key":"AttackPotion"},{"floor":42,"key":"Fire Potion"},{"floor":45,"key":"Swift Potion"},{"floor":49,"key":"Adrenaline Potion"}],"is_trial":false,"path_per_floor":["R","?","M","M","?","$","T","R","E","M","M","E","R","?","M","B",null,"R","M","M","M","$","M","T","M","?","M","E","M","E","$","M","B",null,"R","M","$","M","M","E","T","E","M","M","E","?","R","M","M","B",null,"E","$","R","B",null],"character_chosen":"GUARDIAN","items_purchased":["Guardian:ChargeCore","Guardian:FloatingOrbs","Guardian:TimeCapacitor","Guardian:ShieldCharger","Simple Rune","DistilledChaos","Guardian:Gem_Red","FairyPotion","Guardian:Gem_Green","Guardian:PiercingHide","Guardian:Incinerate","Guardian:ChargeCore"],"campfire_rested":2,"item_purchase_floors":[6,6,22,31,31,31,31,31,37,37,37,53],"current_hp_per_floor":[80,80,80,80,80,78,78,78,60,60,60,69,69,49,49,47,78,88,88,86,85,85,82,82,86,86,85,75,75,63,62,62,70,82,82,84,84,75,67,84,84,73,80,65,53,53,79,80,85,61,81,77,77,85,65],"gold":208,"neow_bonus":"BOSS_RELIC","is_daily":false,"chose_seed":false,"campfire_upgraded":4,"win_rate":0.0,"timestamp":1610762704,"path_taken":["R","?","M","M","?","?","T","R","E","M","M","E","R","?","M","BOSS","R","M","M","M","$","M","T","M","?","M","E","M","E","$","M","BOSS","R","M","$","M","M","E","T","E","M","M","E","?","R","?","M","BOSS","E","$","R","BOSS"],"items_purchased_type":["Card","Card","Card","Card","Relic","Potion","Card","Potion","Card","Card","Card","Card"],"build_version":"2020-12-22","purchased_purges":0,"victory":true,"max_hp_per_floor":[80,80,80,80,80,80,80,80,80,80,80,80,80,80,80,78,78,88,88,86,86,86,86,86,86,86,86,86,86,86,86,86,86,86,86,86,84,84,84,84,84,91,91,89,89,89,87,87,87,87,87,87,87,85,85],"card_choices":[{"not_picked":["Guardian:Gem_Lightblue","Guardian:Reroute"],"picked":"Guardian:WalkerClaw","floor":3},{"not_picked":["Guardian:RollAttack","Guardian:Gem_Green"],"picked":"Guardian:TemporalShield","floor":4},{"not_picked":["Guardian:Planning","Guardian:MultiBeam"],"picked":"Guardian:SpikerProtocol","floor":6},{"not_picked":["Guardian:Repulse","Guardian:TemporalStrike"],"picked":"Guardian:Reroute","floor":9},{"not_picked":["Guardian:PrimingBeam","Guardian:VentSteam"],"picked":"Guardian:Emergency","floor":10},{"not_picked":["Guardian:Suspension","Guardian:TemporalStrike"],"picked":"Guardian:Gem_Cyan","floor":11},{"not_picked":["Guardian:MultiBeam","Guardian:PrismaticBeam"],"picked":"Guardian:ArmoredProtocol","floor":12},{"not_picked":["Guardian:ShieldSpikes","Guardian:Planning"],"picked":"Guardian:RollAttack","floor":14},{"not_picked":["Guardian:Gem_Lightblue","Guardian:TemporalShield"],"picked":"Guardian:BronzeOrb","floor":15},{"not_picked":["Guardian:StasisField","Guardian:FierceBash"],"picked":"Guardian:AncientConstruct","floor":16},{"not_picked":["Guardian:EvasiveProtocol","Guardian:Emergency+1"],"picked":"Guardian:DecasProtection","floor":19},{"not_picked":["Guardian:Orbwalk","Guardian:Gem_Green"],"picked":"Guardian:RollAttack","floor":20},{"not_picked":["Guardian:Planning","Guardian:Gem_Green"],"picked":"Guardian:Gem_Crimson","floor":21},{"not_picked":["Guardian:Gem_Red","Guardian:ConstructionForm"],"picked":"Guardian:Harden","floor":22},{"not_picked":["Guardian:Planning","Guardian:TimeBomb+1"],"picked":"Guardian:Recover","floor":23},{"not_picked":["Guardian:PolyBeam","Guardian:RollAttack"],"picked":"Guardian:Clone+1","floor":25},{"not_picked":["Guardian:Reroute","Guardian:EvasiveProtocol"],"picked":"Guardian:Incinerate","floor":27},{"not_picked":["Guardian:Gem_Red","Guardian:BaubleBeam"],"picked":"Guardian:EvasiveProtocol+1","floor":28},{"not_picked":["Guardian:RollAttack","Guardian:Recover+1"],"picked":"Guardian:RefractedBeam+1","floor":29},{"not_picked":["Guardian:ChargeCore","Guardian:PrimingBeam"],"picked":"Guardian:Gem_Lightblue","floor":30},{"not_picked":["Guardian:VentSteam","Guardian:PolyBeam"],"picked":"Guardian:RevengeProtocol","floor":31},{"not_picked":["Guardian:PiercingHide","Guardian:PrimingBeam+1"],"picked":"Guardian:Reroute","floor":32},{"not_picked":["Guardian:BaubleBeam","Guardian:HyperBeam_Guardian"],"picked":"Guardian:Gem_Orange","floor":33},{"not_picked":["Guardian:TimeBomb","Guardian:ChargeCore"],"picked":"Guardian:Recover","floor":36},{"not_picked":["Guardian:TimeCapacitor+1","Guardian:Gem_Green"],"picked":"Guardian:ShieldSpikes+1","floor":38},{"not_picked":["Guardian:Incinerate","Guardian:Suspension+1"],"picked":"Guardian:EvasiveProtocol","floor":39},{"not_picked":["Guardian:CrystalBeam+1","Guardian:TemporalShield"],"picked":"Guardian:TimeBomb+1","floor":40},{"not_picked":["Guardian:Gem_Green","Guardian:PrismaticBeam"],"picked":"Guardian:Orbwalk","floor":42},{"not_picked":["Guardian:ArmoredProtocol","Guardian:GuardianWhirl"],"picked":"Guardian:Gem_Orange","floor":43},{"not_picked":["Guardian:Gem_Purple","Guardian:PrismaticBarrier"],"picked":"Guardian:Reroute+1","floor":44},{"not_picked":["Guardian:VentSteam+1","Guardian:Orbwalk"],"picked":"Guardian:Harden+1","floor":45},{"not_picked":["Guardian:Gem_Green","Guardian:ArmoredProtocol+1"],"picked":"Guardian:DecasProtection+1","floor":48},{"not_picked":["Guardian:EvasiveProtocol","Guardian:Reroute"],"picked":"Guardian:DecasProtection+1","floor":49},{"not_picked":["Guardian:HyperBeam_Guardian","Guardian:PrimingBeam+1"],"picked":"Guardian:Recover+1","floor":52}],"player_experience":112491,"relics_obtained":[{"floor":5,"key":"Ring of Fury"},{"floor":5,"key":"ReplayTheSpireMod:Ring of Addiction"},{"floor":5,"key":"SacredBark"},{"floor":5,"key":"Toy Ornithopter"},{"floor":9,"key":"Incense Burner"},{"floor":12,"key":"Ginger"},{"floor":14,"key":"Onion Ring"},{"floor":24,"key":"Gambling Chip"},{"floor":28,"key":"Replay:Accelerometer"},{"floor":30,"key":"Bird Faced Urn"},{"floor":40,"key":"Centennial Puzzle"},{"floor":41,"key":"ReplayTheSpireMod:Lightbulb"},{"floor":42,"key":"Strawberry"},{"floor":45,"key":"TungstenRod"},{"floor":52,"key":"Torii"}],"event_choices":[{"damage_healed":0,"gold_gain":0,"cards_transformed":["Guardian:Strike_Guardian","Guardian:Defend_Guardian"],"player_choice":"Became Test Subject","damage_taken":0,"max_hp_gain":0,"max_hp_loss":0,"event_name":"Drug Dealer","floor":26,"gold_loss":0,"cards_obtained":["Guardian:FloatingOrbs","Guardian:CrystalBeam"]}],"is_beta":false,"boss_relics":[{"not_picked":["hubris:Backtick","hubris:BlackHole"],"picked":"Runic Pyramid"},{"not_picked":["Snecko Eye","Coffee Dripper"],"picked":"hubris:TerracottaHorce"}],"items_purged_floors":[],"is_endless":false,"potions_floor_spawned":[9,15,16,19,23,27,32,38,42,45,49],"ascension_level":5}}