{"host":"0o06o4i1vxmsfh8c","time":1610785117,"event":{"mods":["Bard","BaseMod","BetterRewards","Blackmage（黑魔法师）","Decade(王小明)","Dota2Spire","Downfall","Friendly Minions","FutureSeer","GifTheSpireLib","Hubris","Hunter 猎人","Infinite Spire","KinomotoSakuraMod(木之本樱)","Kiyohime（清姬）","KomeijiMod","LagranYue(拉格朗・月)","Marisa（F雨　魔理沙）","Mimic Mod","Minty Spire (QoL Compilation)","Permanent Neow","RumiaBox-露米娅的神秘盒子","SOS（斯巴达之子）","Shop Mod","StSLib","TestMod","The Administrix","The Bug Knight","The Cursed","The Mystic","The Runesmith","Youmu（魂魄妖梦）","Yuri Mod","[IsaacMod]以撒尖塔","vexMod","【功能Mod】混沌之环修复补丁","【遗物卡牌】REMEMod","篝火指南"],"gold_per_floor":[99,99,149,204,204,214,214,214,21,21,32,42,42,68,85,184,184,184,204,0,17,17,17,17,17,45,58,87,100,0,34,53,158,158,158,175,37,37,312,346,346,396,489,516,516,535,545,561,577,577],"floor_reached":51,"language":"ZHS","playtime":3315,"items_purged":["Guardian:Strike_Guardian"],"score":1029,"play_id":"61ab772d-1df9-41ea-845f-4cf80a18c8f5","local_time":"20210116161837","is_ascension_mode":true,"campfire_choices":[{"floor":1,"key":"RECALL"},{"data":"Guardian:WalkerClaw","floor":8,"key":"SMITH"},{"data":"expansioncontent:DashGenerateEvil","floor":10,"key":"SMITH"},{"data":"Guardian:MultiBeam","floor":13,"key":"SMITH"},{"data":"Guardian:ExploitGems","floor":18,"key":"SMITH"},{"data":"Guardian:Orbwalk","floor":25,"key":"SMITH"},{"data":"Guardian:BaubleBeam","floor":30,"key":"SMITH"},{"data":"Guardian:StasisStrike","floor":35,"key":"SMITH"}],"circlet_count":0,"master_deck":["Guardian:Strike_Guardian","Guardian:Strike_Guardian","Guardian:Strike_Guardian","Guardian:Defend_Guardian","Guardian:Defend_Guardian","Guardian:Defend_Guardian","Guardian:Defend_Guardian","Guardian:CurlUp","Guardian:TwinSlam","yuri:BlackTea","Guardian:WalkerClaw+1","Guardian:Reroute","Guardian:MultiBeam+1","expansioncontent:DashGenerateEvil+1","Guardian:Harden","Guardian:StasisStrike","Guardian:ExploitGems+1","CurseOfTheBell","Guardian:CrystalBeam","Guardian:PrimingBeam","Guardian:RevengeProtocol","Guardian:Orbwalk+1","Guardian:StasisStrike+1","Guardian:Suspension","Guardian:BaubleBeam+1","Guardian:ChargeCore","Guardian:Planning","Guardian:Incinerate+1","Guardian:Gem_Fragmented","Regret","Guardian:TemporalShield+1","Guardian:TimeCapacitor+1","hubris:Fate","Guardian:Gem_Crimson","Guardian:Gem_White","Guardian:DecasProtection+1"],"relics":["Guardian:ModeShifter","HushsDoor","testmod-TestBox","REME_ComplimentaryCards","LagranYue:RandomDrawCardRelic","Leech","testmod-GiftOfSatan","downfall:HeartsMalice","TheBible","Runesmith:AutoHammer","Dota2Spire:ArcaneBoots","Centennial Puzzle","Calling Bell","infinitespire:Lucky Rock","hubris:BottledRain","testmod-InjuryResistance","HollowMod:LifeEnderRelic","Dota2Spire:DrumOfEndurance","REME_LimitBreaker","testmod-CasingShield","LagranYue:MagicReflectiveArmorRelic","downfall:HeartBlessingRed","Thread and Needle","testmod-Prudence","Membership Card","MagicDraw4","Dota2Spire:MantaStyle","testmod-FatalChain","HandDrill","GodSword7","hubris:TenFootPole","Nunchaku","Dota2Spire:Bloodstone"],"acts_visited":["Exordium","TheCity","TheBeyond"],"potions_floor_usage":[26,37,37,37,50,50,50],"damage_taken":[{"damage":0,"enemies":"Jaw Worm","floor":2,"turns":1},{"damage":0,"enemies":"Hiden Room Battle","floor":3,"turns":1},{"damage":0,"enemies":"3 Sentries","floor":4,"turns":1},{"damage":1,"enemies":"Cultist","floor":6,"turns":3},{"damage":0,"enemies":"downfall:FleeingMerchant","floor":9,"turns":4},{"damage":0,"enemies":"2 Louse","floor":11,"turns":2},{"damage":0,"enemies":"Gremlin Gang","floor":12,"turns":1},{"damage":0,"enemies":"3 Sentries","floor":14,"turns":2},{"damage":0,"enemies":"2 Fungi Beasts","floor":15,"turns":2},{"damage":33,"enemies":"IC_STATUS_ARCHETYPE","floor":16,"turns":6},{"damage":0,"enemies":"Chosen","floor":19,"turns":3},{"damage":0,"enemies":"3 Cultists","floor":21,"turns":2},{"damage":0,"enemies":"Gremlin Leader","floor":26,"turns":3},{"damage":18,"enemies":"Snake Plant","floor":27,"turns":4},{"damage":4,"enemies":"HollowMod:Nosk","floor":28,"turns":5},{"damage":1,"enemies":"Cultist and Chosen","floor":29,"turns":4},{"damage":11,"enemies":"REME_1_Revenger","floor":31,"turns":4},{"damage":0,"enemies":"Snecko","floor":32,"turns":3},{"damage":1,"enemies":"DF_ARCHETYPE_CLAW","floor":33,"turns":6},{"damage":3,"enemies":"3 Shapes","floor":36,"turns":2},{"damage":0,"enemies":"downfall:FleeingMerchant","floor":37,"turns":4},{"damage":0,"enemies":"Giant Head","floor":40,"turns":6},{"damage":0,"enemies":"Giant Head","floor":42,"turns":6},{"damage":0,"enemies":"downfall:FleeingMerchant","floor":43,"turns":2},{"damage":48,"enemies":"Nightmare","floor":44,"turns":7},{"damage":0,"enemies":"3 Darklings","floor":46,"turns":2},{"damage":0,"enemies":"Maw","floor":47,"turns":4},{"damage":0,"enemies":"4 Shapes","floor":48,"turns":1},{"damage":0,"enemies":"Jaw Worm Horde","floor":49,"turns":1},{"damage":25,"enemies":"SI_POISON_ARCHETYPE","floor":50,"turns":5}],"seed_played":"-4900731126387210367","potions_obtained":[{"floor":3,"key":"BlessingOfTheForge"},{"floor":4,"key":"EntropicBrew"},{"floor":12,"key":"GamblersBrew"},{"floor":16,"key":"Fire Potion"},{"floor":26,"key":"FearPotion"},{"floor":33,"key":"REME_GoldPotion"}],"is_trial":false,"path_per_floor":["R","M","?","?","?","M","T","R","$","R","M","M","R","E","M","B",null,"R","M","?","M","T","?","T","R","E","M","E","M","R","E","M","B",null,"R","M","$","?","?","E","T","?","$","NM","AVR","M","M","M","M","B",null],"character_chosen":"GUARDIAN","items_purchased":["expansioncontent:DashGenerateEvil","Membership Card","HandDrill","GodSword7"],"campfire_rested":0,"item_purchase_floors":[9,37,43,43],"current_hp_per_floor":[80,80,80,80,80,79,79,79,80,80,80,80,80,85,85,92,92,92,97,97,97,97,97,97,97,97,79,79,94,94,86,88,92,102,102,99,102,102,102,107,107,107,107,68,68,71,76,100,100,112],"gold":577,"neow_bonus":"THREE_ENEMY_KILL","is_daily":false,"chose_seed":false,"campfire_upgraded":7,"win_rate":0.0,"timestamp":1610785117,"path_taken":["R","M","?","?","?","M","T","R","$","R","M","M","R","E","M","BOSS","R","M","?","M","?","?","T","R","E","M","E","M","R","E","M","BOSS","R","M","?","?","?","E","T","?","$","NM","AVR","M","M","M","M","BOSS"],"items_purchased_type":["Card","Relic","Relic","Relic"],"build_version":"2020-12-22","purchased_purges":1,"victory":true,"max_hp_per_floor":[80,80,80,80,80,80,80,80,80,80,80,80,80,85,85,92,92,92,97,97,97,97,97,97,97,97,97,97,102,102,102,102,102,102,102,102,102,102,102,107,107,107,107,107,107,107,107,117,117,117],"card_choices":[{"not_picked":[],"picked":"DoctorFetus","floor":0},{"not_picked":["Guardian:VentSteam","Guardian:Reroute"],"picked":"Guardian:WalkerClaw","floor":2},{"not_picked":["Guardian:Planning","Guardian:DonusPower"],"picked":"Guardian:Gem_Lightblue","floor":3},{"not_picked":["Guardian:VentSteam","Guardian:GuardianWhirl"],"picked":"Guardian:Reroute","floor":4},{"not_picked":["Guardian:ChargeCore","Bomb"],"picked":"Guardian:Gem_Red","floor":6},{"not_picked":["Guardian:ShieldCharger","Guardian:Suspension"],"picked":"Guardian:MultiBeam","floor":9},{"not_picked":["Guardian:Recover","Guardian:Reroute"],"picked":"Guardian:Harden","floor":11},{"not_picked":["Guardian:Incinerate","Guardian:Gem_Red"],"picked":"Guardian:StasisStrike","floor":12},{"not_picked":["Guardian:GuardianWhirl","Guardian:Reroute"],"picked":"Guardian:Gem_Cyan","floor":14},{"not_picked":["Guardian:GuardianWhirl","Guardian:BronzeOrb"],"picked":"Guardian:Gem_Purple","floor":15},{"not_picked":["Guardian:SphericShield","Guardian:FierceBash"],"picked":"Guardian:ExploitGems","floor":16},{"not_picked":["Guardian:Gem_White","Guardian:Gem_Purple"],"picked":"Guardian:CrystalBeam","floor":19},{"not_picked":["Guardian:Preprogram+1","Guardian:CrystalBeam+1"],"picked":"Guardian:PrimingBeam","floor":20},{"not_picked":["Guardian:Incinerate","Guardian:Gem_Fragmented"],"picked":"Guardian:RevengeProtocol","floor":20},{"not_picked":["Guardian:Reroute","Guardian:Recover+1"],"picked":"Guardian:Orbwalk","floor":21},{"not_picked":["Guardian:PrismaticBeam","Guardian:Gem_Lightblue"],"picked":"Guardian:StasisStrike","floor":26},{"not_picked":["Guardian:MultiBeam","Guardian:GuardianWhirl"],"picked":"Guardian:Suspension","floor":27},{"not_picked":["Guardian:RollAttack+1","Guardian:VentSteam"],"picked":"Guardian:BaubleBeam","floor":28},{"not_picked":["Guardian:BodySlam","Guardian:Recover+1"],"picked":"Guardian:ChargeCore","floor":29},{"not_picked":["Guardian:WalkerClaw+1","Guardian:BaubleBeam"],"picked":"Guardian:Planning","floor":31},{"not_picked":["Guardian:RefractedBeam","Guardian:BronzeOrb+1"],"picked":"Guardian:Gem_Red","floor":32},{"not_picked":["Guardian:FastForward","Guardian:ConstructionForm"],"picked":"Guardian:Gem_Orange","floor":33},{"not_picked":["Guardian:WalkerClaw+1","Guardian:VentSteam+1"],"picked":"Guardian:Incinerate+1","floor":36},{"not_picked":["Guardian:Suspension","Guardian:HyperBeam_Guardian"],"picked":"Guardian:Gem_Fragmented","floor":37},{"not_picked":["Guardian:Incinerate+1","Guardian:Orbwalk"],"picked":"Guardian:TemporalShield+1","floor":40},{"not_picked":["Guardian:ShieldCharger","Guardian:PiercingHide"],"picked":"Guardian:TimeCapacitor+1","floor":43},{"not_picked":["Guardian:WalkerClaw","Guardian:BronzeArmor","Guardian:Recover+1"],"picked":"SKIP","floor":44},{"not_picked":["Guardian:WalkerClaw","Guardian:BronzeArmor","Guardian:Recover+1"],"picked":"SKIP","floor":44},{"not_picked":["Guardian:Preprogram","Guardian:BronzeArmor"],"picked":"Guardian:Gem_Crimson","floor":46},{"not_picked":["Guardian:FloatingOrbs","Guardian:Clone"],"picked":"Guardian:Gem_White","floor":47},{"not_picked":["Guardian:TemporalShield+1","Guardian:BodySlam"],"picked":"Guardian:DecasProtection+1","floor":48},{"not_picked":["Guardian:Suspension","Guardian:Gem_Blue","Guardian:PrimingBeam+1"],"picked":"SKIP","floor":49}],"player_experience":335136,"relics_obtained":[{"floor":3,"key":"TheBible"},{"floor":3,"key":"Runesmith:AutoHammer"},{"floor":4,"key":"Dota2Spire:ArcaneBoots"},{"floor":14,"key":"Centennial Puzzle"},{"floor":17,"key":"infinitespire:Lucky Rock"},{"floor":17,"key":"hubris:BottledRain"},{"floor":17,"key":"testmod-InjuryResistance"},{"floor":20,"key":"HollowMod:LifeEnderRelic"},{"floor":22,"key":"Dota2Spire:DrumOfEndurance"},{"floor":24,"key":"REME_LimitBreaker"},{"floor":26,"key":"testmod-CasingShield"},{"floor":28,"key":"LagranYue:MagicReflectiveArmorRelic"},{"floor":31,"key":"Thread and Needle"},{"floor":40,"key":"MagicDraw4"},{"floor":41,"key":"Dota2Spire:MantaStyle"},{"floor":42,"key":"testmod-FatalChain"},{"floor":44,"key":"hubris:TenFootPole"}],"event_choices":[{"damage_healed":0,"gold_gain":0,"player_choice":"Fight","damage_taken":0,"max_hp_gain":0,"max_hp_loss":0,"event_name":"HidenRoomEvent","floor":3,"gold_loss":0}],"is_beta":false,"boss_relics":[{"not_picked":["Pandora\u0027s Box","Cursed Key"],"picked":"Calling Bell"},{"not_picked":[]},{"not_picked":["Busted Crown","Snecko Eye"],"picked":"testmod-Prudence"},{"not_picked":[]}],"items_purged_floors":[43],"is_endless":false,"potions_floor_spawned":[3,4,12,16,21,26,33,40,42,46,48],"ascension_level":1}}