{"host":"sbknc11f3m4r9vz6","time":1610792511,"event":{"mods":["BaseMod","Conspire","Curses Come First","Mathemortician","Mimic Mod","Minty Spire (QoL Compilation)","Replay The Spire","Shop Mod","StSLib","Td1madao Mod","The Administrix","The Forsaken","The Jungle","The Senshi","The Vixen"],"gold_per_floor":[109,35,35,35,52,85,85,39,39,39,53,53,73,84,84,187,287,302,302,302],"floor_reached":19,"language":"ENG","playtime":1096,"items_purged":[],"score":192,"play_id":"48d4f772-1af2-4245-bc71-83e4414624d8","local_time":"20210116112151","is_ascension_mode":false,"campfire_choices":[{"data":"theSenshi:MoonCosmicPowerMakeUp","floor":7,"key":"SMITH"},{"data":"theSenshi:SailorKick","floor":12,"key":"SMITH"},{"data":"theSenshi:UranusStrength","floor":15,"key":"SMITH"}],"circlet_count":0,"master_deck":["theSenshi:SailorKick","theSenshi:SailorKick+1","theSenshi:SailorKick","theSenshi:SailorKick+1","theSenshi:SailorBlock","theSenshi:SailorBlock","theSenshi:SailorBlock","theSenshi:SailorBlock","theSenshi:RoseThrow","theSenshi:MoonPrismPowerMakeUp+1","theSenshi:EncouragingSpeech","theSenshi:MoonCosmicPowerMakeUp+1","theSenshi:MoonPunch","theSenshi:MoonTiaraMagic","theSenshi:MoonsReflection","theSenshi:ChibiMoonsLove","theSenshi:UranusStrength+1","theSenshi:MoonTwilightFlash","theSenshi:InTheNameOfTheMoon","theSenshi:SailorUranusAssists"],"relics":["theSenshi:TransformationBroochRelic","NeowsBlessing","Strawberry","Replay:Towering Pillar of Hats","Replay:Wanted Poster"],"acts_visited":["Exordium","theJungle:Jungle"],"potions_floor_usage":[],"damage_taken":[{"damage":0,"enemies":"Cultist","floor":1,"turns":1},{"damage":2,"enemies":"conspire:RoseBush","floor":5,"turns":1},{"damage":0,"enemies":"3 Sentries","floor":6,"turns":2},{"damage":4,"enemies":"Jaw Worm","floor":11,"turns":4},{"damage":33,"enemies":"Exordium Wildlife","floor":13,"turns":5},{"damage":8,"enemies":"Blue Slaver","floor":14,"turns":5},{"damage":33,"enemies":"The Guardian","floor":16,"turns":11},{"damage":35,"enemies":"theJungle:Flameango_and_Byrd","floor":18,"turns":7},{"damage":0,"enemies":"theJungle:MUSHROOMGANG","floor":19,"turns":1}],"seed_played":"-8808872734267285286","potions_obtained":[{"floor":11,"key":"Dexterity Potion"},{"floor":13,"key":"Swift Potion"},{"floor":14,"key":"LiquidBronze"},{"floor":16,"key":"Regen Potion"}],"is_trial":false,"path_per_floor":["M","$","?","?","M","E","R","$","T","$","M","R","M","M","R","B",null,"M","M"],"character_chosen":"THE_SENSHI","items_purchased":["theSenshi:MoonCosmicPowerMakeUp","theSenshi:MoonsReflection"],"campfire_rested":0,"item_purchase_floors":[2,8],"current_hp_per_floor":[75,75,60,60,58,65,65,65,65,65,61,61,38,40,40,17,82,57,57,57],"gold":302,"neow_bonus":"THREE_ENEMY_KILL","is_daily":false,"chose_seed":false,"campfire_upgraded":3,"win_rate":0.0,"timestamp":1610792511,"path_taken":["M","$","?","?","M","E","R","$","T","?","M","R","M","M","R","BOSS","M","M"],"items_purchased_type":["Card","Card"],"build_version":"2020-12-22","purchased_purges":0,"victory":false,"max_hp_per_floor":[75,75,75,75,75,82,82,82,82,82,82,82,82,82,82,82,82,82,82,82],"card_choices":[{"not_picked":["theSenshi:SailorVenusAssists","theSenshi:InTheNickOfTime"],"picked":"theSenshi:EncouragingSpeech","floor":1},{"not_picked":["theSenshi:MoonCrisisMakeUp","theSenshi:MoonPrincessHalation"],"picked":"theSenshi:MoonPunch","floor":5},{"not_picked":["theSenshi:Sidestep","theSenshi:SailorNeptuneAssists"],"picked":"theSenshi:MoonTiaraMagic","floor":6},{"not_picked":["theSenshi:MoonsReflection","theSenshi:TuxedoMaskAssists"],"picked":"theSenshi:ChibiMoonsLove","floor":11},{"not_picked":["theSenshi:TallSilhouette","theSenshi:SaturnsMystery"],"picked":"theSenshi:UranusStrength","floor":13},{"not_picked":["theSenshi:SteeledNerves","theSenshi:SailorMarsAssists"],"picked":"theSenshi:MoonTwilightFlash","floor":14},{"not_picked":["theSenshi:SailorCosmosAssists","theSenshi:IWillPunishYou"],"picked":"theSenshi:InTheNameOfTheMoon","floor":16},{"not_picked":["theSenshi:MoonKick","theSenshi:MoonsReflection"],"picked":"theSenshi:SailorUranusAssists","floor":18}],"player_experience":100327,"relics_obtained":[{"floor":6,"key":"Strawberry"},{"floor":9,"key":"Replay:Towering Pillar of Hats"}],"event_choices":[{"damage_healed":0,"gold_gain":0,"player_choice":"Entered Light","damage_taken":15,"max_hp_gain":0,"max_hp_loss":0,"event_name":"Shining Light","floor":3,"gold_loss":0,"cards_upgraded":["theSenshi:SailorKick","theSenshi:MoonPrismPowerMakeUp"]},{"damage_healed":0,"gold_gain":0,"player_choice":"Ignored","damage_taken":0,"max_hp_gain":0,"max_hp_loss":0,"event_name":"Liars Game","floor":4,"gold_loss":0}],"is_beta":false,"boss_relics":[{"not_picked":["Ring of Chaos","Honey Jar"],"picked":"Replay:Wanted Poster"}],"items_purged_floors":[],"is_endless":false,"potions_floor_spawned":[11,13,14,16],"killed_by":"theJungle:MUSHROOMGANG","ascension_level":0}}