{"host":"v0byp44r5syn346h","time":1610820239,"event":{"mods":["2.2 Compatiblity","AchievementEnabler","Act Like it!","AlwaysNeverKeys","Aspiration","BaseMod","Bestiary","Better Altar","Better Match","Better Note","Better Sensory Stone","Better Skull","Better Third Choice","Better Vampires","BetterRewards","Card Filter","Colored Map","Colored Powertips","Conspire","Defuse TimeMaze Blight","Displayed Cursed Tome","Friendly Minions","Gremlin Skip","Halation","Hallownest","Highlight Path","Hubris","Infinite Spire","Lobotomy","Minty Spire (QoL Compilation)","Pale of the Ancients","Quarter Circle Forward PUNCH!","Quick Restart","Random Character Button","Rare Cards Sparkle","Relic Filter","Relic Stats","Reorder Act Four","Replay The Spire","Reworked Bosses","Shop Mod","Spicy Shops","Spikes Relics","StSLib","SuperFastMode","The Blue Laboratory","The Construct","Thieving Mod","Trackpad","Unknown Chances","egg","vexMod"],"gold_per_floor":[114,139,139,149,162,195,43,43,69,84,113,132,132,162,162,235,235,235,235],"floor_reached":18,"language":"ENG","playtime":1006,"items_purged":[],"score":315,"play_id":"429560f3-f20f-44a5-b730-a703e7be6998","local_time":"20210116190359","is_ascension_mode":true,"campfire_choices":[{"data":"Blasphemy","floor":8,"key":"SMITH"},{"data":"LikeWater","floor":13,"key":"SMITH"},{"data":"Vigilance","floor":15,"key":"SMITH"}],"circlet_count":0,"master_deck":["AscendersBane","Strike_P","Strike_P","Strike_P","Strike_P","Defend_P","Defend_P","Defend_P","Defend_P","Eruption+1","Vigilance+1","ShyLook","CutThroughFate","VoidDream","LikeWater+1","OSAHOGD","Establishment","NakedNest","Blasphemy+1","BeautyBeast","RedShoes","Judgement","GreedKing","WallGazer","Scarecrow","Devotion","Hallownest:curseDreamersLament","RedAim","Omniscience","Bandage Up","infinitespire:Execution"],"relics":["PureWater","CogitoBucket","trackpad:GuardianSpirit","Gremlin Food","Lee\u0027s Waffle","hubris:Zylophone","AdjustmentMirror","qcfpunch:Wild_Herbs_Ointment","Pet Ghost","ReplayTheSpireMod:SealedPack"],"acts_visited":["Exordium","TheCity"],"potions_floor_usage":[6,11,14],"damage_taken":[{"damage":1,"enemies":"conspire:RoseBush","floor":1,"turns":5},{"damage":43,"enemies":"conspire:MimicChest","floor":2,"turns":3},{"damage":6,"enemies":"Small Slimes","floor":4,"turns":3},{"damage":0,"enemies":"2 Louse","floor":5,"turns":2},{"damage":30,"enemies":"Lagavulin","floor":6,"turns":10},{"damage":17,"enemies":"Exordium Thugs","floor":10,"turns":9},{"damage":8,"enemies":"3 Sentries","floor":11,"turns":7},{"damage":9,"enemies":"Blue Slaver","floor":12,"turns":8},{"damage":33,"enemies":"Lagavulin","floor":14,"turns":14},{"damage":59,"enemies":"Fading Forest","floor":16,"turns":11},{"damage":88,"enemies":"2 Thieves","floor":18,"turns":2}],"seed_played":"-4117404535957642297","potions_obtained":[{"floor":4,"key":"Dexterity Potion"},{"floor":6,"key":"blueLaboratory:AlphaPotion"},{"floor":12,"key":"PowerPotion"}],"is_trial":false,"path_per_floor":["M","?","?","M","M","E","$","R","T","M","E","M","R","E","R","B",null,"M"],"character_chosen":"WATCHER","items_purchased":["Lee\u0027s Waffle"],"campfire_rested":0,"item_purchase_floors":[7],"current_hp_per_floor":[60,17,17,11,11,9,75,75,75,58,50,41,41,38,38,26,63,0,0],"gold":235,"neow_bonus":"","is_daily":false,"chose_seed":false,"campfire_upgraded":3,"win_rate":0.0,"timestamp":1610820239,"path_taken":["M","?","?","M","?","E","$","R","T","M","E","M","R","E","R","BOSS","M"],"items_purchased_type":["Relic"],"build_version":"2020-12-22","purchased_purges":0,"victory":false,"max_hp_per_floor":[68,68,68,68,68,68,75,75,75,75,75,75,75,75,75,75,75,75,75],"relic_stats":{"Lee\u0027s Waffle":66,"counters":[13,76],"obtain_stats":[{"trackpad:GuardianSpirit":2,"Gremlin Food":6,"hubris:Zylophone":9,"CogitoBucket":0,"Lee\u0027s Waffle":7,"ReplayTheSpireMod:SealedPack":17,"PureWater":0,"AdjustmentMirror":10,"Pet Ghost":14,"qcfpunch:Wild_Herbs_Ointment":11},{"trackpad:GuardianSpirit":2,"Gremlin Food":5,"hubris:Zylophone":5,"CogitoBucket":0,"Lee\u0027s Waffle":5,"ReplayTheSpireMod:SealedPack":11,"PureWater":0,"AdjustmentMirror":7,"Pet Ghost":10,"qcfpunch:Wild_Herbs_Ointment":8},{"trackpad:GuardianSpirit":8,"Gremlin Food":23,"hubris:Zylophone":23,"CogitoBucket":0,"Lee\u0027s Waffle":23,"ReplayTheSpireMod:SealedPack":73,"PureWater":0,"AdjustmentMirror":33,"Pet Ghost":62,"qcfpunch:Wild_Herbs_Ointment":40}]},"card_choices":[{"not_picked":["WallGazer","CherryBlossoms"],"picked":"ShyLook","floor":1},{"not_picked":["EmptyFist","BowlingBash"],"picked":"CutThroughFate","floor":1},{"not_picked":["GreedKing","Wellcheers"],"picked":"CherryBlossoms","floor":2},{"not_picked":["MeatLantern","Wellcheers"],"picked":"VoidDream","floor":4},{"not_picked":["CrushJoints","Meditate"],"picked":"LikeWater","floor":4},{"not_picked":["BigBadWolf","SpiderBud"],"picked":"OSAHOGD","floor":5},{"not_picked":["Halt","FlurryOfBlows"],"picked":"Establishment","floor":5},{"not_picked":["Wellcheers","OldLady"],"picked":"NakedNest","floor":6},{"not_picked":["ClearTheMind","FlyingSleeves"],"picked":"Blasphemy","floor":6},{"not_picked":["Wellcheers","Porccubus"],"picked":"BeautyBeast","floor":10},{"not_picked":["FlyingSleeves","Replay:BluntJabs","Fasting2"],"picked":"SKIP","floor":10},{"not_picked":["FairyFestival","Bloodbath"],"picked":"RedShoes","floor":11},{"not_picked":["Prostrate","EmptyBody"],"picked":"Judgement","floor":11},{"not_picked":["LongBird","Wellcheers"],"picked":"GreedKing","floor":12},{"not_picked":["WheelKick","Consecrate","PathToVictory"],"picked":"SKIP","floor":12},{"not_picked":["UniverseFragment","Murderer"],"picked":"WallGazer","floor":14},{"not_picked":["EmptyFist","Replay:BluntJabs","Nirvana"],"picked":"SKIP","floor":14},{"not_picked":["GalaxyChild","OldLady"],"picked":"Scarecrow","floor":16},{"not_picked":["Establishment","MasterReality"],"picked":"Devotion","floor":16},{"not_picked":["construct:AttackMode","SlowAim"],"picked":"RedAim","floor":17},{"not_picked":["Brilliance","Alpha"],"picked":"Omniscience","floor":17},{"not_picked":["Trip","Forethought"],"picked":"Bandage Up","floor":17},{"not_picked":["infinitespire:UltimateForm","infinitespire:Menacing"],"picked":"infinitespire:Execution","floor":17}],"player_experience":839703,"relics_obtained":[{"floor":2,"key":"trackpad:GuardianSpirit"},{"floor":6,"key":"Gremlin Food"},{"floor":9,"key":"hubris:Zylophone"},{"floor":11,"key":"qcfpunch:Wild_Herbs_Ointment"},{"floor":14,"key":"Pet Ghost"}],"event_choices":[{"damage_healed":0,"gold_gain":0,"player_choice":"Grow","damage_taken":0,"max_hp_gain":0,"max_hp_loss":0,"event_name":"Living Wall","floor":3,"gold_loss":0,"cards_upgraded":["Eruption"]}],"is_beta":false,"boss_relics":[{"not_picked":["vexMod:RockOfEvil","qcfpunch:Killian_Engine_Alpha"],"picked":"ReplayTheSpireMod:SealedPack"}],"items_purged_floors":[],"is_endless":false,"potions_floor_spawned":[4,5,6,12],"killed_by":"2 Thieves","ascension_level":15}}