{"host":"s8ccp9jw4vzp58l1","time":1610816459,"event":{"mods":["BaseMod","Colored Map","Colored Powertips","Minty Spire (QoL Compilation)","Relic Stats"],"gold_per_floor":[118,133,35,54,67,67,96,96,119,139,139,165,165,183,183,285,285,267,283,298,298,151,151,51,51,78,78,90,90,90],"floor_reached":29,"language":"ENG","playtime":4141,"items_purged":["Strike_R","Strike_R"],"score":235,"play_id":"e7bba812-5b11-4b8e-b079-5382d50668e0","local_time":"20210116110059","is_ascension_mode":false,"campfire_choices":[{"data":"Armaments","floor":6,"key":"SMITH"},{"floor":8,"key":"REST"},{"floor":11,"key":"RECALL"},{"floor":13,"key":"REST"},{"data":"Forethought","floor":15,"key":"SMITH"},{"floor":23,"key":"REST"},{"data":"Armaments","floor":27,"key":"SMITH"}],"circlet_count":0,"master_deck":["Strike_R","Strike_R","Strike_R","Defend_R","Defend_R","Defend_R","Defend_R","Bash","Armaments+1","Iron Wave","Forethought+1","Pommel Strike","Headbutt","Infernal Blade","Shrug It Off","Double Tap","Inflame","Barricade+1","Headbutt","Fire Breathing+1","Armaments+1"],"relics":["Black Blood","Omamori","Pen Nib","Toy Ornithopter","CultistMask","Bag of Preparation"],"acts_visited":["Exordium","TheCity"],"potions_floor_usage":[12,16,18,20,28],"damage_taken":[{"damage":5,"enemies":"Cultist","floor":1,"turns":4},{"damage":0,"enemies":"2 Louse","floor":2,"turns":3},{"damage":0,"enemies":"Small Slimes","floor":4,"turns":4},{"damage":6,"enemies":"Blue Slaver","floor":5,"turns":4},{"damage":33,"enemies":"Lagavulin","floor":7,"turns":9},{"damage":5,"enemies":"Exordium Thugs","floor":10,"turns":5},{"damage":36,"enemies":"3 Sentries","floor":12,"turns":11},{"damage":3,"enemies":"Red Slaver","floor":14,"turns":4},{"damage":24,"enemies":"The Guardian","floor":16,"turns":10},{"damage":21,"enemies":"2 Thieves","floor":18,"turns":4},{"damage":9,"enemies":"Shell Parasite","floor":19,"turns":5},{"damage":42,"enemies":"Centurion and Healer","floor":20,"turns":12},{"damage":17,"enemies":"Snecko","floor":28,"turns":4},{"damage":79,"enemies":"Slavers","floor":29,"turns":7}],"seed_played":"-2040200225713839415","potions_obtained":[{"floor":4,"key":"Explosive Potion"},{"floor":5,"key":"FearPotion"},{"floor":7,"key":"Block Potion"},{"floor":16,"key":"FearPotion"},{"floor":19,"key":"EssenceOfSteel"}],"is_trial":false,"path_per_floor":["M","M","$","M","M","R","E","R","T","M","R","E","R","M","R","B",null,"M","M","M","?","$","R","$","?","T","R","M","E"],"character_chosen":"IRONCLAD","items_purchased":["Forethought","Ancient Potion"],"campfire_rested":3,"item_purchase_floors":[3,22],"current_hp_per_floor":[80,80,80,80,80,80,53,77,77,78,78,48,72,75,75,62,80,71,74,49,49,49,73,73,73,73,73,73,0,0],"gold":90,"neow_bonus":"RANDOM_COMMON_RELIC","is_daily":false,"chose_seed":false,"campfire_upgraded":3,"win_rate":0.0,"timestamp":1610816459,"path_taken":["M","?","$","M","M","R","E","R","T","M","R","E","R","M","R","BOSS","M","M","M","?","$","R","?","?","T","R","?","E"],"items_purchased_type":["Card","Potion"],"build_version":"2020-12-22","purchased_purges":2,"victory":false,"max_hp_per_floor":[80,80,80,80,80,80,80,80,80,80,80,80,80,80,80,80,80,80,80,80,80,80,80,80,80,80,80,80,80,80],"relic_stats":{"counters":[14,86],"Black Blood":89,"Pen Nib":[10],"Bag of Preparation":[4],"obtain_stats":[{"Black Blood":17,"Pen Nib":7,"CultistMask":21,"Omamori":0,"Bag of Preparation":26,"Burning Blood":0,"Toy Ornithopter":12},{"Black Blood":9,"Pen Nib":5,"CultistMask":12,"Omamori":0,"Bag of Preparation":12,"Burning Blood":0,"Toy Ornithopter":7},{"Black Blood":54,"Pen Nib":24,"CultistMask":75,"Omamori":0,"Bag of Preparation":75,"Burning Blood":0,"Toy Ornithopter":40}],"Toy Ornithopter":15},"card_choices":[{"not_picked":["Iron Wave","Fire Breathing"],"picked":"Armaments","floor":1},{"not_picked":["Wild Strike","Body Slam"],"picked":"Iron Wave","floor":2},{"not_picked":["Dual Wield","Armaments"],"picked":"Pommel Strike","floor":4},{"not_picked":["Body Slam","Perfected Strike"],"picked":"Headbutt","floor":5},{"not_picked":["Disarm","Wild Strike"],"picked":"Infernal Blade","floor":7},{"not_picked":["Flex","Blood for Blood"],"picked":"Shrug It Off","floor":10},{"not_picked":["Second Wind","Shrug It Off"],"picked":"Double Tap","floor":12},{"not_picked":["Clash","Wild Strike"],"picked":"Inflame","floor":14},{"not_picked":["Fiend Fire","Feed"],"picked":"Barricade","floor":16},{"not_picked":["Clothesline","Twin Strike"],"picked":"Headbutt","floor":18},{"not_picked":["Bloodletting","Perfected Strike"],"picked":"Fire Breathing+1","floor":19},{"not_picked":["Perfected Strike","Pummel"],"picked":"Armaments","floor":20},{"not_picked":["Wild Strike","Dropkick","Burning Pact+1"],"picked":"SKIP","floor":28}],"player_experience":72394,"relics_obtained":[{"floor":7,"key":"Pen Nib"},{"floor":12,"key":"Toy Ornithopter"},{"floor":26,"key":"Bag of Preparation"}],"event_choices":[{"damage_healed":0,"gold_gain":0,"player_choice":"Trade","damage_taken":0,"relics_obtained":["CultistMask"],"max_hp_gain":0,"max_hp_loss":0,"event_name":"FaceTrader","floor":21,"gold_loss":0},{"damage_healed":0,"gold_gain":0,"player_choice":"Upgraded","damage_taken":0,"max_hp_gain":0,"max_hp_loss":0,"event_name":"Upgrade Shrine","floor":25,"gold_loss":0,"cards_upgraded":["Barricade"]}],"is_beta":false,"boss_relics":[{"not_picked":["Runic Dome","Runic Cube"],"picked":"Black Blood"}],"items_purged_floors":[22,24],"is_endless":false,"potions_floor_spawned":[4,5,7,16,19],"killed_by":"Slavers","ascension_level":0}}