{"host":"a1u4jo6xlg3w0wsm","time":1610798456,"event":{"mods":["BaseMod","Better Third Choice","DeckTracker","Downfall","Hermit","Hubris","Minty Spire (QoL Compilation)","Rare Cards Sparkle","Replay The Spire","StSLib","The Cursed"],"gold_per_floor":[113,183,61,61,336,370,370,405,405,416,416,432,432,444,444,539,539,559,579,579,579,593,618,618,322,372,385,395,395,7,24,24,121,121,132,132,143,156,172,172,172,205,205,205,205],"floor_reached":44,"playtime":3269,"items_purged":["hermit:Defend_Hermit","hermit:Defend_Hermit","hermit:Defend_Hermit"],"score":724,"play_id":"2364eaf0-14e7-4260-b109-0e4b2883f2da","local_time":"20210117010056","is_ascension_mode":true,"campfire_choices":[{"data":"hermit:Determination","floor":7.0,"key":"SMITH"},{"data":"hermit:Combo","floor":13.0,"key":"SMITH"},{"data":"hermit:Strike_Hermit","floor":15.0,"key":"SMITH"},{"floor":24.0,"key":"REST"},{"floor":29.0,"key":"REST"},{"floor":32.0,"key":"RECALL"},{"floor":43.0,"key":"REST"}],"circlet_count":0,"master_deck":["hermit:Strike_Hermit","hermit:Strike_Hermit","hermit:Strike_Hermit+1","hermit:Strike_Hermit+1","hermit:Defend_Hermit+1","hermit:Snapshot","hermit:Covet","hermit:Combo+1","hermit:FlashPowder","ReplayTheSpireMod:IOU","hermit:Determination+1","Regret","hermit:Malice","hermit:Feint","hermit:HoleUp","hermit:Feint","hermit:Vantage+1","hermit:Reprieve","hermit:Coalescence","hermit:Desperado","hermit:Determination+1","hermit:Desperado","hermit:Determination+1","hermit:LowProfile","hermit:EyeOfTheStorm","hermit:Glare","hermit:HoleUp+1","hermit:Maintenance+1","hermit:HoleUp","ReplayTheSpireMod:Faulty Equipment","hermit:HighNoon+1","hermit:Snipe","hermit:ShadowCloak","hermit:Gestalt","Parasite","hermit:Showdown","hermit:Desperado"],"relics":["hermit:Momento","NeowsBlessing","Matryoshka","Replay:Wax Seal","ReplayTheSpireMod:Ring of Collecting","Ring of Hypnosis","Gremlin Horn","Lantern","Vajra","Nunchaku","Ring of Searing","Simple Rune","Ring of Fangs","Potion Belt","hubris:Stopwatch","hubris:SphereOfDissonance","Cauldron","Ring of Greed","Gremlin Food","The Courier","Golden Egg","Membership Card","Replay:Rubber Ducky","Replay:Accelerometer","Painkiller Herb","hubris:Towel","hubris:GlazedTorus"],"acts_visited":["Exordium","TheCity","TheBeyond"],"potions_floor_usage":[44],"damage_taken":[{"damage":0.0,"enemies":"Jaw Worm","floor":1.0,"turns":1.0},{"damage":0.0,"enemies":"3 Sentries","floor":6.0,"turns":1.0},{"damage":0.0,"enemies":"Gremlin Nob","floor":8.0,"turns":1.0},{"damage":5.0,"enemies":"Small Slimes","floor":10.0,"turns":2.0},{"damage":0.0,"enemies":"2 Louse","floor":12.0,"turns":3.0},{"damage":0.0,"enemies":"Gremlin Gang","floor":14.0,"turns":4.0},{"damage":28.0,"enemies":"Slime Boss","floor":16.0,"turns":10.0},{"damage":47.0,"enemies":"Spheric Guardian","floor":18.0,"turns":10.0},{"damage":9.0,"enemies":"Chosen","floor":19.0,"turns":4.0},{"damage":0.0,"enemies":"Sentry and Sphere","floor":20.0,"turns":1.0},{"damage":11.0,"enemies":"Snecko","floor":22.0,"turns":5.0},{"damage":14.0,"enemies":"Replay:Snechameleon","floor":23.0,"turns":5.0},{"damage":0.0,"enemies":"Chosen and Byrds","floor":27.0,"turns":3.0},{"damage":2.0,"enemies":"3 Cultists","floor":28.0,"turns":4.0},{"damage":20.0,"enemies":"Snecko","floor":31.0,"turns":5.0},{"damage":50.0,"enemies":"Collector","floor":33.0,"turns":8.0},{"damage":10.0,"enemies":"Orb Walker","floor":35.0,"turns":3.0},{"damage":33.0,"enemies":"3 Darklings","floor":37.0,"turns":6.0},{"damage":19.0,"enemies":"Spire Growth","floor":38.0,"turns":5.0},{"damage":31.0,"enemies":"Writhing Mass","floor":39.0,"turns":5.0},{"damage":8.0,"enemies":"Giant Head","floor":42.0,"turns":8.0},{"damage":16,"enemies":"Nemesis","floor":44,"turns":4}],"seed_played":"-217268908137639200","potions_obtained":[{"floor":2.0,"key":"SmokeBomb"},{"floor":6.0,"key":"hermit:Tonic"},{"floor":10.0,"key":"DistilledChaos"},{"floor":12.0,"key":"Swift Potion"},{"floor":22.0,"key":"SpeedPotion"},{"floor":25.0,"key":"Explosive Potion"},{"floor":25.0,"key":"LiquidBronze"},{"floor":25.0,"key":"Elixir"},{"floor":25.0,"key":"Slimebound:ThreeZeroPotion"},{"floor":25.0,"key":"LifebloodPotion"},{"floor":28.0,"key":"DuplicationPotion"},{"floor":33.0,"key":"FearPotion"},{"floor":35.0,"key":"CultistPotion"},{"floor":37.0,"key":"SkillPotion"},{"floor":39.0,"key":"Explosive Potion"}],"is_trial":false,"path_per_floor":["M","?","$","?","?","E","R","E","T","M","T","M","R","M","R","B",null,"M","M","M","?","M","E","R","$","T","M","M","R","$","M","R","B",null,"?","?","?","?","?","PTL","PTL","E","T","E"],"character_chosen":"HERMIT","items_purchased":["Replay:Wax Seal","hermit:Determination","hermit:LowProfile","Cauldron","Membership Card","hermit:HoleUp","hermit:Maintenance","Replay:Rubber Ducky","Replay:Accelerometer"],"campfire_rested":3,"item_purchase_floors":[3,3,25,25,30,30,30,30,30],"current_hp_per_floor":[75,57,57,57,57,57,57,57,57,52,52,52,52,52,52,24,75,36,27,27,27,20,10,32,32,32,36,38,60,60,52,52,2,75,65,65,36,29,6,6,6,10,32,16,16],"gold":205,"neow_bonus":"THREE_ENEMY_KILL","is_daily":false,"chose_seed":false,"campfire_upgraded":3,"win_rate":0.0,"timestamp":1610798456,"path_taken":["M","?","$","?","?","E","R","E","T","?","?","M","R","M","R","BOSS","M","M","M","?","?","E","R","$","T","M","M","R","$","M","R","BOSS","?","?","?","?","?","PTL","PTL","E","T","E"],"items_purchased_type":["Relic","Card","Card","Relic","Relic","Card","Card","Relic","Relic"],"build_version":"2020-12-13","purchased_purges":3,"victory":false,"max_hp_per_floor":[75,75,75,75,75,75,75,75,75,75,75,75,75,75,75,75,75,75,75,75,75,75,75,75,75,75,75,75,75,75,75,75,75,75,75,75,75,75,75,75,75,75,75,75,75],"card_choices":[{"not_picked":["hermit:Snipe","hermit:LowProfile"],"picked":"hermit:Combo","floor":1.0},{"not_picked":["hermit:WideOpen","hermit:GoldenBullet"],"picked":"hermit:FlashPowder","floor":2.0},{"not_picked":["hermit:LowProfile","hermit:Adapt"],"picked":"hermit:Malice","floor":6.0},{"not_picked":["hermit:ItchyTrigger","hermit:Headshot"],"picked":"hermit:Feint","floor":8.0},{"not_picked":["hermit:Headshot","hermit:LowProfile"],"picked":"hermit:HoleUp","floor":10.0},{"not_picked":["hermit:Horror","hermit:Brawl"],"picked":"hermit:Feint","floor":12.0},{"not_picked":["hermit:BodyArmor","hermit:NoHoldsBarred"],"picked":"hermit:Vantage","floor":14.0},{"not_picked":["hermit:FromBeyond","hermit:Gambit"],"picked":"hermit:Reprieve","floor":16.0},{"not_picked":["hermit:Headshot","hermit:Quickdraw"],"picked":"hermit:Coalescence","floor":18.0},{"not_picked":["hermit:Combo","hermit:HighCaliber"],"picked":"hermit:Desperado","floor":19.0},{"not_picked":["hermit:Headshot","hermit:Adapt"],"picked":"hermit:Desperado","floor":22.0},{"not_picked":["hermit:Misfire","hermit:Shortfuse"],"picked":"hermit:Determination","floor":23.0},{"not_picked":["hermit:CalledShot+1","hermit:Horror"],"picked":"hermit:EyeOfTheStorm","floor":27.0},{"not_picked":["hermit:BodyArmor","hermit:Vantage+1"],"picked":"hermit:Glare","floor":28.0},{"not_picked":["hermit:EternalForm","hermit:LuckOfTheDraw+1"],"picked":"hermit:HoleUp","floor":31.0},{"not_picked":["hermit:DeadOrAlive","hermit:FatalDesire"],"picked":"hermit:HighNoon","floor":33.0},{"not_picked":["hermit:Manifest+1","hermit:Malice"],"picked":"hermit:Snipe","floor":35.0},{"not_picked":["hermit:Headshot","hermit:WideOpen"],"picked":"hermit:ShadowCloak","floor":37.0},{"not_picked":["hermit:SprayPray","hermit:Ricochet+1"],"picked":"hermit:Gestalt","floor":38.0},{"not_picked":["hermit:TakeAim","hermit:Headshot"],"picked":"hermit:Showdown","floor":39.0},{"not_picked":["hermit:Scavenge","hermit:Spite"],"picked":"hermit:Desperado","floor":42.0}],"player_experience":343408,"relics_obtained":[{"floor":2.0,"key":"Matryoshka"},{"floor":4.0,"key":"ReplayTheSpireMod:Ring of Collecting"},{"floor":4.0,"key":"Ring of Hypnosis"},{"floor":6.0,"key":"Gremlin Horn"},{"floor":8.0,"key":"Lantern"},{"floor":9.0,"key":"Vajra"},{"floor":9.0,"key":"Nunchaku"},{"floor":9.0,"key":"Ring of Searing"},{"floor":11.0,"key":"Simple Rune"},{"floor":11.0,"key":"Ring of Fangs"},{"floor":11.0,"key":"Potion Belt"},{"floor":23.0,"key":"hubris:SphereOfDissonance"},{"floor":26.0,"key":"Ring of Greed"},{"floor":26.0,"key":"Gremlin Food"},{"floor":26.0,"key":"The Courier"},{"floor":26.0,"key":"Golden Egg"},{"floor":42.0,"key":"hubris:GlazedTorus"}],"event_choices":[{"damage_healed":0.0,"max_hp_gain":0.0,"max_hp_loss":0.0,"gold_gain":275.0,"event_name":"Golden Shrine","player_choice":"Desecrate","floor":5.0,"gold_loss":0.0,"damage_taken":0.0,"cards_obtained":["Regret"]},{"damage_healed":0.0,"max_hp_gain":0.0,"max_hp_loss":0.0,"gold_gain":0.0,"event_name":"Duplicator","player_choice":"Copied","floor":21.0,"gold_loss":0.0,"damage_taken":0.0,"cards_obtained":["hermit:Determination"]}],"is_beta":false,"boss_relics":[{"not_picked":["Sozu","Busted Crown"],"picked":"hubris:Stopwatch"},{"not_picked":["Snecko Eye","Coffee Dripper"],"picked":"Painkiller Herb"}],"items_purged_floors":[3,25,30],"is_endless":false,"potions_floor_spawned":[6,10,12,20,22,28,33,35,37,39],"killed_by":"Nemesis","ascension_level":4}}