{"host":"uyrebrj0204enqpc","time":1610775006,"event":{"mods":["Act Like it!","BaseMod","Block Reminder","Challenge The Spire","Colored Map","Colored Powertips","DeckTracker","GifTheSpireLib","HexUI Lib","Highlight Path","Hubris","Infinite Spire","Minty Spire (QoL Compilation)","Pale of the Ancients","Quick Restart","Random Character Button","Relic Sorter","Relic Stats","Replay The Spire","Shop Mod","StSLib","The Blue Laboratory","The Bug Knight","The Cursed","The Jungle","The Marked","Wandering Minibosses"],"gold_per_floor":[109,284,284,301,301,331,331,363,363,363,376,386,386,397,397,500,500,510,382,401,401,412,412,437,437,437,536,536,536,554,564,564,663,663,683,702,728,239,239,239,266,266,266,266,295,345,74,89,89,89],"floor_reached":51,"language":"ENG","playtime":3454,"items_purged":["TheCursedMod:Defend_TheCursed","TheCursedMod:Strike_TheCursed","TheCursedMod:Strike_TheCursed"],"score":982,"play_id":"801e01d4-aa42-45c3-93db-222afe3b73bd","local_time":"20210116003006","is_ascension_mode":true,"campfire_choices":[{"data":"TheCursedMod:Stigma","floor":7.0,"key":"SMITH"},{"data":"TheCursedMod:Torture","floor":10.0,"key":"SMITH"},{"data":"Doubt","floor":15.0,"key":"PURGE"},{"data":"TheCursedMod:Torture","floor":23.0,"key":"SMITH"},{"data":"TheCursedMod:CleanUpWorkshop","floor":25.0,"key":"SMITH"},{"data":"TheCursedMod:VitalStrike","floor":28.0,"key":"SMITH"},{"data":"TheCursedMod:SaltUponWound","floor":32.0,"key":"SMITH"},{"data":"TheCursedMod:VoidForm","floor":40,"key":"SMITH"},{"data":"TheCursedMod:CircleOfWindfury","floor":42,"key":"SMITH"},{"data":"TheCursedMod:DemonSword","floor":44,"key":"SMITH"},{"data":"TheCursedMod:VitalStrike","floor":49,"key":"SMITH"}],"circlet_count":0,"master_deck":["TheCursedMod:Strike_TheCursed","TheCursedMod:Defend_TheCursed","TheCursedMod:Defend_TheCursed","TheCursedMod:CursedWand","TheCursedMod:CleanUpWorkshop+1","TheCursedMod:Dregs","TheCursedMod:Stigma+1","TheCursedMod:CircleOfAmplification+1","TheCursedMod:Hemoplague","Languid","TheCursedMod:SaltUponWound+1","TheCursedMod:Torture+1","TheCursedMod:VitalStrike+1","TheCursedMod:CircleOfWindfury+1","TheCursedMod:VoidForm+1","TheCursedMod:SurpriseAttack+1","TheCursedMod:Torture+1","TheCursedMod:HellfireBreathing+1","TheCursedMod:DemonSword+1","TheCursedMod:SurpriseAttack","TheCursedMod:CursedShiv+1","TheCursedMod:VitalStrike+1"],"relics":["TheCursedMod:BlackMagic101","hubris:Icosahedron","Ring of Peace","Ring of Misfortune","White Beast Statue","Akabeko","hubris:TenFootPole","Replay:Grab Bag","Busted Crown","TheCursedMod:OminousMark","Black Star","Happy Flower","Replay:WaspNest","Bronze Scales","infinitespire:BottledMercury","HollowMod:PaleOreRelic","Calling Bell","MealTicket","Ornamental Fan","Du-Vu Doll","hubris:BundleOfHerbs","Counterbalance","Replay:Mystery Machine","Regal Pillow","Replay:Accelerometer","ReplayTheSpireMod:Shallot","hubris:Potato","Replay:Towering Pillar of Hats","Lee\u0027s Waffle"],"acts_visited":["Exordium","TheCity","TheBeyond"],"potions_floor_usage":[35,38,50,50,50,50],"damage_taken":[{"damage":2.0,"enemies":"Small Slimes","floor":1.0,"turns":5.0},{"damage":3.0,"enemies":"2 Louse","floor":4.0,"turns":2.0},{"damage":4.0,"enemies":"3 Sentries","floor":6.0,"turns":10.0},{"damage":11.0,"enemies":"Gremlin Nob","floor":8.0,"turns":4.0},{"damage":0.0,"enemies":"Cultist","floor":11.0,"turns":3.0},{"damage":0.0,"enemies":"Exordium Wildlife","floor":12.0,"turns":3.0},{"damage":0.0,"enemies":"2 Fungi Beasts","floor":14.0,"turns":3.0},{"damage":0.0,"enemies":"The Guardian","floor":16.0,"turns":7.0},{"damage":13.0,"enemies":"Spheric Guardian","floor":18.0,"turns":5.0},{"damage":0.0,"enemies":"Shell Parasite","floor":20.0,"turns":3.0},{"damage":0.0,"enemies":"Centurion and Healer","floor":22.0,"turns":5.0},{"damage":17.0,"enemies":"Book of Stabbing","floor":24.0,"turns":4.0},{"damage":0.0,"enemies":"Chosen and Byrds","floor":30.0,"turns":4.0},{"damage":0.0,"enemies":"3 Cultists","floor":31.0,"turns":4.0},{"damage":36,"enemies":"Collector","floor":33,"turns":6},{"damage":0,"enemies":"3 Darklings","floor":35,"turns":4},{"damage":0,"enemies":"Orb Walker","floor":36,"turns":2},{"damage":0,"enemies":"R_Hoarder","floor":41,"turns":6},{"damage":17,"enemies":"Nightmare","floor":45,"turns":4},{"damage":0,"enemies":"Mind Bloom Boss Battle","floor":46,"turns":4},{"damage":0,"enemies":"4 Shapes","floor":48,"turns":4},{"damage":42,"enemies":"Time Eater","floor":50,"turns":7}],"seed_played":"2586982014727212428","potions_obtained":[{"floor":8.0,"key":"blueLaboratory:Moonshine"},{"floor":11.0,"key":"ColorlessPotion"},{"floor":12.0,"key":"blueLaboratory:SavagePotion"},{"floor":14.0,"key":"Explosive Potion"},{"floor":16.0,"key":"blueLaboratory:PhilterOfMotion"},{"floor":18.0,"key":"ColorlessPotion"},{"floor":20.0,"key":"BlessingOfTheForge"},{"floor":24.0,"key":"Adrenaline Potion"},{"floor":31.0,"key":"blueLaboratory:EnragingPotion"},{"floor":33,"key":"Block Potion"},{"floor":35,"key":"Adrenaline Potion"},{"floor":41,"key":"Dexterity Potion"},{"floor":48,"key":"blueLaboratory:EmptyBottle"}],"is_trial":false,"path_per_floor":["M","?","?","M","?","E","R","E","T","R","M","M","?","M","R_BF","B",null,"M","$","M","AVR","M","R","E","R","T","?","R","?","M","M","R","B",null,"M","M","?","$","?","R","E","R","T","R","NM","?","$","M","R","B",null],"character_chosen":"THE_CURSED","items_purchased":["TheCursedMod:Torture","Counterbalance","Fruit Juice","Lee\u0027s Waffle"],"campfire_rested":0,"item_purchase_floors":[19,38,38,47],"current_hp_per_floor":[73,73,73,70,70,66,66,55,55,55,55,55,55,55,55,55,75,62,62,62,62,62,62,45,45,45,45,45,45,45,45,45,9,75,75,75,66,80,80,80,80,80,80,80,63,63,87,87,87,45],"gold":89,"neow_bonus":"REMOVE_CARD","is_daily":false,"chose_seed":false,"campfire_upgraded":10,"win_rate":0.0,"timestamp":1610775006,"path_taken":["M","?","?","M","?","E","R","E","T","R","M","M","?","M","R_BF","BOSS","M","$","?","AVR","M","R","E","R","T","?","R","?","M","?","R","BOSS","M","?","?","$","?","R","E","R","T","R","NM","?","$","M","R","BOSS"],"items_purchased_type":["Card","Relic","Potion","Relic"],"build_version":"2020-12-22","purchased_purges":3,"victory":true,"max_hp_per_floor":[75,75,75,75,75,75,75,75,75,75,75,75,75,75,75,75,75,75,75,75,75,75,75,75,75,75,75,75,75,75,75,75,75,75,75,75,75,80,80,80,80,80,80,80,80,80,87,87,87,87],"relic_stats":{"Regal Pillow":0,"Lee\u0027s Waffle":9,"Busted Crown":38,"Happy Flower":[18],"counters":[22,98],"Ornamental Fan":[60],"Bronze Scales":[117],"MealTicket":24,"Black Star":3,"obtain_stats":[{"infinitespire:BottledMercury":26,"Replay:Accelerometer":43,"Regal Pillow":41,"Replay:Mystery Machine":41,"hubris:Icosahedron":39,"Ring of Peace":5,"MealTicket":34,"HollowMod:PaleOreRelic":29,"TheCursedMod:BlackMagic101":0,"Lee\u0027s Waffle":47,"Happy Flower":21,"Replay:Towering Pillar of Hats":46,"Replay:Grab Bag":17,"Counterbalance":38,"Replay:WaspNest":24,"White Beast Statue":6,"Akabeko":8,"Calling Bell":34,"Du-Vu Doll":34,"Busted Crown":17,"TheCursedMod:OminousMark":17,"ReplayTheSpireMod:Shallot":45,"Ornamental Fan":34,"Ring of Misfortune":5,"Bronze Scales":24,"hubris:BundleOfHerbs":37,"hubris:TenFootPole":9,"Black Star":17,"hubris:Potato":45},{"infinitespire:BottledMercury":12,"Replay:Accelerometer":18,"Regal Pillow":18,"Replay:Mystery Machine":18,"hubris:Icosahedron":17,"Ring of Peace":2,"MealTicket":15,"HollowMod:PaleOreRelic":12,"TheCursedMod:BlackMagic101":0,"Lee\u0027s Waffle":20,"Happy Flower":10,"Replay:Towering Pillar of Hats":20,"Replay:Grab Bag":8,"Counterbalance":17,"Replay:WaspNest":12,"White Beast Statue":3,"Akabeko":4,"Calling Bell":15,"Du-Vu Doll":15,"Busted Crown":8,"TheCursedMod:OminousMark":8,"ReplayTheSpireMod:Shallot":19,"Ornamental Fan":15,"Ring of Misfortune":2,"Bronze Scales":12,"hubris:BundleOfHerbs":17,"hubris:TenFootPole":4,"Black Star":8,"hubris:Potato":19},{"infinitespire:BottledMercury":54,"Replay:Accelerometer":79,"Regal Pillow":79,"Replay:Mystery Machine":79,"hubris:Icosahedron":73,"Ring of Peace":7,"MealTicket":67,"HollowMod:PaleOreRelic":54,"TheCursedMod:BlackMagic101":0,"Lee\u0027s Waffle":87,"Happy Flower":45,"Replay:Towering Pillar of Hats":87,"Replay:Grab Bag":37,"Counterbalance":73,"Replay:WaspNest":54,"White Beast Statue":17,"Akabeko":21,"Calling Bell":67,"Du-Vu Doll":67,"Busted Crown":37,"TheCursedMod:OminousMark":37,"ReplayTheSpireMod:Shallot":83,"Ornamental Fan":67,"Ring of Misfortune":7,"Bronze Scales":54,"hubris:BundleOfHerbs":73,"hubris:TenFootPole":21,"Black Star":37,"hubris:Potato":83}]},"card_choices":[{"not_picked":["TheCursedMod:SmokeScreen","TheCursedMod:Evocation"],"picked":"TheCursedMod:Stigma","floor":1.0},{"not_picked":["TheCursedMod:CircleOfCorruption","TheCursedMod:CursedAmulet"],"picked":"TheCursedMod:Hemoplague","floor":4.0},{"not_picked":["TheCursedMod:ManaBullet","TheCursedMod:EmpowerCircles"],"picked":"TheCursedMod:SaltUponWound","floor":6.0},{"not_picked":["TheCursedMod:Obscuration","TheCursedMod:StingEye"],"picked":"TheCursedMod:Torture","floor":8.0},{"not_picked":["TheCursedMod:Stigma","TheCursedMod:Stretching"],"picked":"TheCursedMod:VitalStrike","floor":11.0},{"not_picked":["TheCursedMod:AshesToAshes","TheCursedMod:SurpriseAttack"],"picked":"TheCursedMod:CircleOfWindfury","floor":12.0},{"not_picked":["TheCursedMod:ManaCirculation","TheCursedMod:CircleOfBlood","TheCursedMod:RavingStaff"],"picked":"SKIP","floor":14.0},{"not_picked":["TheCursedMod:CursedRelics","TheCursedMod:CollectTribute"],"picked":"TheCursedMod:VoidForm","floor":16.0},{"not_picked":[],"picked":"TheCursedMod:SurpriseAttack+1","floor":18.0},{"not_picked":["TheCursedMod:CursedBlade"],"picked":"SKIP","floor":20.0},{"not_picked":["TheCursedMod:CursedMace"],"picked":"SKIP","floor":22.0},{"not_picked":[],"picked":"TheCursedMod:HellfireBreathing+1","floor":24.0},{"not_picked":["TheCursedMod:AbyssShockwave"],"picked":"SKIP","floor":30.0},{"not_picked":["TheCursedMod:EmpowerCircles"],"picked":"SKIP","floor":31.0},{"not_picked":[],"picked":"TheCursedMod:DemonSword","floor":33},{"not_picked":[],"picked":"TheCursedMod:SurpriseAttack","floor":35},{"not_picked":["TheCursedMod:TacticalStrike+1"],"picked":"SKIP","floor":36},{"not_picked":["TheCursedMod:AbyssShockwave"],"picked":"SKIP","floor":41},{"not_picked":[],"picked":"TheCursedMod:CursedShiv+1","floor":45},{"not_picked":[],"picked":"TheCursedMod:VitalStrike","floor":48}],"player_experience":1005202,"relics_obtained":[{"floor":5.0,"key":"Ring of Peace"},{"floor":5.0,"key":"Ring of Misfortune"},{"floor":6.0,"key":"White Beast Statue"},{"floor":8.0,"key":"Akabeko"},{"floor":9.0,"key":"hubris:TenFootPole"},{"floor":24.0,"key":"Replay:WaspNest"},{"floor":24.0,"key":"Bronze Scales"},{"floor":26.0,"key":"infinitespire:BottledMercury"},{"floor":34,"key":"MealTicket"},{"floor":34,"key":"Ornamental Fan"},{"floor":34,"key":"Du-Vu Doll"},{"floor":37,"key":"hubris:BundleOfHerbs"},{"floor":41,"key":"Replay:Mystery Machine"},{"floor":41,"key":"Regal Pillow"},{"floor":43,"key":"Replay:Accelerometer"},{"floor":45,"key":"ReplayTheSpireMod:Shallot"},{"floor":45,"key":"hubris:Potato"},{"floor":46,"key":"Replay:Towering Pillar of Hats"}],"event_choices":[{"damage_healed":0.0,"max_hp_gain":0.0,"max_hp_loss":0.0,"gold_gain":175.0,"event_name":"Liars Game","player_choice":"AGREE","floor":2.0,"gold_loss":0.0,"damage_taken":0.0,"cards_obtained":["Doubt"]},{"damage_healed":0.0,"max_hp_gain":0.0,"max_hp_loss":0.0,"gold_gain":0.0,"event_name":"Fountain of Cleansing","player_choice":"Ignored","floor":13.0,"gold_loss":0.0,"damage_taken":0.0},{"damage_healed":0.0,"max_hp_gain":0.0,"max_hp_loss":0.0,"gold_gain":99.0,"event_name":"Nest","player_choice":"Stole From Cult","floor":27.0,"gold_loss":0.0,"damage_taken":0.0},{"damage_healed":0.0,"max_hp_gain":0.0,"max_hp_loss":0.0,"gold_gain":0.0,"event_name":"The Mausoleum","player_choice":"Opened","floor":29.0,"gold_loss":0.0,"damage_taken":0.0,"relics_obtained":["HollowMod:PaleOreRelic"]},{"damage_healed":0,"gold_gain":0,"player_choice":"Fight","damage_taken":0,"max_hp_gain":0,"max_hp_loss":0,"event_name":"MindBloom","floor":46,"gold_loss":0}],"is_beta":false,"boss_relics":[{"not_picked":["Ring of Chaos","hubris:Backtick"],"picked":"Replay:Grab Bag"},{"not_picked":["infinitespire:Cupcake","Sozu"],"picked":"Busted Crown"},{"not_picked":["ChewingGum","ReplayTheSpireMod:Onyx Gauntlets"],"picked":"TheCursedMod:OminousMark"},{"not_picked":["hubris:HollowSoul","hubris:Stopwatch"],"picked":"Black Star"},{"not_picked":["Replay:Bronze Core","hubris:RunicObelisk"],"picked":"Calling Bell"}],"items_purged_floors":[19,38,47],"is_endless":false,"potions_floor_spawned":[8,11,12,14,16,18,20,22,24,30,31,33,35,36,41,45,46,48],"ascension_level":4}}