{"host":"9pqy5lt7vda52ebm","time":1610764073,"event":{"mods":["BaseMod","Fox Events","Minty Spire (QoL Compilation)","Optimize The Spire","Quick Restart","StSLib","TheWitcher"],"gold_per_floor":[124,199,36,100,120,120,120],"floor_reached":6,"language":"ENG","playtime":677,"items_purged":["SnafuTest:DefaultCommonAttack"],"score":43,"play_id":"e227bd59-40f9-44d1-a10a-b7eb12481279","local_time":"20210115212753","is_ascension_mode":true,"campfire_choices":[],"circlet_count":0,"master_deck":["SnafuTest:DefaultCommonAttack","SnafuTest:DefaultCommonAttack","SnafuTest:BountyHunt","SnafuTest:DefaultCommonSkill","SnafuTest:DefaultCommonSkill","SnafuTest:DefaultCommonSkill","SnafuTest:SignAxii","SnafuTest:BombDancingStar","Deep Breath","SnafuTest:BombMoonDust","SnafuTest:ArmoredSortie"],"relics":["SnafuTest:UnstableMutagenRelic","foxEvents:LuckyCharm"],"acts_visited":["Exordium"],"potions_floor_usage":[6],"damage_taken":[{"damage":7,"enemies":"Small Slimes","floor":1,"turns":5},{"damage":13,"enemies":"Colosseum Slavers","floor":4,"turns":8},{"damage":8,"enemies":"Jaw Worm","floor":5,"turns":5},{"damage":24,"enemies":"3 Sentries","floor":6,"turns":6}],"seed_played":"-453431415152648222","potions_obtained":[{"floor":4,"key":"Weak Potion"},{"floor":5,"key":"BlessingOfTheForge"}],"is_trial":false,"path_per_floor":["M","?","$","?","M","E"],"character_chosen":"THE_WITCHER","items_purchased":["Deep Breath"],"campfire_rested":0,"item_purchase_floors":[3],"current_hp_per_floor":[75,64,64,51,43,19,19],"gold":120,"neow_bonus":"TEN_PERCENT_HP_BONUS","is_daily":false,"chose_seed":false,"campfire_upgraded":0,"win_rate":0.0,"timestamp":1610764073,"path_taken":["M","?","$","?","M","E"],"items_purchased_type":["Card"],"build_version":"2020-12-22","purchased_purges":1,"victory":false,"max_hp_per_floor":[82,82,82,82,82,82,82],"card_choices":[{"not_picked":["SnafuTest:SignIgni","SnafuTest:BattleCry"],"picked":"SnafuTest:BombDancingStar","floor":1},{"not_picked":["SnafuTest:WitchHunt","SnafuTest:GetPaid"],"picked":"SnafuTest:BombMoonDust","floor":4},{"not_picked":["SnafuTest:PowerVainGlory","SnafuTest:PowerAlwaysOnRoads"],"picked":"SnafuTest:ArmoredSortie","floor":5}],"player_experience":389868,"relics_obtained":[{"floor":4,"key":"foxEvents:LuckyCharm"}],"event_choices":[{"damage_healed":0,"gold_gain":75,"player_choice":"Gather Gold","damage_taken":11,"max_hp_gain":0,"max_hp_loss":0,"event_name":"World of Goop","floor":2,"gold_loss":0}],"is_beta":false,"boss_relics":[],"items_purged_floors":[3],"is_endless":false,"potions_floor_spawned":[4,5],"killed_by":"3 Sentries","ascension_level":5}}