{"host":"1c52r9kaxdyo25eq","time":1610819008,"event":{"mods":["AchievementEnabler","BaseMod","Minty Spire (QoL Compilation)","Rare Cards Sparkle","SuperFastMode","everything is the same but u backflip on backflip"],"gold_per_floor":[119,269,194,194,119,147,147,147,227,259,273,273,284,310,310,385,385,399,433,449,449,449],"floor_reached":21,"language":"KOR","playtime":515,"items_purged":["Strike_G"],"score":490,"play_id":"9d52f073-a0f9-49f6-8590-472e4e415b77","local_time":"20210117024328","is_ascension_mode":true,"campfire_choices":[{"data":"Tactician","floor":8.0,"key":"SMITH"},{"data":"Bouncing Flask","floor":15.0,"key":"SMITH"}],"circlet_count":0,"master_deck":["AscendersBane","Strike_G","Strike_G","Strike_G","Strike_G+1","Defend_G","Defend_G","Defend_G+1","Defend_G","Survivor+1","Neutralize","Tactician+1","Acrobatics+1","Masterful Stab","Calculated Gamble","Reflex","Bouncing Flask+1","Adrenaline","Prepared","Footwork"],"relics":["Ring of the Snake","NeowsBlessing","Eternal Feather","Ninja Scroll","StoneCalendar","War Paint","Black Star","Red Mask"],"acts_visited":["Exordium","TheCity"],"potions_floor_usage":[21],"damage_taken":[{"damage":0.0,"enemies":"Small Slimes","floor":1.0,"turns":1.0},{"damage":0.0,"enemies":"Gremlin Nob","floor":6.0,"turns":1.0},{"damage":0.0,"enemies":"Lagavulin","floor":10.0,"turns":1.0},{"damage":0.0,"enemies":"Jaw Worm","floor":11.0,"turns":3.0},{"damage":2.0,"enemies":"2 Louse","floor":13.0,"turns":2.0},{"damage":6.0,"enemies":"Gremlin Nob","floor":14.0,"turns":3.0},{"damage":21.0,"enemies":"The Guardian","floor":16.0,"turns":7.0},{"damage":0.0,"enemies":"2 Thieves","floor":18.0,"turns":4.0},{"damage":69.0,"enemies":"Masked Bandits","floor":19.0,"turns":6.0},{"damage":0.0,"enemies":"3 Byrds","floor":20.0,"turns":5.0},{"damage":21,"enemies":"Shelled Parasite and Fungi","floor":21,"turns":4}],"seed_played":"8177812107922016110","potions_obtained":[{"floor":1.0,"key":"SkillPotion"},{"floor":6.0,"key":"Regen Potion"},{"floor":16.0,"key":"GamblersBrew"},{"floor":18.0,"key":"Regen Potion"},{"floor":20.0,"key":"Explosive Potion"}],"is_trial":false,"path_per_floor":["M","?","?","?","$","E","?","R","T","E","M","?","M","E","R","B",null,"M","?","M","M"],"character_chosen":"THE_SILENT","items_purchased":[],"campfire_rested":0,"item_purchase_floors":[],"current_hp_per_floor":[59,59,59,52,52,52,32,38,38,38,38,66,64,58,66,45,61,61,7,22,1,1],"gold":449,"neow_bonus":"THREE_ENEMY_KILL","is_daily":false,"chose_seed":false,"campfire_upgraded":2,"win_rate":0.0,"timestamp":1610819008,"path_taken":["M","?","?","?","$","E","?","R","T","E","M","?","?","E","R","BOSS","M","?","M","M"],"items_purchased_type":[],"build_version":"2020-12-22","purchased_purges":1,"victory":false,"max_hp_per_floor":[66,66,66,66,66,66,66,66,66,66,66,66,66,66,66,66,66,66,66,66,66,66],"card_choices":[{"not_picked":["Outmaneuver","Footwork"],"picked":"Tactician","floor":1.0},{"not_picked":["Quick Slash","Doppelganger"],"picked":"Acrobatics","floor":6.0},{"not_picked":["Slice","Escape Plan"],"picked":"Masterful Stab","floor":10.0},{"not_picked":["Masterful Stab","Slice"],"picked":"Calculated Gamble","floor":11.0},{"not_picked":["Dodge and Roll","Catalyst"],"picked":"Reflex","floor":13.0},{"not_picked":["Distraction","Backflip"],"picked":"Bouncing Flask","floor":14.0},{"not_picked":["Venomology","Night Terror"],"picked":"Adrenaline","floor":16.0},{"not_picked":["Cloak And Dagger","Blade Dance","Riddle With Holes"],"picked":"SKIP","floor":18.0},{"not_picked":["Infinite Blades","Masterful Stab"],"picked":"Prepared","floor":19.0},{"not_picked":["Leg Sweep","Wraith Form v2"],"picked":"Footwork","floor":20.0}],"player_experience":589486,"relics_obtained":[{"floor":6.0,"key":"Eternal Feather"},{"floor":9.0,"key":"Ninja Scroll"},{"floor":10.0,"key":"StoneCalendar"},{"floor":14.0,"key":"War Paint"},{"floor":19.0,"key":"Red Mask"}],"event_choices":[{"damage_healed":0.0,"max_hp_gain":0.0,"max_hp_loss":0.0,"gold_gain":150.0,"event_name":"Liars Game","player_choice":"AGREE","floor":2.0,"gold_loss":0.0,"damage_taken":0.0,"cards_obtained":["Doubt"]},{"cards_removed":["Doubt"],"damage_healed":0.0,"max_hp_gain":0.0,"max_hp_loss":0.0,"gold_gain":0.0,"event_name":"The Cleric","player_choice":"Card Removal","floor":3.0,"gold_loss":75.0,"damage_taken":0.0},{"cards_removed":["Defend_G"],"damage_healed":0.0,"max_hp_gain":0.0,"max_hp_loss":0.0,"gold_gain":0.0,"event_name":"Golden Wing","player_choice":"Card Removal","floor":4.0,"gold_loss":0.0,"damage_taken":7.0},{"damage_healed":0.0,"max_hp_gain":0.0,"max_hp_loss":0.0,"gold_gain":0.0,"event_name":"Shining Light","player_choice":"Entered Light","floor":7.0,"gold_loss":0.0,"damage_taken":20.0,"cards_upgraded":["Acrobatics","Strike_G"]},{"damage_healed":28.0,"max_hp_gain":0.0,"max_hp_loss":0.0,"gold_gain":0.0,"event_name":"Wheel of Change","player_choice":"Full Heal","floor":12.0,"gold_loss":0.0,"damage_taken":0.0},{"damage_healed":0.0,"max_hp_gain":0.0,"max_hp_loss":0.0,"gold_gain":0.0,"event_name":"Masked Bandits","player_choice":"Fought Bandits","floor":19.0,"gold_loss":0.0,"damage_taken":0.0}],"is_beta":false,"boss_relics":[{"not_picked":["Velvet Choker","Ectoplasm"],"picked":"Black Star"}],"items_purged_floors":[5],"is_endless":false,"potions_floor_spawned":[1,6,11,13,16,18,20],"killed_by":"Shelled Parasite and Fungi","ascension_level":20}}