{"host":"9xbyrfh4l0ybbb5d","time":1610773905,"event":{"mods":["100% Spire Juice","ATMod(°¢èªMod)","Act Like it!","BaseMod","Minty Spire (QoL Compilation)","Reimu£¨²©ÀöÁéÃÎ£©","StSLib","The Alterego","The Mystic","óô»ðÖ¸ÄÏ"],"gold_per_floor":[20000,19400,19373,19323,19226,18162,18162,18162],"floor_reached":7,"language":"ZHS","playtime":253,"items_purged":["Moonworks:Strike"],"score":43,"play_id":"f3829d4f-5ae3-450e-b02a-b92f667e6416","local_time":"20210116131145","is_ascension_mode":true,"campfire_choices":[],"circlet_count":0,"master_deck":["Moonworks:Strike","Moonworks:Strike","Moonworks:Defend","Moonworks:Defend","Moonworks:Defend","Moonworks:Defend","Moonworks:Ambush","Moonworks:LongDistanceShot","Moonworks:JonathanRush","Moonworks:Assault","Moonworks:BeyondHell","Moonworks:IndiscriminateFireSupport","Moonworks:ScrambledEve","Moonworks:CompletionReward","Moonworks:RagingMadness","Moonworks:WindyEnchantment"],"relics":["Moonworks:BrokenBomb","Moonworks:Homemark","AT_ATBox","Du-Vu Doll","AT_Kusabimaru","Sling","InkBottle","CaptainsWheel"],"acts_visited":["Exordium"],"potions_floor_usage":[7,7],"damage_taken":[{"damage":5,"enemies":"2 Louse","floor":1,"turns":3},{"damage":999,"enemies":"Gremlin Nob","floor":7,"turns":2}],"seed_played":"-6448099052826202718","potions_obtained":[],"is_trial":false,"path_per_floor":["M","?","?","?","?","R","E"],"character_chosen":"THE_STARBREAKER","items_purchased":["Sling","InkBottle","CaptainsWheel","Moonworks:RagingMadness","Moonworks:WindyEnchantment","BlessingOfTheForge","AttackPotion","GrandPatriotsElixir:ReiMu"],"campfire_rested":0,"item_purchase_floors":[6,6,6,6,6,6,6,6],"current_hp_per_floor":[37,37,37,37,37,37,0,0],"gold":18162,"neow_bonus":"ONE_RARE_RELIC","is_daily":false,"chose_seed":false,"campfire_upgraded":0,"win_rate":0.0,"timestamp":1610773905,"path_taken":["M","?","?","?","?","R","E"],"items_purchased_type":["Relic","Relic","Relic","Card","Card","Potion","Potion","Potion"],"build_version":"2020-12-22","purchased_purges":1,"victory":false,"max_hp_per_floor":[60,60,60,60,60,60,60,60],"card_choices":[{"not_picked":["Moonworks:Assault","Moonworks:IndiscriminateFireSupport"],"picked":"Moonworks:JonathanRush","floor":1}],"player_experience":298310,"relics_obtained":[],"event_choices":[{"damage_healed":0,"gold_gain":0,"player_choice":"Left Gold","damage_taken":0,"max_hp_gain":0,"max_hp_loss":0,"event_name":"World of Goop","floor":3,"gold_loss":27},{"cards_removed":["Moonworks:Strike"],"damage_healed":0,"gold_gain":0,"player_choice":"Card Removal","damage_taken":0,"max_hp_gain":0,"max_hp_loss":0,"event_name":"The Cleric","floor":4,"gold_loss":50},{"damage_healed":0,"gold_gain":0,"player_choice":"Paid Gold","damage_taken":0,"relics_obtained":["AT_Kusabimaru"],"max_hp_gain":0,"max_hp_loss":0,"event_name":"WeMeetAgain","floor":5,"gold_loss":97}],"is_beta":false,"boss_relics":[],"items_purged_floors":[6],"is_endless":false,"potions_floor_spawned":[],"killed_by":"Gremlin Nob","ascension_level":3}}