{"host":"74x1pl1v0521ej6y","time":1610792834,"event":{"mods":["2.2 Compatiblity","AchievementEnabler","BaseMod","Colored Map","Custom Start","Hermit","Marisa£¨Ùöéë¡¡Øª×âÞÞ£©","Minty Spire (QoL Compilation)","Rare Cards Sparkle","Shop Mod","StSLib","SuperFastMode","The Cursed"],"gold_per_floor":[109,126,141,216,39,54,74,74,125,142,158,170,197,210,210,310,360,375,146,165,185,202,202,216,216,240,259,259,278,152,162,162,260,260,277,277,277,187,199,199,210,15,41,41,60,70,87,99,99,99],"floor_reached":51,"language":"KOR","playtime":3636,"items_purged":["Eruption","Strike_P","Strike_P","DeusExMachina+1"],"score":788,"play_id":"e85f7681-60c4-43e0-8e27-972be1c45c50","local_time":"20210116192714","daily_mods":["Heirloom","Time Dilation"],"is_ascension_mode":false,"campfire_choices":[{"data":"Conclude","floor":8,"key":"SMITH"},{"data":"Adaptation","floor":15,"key":"SMITH"},{"data":"Vigilance","floor":23,"key":"SMITH"},{"data":"EmptyFist","floor":25,"key":"SMITH"},{"data":"FollowUp","floor":28,"key":"SMITH"},{"data":"DeusExMachina","floor":32,"key":"SMITH"},{"data":"Defend_P","floor":40,"key":"SMITH"},{"data":"Defend_P","floor":44,"key":"SMITH"},{"floor":49,"key":"REST"}],"circlet_count":0,"master_deck":["Defend_P+1","Defend_P+1","Defend_P+1","Defend_P+1","Vigilance+1","Prostrate+1","Conclude+1","FollowUp+1","FlurryOfBlows","MentalFortress+1","Adaptation+1","EmptyFist+1","Crescendo+1","Tantrum+1"],"relics":["PureWater","Gambling Chip","PreservedInsect","MiniHakkero","The Courier","PureWater","Orichalcum","Membership Card","Art of War","Mercury Hourglass","Tiny House","Oddly Smooth Stone","Vajra","MealTicket","Omamori","Lee\u0027s Waffle","SlaversCollar","War Paint","Pen Nib","Potion Belt"],"acts_visited":["Exordium","TheCity","TheBeyond"],"potions_floor_usage":[13,16,46,50,50],"damage_taken":[{"damage":3,"enemies":"Cultist","floor":1,"turns":5},{"damage":1,"enemies":"2 Louse","floor":2,"turns":3},{"damage":0,"enemies":"Small Slimes","floor":3,"turns":3},{"damage":0,"enemies":"Red Slaver","floor":6,"turns":5},{"damage":0,"enemies":"Looter","floor":7,"turns":3},{"damage":0,"enemies":"Exordium Wildlife","floor":10,"turns":2},{"damage":3,"enemies":"Red Slaver","floor":11,"turns":5},{"damage":0,"enemies":"2 Fungi Beasts","floor":12,"turns":2},{"damage":0,"enemies":"Gremlin Nob","floor":13,"turns":2},{"damage":2,"enemies":"Blue Slaver","floor":14,"turns":3},{"damage":23,"enemies":"The Guardian","floor":16,"turns":10},{"damage":8,"enemies":"Chosen","floor":18,"turns":5},{"damage":0,"enemies":"Shell Parasite","floor":20,"turns":2},{"damage":3,"enemies":"Shelled Parasite and Fungi","floor":21,"turns":3},{"damage":7,"enemies":"Chosen and Byrds","floor":22,"turns":5},{"damage":12,"enemies":"3 Cultists","floor":24,"turns":4},{"damage":0,"enemies":"Snecko","floor":27,"turns":4},{"damage":4,"enemies":"Snake Plant","floor":29,"turns":2},{"damage":0,"enemies":"Chosen and Byrds","floor":31,"turns":3},{"damage":25,"enemies":"Collector","floor":33,"turns":8},{"damage":4,"enemies":"Orb Walker","floor":35,"turns":3},{"damage":22,"enemies":"3 Darklings","floor":39,"turns":4},{"damage":0,"enemies":"Jaw Worm Horde","floor":41,"turns":2},{"damage":12,"enemies":"Sphere and 2 Shapes","floor":45,"turns":3},{"damage":4,"enemies":"3 Darklings","floor":46,"turns":4},{"damage":22,"enemies":"Jaw Worm Horde","floor":47,"turns":3},{"damage":0,"enemies":"Sphere and 2 Shapes","floor":48,"turns":3},{"damage":41,"enemies":"Donu and Deca","floor":50,"turns":9}],"seed_played":"-2260630581304792520","potions_obtained":[{"floor":6,"key":"Swift Potion"},{"floor":12,"key":"Swift Potion"},{"floor":13,"key":"BottledMiracle"},{"floor":14,"key":"AttackPotion"},{"floor":17,"key":"FearPotion"},{"floor":45,"key":"LiquidMemories"},{"floor":47,"key":"Energy Potion"}],"is_trial":true,"path_per_floor":["M","M","M","?","$","M","M","R","T","M","M","M","E","M","R","B",null,"M","$","M","M","M","R","M","R","T","M","R","M","$","M","R","B",null,"M","?","?","?","M","R","M","$","T","R","M","M","M","M","R","B",null],"character_chosen":"WATCHER","items_purchased":["Membership Card","Oddly Smooth Stone","Vajra","MealTicket","Lee\u0027s Waffle","War Paint","Pen Nib"],"campfire_rested":1,"item_purchase_floors":[5,19,19,19,30,42,42],"current_hp_per_floor":[69,68,68,57,57,57,57,57,57,57,54,54,54,52,52,29,77,69,69,69,66,59,59,47,47,47,47,47,43,84,84,84,59,84,80,80,80,80,58,58,58,73,73,73,61,57,35,35,60,19],"gold":99,"neow_bonus":"","is_daily":false,"chose_seed":false,"campfire_upgraded":8,"win_rate":0.0,"timestamp":1610792834,"path_taken":["M","M","?","?","$","M","M","R","T","M","M","M","E","M","R","BOSS","M","$","M","M","M","R","M","R","T","M","R","M","$","M","R","BOSS","M","?","?","?","?","R","M","$","T","R","M","M","M","M","R","BOSS"],"items_purchased_type":["Relic","Relic","Relic","Relic","Relic","Relic","Relic"],"build_version":"2020-12-22","purchased_purges":4,"victory":true,"max_hp_per_floor":[72,72,72,72,72,72,72,72,72,72,72,72,72,72,72,72,77,77,77,77,77,77,77,77,77,77,77,77,77,84,84,84,84,84,84,84,84,84,84,84,84,84,84,84,84,84,84,84,84,84],"card_choices":[{"not_picked":["PathToVictory","SignatureMove"],"picked":"Prostrate","floor":1},{"not_picked":["FlurryOfBlows","BowlingBash"],"picked":"Conclude","floor":2},{"not_picked":["BowlingBash","ThirdEye","FollowUp"],"picked":"SKIP","floor":3},{"not_picked":["Collect","Fasting2"],"picked":"FollowUp","floor":6},{"not_picked":["EmptyBody","ClearTheMind"],"picked":"FlurryOfBlows","floor":7},{"not_picked":["TalkToTheHand","Nirvana"],"picked":"MentalFortress","floor":10},{"not_picked":["Evaluate","DeceiveReality"],"picked":"Adaptation","floor":11},{"not_picked":["Prostrate","Scrawl","FlyingSleeves"],"picked":"SKIP","floor":12},{"not_picked":["ThirdEye","DeceiveReality"],"picked":"EmptyFist","floor":13},{"not_picked":["CrushJoints","Protect","FlyingSleeves"],"picked":"SKIP","floor":14},{"not_picked":["SpiritShield","Scrawl"],"picked":"DeusExMachina","floor":16},{"not_picked":["PathToVictory","Fasting2"],"picked":"Crescendo+1","floor":18},{"not_picked":["FollowUp","SashWhip","SignatureMove"],"picked":"SKIP","floor":20},{"not_picked":["Crescendo","WaveOfTheHand","SandsOfTime"],"picked":"SKIP","floor":21},{"not_picked":["FollowUp+1","ClearTheMind+1","BattleHymn"],"picked":"SKIP","floor":22},{"not_picked":["MentalFortress","FearNoEvil","SashWhip"],"picked":"SKIP","floor":24},{"not_picked":["Prostrate","Wish"],"picked":"Tantrum+1","floor":27},{"not_picked":["BowlingBash","PathToVictory+1","FollowUp"],"picked":"SKIP","floor":29},{"not_picked":["Halt+1","BattleHymn+1","FlyingSleeves"],"picked":"SKIP","floor":31},{"not_picked":["BattleHymn","CutThroughFate","Collect"],"picked":"SKIP","floor":35},{"not_picked":["FlurryOfBlows","SashWhip","EmptyFist"],"picked":"SKIP","floor":39},{"not_picked":["CutThroughFate+1","EmptyBody+1","Collect"],"picked":"SKIP","floor":41},{"not_picked":["FlyingSleeves","FollowUp+1","Vengeance"],"picked":"SKIP","floor":45},{"not_picked":["FlurryOfBlows","WindmillStrike+1","Weave+1"],"picked":"SKIP","floor":46},{"not_picked":["Consecrate+1","Prostrate+1","Adaptation"],"picked":"SKIP","floor":47},{"not_picked":["BowlingBash","DeusExMachina","Wallop"],"picked":"SKIP","floor":48}],"player_experience":109199,"relics_obtained":[{"floor":9,"key":"Art of War"},{"floor":13,"key":"Mercury Hourglass"},{"floor":26,"key":"Omamori"},{"floor":43,"key":"Potion Belt"}],"event_choices":[{"damage_healed":0,"gold_gain":75,"player_choice":"Gather Gold","damage_taken":11,"max_hp_gain":0,"max_hp_loss":0,"event_name":"World of Goop","floor":4,"gold_loss":0},{"damage_healed":0,"gold_gain":0,"player_choice":"Ignored","damage_taken":0,"max_hp_gain":0,"max_hp_loss":0,"event_name":"Mysterious Sphere","floor":36,"gold_loss":0},{"cards_removed":["Strike_P"],"damage_healed":0,"gold_gain":0,"player_choice":"Removed Attack","damage_taken":0,"max_hp_gain":0,"max_hp_loss":0,"event_name":"Falling","floor":37,"gold_loss":0},{"cards_removed":["Strike_P"],"damage_healed":0,"gold_gain":0,"player_choice":"Upgrade and Remove","damage_taken":0,"max_hp_gain":0,"max_hp_loss":0,"event_name":"Designer","floor":38,"gold_loss":90,"cards_upgraded":["Prostrate"]}],"is_beta":false,"boss_relics":[{"not_picked":["Philosopher\u0027s Stone","Busted Crown"],"picked":"Tiny House"},{"not_picked":["Cursed Key","Sozu"],"picked":"SlaversCollar"}],"items_purged_floors":[5,19,30,42],"is_endless":false,"potions_floor_spawned":[2,6,12,13,14,20,22,27,31,41,45,47],"ascension_level":0}}