{"host":"0dsi8ju7ih3zb7n8","time":1610815432,"event":{"mods":["2.2 Compatiblity","Act Like it!","BaseMod","Downfall","Hermit","Minty Spire (QoL Compilation)","Robot Space Explorer","Spicy Shops","StSLib"],"gold_per_floor":[99,113,124,124,224,224,249,549,577,577,602,928,928,44,54,54,54,54],"floor_reached":16,"language":"ENG","playtime":1188,"items_purged":[],"score":141,"play_id":"d8a33417-4f5d-481e-b494-9584e8d0bdd5","local_time":"20210116174352","daily_mods":["SealedDeck","Heirloom","Flight"],"is_ascension_mode":false,"campfire_choices":[{"data":"champ:RageSigil","floor":1,"key":"SMITH"},{"floor":6,"key":"REST"},{"floor":10,"key":"REST"},{"data":"champ:StrikeOfGenius","floor":13,"key":"SMITH"}],"circlet_count":0,"master_deck":["champ:FlashCut","champ:RageSigil+1","champ:FaceSlap","champ:ShieldSlam","champ:Backstep","champ:DefensiveStyle","champ:FancyFootwork+1","champ:SwordSigil+1","champ:RisingSlash+1","champ:ShieldWall","champ:EnGarde","downfall:Icky","downfall:Icky","champ:DancingMaster","champ:StrikeOfGenius+1","champ:Lariat","Panache"],"relics":["champ:ChampionCrown","champ:GladiatorsBookOfMartialProwess","downfall:ShatteredFragment","Tiny Chest","Bottled Flame","hexamod:CandleOfCauterizing","Old Coin","War Paint","White Beast Statue","Omamori","Lee\u0027s Waffle"],"acts_visited":["Exordium"],"potions_floor_usage":[],"damage_taken":[{"damage":5,"enemies":"Jaw Worm","floor":2,"turns":2},{"damage":30,"enemies":"Small Slimes","floor":3,"turns":2},{"damage":62,"enemies":"downfall:Heads","floor":5,"turns":9},{"damage":0,"enemies":"Gremlin Nob","floor":9,"turns":3},{"damage":6,"enemies":"3 Sentries","floor":11,"turns":6},{"damage":15,"enemies":"Gremlin Nob","floor":12,"turns":3},{"damage":35,"enemies":"downfall:FleeingMerchant","floor":14,"turns":4},{"damage":0,"enemies":"2 Louse","floor":15,"turns":2},{"damage":113,"enemies":"SI_SHIV_ARCHETYPE","floor":16,"turns":4}],"seed_played":"4103161904289799691","potions_obtained":[{"floor":3,"key":"Dexterity Potion"},{"floor":15,"key":"EntropicBrew"}],"is_trial":true,"path_per_floor":["R","M","M","?","?","R","T","?","E","R","E","E","R","$","M","B"],"character_chosen":"THE_CHAMP","items_purchased":["War Paint","White Beast Statue","Omamori","Panache","Lee\u0027s Waffle"],"campfire_rested":2,"item_purchase_floors":[14,14,14,14,14],"current_hp_per_floor":[90,90,90,63,6,33,33,33,33,60,54,39,39,97,97,0,0,0],"gold":54,"neow_bonus":"","is_daily":false,"chose_seed":false,"campfire_upgraded":2,"win_rate":0.0,"timestamp":1610815432,"path_taken":["R","M","M","?","?","R","T","?","E","R","E","E","R","$","M","BOSS"],"items_purchased_type":["Relic","Relic","Relic","Card","Relic"],"build_version":"2020-12-22","purchased_purges":0,"victory":false,"max_hp_per_floor":[90,90,90,90,90,90,90,90,90,90,90,90,90,97,97,97,97,97],"card_choices":[{"not_picked":["champ:FanOfKnives","champ:BerserkerStyle"],"picked":"champ:ShieldWall","floor":2},{"not_picked":["champ:Backstep","champ:TornadoPunch","champ:BringItOn"],"picked":"SKIP","floor":3},{"not_picked":["champ:Parry","champ:EnGarde"],"picked":"champ:PreciseThrust","floor":5},{"not_picked":["champ:CrownThrow","champ:PreciseThrust"],"picked":"champ:DancingMaster","floor":9},{"not_picked":["champ:Circumvent","champ:EnGarde","champ:FlashCut"],"picked":"SKIP","floor":11},{"not_picked":["champ:RapidStrikes","champ:Encircle"],"picked":"champ:StrikeOfGenius","floor":12},{"not_picked":["champ:DefensiveShout","champ:RageSigil"],"picked":"champ:Lariat","floor":14},{"not_picked":["champ:Circumvent","champ:PerfectedStrike","champ:BladeFlurry"],"picked":"SKIP","floor":15}],"player_experience":817063,"relics_obtained":[{"floor":7,"key":"Tiny Chest"},{"floor":9,"key":"Bottled Flame"},{"floor":11,"key":"hexamod:CandleOfCauterizing"},{"floor":12,"key":"Old Coin"}],"event_choices":[],"is_beta":false,"boss_relics":[],"items_purged_floors":[],"is_endless":false,"potions_floor_spawned":[3,15],"killed_by":"SI_SHIV_ARCHETYPE","ascension_level":0}}