{"host":"qswkx8hggytna0kc","time":1610811021,"event":{"mods":["Aspiration","BaseMod","BetterRewards","Colored Map","Colored Powertips","Highlight Path","Hubris","Mimic Mod","Minty Spire (QoL Compilation)","MostiFishMod","Quick Restart","Replay The Spire","StSLib","SuperFastMode"],"gold_per_floor":[109,127,141,152,170,201,201,212,212,248,276,285,327,350,350,432,432,455,484,503,531,556,556,595,624,670,704,348,348,348,373,373,461,461,476,502,523,538,538,575,598,598,640,678,678,706,733,124,124,124,124,124,30,68,68],"floor_reached":56,"language":"ZHS","playtime":4320,"items_purged":["Strike_G","Strike_G"],"score":2375,"play_id":"613ca4e1-d841-496f-b178-f47b55802e55","local_time":"20210116233021","is_ascension_mode":true,"campfire_choices":[{"data":"Expertise","floor":7.0,"key":"SMITH"},{"data":"Prepared","floor":15.0,"key":"SMITH"},{"data":"MostiFishMod:AdrenalineArouse","floor":23.0,"key":"SMITH"},{"data":"A Thousand Cuts","floor":30.0,"key":"SMITH"},{"data":"Calculated Gamble","floor":32.0,"key":"SMITH"},{"floor":45.0,"key":"RECALL"},{"data":"MostiFishMod:Dislodge","floor":49.0,"key":"SMITH"},{"data":"A Thousand Cuts","floor":52.0,"key":"SMITH"}],"circlet_count":0,"master_deck":["AscendersBane","Strike_G","Strike_G","Defend_G","Defend_G","Defend_G","Defend_G","Defend_G","Survivor","Neutralize","Underhanded Strike","Dagger Throw","Prepared+1","Skewer","Expertise+1","Hidden Blade","Underhanded Strike","Dash","aspiration:Lunge","Crippling Poison","Calculated Gamble+1","Prepared+1","MostiFishMod:AdrenalineArouse+1","Acrobatics","Hidden Blade","ReplayTheSpireMod:Scrap Shanks","Slice","A Thousand Cuts+1","Masterful Stab","Hidden Blade","Escape Plan","MostiFishMod:Dislodge+1","Underhanded Strike+1","Slice+1","MostiFishMod:Listen","Slice+1","Deflect+1","All Out Attack","Deflect+1","A Thousand Cuts+1","Finesse","Prepared"],"relics":["Ring of the Snake","DaveBox","NightmareShop","aspiration:Nostalgia","Burning Blood","SynthV:TestCard","Pantograph","hubris:SphereOfDissonance","CeramicFish","hubris:SlimyHat","Replay:Grab Bag","Coffee Dripper","Philosopher\u0027s Stone","hubris:Backtick","ArrowTower","Bottled Tornado","Oddly Smooth Stone","Vajra","aspiration:StickyExplosives_weak","Pondfish Scales","GuanYuAspect","hubris:AncientText","hubris:Icosahedron","Mirror","ReplayTheSpireMod:Lightbulb","Tingsha","aspiration:Lifesprig"],"acts_visited":["Exordium","TheCity","TheBeyond","TheEnding"],"potions_floor_usage":[],"damage_taken":[{"damage":5.0,"enemies":"Cultist","floor":1.0,"turns":4.0},{"damage":0.0,"enemies":"2 Louse","floor":2.0,"turns":3.0},{"damage":4.0,"enemies":"Small Slimes","floor":3.0,"turns":3.0},{"damage":6.0,"enemies":"Looter","floor":4.0,"turns":3.0},{"damage":0.0,"enemies":"3 Louse","floor":5.0,"turns":3.0},{"damage":20.0,"enemies":"Replay:BlueRogue","floor":6.0,"turns":5.0},{"damage":0.0,"enemies":"Blue Slaver","floor":8.0,"turns":1.0},{"damage":15.0,"enemies":"Lagavulin","floor":10.0,"turns":4.0},{"damage":0.0,"enemies":"2 Fungi Beasts","floor":11.0,"turns":3.0},{"damage":0.0,"enemies":"Gremlin Nob","floor":13.0,"turns":2.0},{"damage":0.0,"enemies":"Large Slime","floor":14.0,"turns":1.0},{"damage":20.0,"enemies":"Hexaghost","floor":16.0,"turns":6.0},{"damage":0.0,"enemies":"3 Byrds","floor":18.0,"turns":3.0},{"damage":12.0,"enemies":"Shell Parasite","floor":19.0,"turns":3.0},{"damage":0.0,"enemies":"Centurion and Healer","floor":20.0,"turns":5.0},{"damage":0.0,"enemies":"Snake Plant","floor":21.0,"turns":2.0},{"damage":0.0,"enemies":"Shelled Parasite and Fungi","floor":22.0,"turns":2.0},{"damage":33.0,"enemies":"Book of Stabbing","floor":24.0,"turns":5.0},{"damage":0.0,"enemies":"Snecko","floor":25.0,"turns":2.0},{"damage":16.0,"enemies":"Gremlin Leader","floor":27.0,"turns":4.0},{"damage":0.0,"enemies":"Book of Stabbing","floor":31.0,"turns":3.0},{"damage":1.0,"enemies":"Pondfish","floor":33.0,"turns":5.0},{"damage":0.0,"enemies":"Orb Walker","floor":35.0,"turns":1.0},{"damage":0.0,"enemies":"3 Shapes","floor":36.0,"turns":1.0},{"damage":0.0,"enemies":"Maw","floor":37.0,"turns":3.0},{"damage":0.0,"enemies":"Jaw Worm Horde","floor":38.0,"turns":1.0},{"damage":24.0,"enemies":"R_Hoarder","floor":40.0,"turns":4.0},{"damage":0.0,"enemies":"3 Darklings","floor":41.0,"turns":1.0},{"damage":0.0,"enemies":"Sphere and 2 Shapes","floor":43.0,"turns":2.0},{"damage":8.0,"enemies":"Nemesis","floor":44.0,"turns":3.0},{"damage":0.0,"enemies":"Giant Head","floor":46.0,"turns":3.0},{"damage":0.0,"enemies":"Sphere and 2 Shapes","floor":47.0,"turns":1.0},{"damage":9.0,"enemies":"Donu and Deca","floor":50.0,"turns":3.0},{"damage":0.0,"enemies":"Shield and Spear","floor":54.0,"turns":1.0},{"damage":53,"enemies":"The Heart","floor":55,"turns":5}],"seed_played":"2180824434006255388","potions_obtained":[{"floor":1.0,"key":"FearPotion"},{"floor":5.0,"key":"Reflective Coating"},{"floor":13.0,"key":"Death Potion"}],"is_trial":false,"path_per_floor":["M","M","M","M","M","E","R","M","T","E","M","?","E","M","R","B",null,"M","M","M","M","M","R","E","M","T","E","$","?","R","E","R","B",null,"M","M","M","M","?","E","M","?","MIM","E","R","E","M","$","R","B",null,"R","$","E","B",null],"character_chosen":"THE_SILENT","items_purchased":["aspiration:StickyExplosives_weak","Tingsha","A Thousand Cuts","Finesse"],"campfire_rested":0,"item_purchase_floors":[28,48,48,53],"current_hp_per_floor":[60,66,66,66,66,52,52,58,58,49,55,55,61,66,66,52,63,66,60,66,66,66,66,39,45,45,35,35,35,35,41,41,66,33,33,33,33,33,33,33,33,33,33,33,33,33,33,33,33,33,33,33,33,33,33],"gold":68,"neow_bonus":"NOSTALGIA","is_daily":false,"chose_seed":false,"campfire_upgraded":7,"win_rate":0.0,"timestamp":1610811021,"path_taken":["M","?","M","M","M","E","R","M","T","E","M","?","E","?","R","BOSS","M","M","M","M","?","R","E","M","T","E","$","?","R","E","R","BOSS","M","M","M","M","?","E","M","?","MIM","E","R","E","M","?","R","BOSS","R","$","E","BOSS"],"items_purchased_type":["Relic","Relic","Card","Card"],"build_version":"2020-12-22","purchased_purges":2,"victory":true,"max_hp_per_floor":[66,66,66,66,66,66,66,66,66,66,66,66,66,66,66,66,66,66,66,66,66,66,66,66,66,66,66,66,66,66,66,66,66,33,33,33,33,33,33,33,33,33,33,33,33,33,33,33,33,33,33,33,33,33,33],"card_choices":[{"not_picked":["Setup","Flying Knee"],"picked":"Underhanded Strike","floor":1.0},{"not_picked":["Cloak And Dagger","ReplayTheSpireMod:Tripwire","Masterful Stab","Accuracy"],"picked":"Dagger Throw","floor":2.0},{"not_picked":["Dagger Spray","Eviscerate","Underhanded Strike","Footwork"],"picked":"Prepared","floor":3.0},{"not_picked":["Flechettes","MostiFishMod:PerfectParry","Sucker Punch","Blade Dance"],"picked":"Skewer","floor":4.0},{"not_picked":["Acrobatics","Sneak Up","Bullet Time","Outmaneuver"],"picked":"Expertise","floor":5.0},{"not_picked":["ReplayTheSpireMod:Tripwire","Catalyst","All Out Attack","Leg Sweep"],"picked":"Hidden Blade","floor":6.0},{"not_picked":["Toxin Wave","Flying Knee","Bane","Footwork"],"picked":"Underhanded Strike","floor":8.0},{"not_picked":["Sucker Punch","Corpse Explosion","Deadly Poison","Replay:Poison Smokescreen"],"picked":"Dash","floor":10.0},{"not_picked":["Sucker Punch","Quick Slash","Backflip","Outmaneuver"],"picked":"aspiration:Lunge","floor":11.0},{"not_picked":["Reflex","Sucker Punch","Dagger Throw","hubris:Counter"],"picked":"Calculated Gamble","floor":13.0},{"not_picked":["Bane","Dagger Spray","Riddle With Holes","Noxious Fumes"],"picked":"Prepared","floor":14.0},{"not_picked":["Venomology","Grand Finale","Replay:Bag of Tricks","After Image"],"picked":"MostiFishMod:AdrenalineArouse","floor":16.0},{"not_picked":["PiercingWail","Dagger Spray","Choke","ReplayTheSpireMod:The Works+1"],"picked":"Acrobatics","floor":18.0},{"not_picked":["Fluid Movement","Dodge and Roll","Sucker Punch","Outmaneuver"],"picked":"Hidden Blade","floor":19.0},{"not_picked":["ReplayTheSpireMod:Tripwire","PiercingWail+1","Outmaneuver+1","Terror"],"picked":"ReplayTheSpireMod:Scrap Shanks","floor":20.0},{"not_picked":["Bouncing Flask","Riddle With Holes","MostiFishMod:ThornCasing","MostiFishMod:PerfectParry+1"],"picked":"Slice","floor":21.0},{"not_picked":["Deadly Poison","Deflect","Dagger Spray","Replay:Poison Smokescreen"],"picked":"A Thousand Cuts","floor":22.0},{"not_picked":["Venomology","Quick Slash","Deadly Poison","Deflect"],"picked":"Masterful Stab","floor":24.0},{"not_picked":["PiercingWail","Setup","Predator","Flying Knee"],"picked":"Hidden Blade","floor":25.0},{"not_picked":["Acrobatics","Glass Knife","Bouncing Flask","Blade Dance"],"picked":"Escape Plan","floor":27.0},{"not_picked":["Corpse Explosion","Draining Mist","ReplayTheSpireMod:Scrap Shanks","Catalyst","Masterful Stab"],"picked":"SKIP","floor":31.0},{"not_picked":["Grand Finale","MostiFishMod:WinterMarkForm","MostiFishMod:FullyArmed","Doppelganger"],"picked":"MostiFishMod:Dislodge","floor":33.0},{"not_picked":["Noxious Fumes","hubris:Counter","Caltrops","Backflip+1","Predator+1"],"picked":"SKIP","floor":35.0},{"not_picked":["Well Laid Plans","Acrobatics","Blur+1","Bane"],"picked":"Underhanded Strike+1","floor":36.0},{"not_picked":["hubris:Counter","Blade Dance","MostiFishMod:InvigoratingSolution","Bullet Time"],"picked":"Slice+1","floor":37.0},{"not_picked":["Flechettes","Caltrops","Sneak Up+1","Outmaneuver","Sucker Punch"],"picked":"SKIP","floor":38.0},{"not_picked":["Backflip+1","Cloak And Dagger","Caltrops+1","Fluid Movement"],"picked":"MostiFishMod:Listen","floor":40.0},{"not_picked":["Dagger Spray+1","Endless Agony","Bane","Expertise"],"picked":"Slice+1","floor":41.0},{"not_picked":["Well Laid Plans","Dash","Flying Knee","Poisoned Stab+1"],"picked":"Deflect+1","floor":43.0},{"not_picked":["Bane","Envenom","Leg Sweep","Flechettes"],"picked":"All Out Attack","floor":44.0},{"not_picked":["Masterful Stab","Fluid Movement+1","Caltrops+1","Dagger Throw","ReplayTheSpireMod:Scrap Shanks"],"picked":"SKIP","floor":46.0},{"not_picked":["hubris:SlightOfHand","Leg Sweep","Dagger Spray+1","Poisoned Stab"],"picked":"Deflect+1","floor":47.0},{"not_picked":["hubris:Sniper","Poisoned Stab+1","MostiFishMod:PerfectParry+1","Underhanded Strike+1"],"picked":"Prepared","floor":54.0}],"player_experience":331909,"relics_obtained":[{"floor":1.0,"key":"SynthV:TestCard"},{"floor":6.0,"key":"Pantograph"},{"floor":9.0,"key":"hubris:SphereOfDissonance"},{"floor":10.0,"key":"CeramicFish"},{"floor":13.0,"key":"hubris:SlimyHat"},{"floor":24.0,"key":"Bottled Tornado"},{"floor":26.0,"key":"Oddly Smooth Stone"},{"floor":27.0,"key":"Vajra"},{"floor":31.0,"key":"Pondfish Scales"},{"floor":40.0,"key":"hubris:AncientText"},{"floor":44.0,"key":"Mirror"},{"floor":46.0,"key":"ReplayTheSpireMod:Lightbulb"},{"floor":54.0,"key":"aspiration:Lifesprig"}],"event_choices":[{"damage_healed":0.0,"max_hp_gain":0.0,"max_hp_loss":0.0,"gold_gain":0.0,"cards_transformed":["Strike_G"],"event_name":"Transmorgrifier","player_choice":"Transformed","floor":12.0,"gold_loss":0.0,"damage_taken":0.0,"cards_obtained":["Crippling Poison"]},{"damage_healed":0.0,"max_hp_gain":0.0,"max_hp_loss":0.0,"gold_gain":0.0,"event_name":"Vampires","player_choice":"Ignored","floor":29.0,"gold_loss":0.0,"damage_taken":0.0}],"is_beta":false,"boss_relics":[{"not_picked":["hubris:RunicObelisk","Sozu"],"picked":"Replay:Grab Bag"},{"not_picked":["Runic Dome","Fusion Hammer"],"picked":"Coffee Dripper"},{"not_picked":["Busted Crown","Velvet Choker"],"picked":"Philosopher\u0027s Stone"},{"not_picked":["TakeMeEscape","Empty Cage"],"picked":"hubris:Backtick"},{"not_picked":["aspiration:WatcherSkillbook","Painkiller Herb"],"picked":"GuanYuAspect"}],"items_purged_floors":[28,48],"is_endless":false,"potions_floor_spawned":[1,5,6,13,14,18,21,24,27,35,36,41,44,54],"ascension_level":16}}