{"host":"8g198xe1n7br41jb","time":1610760681,"event":{"mods":["BaseMod","Downfall","Minty Spire (QoL Compilation)","StSLib","SuperFastMode"],"gold_per_floor":[0,17,31,31,50,12,12,12,12,45,58,78,78,109,125,225,225,125,135,155,65,81,106,174,174,174,189,199,219,219,244,255,350,350,350,366,366,366,376,376,447,459,479,490,390,390,390,80,97,97,97,97],"floor_reached":50,"language":"ENG","playtime":3550,"items_purged":["Guardian:Defend_Guardian","Pain"],"score":598,"play_id":"d1185eec-11d0-44d3-a9b2-116395fe7cee","local_time":"20210116023121","is_ascension_mode":true,"campfire_choices":[{"data":"Guardian:RevengeProtocol","floor":1.0,"key":"SMITH"},{"floor":9.0,"key":"RECALL"},{"data":"Guardian:Suspension","floor":13.0,"key":"SMITH"},{"data":"Guardian:GuardianWhirl","floor":18.0,"key":"SMITH"},{"floor":25.0,"key":"REST"},{"data":"Guardian:ShieldCharger","floor":30.0,"key":"SMITH"},{"data":"Guardian:SentryBeam","floor":35.0,"key":"SMITH"},{"data":"Guardian:AncientConstruct","floor":40.0,"key":"SMITH"},{"data":"Guardian:ShieldCharger","floor":45.0,"key":"SMITH"},{"data":"expansioncontent:YouAreMine","floor":47.0,"key":"SMITH"}],"circlet_count":0,"master_deck":["Guardian:Strike_Guardian","Guardian:Strike_Guardian","Guardian:Strike_Guardian","Guardian:Defend_Guardian","Guardian:Defend_Guardian","Guardian:Defend_Guardian","Guardian:CurlUp","Guardian:TwinSlam","Guardian:RevengeProtocol+1","Guardian:Suspension+1","Guardian:BodySlam","Guardian:ShieldSpikes","Guardian:ShieldCharger+1","Guardian:ShieldCharger+1","Decay","Guardian:GuardianWhirl+1","Guardian:BodySlam","Guardian:RollAttack","Guardian:RevengeProtocol","Guardian:FloatingOrbs","Guardian:SentryBeam+1","Guardian:SpikerProtocol","Guardian:VentSteam","Guardian:BodySlam","Guardian:AncientConstruct+1","Guardian:GatlingBeam","Guardian:FloatingOrbs+1","expansioncontent:PrepareCrush","expansioncontent:YouAreMine+1","Guardian:Gem_Green","Guardian:Gem_Cyan","Guardian:TemporalStrike+1","Doubt","Guardian:ArmoredProtocol","Guardian:CurlUp"],"relics":["Guardian:ModeShifter","Blood Vial","Blue Candle","Cursed Key","downfall:HeartBlessingRed","Mercury Hourglass","Mummified Hand","Nloth\u0027s Gift","Eternal Feather","downfall:HeartBlessingBlue","DollysMirror"],"acts_visited":["Exordium","TheCity","TheBeyond"],"potions_floor_usage":[50,50],"damage_taken":[{"damage":0.0,"enemies":"Small Slimes","floor":2.0,"turns":3.0},{"damage":1.0,"enemies":"Cultist","floor":3.0,"turns":4.0},{"damage":13.0,"enemies":"2 Louse","floor":5.0,"turns":3.0},{"damage":0.0,"enemies":"downfall:FleeingMerchant","floor":6.0,"turns":4.0},{"damage":2.0,"enemies":"Lagavulin","floor":10.0,"turns":5.0},{"damage":12.0,"enemies":"Lots of Slimes","floor":11.0,"turns":5.0},{"damage":22.0,"enemies":"Gremlin Gang","floor":12.0,"turns":4.0},{"damage":5.0,"enemies":"3 Sentries","floor":14.0,"turns":5.0},{"damage":1.0,"enemies":"2 Fungi Beasts","floor":15.0,"turns":2.0},{"damage":11.0,"enemies":"IC_STATUS_ARCHETYPE","floor":16.0,"turns":6.0},{"damage":13.0,"enemies":"3 Byrds","floor":19.0,"turns":4.0},{"damage":24.0,"enemies":"Snake Plant","floor":20.0,"turns":4.0},{"damage":3.0,"enemies":"downfall:FleeingMerchant","floor":21.0,"turns":4.0},{"damage":8.0,"enemies":"Centurion and Healer","floor":22.0,"turns":4.0},{"damage":19.0,"enemies":"Slavers","floor":23.0,"turns":2.0},{"damage":3.0,"enemies":"Chosen and Byrds","floor":27.0,"turns":4.0},{"damage":1.0,"enemies":"Snecko","floor":28.0,"turns":5.0},{"damage":13.0,"enemies":"Snake Plant","floor":29.0,"turns":2.0},{"damage":9.0,"enemies":"Gremlin Leader","floor":31.0,"turns":4.0},{"damage":2.0,"enemies":"3 Cultists","floor":32.0,"turns":4.0},{"damage":20.0,"enemies":"DF_ARCHETYPE_CLAW","floor":33.0,"turns":6.0},{"damage":5.0,"enemies":"Orb Walker","floor":36.0,"turns":3.0},{"damage":29.0,"enemies":"3 Darklings","floor":39.0,"turns":6.0},{"damage":18.0,"enemies":"Maw","floor":42.0,"turns":7.0},{"damage":31.0,"enemies":"4 Shapes","floor":43.0,"turns":4.0},{"damage":15.0,"enemies":"Writhing Mass","floor":44.0,"turns":6.0},{"damage":1.0,"enemies":"downfall:FleeingMerchant","floor":48.0,"turns":4.0},{"damage":23.0,"enemies":"Jaw Worm Horde","floor":49.0,"turns":4.0},{"damage":131,"enemies":"SI_POISON_ARCHETYPE","floor":50,"turns":9}],"seed_played":"-4518452580661792303","potions_obtained":[{"floor":3.0,"key":"Guardian:StasisDiscoveryPotion"},{"floor":10.0,"key":"sneckomod:MuddlingPotion"},{"floor":12.0,"key":"Energy Potion"},{"floor":16.0,"key":"Fire Potion"},{"floor":19.0,"key":"AttackPotion"},{"floor":22.0,"key":"FairyPotion"},{"floor":23.0,"key":"Guardian:StasisDiscoveryPotion"},{"floor":27.0,"key":"Guardian:BlockOnCardUsePotion"},{"floor":43.0,"key":"Guardian:DefensiveModePotion"},{"floor":49.0,"key":"Guardian:DefensiveModePotion"}],"is_trial":false,"path_per_floor":["R","M","M","?","M","$","T","?","R","E","M","M","R","E","M","B",null,"R","M","M","$","M","E","T","R","?","M","M","M","R","E","M","B",null,"R","M","?","?","M","R","T","M","M","M","R","?","R","$","M","B"],"character_chosen":"GUARDIAN","items_purchased":["Guardian:ShieldCharger","DollysMirror","FearPotion"],"campfire_rested":1,"item_purchase_floors":[6,48,48],"current_hp_per_floor":[80,80,79,79,66,66,66,66,66,64,54,34,34,31,32,23,80,80,67,45,44,38,21,21,45,45,44,45,34,34,27,27,9,80,80,75,70,70,43,61,61,45,16,3,31,90,90,89,67,0,0,0],"gold":97,"neow_bonus":"THREE_RARE_CARDS","is_daily":false,"chose_seed":false,"campfire_upgraded":8,"win_rate":0.0,"timestamp":1610760681,"path_taken":["R","M","M","?","M","?","T","?","R","E","?","M","R","E","M","BOSS","R","M","M","$","?","E","T","R","?","M","M","?","R","E","M","BOSS","R","M","?","?","M","R","T","M","M","M","R","?","R","$","M","BOSS"],"items_purchased_type":["Card","Relic","Potion"],"build_version":"2020-12-22","purchased_purges":2,"victory":false,"max_hp_per_floor":[80,80,80,80,80,80,80,80,80,80,80,80,80,80,80,80,80,80,80,80,80,80,80,80,80,80,80,80,80,80,80,80,80,80,80,80,80,80,80,80,80,80,80,80,90,90,90,90,90,90,90,90],"card_choices":[{"not_picked":["Guardian:TimeSifter","Guardian:ConstructionForm"],"picked":"Guardian:RevengeProtocol","floor":0.0},{"not_picked":["Guardian:TemporalShield","Guardian:Planning"],"picked":"Guardian:Suspension","floor":2.0},{"not_picked":["Guardian:Gem_Blue","Guardian:Gem_Cyan"],"picked":"Guardian:BodySlam","floor":3.0},{"not_picked":["Guardian:Planning","Guardian:PrimingBeam"],"picked":"Guardian:ShieldSpikes","floor":5.0},{"not_picked":["Guardian:PiercingHide","Guardian:PolyBeam"],"picked":"Guardian:ShieldCharger","floor":6.0},{"not_picked":["Guardian:CompilePackage","Guardian:Gem_Red"],"picked":"Guardian:GuardianWhirl","floor":10.0},{"not_picked":["Guardian:Gem_Green","Guardian:Reroute"],"picked":"Guardian:BodySlam","floor":11.0},{"not_picked":["Guardian:Suspension","Guardian:Planning","Guardian:Incinerate"],"picked":"SKIP","floor":12.0},{"not_picked":["Guardian:VentSteam","Guardian:WalkerClaw"],"picked":"Guardian:Gem_Orange","floor":14.0},{"not_picked":["Guardian:PrismaticBeam","Guardian:TimeBomb"],"picked":"Guardian:RollAttack","floor":15.0},{"not_picked":["Guardian:AncientConstruct","Guardian:GemFire"],"picked":"Guardian:RevengeProtocol","floor":16.0},{"not_picked":["Guardian:Planning","Guardian:Gem_Green"],"picked":"Guardian:FloatingOrbs","floor":19.0},{"not_picked":["Guardian:Gem_Fragmented","Guardian:Clone"],"picked":"Guardian:Gem_Purple","floor":20.0},{"not_picked":["Guardian:HyperBeam_Guardian","Guardian:RollAttack+1","Guardian:Suspension"],"picked":"SKIP","floor":21.0},{"not_picked":["Guardian:Gem_White","Guardian:TemporalShield"],"picked":"Guardian:Gem_Cyan","floor":22.0},{"not_picked":["Guardian:Emergency","Guardian:TemporalStrike"],"picked":"Guardian:SentryBeam","floor":23.0},{"not_picked":["Guardian:Gem_Yellow","Guardian:PolyBeam"],"picked":"Guardian:SpikerProtocol","floor":27.0},{"not_picked":["Guardian:ConstructionForm","Guardian:Gem_Crimson"],"picked":"Guardian:VentSteam","floor":28.0},{"not_picked":["Guardian:Preprogram","Guardian:SentryBeam"],"picked":"Guardian:BodySlam","floor":29.0},{"not_picked":["Guardian:PrimingBeam","Guardian:Preprogram+1"],"picked":"Guardian:AncientConstruct","floor":31.0},{"not_picked":["Guardian:SphericShield","Guardian:Preprogram","Guardian:BodySlam+1"],"picked":"SKIP","floor":32.0},{"not_picked":["Guardian:TimeSifter","Guardian:FastForward"],"picked":"Guardian:GatlingBeam","floor":33.0},{"not_picked":["Guardian:ChargeCore","Guardian:Preprogram+1"],"picked":"Guardian:FloatingOrbs+1","floor":36.0},{"not_picked":["expansioncontent:LastStand","expansioncontent:HyperBeam"],"picked":"expansioncontent:PrepareCrush","floor":37.0},{"not_picked":["expansioncontent:AwakenDeath","expansioncontent:HyperBeam"],"picked":"expansioncontent:YouAreMine","floor":37.0},{"not_picked":["Guardian:RollAttack+1","Guardian:DecasProtection","Guardian:ChargeUp"],"picked":"SKIP","floor":39.0},{"not_picked":["Guardian:ShieldCharger","Guardian:BodySlam","Guardian:DecasProtection"],"picked":"SKIP","floor":42.0},{"not_picked":["Guardian:Reroute","Guardian:Gem_Purple"],"picked":"Guardian:Gem_Cyan","floor":43.0},{"not_picked":["Guardian:Suspension+1","Guardian:TimeCapacitor"],"picked":"Guardian:TemporalStrike+1","floor":44.0},{"not_picked":["Guardian:ChargeCore","Guardian:PrismaticBarrier"],"picked":"Guardian:ArmoredProtocol","floor":48.0},{"not_picked":["Guardian:Gem_Lightblue","Guardian:FuturePlans","Guardian:Planning"],"picked":"SKIP","floor":49.0}],"player_experience":1219609,"relics_obtained":[{"floor":7.0,"key":"Guardian:SackOfGems"},{"floor":10.0,"key":"Blood Vial"},{"floor":14.0,"key":"Blue Candle"},{"floor":23.0,"key":"Mercury Hourglass"},{"floor":24.0,"key":"Mummified Hand"},{"floor":31.0,"key":"Eternal Feather"}],"event_choices":[{"cards_removed":["Guardian:Strike_Guardian"],"damage_healed":0.0,"max_hp_gain":0.0,"max_hp_loss":0.0,"gold_gain":0.0,"event_name":"Bonfire Elementals","player_choice":"Offered Basic","floor":4.0,"gold_loss":0.0,"damage_taken":0.0},{"damage_healed":0.0,"max_hp_gain":0.0,"max_hp_loss":0.0,"gold_gain":0.0,"event_name":"Wheel of Change","player_choice":"Cursed","floor":8.0,"gold_loss":0.0,"damage_taken":0.0,"cards_obtained":["Decay"]}],"is_beta":false,"boss_relics":[{"not_picked":["expansioncontent:StudyCardRelic","SlaversCollar"],"picked":"Cursed Key"},{"not_picked":["Velvet Choker","Runic Pyramid","Runic Dome"]}],"items_purged_floors":[21,48],"is_endless":false,"potions_floor_spawned":[3,10,12,16,19,22,23,27,28,43,49],"killed_by":"SI_POISON_ARCHETYPE","ascension_level":3}}