{"host":"jb40sdn36ct36hhv","time":1610763139,"event":{"mods":["Act Like it!","BaseMod","Better Third Choice","Marisa????????","Minty Spire (QoL Compilation)","StSLib"],"gold_per_floor":[119,194,210,223,239,267,267,217,217,217,217,237,248,275,275,376,376,395,424,424,440,440,440],"floor_reached":22,"language":"ENG","playtime":1289,"items_purged":[],"score":221,"play_id":"69ac31ca-a0f6-4966-a2fd-f2feff47cd78","local_time":"20210115181219","is_ascension_mode":false,"campfire_choices":[{"data":"CasketOfStar","floor":7.0,"key":"SMITH"},{"data":"EnergyFlow","floor":10.0,"key":"SMITH"},{"data":"DragonMeteor","floor":15.0,"key":"SMITH"}],"circlet_count":0,"master_deck":["Strike_MRS","Strike_MRS","Defend_MRS","Defend_MRS","Defend_MRS","Defend_MRS","MasterSpark","UpSweep","CasketOfStar+1","MilkyWay","GalacticHalo","DragonMeteor+1","EnergyFlow+1","CollectingQuirk","Pain"],"relics":["MiniHakkero","BreadOfAWashokuLover","Pear","AmplifyWand","SlaversCollar","Red Mask","WarpedTongs"],"acts_visited":["Exordium","TheCity"],"potions_floor_usage":[19,22],"damage_taken":[{"damage":0.0,"enemies":"Cultist","floor":1.0,"turns":4.0},{"damage":0.0,"enemies":"Small Slimes","floor":3.0,"turns":3.0},{"damage":3.0,"enemies":"Jaw Worm","floor":4.0,"turns":3.0},{"damage":5.0,"enemies":"Looter","floor":5.0,"turns":4.0},{"damage":14.0,"enemies":"3 Sentries","floor":6.0,"turns":8.0},{"damage":1.0,"enemies":"Exordium Thugs","floor":12.0,"turns":4.0},{"damage":10.0,"enemies":"Lots of Slimes","floor":13.0,"turns":5.0},{"damage":4.0,"enemies":"Lagavulin","floor":14.0,"turns":6.0},{"damage":33.0,"enemies":"Slime Boss","floor":16.0,"turns":7.0},{"damage":18,"enemies":"Spheric Guardian","floor":18,"turns":4},{"damage":44,"enemies":"Masked Bandits","floor":19,"turns":6},{"damage":18,"enemies":"3 Byrds","floor":21,"turns":6},{"damage":27,"enemies":"Snecko","floor":22,"turns":3}],"seed_played":"3550685134131882912","potions_obtained":[{"floor":5.0,"key":"CultistPotion"},{"floor":16.0,"key":"Block Potion"}],"is_trial":false,"path_per_floor":["M","?","M","M","M","E","R","?","T","R","?","M","M","E","R","B",null,"M","?","?","M","M"],"character_chosen":"MARISA","items_purchased":[],"campfire_rested":0,"item_purchase_floors":[],"current_hp_per_floor":[75,64,64,61,56,42,42,42,52,52,57,56,46,42,42,9,90,72,28,28,10,0,0],"gold":440,"neow_bonus":"TRANSFORM_CARD","is_daily":false,"chose_seed":false,"campfire_upgraded":3,"win_rate":0.0,"timestamp":1610763139,"path_taken":["M","?","M","M","M","E","R","?","T","R","?","M","M","E","R","BOSS","M","?","?","?","?"],"items_purchased_type":[],"build_version":"2020-12-22","purchased_purges":0,"victory":false,"max_hp_per_floor":[75,75,75,75,75,75,75,75,85,85,90,90,90,90,90,90,90,90,90,90,90,90,90],"card_choices":[{"not_picked":["WitchLeyline","SporeBomb","GravityBeat"],"picked":"SKIP","floor":1.0},{"not_picked":["ChargingUp","GalacticHalo"],"picked":"MilkyWay","floor":3.0},{"not_picked":["DoubleSpark","ChargingUp"],"picked":"GalacticHalo","floor":4.0},{"not_picked":["MillisecondPulsars","LuminesStrike"],"picked":"DragonMeteor","floor":5.0},{"not_picked":["OpenUniverse","PowerUp"],"picked":"EnergyFlow","floor":6.0},{"not_picked":["ManaConvection","Acceleration","LuminesStrike"],"picked":"SKIP","floor":12.0},{"not_picked":["StarBarrage","WitchOfGreed","DoubleSpark"],"picked":"SKIP","floor":13.0},{"not_picked":["MagicAbsorber","MilkyWay","EnergyFlow"],"picked":"SKIP","floor":14.0},{"not_picked":["StarDustReverie","SuperNova"],"picked":"CollectingQuirk","floor":16.0},{"not_picked":["NonDirectionalLaser","IllusionStar","6A"],"picked":"SKIP","floor":18},{"not_picked":["UnstableBomb","WitchLeyline","6A"],"picked":"SKIP","floor":21}],"player_experience":1205840,"relics_obtained":[{"floor":6.0,"key":"BreadOfAWashokuLover"},{"floor":9.0,"key":"Pear"},{"floor":14.0,"key":"AmplifyWand"},{"floor":19,"key":"Red Mask"}],"event_choices":[{"damage_healed":0.0,"max_hp_gain":0.0,"max_hp_loss":0.0,"gold_gain":75.0,"event_name":"betterThird:BetterGoop","player_choice":"Gold","floor":2.0,"gold_loss":0.0,"damage_taken":11.0},{"cards_removed":["Strike_MRS"],"damage_healed":0.0,"max_hp_gain":0.0,"max_hp_loss":0.0,"gold_gain":0.0,"event_name":"The Cleric","player_choice":"Card Removal","floor":8.0,"gold_loss":50.0,"damage_taken":0.0},{"damage_healed":0.0,"max_hp_gain":5.0,"max_hp_loss":0.0,"gold_gain":0.0,"event_name":"Big Fish","player_choice":"Donut","floor":11.0,"gold_loss":0.0,"damage_taken":0.0},{"damage_healed":0,"gold_gain":0,"player_choice":"Fought Bandits","damage_taken":0,"max_hp_gain":0,"max_hp_loss":0,"event_name":"Masked Bandits","floor":19,"gold_loss":0},{"damage_healed":0,"gold_gain":0,"player_choice":"Rummage","damage_taken":0,"relics_obtained":["WarpedTongs"],"max_hp_gain":0,"max_hp_loss":0,"event_name":"Accursed Blacksmith","floor":20,"gold_loss":0,"cards_obtained":["Pain"]}],"is_beta":false,"boss_relics":[{"not_picked":["RampagingMagicTools","Fusion Hammer"],"picked":"SlaversCollar"}],"items_purged_floors":[],"is_endless":false,"potions_floor_spawned":[5,16],"killed_by":"Snecko","ascension_level":0}}