{"host":"BK","time":1610760381,"event":{"mods":["BaseMod","Highlight Path","Minty Spire (QoL Compilation)","StSLib"],"gold_per_floor":[99,99,99,99,99,99,99,99,99,99,47,47,47,47,47,47,47,47,47,47,47,47,47,47,47,47,47,47,47,47,47,47,47,47,47,47,47,47,47,47,47,47],"floor_reached":41,"language":"ENG","playtime":2018,"items_purged":[],"score":906,"play_id":"13553972-9aa3-43a1-862c-9888743cd121","local_time":"20210115182621","is_ascension_mode":true,"campfire_choices":[{"floor":6.0,"key":"REST"},{"floor":8.0,"key":"REST"},{"data":"CarveReality","floor":15.0,"key":"SMITH"},{"floor":24.0,"key":"REST"},{"floor":27.0,"key":"REST"},{"floor":32.0,"key":"REST"},{"floor":40.0,"key":"RECALL"}],"circlet_count":0,"master_deck":["AscendersBane","Strike_P+1","Strike_P+1","Strike_P+1","Strike_P+1","Defend_P+1","Defend_P+1","Defend_P+1","Defend_P+1","Eruption","Vigilance+1","BowlingBash+1","JustLucky","InnerPeace","CarveReality+1","Evaluate","Vengeance","SandsOfTime","CurseOfTheBell","RitualDagger","SpiritShield+1","Adaptation","RitualDagger","Writhe"],"relics":["Ectoplasm","War Paint","Letter Opener","Gambling Chip","Calling Bell","Potion Belt","StrikeDummy","CloakClasp","MutagenicStrength","Toxic Egg 2","Juzu Bracelet","Smiling Mask","SlaversCollar","Shovel"],"acts_visited":["Exordium","TheCity","TheBeyond"],"potions_floor_usage":[41],"damage_taken":[{"damage":0.0,"enemies":"2 Louse","floor":1.0,"turns":2.0},{"damage":2.0,"enemies":"Jaw Worm","floor":2.0,"turns":5.0},{"damage":1.0,"enemies":"Cultist","floor":3.0,"turns":4.0},{"damage":54.0,"enemies":"Gremlin Nob","floor":7.0,"turns":5.0},{"damage":10.0,"enemies":"3 Sentries","floor":12.0,"turns":4.0},{"damage":0.0,"enemies":"3 Louse","floor":13.0,"turns":3.0},{"damage":0.0,"enemies":"Exordium Wildlife","floor":14.0,"turns":2.0},{"damage":11.0,"enemies":"Hexaghost","floor":16.0,"turns":8.0},{"damage":11.0,"enemies":"Shell Parasite","floor":18.0,"turns":4.0},{"damage":0.0,"enemies":"Chosen","floor":20.0,"turns":3.0},{"damage":17.0,"enemies":"Book of Stabbing","floor":23.0,"turns":4.0},{"damage":17.0,"enemies":"Slavers","floor":25.0,"turns":4.0},{"damage":7.0,"enemies":"Book of Stabbing","floor":29.0,"turns":4.0},{"damage":0.0,"enemies":"3 Cultists","floor":31.0,"turns":3.0},{"damage":7.0,"enemies":"Collector","floor":33.0,"turns":9.0},{"damage":51.0,"enemies":"3 Darklings","floor":35.0,"turns":5.0},{"damage":7.0,"enemies":"Mind Bloom Boss Battle","floor":37.0,"turns":7.0},{"damage":58,"enemies":"Nemesis","floor":41,"turns":6}],"seed_played":"809600007676313693","potions_obtained":[{"floor":2.0,"key":"CultistPotion"},{"floor":10.0,"key":"FairyPotion"},{"floor":10.0,"key":"Energy Potion"},{"floor":13.0,"key":"Fruit Juice"},{"floor":14.0,"key":"Explosive Potion"},{"floor":20.0,"key":"StancePotion"},{"floor":25.0,"key":"DistilledChaos"},{"floor":31.0,"key":"Block Potion"},{"floor":37.0,"key":"SkillPotion"}],"is_trial":false,"path_per_floor":["M","M","M","?","?","R","E","R","T","?","$","E","M","M","R","B",null,"M","?","M","?","?","E","R","E","T","R","?","E","?","M","R","B",null,"M","?","?","?","?","R","E"],"character_chosen":"WATCHER","items_purchased":["Evaluate"],"campfire_rested":5,"item_purchase_floors":[11],"current_hp_per_floor":[61,59,58,38,38,58,4,24,24,24,24,14,14,19,19,8,57,46,40,40,40,40,23,44,27,27,48,27,20,20,20,43,36,68,17,17,10,10,26,26,0,0],"gold":47,"neow_bonus":"BOSS_RELIC","is_daily":false,"chose_seed":false,"campfire_upgraded":1,"win_rate":0.0,"timestamp":1610760381,"path_taken":["M","M","M","?","?","R","E","R","T","?","$","E","M","?","R","BOSS","M","?","M","?","?","E","R","E","T","R","?","E","?","M","R","BOSS","M","?","?","?","?","R","E"],"items_purchased_type":["Card"],"build_version":"2020-12-18","purchased_purges":0,"victory":false,"max_hp_per_floor":[68,68,68,68,68,68,68,68,68,68,68,68,68,73,73,73,73,73,73,73,73,73,73,73,73,73,73,78,78,78,78,78,78,78,78,78,78,78,78,78,78,78],"card_choices":[{"not_picked":["Evaluate","FollowUp"],"picked":"BowlingBash","floor":1.0},{"not_picked":["Fasting2","Evaluate"],"picked":"JustLucky","floor":2.0},{"not_picked":["BowlingBash","Fasting2"],"picked":"InnerPeace","floor":3.0},{"not_picked":["Swivel","Perseverance"],"picked":"CarveReality","floor":7.0},{"not_picked":["SashWhip","ClearTheMind"],"picked":"Vengeance","floor":12.0},{"not_picked":["ClearTheMind","ThirdEye","EmptyBody"],"picked":"SKIP","floor":13.0},{"not_picked":["BattleHymn","Weave"],"picked":"SandsOfTime","floor":14.0},{"not_picked":["EmptyBody","FollowUp","CrushJoints"],"picked":"SKIP","floor":18.0},{"not_picked":["Indignation","ConjureBlade","Crescendo"],"picked":"SKIP","floor":20.0},{"not_picked":["ReachHeaven","CutThroughFate","JustLucky"],"picked":"SKIP","floor":23.0},{"not_picked":["ClearTheMind+1","Perseverance+1"],"picked":"SpiritShield+1","floor":25.0},{"not_picked":["CutThroughFate","DeceiveReality+1"],"picked":"Adaptation","floor":29.0},{"not_picked":["ThirdEye+1","Fasting2","ReachHeaven"],"picked":"SKIP","floor":31.0},{"not_picked":["Vengeance+1","JustLucky","WindmillStrike+1"],"picked":"SKIP","floor":35.0}],"player_experience":2499565,"relics_obtained":[{"floor":7.0,"key":"War Paint"},{"floor":9.0,"key":"Letter Opener"},{"floor":12.0,"key":"Gambling Chip"},{"floor":17.0,"key":"Potion Belt"},{"floor":17.0,"key":"StrikeDummy"},{"floor":17.0,"key":"CloakClasp"},{"floor":23.0,"key":"Toxic Egg 2"},{"floor":25.0,"key":"Juzu Bracelet"},{"floor":29.0,"key":"Smiling Mask"},{"floor":37.0,"key":"Shovel"}],"event_choices":[{"damage_healed":0.0,"max_hp_gain":0.0,"max_hp_loss":0.0,"gold_gain":0.0,"event_name":"Shining Light","player_choice":"Entered Light","floor":4.0,"gold_loss":0.0,"damage_taken":20.0,"cards_upgraded":["Defend_P","Strike_P"]},{"damage_healed":0.0,"max_hp_gain":0.0,"max_hp_loss":0.0,"gold_gain":0.0,"event_name":"Living Wall","player_choice":"Grow","floor":5.0,"gold_loss":0.0,"damage_taken":0.0,"cards_upgraded":["BowlingBash"]},{"damage_healed":0.0,"max_hp_gain":0.0,"max_hp_loss":0.0,"gold_gain":0.0,"event_name":"Lab","player_choice":"Got Potions","floor":10.0,"gold_loss":0.0,"damage_taken":0.0},{"damage_healed":0.0,"max_hp_gain":0.0,"max_hp_loss":0.0,"gold_gain":0.0,"event_name":"Nest","player_choice":"Joined the Cult","floor":19.0,"gold_loss":0.0,"damage_taken":6.0,"cards_obtained":["RitualDagger"]},{"damage_healed":0.0,"max_hp_gain":0.0,"max_hp_loss":0.0,"gold_gain":0.0,"event_name":"Back to Basics","player_choice":"Simplicity","floor":21.0,"gold_loss":0.0,"damage_taken":0.0,"cards_upgraded":["Strike_P","Strike_P","Strike_P","Defend_P","Defend_P"]},{"damage_healed":0.0,"max_hp_gain":0.0,"max_hp_loss":0.0,"gold_gain":0.0,"event_name":"Drug Dealer","player_choice":"Inject Mutagens","floor":22.0,"gold_loss":0.0,"damage_taken":0.0,"relics_obtained":["MutagenicStrength"]},{"damage_healed":0.0,"max_hp_gain":5.0,"max_hp_loss":0.0,"gold_gain":0.0,"event_name":"Forgotten Altar","player_choice":"Shed Blood","floor":28.0,"gold_loss":0.0,"damage_taken":26.0},{"damage_healed":0.0,"max_hp_gain":0.0,"max_hp_loss":0.0,"gold_gain":0.0,"event_name":"The Mausoleum","player_choice":"Ignored","floor":30.0,"gold_loss":0.0,"damage_taken":0.0},{"damage_healed":0.0,"max_hp_gain":0.0,"max_hp_loss":0.0,"gold_gain":0.0,"event_name":"Mysterious Sphere","player_choice":"Ignored","floor":36.0,"gold_loss":0.0,"damage_taken":0.0},{"damage_healed":0.0,"max_hp_gain":0.0,"max_hp_loss":0.0,"gold_gain":0.0,"event_name":"MindBloom","player_choice":"Fight","floor":37.0,"gold_loss":0.0,"damage_taken":0.0},{"damage_healed":0.0,"max_hp_gain":0.0,"max_hp_loss":0.0,"gold_gain":0.0,"event_name":"Duplicator","player_choice":"Copied","floor":38.0,"gold_loss":0.0,"damage_taken":0.0,"cards_obtained":["RitualDagger"]},{"damage_healed":16.0,"max_hp_gain":0.0,"max_hp_loss":0.0,"gold_gain":0.0,"event_name":"Winding Halls","player_choice":"Writhe","floor":39.0,"gold_loss":0.0,"damage_taken":0.0,"cards_obtained":["Writhe"]}],"is_beta":true,"boss_relics":[{"not_picked":["VioletLotus","Pandora\u0027s Box"],"picked":"Calling Bell"},{"not_picked":["SacredBark","Tiny House"],"picked":"SlaversCollar"}],"items_purged_floors":[],"is_endless":false,"potions_floor_spawned":[2,13,14,20,25,31,37],"killed_by":"Nemesis","ascension_level":20}}