{"host":"dhlnk6yox2l1s6up","time":1610765589,"event":{"mods":["BaseMod","Colored Map","Highlight Path","Minty Spire (QoL Compilation)","Relic Stats","StSLib"],"gold_per_floor":[119,119,47,65,14,42,42,72,72,100,100,112,112,147,147,252,252,269,288,288,288,302,333,333,364,387,0,0,12,12,29,29,126,126,144,163,177,188,188,215,215,240,263,263,279,289,321,340,340,340,340,340,4,33,33],"floor_reached":56,"language":"ENG","playtime":5145,"items_purged":["Strike_G+1","Strike_G+1"],"score":1777,"play_id":"fccd6868-3e94-491b-ad5d-1392d688558d","local_time":"20210115205309","is_ascension_mode":true,"campfire_choices":[{"data":"Noxious Fumes","floor":7,"key":"SMITH"},{"data":"Bouncing Flask","floor":11,"key":"SMITH"},{"data":"Leg Sweep","floor":13,"key":"SMITH"},{"data":"Slice","floor":15,"key":"SMITH"},{"data":"Footwork","floor":24,"key":"SMITH"},{"data":"Die Die Die","floor":28,"key":"SMITH"},{"data":"Dagger Throw","floor":32,"key":"SMITH"},{"floor":41,"key":"RECALL"},{"data":"Adrenaline","floor":44,"key":"SMITH"},{"data":"Neutralize","floor":49,"key":"SMITH"},{"data":"Acrobatics","floor":52,"key":"SMITH"}],"circlet_count":0,"master_deck":["Strike_G+1","Strike_G+1","Strike_G+1","Defend_G+1","Defend_G+1","Defend_G+1","Defend_G+1","Survivor+1","Neutralize+1","Slice+1","Backstab","Noxious Fumes+1","Leg Sweep+1","Bouncing Flask+1","Dagger Throw+1","Die Die Die+1","Footwork+1","Burst+1","Blade Dance+1","Calculated Gamble","Adrenaline+1","Tactician+1","Deflect+1","Noxious Fumes","PiercingWail+1","Acrobatics+1","Acrobatics+1","Adrenaline","Trip","PiercingWail"],"relics":["Ring of the Snake","NeowsBlessing","Strawberry","Tingsha","StrikeDummy","Pantograph","Singing Bowl","Coffee Dripper","Pen Nib","The Specimen","Regal Pillow","War Paint","Oddly Smooth Stone","Vajra","Enchiridion","Black Star","Kunai","Boot","Lantern","Bag of Marbles","Dream Catcher","Turnip","Mango","Blood Vial"],"acts_visited":["Exordium","TheCity","TheBeyond","TheEnding"],"potions_floor_usage":[14,19,42,55,55,55,55],"damage_taken":[{"damage":0,"enemies":"Small Slimes","floor":1,"turns":1},{"damage":0,"enemies":"Jaw Worm","floor":4,"turns":1},{"damage":0,"enemies":"Gremlin Nob","floor":6,"turns":1},{"damage":11,"enemies":"Lagavulin","floor":8,"turns":8},{"damage":14,"enemies":"3 Sentries","floor":10,"turns":6},{"damage":0,"enemies":"2 Louse","floor":12,"turns":2},{"damage":6,"enemies":"Gremlin Nob","floor":14,"turns":3},{"damage":5,"enemies":"Slime Boss","floor":16,"turns":8},{"damage":0,"enemies":"Shell Parasite","floor":18,"turns":4},{"damage":16,"enemies":"Spheric Guardian","floor":19,"turns":4},{"damage":0,"enemies":"Centurion and Healer","floor":22,"turns":11},{"damage":0,"enemies":"Gremlin Leader","floor":23,"turns":4},{"damage":7,"enemies":"Book of Stabbing","floor":25,"turns":6},{"damage":0,"enemies":"Snake Plant","floor":29,"turns":4},{"damage":12,"enemies":"Cultist and Chosen","floor":31,"turns":3},{"damage":19,"enemies":"Champ","floor":33,"turns":10},{"damage":0,"enemies":"Orb Walker","floor":35,"turns":3},{"damage":0,"enemies":"3 Darklings","floor":36,"turns":2},{"damage":0,"enemies":"Transient","floor":37,"turns":5},{"damage":0,"enemies":"4 Shapes","floor":38,"turns":3},{"damage":7,"enemies":"Reptomancer","floor":40,"turns":5},{"damage":33,"enemies":"Nemesis","floor":42,"turns":5},{"damage":0,"enemies":"3 Darklings","floor":45,"turns":2},{"damage":0,"enemies":"Jaw Worm Horde","floor":46,"turns":3},{"damage":0,"enemies":"Giant Head","floor":47,"turns":5},{"damage":1,"enemies":"Transient","floor":48,"turns":5},{"damage":15,"enemies":"Awakened One","floor":50,"turns":20},{"damage":10,"enemies":"Shield and Spear","floor":54,"turns":6},{"damage":75,"enemies":"The Heart","floor":55,"turns":11}],"seed_played":"-6774817035077908523","potions_obtained":[{"floor":8,"key":"Dexterity Potion"},{"floor":10,"key":"EntropicBrew"},{"floor":14,"key":"Swift Potion"},{"floor":22,"key":"Strength Potion"},{"floor":23,"key":"Explosive Potion"},{"floor":36,"key":"GamblersBrew"},{"floor":40,"key":"DuplicationPotion"},{"floor":47,"key":"Dexterity Potion"}],"is_trial":false,"path_per_floor":["M","?","$","M","$","E","R","E","T","E","R","M","R","E","R","B",null,"M","M","?","?","M","E","R","E","T","$","R","M","?","M","R","B",null,"M","M","M","M","T","E","R","E","T","R","M","M","E","M","R","B",null,"R","$","E","B",null],"character_chosen":"THE_SILENT","items_purchased":["Noxious Fumes","AttackPotion","Oddly Smooth Stone","Vajra","Adrenaline","Trip"],"campfire_rested":0,"item_purchase_floors":[3,5,27,27,53,53],"current_hp_per_floor":[63,63,63,63,63,70,70,59,59,45,45,45,45,39,39,59,73,73,59,59,59,61,61,61,56,56,56,56,58,42,32,32,38,75,77,77,77,79,79,72,72,41,41,41,41,41,57,56,56,66,98,98,98,88,34],"gold":33,"neow_bonus":"THREE_ENEMY_KILL","is_daily":false,"chose_seed":false,"campfire_upgraded":10,"win_rate":0.0,"timestamp":1610765589,"path_taken":["M","?","$","M","$","E","R","E","T","E","R","M","R","E","R","BOSS","M","M","?","?","M","E","R","E","T","$","R","M","?","?","R","BOSS","M","?","M","M","?","E","R","E","T","R","M","?","E","M","R","BOSS","R","$","E","BOSS"],"items_purchased_type":["Card","Potion","Relic","Relic","Card","Card"],"build_version":"2020-12-22","purchased_purges":2,"victory":true,"max_hp_per_floor":[70,70,70,70,70,77,77,77,77,77,77,77,77,77,77,77,77,77,79,79,79,81,81,81,83,83,83,83,85,85,87,87,87,87,89,89,89,91,91,91,91,93,93,93,93,93,109,109,109,109,109,109,109,109,109],"relic_stats":{"Regal Pillow":0,"Singing Bowl":18,"counters":[29,151],"Tingsha":[360],"Pen Nib":[35],"War Paint":["Survivor","Burst"],"Boot":[11],"Blood Vial":2,"Dream Catcher":0,"Pantograph":94,"Turnip":[2],"Black Star":4,"Kunai":[45],"obtain_stats":[{"Regal Pillow":25,"Lantern":40,"NeowsBlessing":0,"Singing Bowl":14,"The Specimen":23,"Oddly Smooth Stone":27,"Vajra":27,"Enchiridion":30,"Tingsha":8,"Mango":47,"Pen Nib":20,"War Paint":26,"Boot":40,"Blood Vial":54,"Dream Catcher":42,"Strawberry":6,"Pantograph":10,"Turnip":47,"Coffee Dripper":17,"Black Star":34,"Bag of Marbles":42,"Kunai":39,"StrikeDummy":9,"Ring of the Snake":0},{"Regal Pillow":13,"Lantern":21,"NeowsBlessing":0,"Singing Bowl":7,"The Specimen":12,"Oddly Smooth Stone":13,"Vajra":13,"Enchiridion":14,"Tingsha":4,"Mango":25,"Pen Nib":10,"War Paint":13,"Boot":21,"Blood Vial":28,"Dream Catcher":22,"Strawberry":3,"Pantograph":5,"Turnip":25,"Coffee Dripper":8,"Black Star":16,"Bag of Marbles":22,"Kunai":20,"StrikeDummy":4,"Ring of the Snake":0},{"Regal Pillow":59,"Lantern":94,"NeowsBlessing":0,"Singing Bowl":22,"The Specimen":53,"Oddly Smooth Stone":59,"Vajra":59,"Enchiridion":63,"Tingsha":11,"Mango":109,"Pen Nib":38,"War Paint":59,"Boot":94,"Blood Vial":140,"Dream Catcher":99,"Strawberry":3,"Pantograph":17,"Turnip":109,"Coffee Dripper":30,"Black Star":76,"Bag of Marbles":99,"Kunai":89,"StrikeDummy":11,"Ring of the Snake":0}],"Ring of the Snake":[58]},"card_choices":[{"not_picked":["PiercingWail","Cloak And Dagger"],"picked":"Slice","floor":1},{"not_picked":["Prepared","Blade Dance"],"picked":"Leg Sweep","floor":4},{"not_picked":["Setup","Malaise"],"picked":"Bouncing Flask","floor":6},{"not_picked":["Setup","Dagger Spray"],"picked":"Dagger Throw","floor":8},{"not_picked":["PiercingWail","Deadly Poison","Outmaneuver"],"picked":"SKIP","floor":10},{"not_picked":["Prepared","Dagger Spray"],"picked":"Die Die Die","floor":12},{"not_picked":["Deflect","Infinite Blades"],"picked":"Footwork","floor":14},{"not_picked":["Grand Finale","Night Terror"],"picked":"Burst","floor":16},{"not_picked":["Prepared","Underhanded Strike"],"picked":"Blade Dance+1","floor":18},{"not_picked":["Dagger Spray","Prepared","Flying Knee"],"picked":"Singing Bowl","floor":19},{"not_picked":["All Out Attack","Dagger Spray","Sucker Punch"],"picked":"Singing Bowl","floor":22},{"not_picked":["Terror","Tactician"],"picked":"Calculated Gamble","floor":23},{"not_picked":["Glass Knife","Infinite Blades","Calculated Gamble"],"picked":"Singing Bowl","floor":25},{"not_picked":["Leg Sweep","Sucker Punch+1","Poisoned Stab+1"],"picked":"Singing Bowl","floor":29},{"not_picked":["Poisoned Stab","Dash+1","Leg Sweep"],"picked":"Singing Bowl","floor":31},{"not_picked":["Glass Knife","Wraith Form v2"],"picked":"Adrenaline","floor":33},{"not_picked":["Heel Hook+1","Dagger Throw+1","PiercingWail"],"picked":"Singing Bowl","floor":35},{"not_picked":["Slice","Distraction"],"picked":"Tactician+1","floor":36},{"not_picked":["Distraction","Expertise"],"picked":"Deflect+1","floor":37},{"not_picked":["Choke+1","Distraction","Underhanded Strike+1"],"picked":"Singing Bowl","floor":38},{"not_picked":["Bullet Time","Sucker Punch"],"picked":"Noxious Fumes","floor":40},{"not_picked":["Heel Hook+1","Underhanded Strike","PiercingWail"],"picked":"Singing Bowl","floor":42},{"not_picked":["Crippling Poison+1","Infinite Blades+1"],"picked":"PiercingWail+1","floor":45},{"not_picked":["Reflex+1","Crippling Poison+1"],"picked":"Acrobatics","floor":46},{"not_picked":["Underhanded Strike","Prepared+1","Blade Dance"],"picked":"Singing Bowl","floor":47},{"not_picked":["Backflip","Bane+1"],"picked":"Acrobatics+1","floor":48},{"not_picked":["Deadly Poison+1","Masterful Stab+1"],"picked":"PiercingWail","floor":54}],"player_experience":5810629,"relics_obtained":[{"floor":6,"key":"Strawberry"},{"floor":8,"key":"Tingsha"},{"floor":9,"key":"StrikeDummy"},{"floor":10,"key":"Pantograph"},{"floor":14,"key":"Singing Bowl"},{"floor":23,"key":"The Specimen"},{"floor":25,"key":"Regal Pillow"},{"floor":26,"key":"War Paint"},{"floor":30,"key":"Enchiridion"},{"floor":39,"key":"Kunai"},{"floor":40,"key":"Boot"},{"floor":40,"key":"Lantern"},{"floor":42,"key":"Bag of Marbles"},{"floor":42,"key":"Dream Catcher"},{"floor":47,"key":"Turnip"},{"floor":47,"key":"Mango"},{"floor":54,"key":"Blood Vial"}],"event_choices":[{"damage_healed":0,"gold_gain":0,"cards_transformed":["Defend_G"],"player_choice":"Change","damage_taken":0,"max_hp_gain":0,"max_hp_loss":0,"event_name":"Living Wall","floor":2,"gold_loss":0,"cards_obtained":["Backstab"]},{"damage_healed":0,"gold_gain":0,"player_choice":"Opened","damage_taken":0,"relics_obtained":["Pen Nib"],"max_hp_gain":0,"max_hp_loss":0,"event_name":"The Mausoleum","floor":20,"gold_loss":0},{"damage_healed":0,"gold_gain":0,"player_choice":"Simplicity","damage_taken":0,"max_hp_gain":0,"max_hp_loss":0,"event_name":"Back to Basics","floor":21,"gold_loss":0,"cards_upgraded":["Strike_G","Strike_G","Strike_G","Strike_G","Strike_G","Defend_G","Defend_G","Defend_G","Defend_G"]},{"damage_healed":0,"gold_gain":0,"player_choice":"Obtained Book","damage_taken":16,"max_hp_gain":0,"max_hp_loss":0,"event_name":"Cursed Tome","floor":30,"gold_loss":0}],"is_beta":false,"boss_relics":[{"not_picked":["Sozu","Tiny House"],"picked":"Coffee Dripper"},{"not_picked":["Velvet Choker","Pandora\u0027s Box"],"picked":"Black Star"}],"items_purged_floors":[27,53],"is_endless":false,"potions_floor_spawned":[8,10,12,14,22,23,25,36,37,40,47],"ascension_level":8}}