{"host":"wvaiab5ya9pyia0u","time":1610823195,"event":{"mods":["2.2 Compatiblity","Act Like it!","Alarm Clock","Aspiration","Bard","BaseMod","Bestiary","Better Vampires","BetterRewards","Challenge The Spire","Colored Map","Colored Powertips","Conspire","Curses Come First","Custom Start","Dark Map","DeckTracker","Dio Mod","Filter the Spire","Fox Events","Hermit","Highlight Path","Hubris","Humility","Infinite Spire","Lobotomy","Mimic Mod","Minty Spire (QoL Compilation)","Pale of the Ancients","Poor People Problems","Practice Mode","Quarter Circle Forward PUNCH!","Quick Restart","Rare Cards Sparkle","Relic Sorter","Relic Stats","Replay The Spire","Reworked Bosses","SacredBarkPlus","Shop Mod","Small Relic Pack","Spicy Shops","StSLib","The Blue Laboratory","The Construct","The Cursed","The Disciple","The Factory","The Hierophant","The Jungle","The Marked","The Mystic","The Runesmith","The Servant 0.9.4","TheBandit","Thieving Mod","Wandering Minibosses","everything is the same but u backflip on backflip","slay the spire mod where everything is the same but ironclad has a cowboy hat"],"gold_per_floor":[111,111,121,118,126,126,150,24,49,49,49,49,49,56,56,153,153,166,119,119,114,125,125,149,149,149,144,144],"floor_reached":27,"language":"ENG","playtime":2693,"items_purged":[],"score":231,"play_id":"548fcfdd-0668-4998-b3de-4311ee9b9319","local_time":"20210116195315","is_ascension_mode":false,"campfire_choices":[{"data":"Runesmith:DuctTape","floor":6,"key":"SMITH"},{"data":"Runesmith:GrandSlam","floor":11,"key":"SMITH"},{"floor":13,"key":"REST"},{"floor":15,"key":"REST"},{"floor":23,"key":"REST"}],"circlet_count":0,"master_deck":["Runesmith:Strike_RS","Runesmith:Strike_RS+1","Runesmith:Defend_RS","Runesmith:Defend_RS","Runesmith:Defend_RS+1","Runesmith:Defend_RS","Runesmith:CraftFirestone","Runesmith:Fortify+1","Runesmith:DuctTape+2","Runesmith:HammerThrow","Runesmith:StaticCage+1","Runesmith:NegativeSpace+1","Runesmith:GrandSlam+1","Runesmith:ShiftingStrike","Runesmith:Grindstone","Runesmith:HammerThrow","Runesmith:CraftMagma","Runesmith:ReplicatingBarrier","Runesmith:PoweredAnvil","Headbutt","dioMod:Hiss","infinitespire:Menacing","Runesmith:Grindstone"],"relics":["Runesmith:BrokenRuby","Gremlin Food","War Paint","Replay:Bottled Snecko","Ring of Searing","conspire:SeveredTorchhead","qcfpunch:Killian_Engine_Alpha","conspire:InfiniteJournal","Bottled Lightning"],"acts_visited":["Exordium","TheCity"],"potions_floor_usage":[16,19,21],"damage_taken":[{"damage":1,"enemies":"Cultist","floor":1,"turns":5},{"damage":2,"enemies":"Small Slimes","floor":3,"turns":4},{"damage":1,"enemies":"Jaw Worm","floor":4,"turns":6},{"damage":0,"enemies":"Large Slime","floor":5,"turns":8},{"damage":14,"enemies":"Lagavulin","floor":7,"turns":11},{"damage":9,"enemies":"Exordium Wildlife","floor":9,"turns":9},{"damage":20,"enemies":"Exordium Wildlife","floor":14,"turns":5},{"damage":12,"enemies":"The Guardian","floor":16,"turns":8},{"damage":20,"enemies":"3 Byrds","floor":18,"turns":6},{"damage":20,"enemies":"Spheric Guardian","floor":19,"turns":7},{"damage":0,"enemies":"conspire:MimicChest","floor":21,"turns":3},{"damage":6,"enemies":"conspire:HollyBat","floor":22,"turns":7},{"damage":32,"enemies":"conspire:SneckoGhost","floor":24,"turns":9},{"damage":15,"enemies":"Chosen and Byrds","floor":27,"turns":4}],"seed_played":"3982391133134000504","potions_obtained":[{"floor":1,"key":"SkillPotion"},{"floor":4,"key":"blueLaboratory:LouseDecoction"},{"floor":16,"key":"blueLaboratory:EnragingPotion"},{"floor":18,"key":"construct:ShiftPotion"},{"floor":22,"key":"blueLaboratory:NullPotion"}],"is_trial":false,"path_per_floor":["M","?","M","M","M","R","E","$","MIM","?","R","?","R","M","R","B",null,"M","M","AVR","?","M","R","E","?","T","M"],"character_chosen":"RUNESMITH_CLASS","items_purchased":["Runesmith:Grindstone","Runesmith:HammerThrow"],"campfire_rested":3,"item_purchase_floors":[8,8],"current_hp_per_floor":[62,67,65,64,64,64,50,50,41,38,38,38,58,38,58,46,68,48,28,28,28,22,42,10,10,10,0,0],"gold":144,"neow_bonus":"THREE_RARE_CARDS","is_daily":false,"chose_seed":false,"campfire_upgraded":2,"win_rate":0.0,"timestamp":1610823195,"path_taken":["M","?","M","M","M","R","E","$","MIM","?","R","?","R","M","R","BOSS","M","M","AVR","?","M","R","E","?","T","?"],"items_purchased_type":["Card","Card"],"build_version":"2020-12-22","purchased_purges":0,"victory":false,"max_hp_per_floor":[63,68,68,68,68,68,68,68,68,68,68,68,68,68,68,68,68,68,68,68,68,68,68,68,68,68,68,68],"relic_stats":{"counters":[14,92],"War Paint":["Runesmith:NegativeSpace","Runesmith:StaticCage"],"obtain_stats":[{"Gremlin Food":7,"conspire:SeveredTorchhead":17,"Runesmith:BrokenRuby":0,"qcfpunch:Cattail":20,"Replay:Bottled Snecko":10,"Bottled Lightning":26,"War Paint":9,"qcfpunch:Killian_Engine_Alpha":20,"Ring of Searing":12,"conspire:InfiniteJournal":24},{"Gremlin Food":5,"conspire:SeveredTorchhead":8,"Runesmith:BrokenRuby":0,"qcfpunch:Cattail":10,"Replay:Bottled Snecko":6,"Bottled Lightning":13,"War Paint":6,"qcfpunch:Killian_Engine_Alpha":10,"Ring of Searing":6,"conspire:InfiniteJournal":13},{"Gremlin Food":34,"conspire:SeveredTorchhead":56,"Runesmith:BrokenRuby":0,"qcfpunch:Cattail":69,"Replay:Bottled Snecko":43,"Bottled Lightning":88,"War Paint":43,"qcfpunch:Killian_Engine_Alpha":69,"Ring of Searing":43,"conspire:InfiniteJournal":88}]},"card_choices":[{"not_picked":["Runesmith:LastStand","Runesmith:UnlimitedPower"],"picked":"Runesmith:DuctTape","floor":0},{"not_picked":["Runesmith:Attraction","Runesmith:CraftIncendium"],"picked":"Runesmith:HammerThrow","floor":1},{"not_picked":["Runesmith:Superposition","Runesmith:FieryHammer"],"picked":"Runesmith:StaticCage","floor":3},{"not_picked":["Runesmith:HeatExchange","Runesmith:RuneHurl"],"picked":"Runesmith:NegativeSpace","floor":4},{"not_picked":["Runesmith:CraftMagma","Runesmith:Augment"],"picked":"Runesmith:GrandSlam","floor":5},{"not_picked":["Runesmith:BackupBattery","Runesmith:ChiselStab"],"picked":"Runesmith:ShiftingStrike","floor":7},{"not_picked":["Runesmith:LastStand","aspiration:UnbridledHammer"],"picked":"Runesmith:CraftMagma","floor":9},{"not_picked":["Runesmith:HeatExchange","Runesmith:StaticCage","Runesmith:UnstableHammer"],"picked":"SKIP","floor":14},{"not_picked":["Runesmith:ArcReactor","Runesmith:GenerateForcefield"],"picked":"Runesmith:ReplicatingBarrier","floor":16},{"not_picked":["Runesmith:CraftMagma","Runesmith:HammerThrow+1"],"picked":"Runesmith:PoweredAnvil","floor":18},{"not_picked":["Runesmith:CraftIncendium+1","Runesmith:CraftObretio","Runesmith:Overpower"],"picked":"SKIP","floor":19},{"not_picked":["Runesmith:Overpower","Runesmith:EnergizedChisel"],"picked":"Runesmith:Grindstone","floor":22},{"not_picked":["Runesmith:MetallurgicalResearch","Runesmith:ShiftingStrike","Runesmith:HammerAndChisel"],"picked":"SKIP","floor":24}],"player_experience":247506,"relics_obtained":[{"floor":7,"key":"Gremlin Food"},{"floor":9,"key":"War Paint"},{"floor":12,"key":"Ring of Searing"},{"floor":24,"key":"conspire:InfiniteJournal"},{"floor":26,"key":"Bottled Lightning"}],"event_choices":[{"damage_healed":0,"gold_gain":0,"player_choice":"Donut","damage_taken":0,"max_hp_gain":5,"max_hp_loss":0,"event_name":"Big Fish","floor":2,"gold_loss":0},{"damage_healed":0,"gold_gain":0,"player_choice":"Success","damage_taken":3,"relics_obtained":["Replay:Bottled Snecko"],"max_hp_gain":0,"max_hp_loss":0,"event_name":"Scrap Ooze","floor":10,"gold_loss":0},{"damage_healed":0,"gold_gain":0,"player_choice":"Upgraded","damage_taken":0,"max_hp_gain":0,"max_hp_loss":0,"event_name":"Upgrade Shrine","floor":25,"gold_loss":0,"cards_upgraded":["Runesmith:DuctTape"]}],"is_beta":false,"boss_relics":[{"not_picked":["aspiration:RunicSpoon","Busted Crown"],"picked":"conspire:SeveredTorchhead"}],"items_purged_floors":[],"is_endless":false,"potions_floor_spawned":[1,4,16,18,21,22],"killed_by":"Chosen and Byrds","ascension_level":0}}