{"host":"jfdrqiydeufe5vnu","time":1610796641,"event":{"mods":["ATMod(阿瑾Mod)","Arknights The Spire","BaseMod","BetterRewards","Downfall","Energized Spire","LagranYue(拉格朗・月)","Minty Spire (QoL Compilation)","Spicy Shops","StSLib","UnlockEverythingMod","【遗物卡牌】REMEMod","篝火指南"],"gold_per_floor":[114,114,114,114,114,39,58,58,9,39,39,39,111,142,142,255,255,272,272,272,272,16,54,54,70,70,70,90,126,147,166,166,271,271,311,26,38,54,54,54,54,79,150,150,150,160,170,20,20,35,35],"floor_reached":50,"language":"ZHS","playtime":2998,"items_purged":["Regret"],"score":717,"play_id":"558e7a26-3b62-4c05-a343-674cfb5fd1d5","local_time":"20210116193041","is_ascension_mode":false,"campfire_choices":[{"floor":12.0,"key":"REST"},{"data":"REME_ACTH","floor":15.0,"key":"SMITH"},{"data":"Ghostly","floor":24.0,"key":"SMITH"},{"data":"AT_FamilyPortrait","floor":27.0,"key":"SMITH"},{"data":"AT_EmpoweredMortalDraw","floor":32.0,"key":"SMITH"},{"data":"Ghostly","floor":40.0,"key":"SMITH"},{"floor":44.0,"key":"REST"},{"data":"Ghostly","floor":49,"key":"SMITH"}],"circlet_count":0,"master_deck":["Strike_R","Strike_R","Strike_R","Strike_R","Defend_R","Defend_R","Defend_R","Defend_R","AT_FamilyPortrait+1","Combust","ats:Thermite Blade","Cleave","Pommel Strike","Flex","REME_ACTH+1","Offering","AT_EmpoweredMortalDraw+1","AT_GerminateFire+1","Ghostly+1","Ghostly+1","Ghostly+1","Ghostly","Ghostly","Inflame","AT_Dispersion","AT_ManFootWork+1","Havoc+1","Madness","Madness","Limit Break"],"relics":["Burning Blood","REME_ComplimentaryCards","AT_ATBox","LagranYue:RandomDrawCardRelic","Centennial Puzzle","AT_DeathDance","REME_ArchaeologicalTools","Red Skull","Pen Nib","AT_MortalBlade","Shuriken","AT_ForceNature","Pear","Empty Cage","FossilizedHelix","White Beast Statue","Lee\u0027s Waffle"],"acts_visited":["Exordium","TheCity","TheBeyond"],"potions_floor_usage":[50,50],"damage_taken":[{"damage":13.0,"enemies":"2 Louse","floor":1.0,"turns":3.0},{"damage":0.0,"enemies":"Jaw Worm","floor":3.0,"turns":2.0},{"damage":6.0,"enemies":"Cultist","floor":7.0,"turns":4.0},{"damage":4.0,"enemies":"Exordium Wildlife","floor":8.0,"turns":2.0},{"damage":13.0,"enemies":"3 Sentries","floor":10.0,"turns":4.0},{"damage":0.0,"enemies":"Gremlin Nob","floor":13.0,"turns":3.0},{"damage":6.0,"enemies":"Looter","floor":14.0,"turns":2.0},{"damage":52.0,"enemies":"The Guardian","floor":16.0,"turns":7.0},{"damage":6.0,"enemies":"Chosen","floor":18.0,"turns":2.0},{"damage":4.0,"enemies":"Book of Stabbing","floor":23.0,"turns":2.0},{"damage":10.0,"enemies":"3 Byrds","floor":25.0,"turns":2.0},{"damage":3.0,"enemies":"Snake Plant","floor":28.0,"turns":3.0},{"damage":0.0,"enemies":"Slavers","floor":29.0,"turns":1.0},{"damage":3.0,"enemies":"Centurion and Healer","floor":30.0,"turns":2.0},{"damage":5.0,"enemies":"Cultist and Chosen","floor":31.0,"turns":3.0},{"damage":17.0,"enemies":"Champ","floor":33.0,"turns":7.0},{"damage":15.0,"enemies":"3 Shapes","floor":35.0,"turns":6.0},{"damage":0.0,"enemies":"3 Darklings","floor":37.0,"turns":2.0},{"damage":13.0,"enemies":"Maw","floor":38.0,"turns":6.0},{"damage":23.0,"enemies":"Spire Growth","floor":42.0,"turns":4.0},{"damage":38.0,"enemies":"Transient","floor":46.0,"turns":5.0},{"damage":2,"enemies":"Maw","floor":47,"turns":6},{"damage":69,"enemies":"Time Eater","floor":50,"turns":10}],"seed_played":"-1893064691124762354","potions_obtained":[{"floor":1.0,"key":"EssenceOfSteel"},{"floor":10.0,"key":"Explosive Potion"},{"floor":14.0,"key":"Strength Potion"},{"floor":16.0,"key":"BloodPotion"},{"floor":18.0,"key":"BloodPotion"},{"floor":37.0,"key":"Weak Potion"},{"floor":46,"key":"Ancient Potion"},{"floor":47,"key":"DuplicationPotion"}],"is_trial":false,"path_per_floor":["M","?","M","R","?","$","M","M","R","E","T","R","E","M","R","B",null,"M","?","?","?","$","E","R","M","T","R","M","E","M","M","R","B",null,"M","$","M","M","?","R","?","M","T","R","?","M","M","$","R","B"],"character_chosen":"IRONCLAD","items_purchased":["AT_Homeward","Combust","Strength Potion","Shuriken","FossilizedHelix","Lee\u0027s Waffle"],"campfire_rested":2,"item_purchase_floors":[0,0,9,22,36,48],"current_hp_per_floor":[73,70,76,76,76,76,76,78,78,71,71,80,80,80,80,34,80,80,40,39,39,39,41,41,37,37,37,40,55,55,55,55,44,55,46,46,52,45,45,45,41,24,24,40,40,26,30,62,62,0,0],"gold":35,"neow_bonus":"","is_daily":false,"chose_seed":false,"campfire_upgraded":6,"win_rate":0.0,"timestamp":1610796641,"path_taken":["M","?","M","$","?","?","?","M","T","E","?","R","E","M","R","BOSS","M","?","?","?","?","E","R","?","T","R","M","E","M","M","R","BOSS","M","$","M","M","?","R","?","M","T","R","?","M","M","?","R","BOSS"],"items_purchased_type":["Card","Card","Potion","Relic","Relic","Relic"],"build_version":"2020-12-22","purchased_purges":1,"victory":false,"max_hp_per_floor":[80,80,80,80,80,80,80,80,80,80,80,80,80,80,80,80,80,80,40,45,45,45,45,45,45,45,45,45,55,55,55,55,55,55,55,55,55,55,55,55,55,55,55,55,55,55,55,62,62,62,62],"card_choices":[{"not_picked":["Clothesline","Burning Pact"],"picked":"Cleave","floor":1.0},{"not_picked":["REME_FearOfPain","Perfected Strike","Clothesline"],"picked":"SKIP","floor":7.0},{"not_picked":["Cleave","Sentinel"],"picked":"Pommel Strike","floor":10.0},{"not_picked":["Havoc","Whirlwind"],"picked":"Flex","floor":13.0},{"not_picked":["True Grit","Thunderclap"],"picked":"REME_ACTH","floor":14.0},{"not_picked":["Impervious","Barricade"],"picked":"Offering","floor":16.0},{"not_picked":["Twin Strike","Clash"],"picked":"AT_GerminateFire+1","floor":18.0},{"not_picked":["Cleave+1","Dropkick"],"picked":"Inflame","floor":23.0},{"not_picked":["Headbutt","Clash"],"picked":"Anger","floor":25.0},{"not_picked":["Cleave","Evolve","Iron Wave"],"picked":"SKIP","floor":28.0},{"not_picked":["AT_DiedThrough","Pummel"],"picked":"AT_Dispersion","floor":29.0},{"not_picked":["Pommel Strike","Headbutt","Sword Boomerang+1"],"picked":"SKIP","floor":30.0},{"not_picked":["Cleave","Warcry"],"picked":"AT_ManFootWork+1","floor":31.0},{"not_picked":["Rage","Evolve+1","Wild Strike+1"],"picked":"SKIP","floor":35.0},{"not_picked":["Twin Strike","Perfected Strike+1"],"picked":"Havoc+1","floor":37.0},{"not_picked":["Shrug It Off","Sword Boomerang","Disarm+1"],"picked":"SKIP","floor":38.0},{"not_picked":["Sentinel+1","Warcry","Intimidate+1"],"picked":"SKIP","floor":42.0},{"not_picked":["Dropkick","Heavy Blade+1"],"picked":"Limit Break","floor":46},{"not_picked":["Disarm","True Grit","Iron Wave+1"],"picked":"SKIP","floor":47}],"player_experience":55954,"relics_obtained":[{"floor":10.0,"key":"REME_ArchaeologicalTools"},{"floor":11.0,"key":"Red Skull"},{"floor":13.0,"key":"Pen Nib"},{"floor":23.0,"key":"AT_ForceNature"},{"floor":29.0,"key":"Pear"},{"floor":43.0,"key":"White Beast Statue"}],"event_choices":[{"damage_healed":0.0,"max_hp_gain":0.0,"max_hp_loss":0.0,"gold_gain":0.0,"event_name":"Scrap Ooze","player_choice":"Success","floor":2.0,"gold_loss":0.0,"damage_taken":3.0,"relics_obtained":["Centennial Puzzle"]},{"damage_healed":0.0,"max_hp_gain":0.0,"max_hp_loss":0.0,"gold_gain":0.0,"event_name":"Big Fish","player_choice":"Box","floor":5.0,"gold_loss":0.0,"damage_taken":0.0,"relics_obtained":["AT_DeathDance"],"cards_obtained":["Regret"]},{"damage_healed":0.0,"max_hp_gain":0.0,"max_hp_loss":40.0,"gold_gain":0.0,"event_name":"Ghosts","player_choice":"Became a Ghost","floor":19.0,"gold_loss":0.0,"damage_taken":0.0,"cards_obtained":["Ghostly","Ghostly","Ghostly","Ghostly","Ghostly"]},{"damage_healed":0.0,"max_hp_gain":5.0,"max_hp_loss":0.0,"gold_gain":0.0,"event_name":"Forgotten Altar","player_choice":"Shed Blood","floor":20.0,"gold_loss":0.0,"damage_taken":10.0},{"damage_healed":0.0,"max_hp_gain":0.0,"max_hp_loss":0.0,"gold_gain":0.0,"event_name":"Vampires","player_choice":"Ignored","floor":21.0,"gold_loss":0.0,"damage_taken":0.0},{"damage_healed":0.0,"max_hp_gain":0.0,"max_hp_loss":0.0,"gold_gain":0.0,"event_name":"Winding Halls","player_choice":"Embrace Madness","floor":41.0,"gold_loss":0.0,"damage_taken":7.0,"cards_obtained":["Madness","Madness"]},{"cards_removed":["Strike_R"],"damage_healed":0.0,"max_hp_gain":0.0,"max_hp_loss":0.0,"gold_gain":0.0,"event_name":"Falling","player_choice":"Removed Attack","floor":45.0,"gold_loss":0.0,"damage_taken":0.0}],"is_beta":false,"boss_relics":[{"not_picked":["Tiny House","energizedSpire:DecayingSkull"],"picked":"AT_MortalBlade"},{"not_picked":["Snecko Eye","Coffee Dripper"],"picked":"Empty Cage"}],"items_purged_floors":[6],"is_endless":false,"potions_floor_spawned":[1,10,14,16,18,28,30,37,46,47],"killed_by":"Time Eater","ascension_level":0}}