{"host":"4qkvkh7pd9qr2mca","time":1610835161,"event":{"mods":["AchievementEnabler","Act Like it!","BaseMod","Colored Map","Colored Powertips","Highlight Path","Minty Spire (QoL Compilation)","Pale of the Ancients","Permanent Neow","Quick Restart","Relic Stats","StSLib","SuperFastMode"],"gold_per_floor":[35,35,80,80,145,145,184,184,184,229,274,274,318,333,333,479,479,503,517,517,517],"floor_reached":20,"language":"ENG","playtime":853,"items_purged":[],"score":422,"play_id":"add60852-6ed3-4d9f-a8a9-7f3fcd7952bc","local_time":"20210116231241","is_ascension_mode":true,"campfire_choices":[{"data":"HandOfGreed","floor":6,"key":"SMITH"},{"floor":8,"key":"REST"},{"data":"Blade Dance","floor":12,"key":"SMITH"},{"floor":15,"key":"REST"}],"circlet_count":0,"master_deck":["AscendersBane","Strike_G","Strike_G","Strike_G","Strike_G","Strike_G","Defend_G","Defend_G","Defend_G","Defend_G","Defend_G","Survivor","Neutralize","HandOfGreed+1","Blade Dance+1","Flying Knee","Pain","Deflect","Malaise","Deflect","Doppelganger","Finisher","Blade Dance"],"relics":["Ring of the Snake","Golden Idol","WarpedTongs","StrikeDummy","Pen Nib","Kunai","SlaversCollar"],"acts_visited":["Exordium","TheCity"],"potions_floor_usage":[13,14,18,20],"damage_taken":[{"damage":6,"enemies":"Jaw Worm","floor":1,"turns":4},{"damage":1,"enemies":"Cultist","floor":3,"turns":4},{"damage":3,"enemies":"Small Slimes","floor":5,"turns":6},{"damage":18,"enemies":"Lagavulin","floor":7,"turns":9},{"damage":7,"enemies":"2 Fungi Beasts","floor":10,"turns":3},{"damage":2,"enemies":"Blue Slaver","floor":11,"turns":4},{"damage":2,"enemies":"Gremlin Nob","floor":13,"turns":2},{"damage":3,"enemies":"Looter","floor":14,"turns":4},{"damage":30,"enemies":"Slime Boss","floor":16,"turns":9},{"damage":17,"enemies":"2 Thieves","floor":18,"turns":5},{"damage":29,"enemies":"Spheric Guardian","floor":19,"turns":4},{"damage":9,"enemies":"Snake Plant","floor":20,"turns":2}],"seed_played":"-6899786010349550446","potions_obtained":[{"floor":1,"key":"Explosive Potion"},{"floor":10,"key":"AttackPotion"},{"floor":13,"key":"Block Potion"},{"floor":18,"key":"CultistPotion"}],"is_trial":false,"path_per_floor":["M","?","M","?","M","R","E","R","T","M","M","R","E","M","R","B",null,"M","M","M"],"character_chosen":"THE_SILENT","items_purchased":[],"campfire_rested":2,"item_purchase_floors":[],"current_hp_per_floor":[53,53,52,52,49,49,31,49,49,42,40,40,38,35,53,23,51,34,5,0,0],"gold":517,"neow_bonus":"RANDOM_COLORLESS_2","is_daily":false,"chose_seed":false,"campfire_upgraded":2,"win_rate":0.0,"timestamp":1610835161,"path_taken":["M","?","M","?","M","R","E","R","T","M","?","R","E","M","R","BOSS","M","M","M"],"items_purchased_type":[],"build_version":"2020-12-22","purchased_purges":0,"victory":false,"max_hp_per_floor":[66,60,60,60,60,60,60,60,60,60,60,60,60,60,60,60,60,60,60,60,60],"relic_stats":{"counters":[12,56],"Golden Idol":63,"Pen Nib":[6],"Kunai":[9],"obtain_stats":[{"SlaversCollar":17,"Golden Idol":2,"Pen Nib":9,"Kunai":13,"StrikeDummy":7,"Ring of the Snake":0,"WarpedTongs":4},{"SlaversCollar":9,"Golden Idol":1,"Pen Nib":4,"Kunai":7,"StrikeDummy":4,"Ring of the Snake":0,"WarpedTongs":2},{"SlaversCollar":45,"Golden Idol":4,"Pen Nib":23,"Kunai":32,"StrikeDummy":23,"Ring of the Snake":0,"WarpedTongs":8}],"Ring of the Snake":[24],"WarpedTongs":[48]},"card_choices":[{"not_picked":["Sadistic Nature","Thinking Ahead"],"picked":"HandOfGreed","floor":0},{"not_picked":["Quick Slash","Riddle With Holes"],"picked":"Blade Dance","floor":1},{"not_picked":["Bane","Catalyst"],"picked":"Flying Knee","floor":3},{"not_picked":["Tactician","Blade Dance","Underhanded Strike"],"picked":"SKIP","floor":5},{"not_picked":["Riddle With Holes","Predator"],"picked":"Deflect","floor":7},{"not_picked":["Deadly Poison","Finisher"],"picked":"Malaise","floor":10},{"not_picked":["Cloak And Dagger","Poisoned Stab","Quick Slash"],"picked":"SKIP","floor":11},{"not_picked":["Underhanded Strike","Deflect","Masterful Stab"],"picked":"SKIP","floor":13},{"not_picked":["Underhanded Strike","Masterful Stab"],"picked":"Deflect","floor":13},{"not_picked":["Bouncing Flask","Tactician","Bane"],"picked":"SKIP","floor":14},{"not_picked":["Grand Finale","Glass Knife"],"picked":"Doppelganger","floor":16},{"not_picked":["Crippling Poison","Dagger Spray"],"picked":"Finisher","floor":18},{"not_picked":["Underhanded Strike","Escape Plan"],"picked":"Blade Dance","floor":19}],"player_experience":572841,"relics_obtained":[{"floor":7,"key":"StrikeDummy"},{"floor":9,"key":"Pen Nib"},{"floor":13,"key":"Kunai"}],"event_choices":[{"damage_healed":0,"gold_gain":0,"player_choice":"Lose Max HP","damage_taken":0,"relics_obtained":["Golden Idol"],"max_hp_gain":0,"max_hp_loss":6,"event_name":"Golden Idol","floor":2,"gold_loss":0},{"damage_healed":0,"gold_gain":0,"player_choice":"Rummage","damage_taken":0,"relics_obtained":["WarpedTongs"],"max_hp_gain":0,"max_hp_loss":0,"event_name":"Accursed Blacksmith","floor":4,"gold_loss":0,"cards_obtained":["Pain"]}],"is_beta":false,"boss_relics":[{"not_picked":["Velvet Choker","Astrolabe"],"picked":"SlaversCollar"}],"items_purged_floors":[],"is_endless":false,"potions_floor_spawned":[1,10,13,18],"killed_by":"Snake Plant","ascension_level":20}}