{"host":"6azrrw3tf7wb0f4b","time":1610769516,"event":{"mods":["BaseMod","DeckTracker","Minty Spire (QoL Compilation)","SuperFastMode"],"gold_per_floor":[109,209,227,238,251,285,67,87,87,87,387,387,403,403,403,403,403],"floor_reached":16,"language":"KOR","playtime":259,"items_purged":[],"score":163,"play_id":"01af3198-422c-4710-8b9e-e87c65b8c0f2","local_time":"20210116125836","is_ascension_mode":true,"campfire_choices":[{"data":"Dualcast","floor":10,"key":"SMITH"},{"floor":12,"key":"REST"},{"data":"Loop","floor":15,"key":"SMITH"}],"circlet_count":0,"master_deck":["AscendersBane","Strike_B","Strike_B","Strike_B","Defend_B","Defend_B","Defend_B","Defend_B","Zap","Dualcast+1","BootSequence","Compile Driver","Go for the Eyes","Ball Lightning","Coolheaded","Loop+1","Core Surge","Undo","Ball Lightning"],"relics":["Cracked Core","Akabeko","Ornamental Fan","Old Coin","Golden Idol"],"acts_visited":["Exordium"],"potions_floor_usage":[6,6],"damage_taken":[{"damage":3,"enemies":"2 Louse","floor":1,"turns":3},{"damage":0,"enemies":"Cultist","floor":3,"turns":4},{"damage":11,"enemies":"Small Slimes","floor":4,"turns":3},{"damage":0,"enemies":"Red Slaver","floor":5,"turns":4},{"damage":25,"enemies":"Lagavulin","floor":6,"turns":6},{"damage":1,"enemies":"3 Louse","floor":8,"turns":3},{"damage":0,"enemies":"Large Slime","floor":13,"turns":4},{"damage":32,"enemies":"Slime Boss","floor":16,"turns":3}],"seed_played":"-3716065264068270861","potions_obtained":[{"floor":1,"key":"PotionOfCapacity"},{"floor":4,"key":"SteroidPotion"},{"floor":13,"key":"LiquidBronze"}],"is_trial":false,"path_per_floor":["M","?","M","M","M","E","$","M","T","R","?","R","M","?","R","B"],"character_chosen":"DEFECT","items_purchased":["Loop","Core Surge"],"campfire_rested":1,"item_purchase_floors":[7,7],"current_hp_per_floor":[65,65,65,54,54,29,29,28,28,28,10,32,32,32,32,0,0],"gold":403,"neow_bonus":"REMOVE_CARD","is_daily":false,"chose_seed":false,"campfire_upgraded":2,"win_rate":0.0,"timestamp":1610769516,"path_taken":["M","?","M","M","?","E","$","M","T","R","?","R","M","?","R","BOSS"],"items_purchased_type":["Card","Card"],"build_version":"2020-12-22","purchased_purges":0,"victory":false,"max_hp_per_floor":[75,75,75,75,75,75,75,75,75,75,75,75,75,69,69,69,69],"card_choices":[{"not_picked":["Aggregate","FTL"],"picked":"BootSequence","floor":1},{"not_picked":["Capacitor","Gash"],"picked":"Compile Driver","floor":3},{"not_picked":["Compile Driver","Redo"],"picked":"Go for the Eyes","floor":4},{"not_picked":["Hologram","Sweeping Beam"],"picked":"Ball Lightning","floor":5},{"not_picked":["Leap","Barrage"],"picked":"Coolheaded","floor":6},{"not_picked":["Redo","Fusion"],"picked":"Undo","floor":8},{"not_picked":["Blizzard","BootSequence"],"picked":"Ball Lightning","floor":13}],"player_experience":720373,"relics_obtained":[{"floor":6,"key":"Akabeko"},{"floor":9,"key":"Ornamental Fan"}],"event_choices":[{"damage_healed":0,"gold_gain":100,"player_choice":"Pray","damage_taken":0,"max_hp_gain":0,"max_hp_loss":0,"event_name":"Golden Shrine","floor":2,"gold_loss":0},{"damage_healed":0,"gold_gain":0,"player_choice":"Success","damage_taken":18,"relics_obtained":["Old Coin"],"max_hp_gain":0,"max_hp_loss":0,"event_name":"Scrap Ooze","floor":11,"gold_loss":0},{"damage_healed":0,"gold_gain":0,"player_choice":"Lose Max HP","damage_taken":0,"relics_obtained":["Golden Idol"],"max_hp_gain":0,"max_hp_loss":6,"event_name":"Golden Idol","floor":14,"gold_loss":0}],"is_beta":false,"boss_relics":[],"items_purged_floors":[],"is_endless":false,"potions_floor_spawned":[1,4,13],"killed_by":"Slime Boss","ascension_level":12}}