{"host":"1bmpebsu0h6jmm2g","time":1610783294,"event":{"mods":["BaseMod","Colored Map","DeckTracker","Highlight Path","Keyboard Shortcuts","Minty Spire (QoL Compilation)","Permanent Neow","Quick Restart","Relic Stats","Slay the Relics Exporter","StSLib","SuperFastMode"],"gold_per_floor":[13,26,38,54,67,67,129,159,204,204,224,235,235,335,335,413,413,430,280,41,53,72,98,98,98,98,133,133,162,180,30,30,108,108,126,146,146,157,176,210,38,68,68,80,80,5,5,20,20,20,20,20,20,46,46,46],"floor_reached":55,"language":"KOR","playtime":1523,"items_purged":["Steam","Rebound","Capacitor","Barrage+1"],"score":1219,"play_id":"681a1b74-a23b-4de3-ae16-8f4fb5df225c","local_time":"20210116164814","is_ascension_mode":true,"campfire_choices":[{"data":"Capacitor","floor":6.0,"key":"SMITH"},{"data":"Barrage","floor":10.0,"key":"SMITH"},{"floor":15.0,"key":"REST"},{"floor":24.0,"key":"REST"},{"data":"Turbo","floor":32.0,"key":"SMITH"},{"data":"Loop","floor":47.0,"key":"SMITH"},{"floor":49.0,"key":"RECALL"},{"data":"Biased Cognition","floor":52.0,"key":"SMITH"}],"circlet_count":0,"master_deck":["AscendersBane","Zap","Dualcast","Biased Cognition+1","Self Repair","Cold Snap","Capacitor+1","Ball Lightning","Compile Driver+1","BootSequence","Seek","Glacier","White Noise","Self Repair","Core Surge","Undo","Turbo+1","Creative AI","Coolheaded+1","Loop","Loop+1","Panacea","Echo Form"],"relics":["Cracked Core","Pen Nib","Mercury Hourglass","MealTicket","Pandora\u0027s Box","Membership Card","Toy Ornithopter","Mummified Hand","Centennial Puzzle","Dream Catcher","Calipers","Runic Dome","Question Card","Runic Capacitor","White Beast Statue"],"acts_visited":["Exordium","TheCity","TheBeyond","TheEnding"],"potions_floor_usage":[],"damage_taken":[{"damage":0.0,"enemies":"Cultist","floor":1.0,"turns":3.0},{"damage":11.0,"enemies":"2 Louse","floor":2.0,"turns":2.0},{"damage":10.0,"enemies":"Small Slimes","floor":3.0,"turns":3.0},{"damage":9.0,"enemies":"Red Slaver","floor":4.0,"turns":3.0},{"damage":15.0,"enemies":"Looter","floor":5.0,"turns":4.0},{"damage":18.0,"enemies":"3 Sentries","floor":7.0,"turns":7.0},{"damage":21.0,"enemies":"Lagavulin","floor":8.0,"turns":6.0},{"damage":0.0,"enemies":"3 Louse","floor":11.0,"turns":2.0},{"damage":10.0,"enemies":"Gremlin Gang","floor":12.0,"turns":3.0},{"damage":6.0,"enemies":"Slime Boss","floor":16.0,"turns":5.0},{"damage":0.0,"enemies":"Spheric Guardian","floor":18.0,"turns":5.0},{"damage":8.0,"enemies":"3 Byrds","floor":21.0,"turns":5.0},{"damage":6.0,"enemies":"Snake Plant","floor":22.0,"turns":4.0},{"damage":56.0,"enemies":"Slavers","floor":23.0,"turns":5.0},{"damage":19.0,"enemies":"Book of Stabbing","floor":27.0,"turns":5.0},{"damage":4.0,"enemies":"Gremlin Leader","floor":29.0,"turns":5.0},{"damage":0.0,"enemies":"Shelled Parasite and Fungi","floor":30.0,"turns":4.0},{"damage":7.0,"enemies":"Automaton","floor":33.0,"turns":7.0},{"damage":0.0,"enemies":"3 Shapes","floor":35.0,"turns":6.0},{"damage":36.0,"enemies":"3 Darklings","floor":36.0,"turns":5.0},{"damage":21.0,"enemies":"Spire Growth","floor":38.0,"turns":4.0},{"damage":1.0,"enemies":"4 Shapes","floor":39.0,"turns":4.0},{"damage":28.0,"enemies":"Reptomancer","floor":40.0,"turns":4.0},{"damage":2.0,"enemies":"Giant Head","floor":42.0,"turns":6.0},{"damage":42.0,"enemies":"3 Darklings","floor":44.0,"turns":4.0},{"damage":3.0,"enemies":"Spire Growth","floor":48.0,"turns":5.0},{"damage":42.0,"enemies":"Time Eater","floor":50.0,"turns":14.0},{"damage":69.0,"enemies":"Shield and Spear","floor":54.0,"turns":7.0},{"damage":26,"enemies":"The Heart","floor":55,"turns":2}],"seed_played":"-8810796977357824664","potions_obtained":[{"floor":1.0,"key":"SkillPotion"},{"floor":3.0,"key":"Fire Potion"},{"floor":8.0,"key":"FairyPotion"},{"floor":18.0,"key":"DistilledChaos"},{"floor":22.0,"key":"FocusPotion"},{"floor":28.0,"key":"Fruit Juice"},{"floor":28.0,"key":"Explosive Potion"},{"floor":29.0,"key":"FocusPotion"},{"floor":54.0,"key":"LiquidMemories"}],"is_trial":false,"path_per_floor":["M","M","M","M","M","R","?","E","T","R","M","M","?","?","R","B",null,"M","$","$","M","M","E","R","?","T","E","?","E","M","$","R","B",null,"M","M","?","M","M","E","$","E","T","M","?","$","R","M","R","B",null,"R","$","E","B"],"character_chosen":"DEFECT","items_purchased":["Capacitor","Membership Card","Core Surge","Calipers","Runic Capacitor","Loop"],"campfire_rested":2,"item_purchase_floors":[19,20,20,31,41,41],"current_hp_per_floor":[68,64,61,59,51,51,40,26,26,26,26,23,8,8,30,31,64,75,75,75,67,75,26,48,48,48,36,46,61,75,80,80,80,80,80,58,58,51,64,50,65,77,77,49,49,64,64,75,75,52,73,73,80,25,0,0],"gold":46,"neow_bonus":"THREE_RARE_CARDS","is_daily":false,"chose_seed":false,"campfire_upgraded":5,"win_rate":0.0,"timestamp":1610783294,"path_taken":["M","M","M","M","M","R","?","E","T","R","M","M","?","?","R","BOSS","M","?","$","M","M","E","R","?","T","E","?","E","M","$","R","BOSS","M","?","?","M","?","E","$","E","T","M","?","$","R","M","R","BOSS","R","$","E","BOSS"],"items_purchased_type":["Card","Relic","Card","Relic","Relic","Card"],"build_version":"2020-12-22","purchased_purges":4,"victory":false,"max_hp_per_floor":[75,75,75,75,75,75,75,75,75,75,75,75,75,75,75,75,75,75,75,75,75,75,75,75,75,75,75,80,80,80,80,80,80,80,80,80,80,80,80,80,80,80,80,80,80,80,80,80,80,80,80,80,80,80,80,80],"relic_stats":{"Centennial Puzzle":[36],"Dream Catcher":0,"counters":[29,138],"Mummified Hand":[141],"MealTicket":42,"Pandora\u0027s Box":["Rebound","BootSequence","Seek","Glacier","Leap","White Noise","Steam","Self Repair"],"Pen Nib":[14],"Question Card":5,"obtain_stats":[{"Calipers":31,"Pen Nib":7,"Runic Capacitor":41,"Question Card":40,"White Beast Statue":42,"Mercury Hourglass":8,"Runic Dome":34,"Centennial Puzzle":27,"Dream Catcher":29,"Mummified Hand":26,"MealTicket":9,"Pandora\u0027s Box":17,"Membership Card":20,"Cracked Core":0,"Toy Ornithopter":23},{"Calipers":17,"Pen Nib":6,"Runic Capacitor":23,"Question Card":23,"White Beast Statue":24,"Mercury Hourglass":7,"Runic Dome":18,"Centennial Puzzle":15,"Dream Catcher":16,"Mummified Hand":14,"MealTicket":7,"Pandora\u0027s Box":10,"Membership Card":11,"Cracked Core":0,"Toy Ornithopter":14},{"Calipers":70,"Pen Nib":22,"Runic Capacitor":100,"Question Card":100,"White Beast Statue":106,"Mercury Hourglass":28,"Runic Dome":77,"Centennial Puzzle":61,"Dream Catcher":66,"Mummified Hand":56,"MealTicket":28,"Pandora\u0027s Box":38,"Membership Card":43,"Cracked Core":0,"Toy Ornithopter":56}],"Toy Ornithopter":15,"Mercury Hourglass":[488]},"card_choices":[{"not_picked":["Multi-Cast","Thunder Strike"],"picked":"Biased Cognition","floor":0.0},{"not_picked":["Consume","Coolheaded"],"picked":"Self Repair","floor":1.0},{"not_picked":["Aggregate","Go for the Eyes"],"picked":"Cold Snap","floor":2.0},{"not_picked":["Stack","Coolheaded"],"picked":"Capacitor","floor":3.0},{"not_picked":["Hologram","Hello World","Melter"],"picked":"SKIP","floor":4.0},{"not_picked":["Hologram","Hello World","Melter"],"picked":"SKIP","floor":4.0},{"not_picked":["Steam","Fission"],"picked":"Ball Lightning","floor":5.0},{"not_picked":["Conserve Battery","Cold Snap"],"picked":"Compile Driver","floor":7.0},{"not_picked":["Go for the Eyes","Steam"],"picked":"Barrage","floor":8.0},{"not_picked":["Consume","Chaos","Go for the Eyes"],"picked":"SKIP","floor":11.0},{"not_picked":["Coolheaded","Ball Lightning","Compile Driver"],"picked":"SKIP","floor":12.0},{"not_picked":["Barrage","Beam Cell","Conserve Battery"],"picked":"SKIP","floor":18.0},{"not_picked":["Aggregate","Stack","Genetic Algorithm"],"picked":"SKIP","floor":21.0},{"not_picked":["Genetic Algorithm","Go for the Eyes"],"picked":"Undo","floor":22.0},{"not_picked":["Static Discharge","Conserve Battery"],"picked":"Turbo","floor":23.0},{"not_picked":["Aggregate","Streamline","Sweeping Beam"],"picked":"SKIP","floor":27.0},{"not_picked":["Reinforced Body","Rebound","Redo"],"picked":"SKIP","floor":29.0},{"not_picked":["Double Energy","Streamline","FTL+1"],"picked":"SKIP","floor":30.0},{"not_picked":["Biased Cognition","Buffer"],"picked":"Creative AI","floor":33.0},{"not_picked":["Barrage","Turbo+1"],"picked":"Coolheaded+1","floor":35.0},{"not_picked":["Redo","Storm","Streamline"],"picked":"SKIP","floor":36.0},{"not_picked":["FTL","Recycle","Conserve Battery"],"picked":"SKIP","floor":38.0},{"not_picked":["Sweeping Beam","Streamline","Compile Driver"],"picked":"SKIP","floor":39.0},{"not_picked":["Doom and Gloom","Leap","Rebound"],"picked":"SKIP","floor":40.0},{"not_picked":["Sweeping Beam","Capacitor","Compile Driver","Redo+1"],"picked":"SKIP","floor":42.0},{"not_picked":["Go for the Eyes","Cold Snap","Redo+1"],"picked":"Loop","floor":44.0},{"not_picked":["Apotheosis","Dark Shackles","The Bomb"],"picked":"Panacea","floor":45.0},{"not_picked":["Hologram","Lockon","Streamline","Stack+1"],"picked":"SKIP","floor":48.0},{"not_picked":["Coolheaded","Stack","Redo"],"picked":"Echo Form","floor":54.0}],"player_experience":490374,"relics_obtained":[{"floor":7.0,"key":"Pen Nib"},{"floor":8.0,"key":"Mercury Hourglass"},{"floor":9.0,"key":"MealTicket"},{"floor":23.0,"key":"Toy Ornithopter"},{"floor":26.0,"key":"Mummified Hand"},{"floor":27.0,"key":"Centennial Puzzle"},{"floor":29.0,"key":"Dream Catcher"},{"floor":40.0,"key":"Question Card"},{"floor":42.0,"key":"White Beast Statue"}],"event_choices":[{"damage_healed":0.0,"max_hp_gain":0.0,"max_hp_loss":0.0,"gold_gain":0.0,"event_name":"Dead Adventurer","player_choice":"Searched \u00272\u0027 times","floor":7.0,"gold_loss":0.0,"damage_taken":0.0},{"damage_healed":0.0,"max_hp_gain":0.0,"max_hp_loss":0.0,"gold_gain":0.0,"event_name":"Shining Light","player_choice":"Entered Light","floor":13.0,"gold_loss":0.0,"damage_taken":15.0,"cards_upgraded":["Compile Driver","Defend_B"]},{"damage_healed":0.0,"max_hp_gain":0.0,"max_hp_loss":0.0,"gold_gain":100.0,"event_name":"Golden Shrine","player_choice":"Pray","floor":14.0,"gold_loss":0.0,"damage_taken":0.0},{"damage_healed":0.0,"max_hp_gain":0.0,"max_hp_loss":0.0,"gold_gain":0.0,"event_name":"Ghosts","player_choice":"Ignored","floor":25.0,"gold_loss":0.0,"damage_taken":0.0},{"damage_healed":0.0,"max_hp_gain":0.0,"max_hp_loss":0.0,"gold_gain":0.0,"event_name":"Lab","player_choice":"Got Potions","floor":28.0,"gold_loss":0.0,"damage_taken":0.0},{"cards_removed":["Leap"],"damage_healed":0.0,"max_hp_gain":0.0,"max_hp_loss":0.0,"gold_gain":0.0,"event_name":"Wheel of Change","player_choice":"Card Removal","floor":37.0,"gold_loss":0.0,"damage_taken":0.0},{"damage_healed":0.0,"max_hp_gain":0.0,"max_hp_loss":0.0,"gold_gain":0.0,"event_name":"SensoryStone","player_choice":"Memory 1","floor":45.0,"gold_loss":0.0,"damage_taken":0.0}],"is_beta":false,"boss_relics":[{"not_picked":["FrozenCore","Empty Cage"],"picked":"Pandora\u0027s Box"},{"not_picked":["Fusion Hammer","Sozu"],"picked":"Runic Dome"}],"items_purged_floors":[19,20,41,46],"is_endless":false,"potions_floor_spawned":[1,3,4,8,11,18,22,29,30,42,44,48,54],"killed_by":"The Heart","ascension_level":13}}