{"host":"dftyqn972q7tuon4","time":1610832828,"event":{"mods":["AchievementEnabler","BaseMod","Better Altar","Better Match","Better Note","Better Sensory Stone","Better Skull","Better Third Choice","Colored Powertips","Highlight Path","Minty Spire (QoL Compilation)","Permanent Neow","Quick Restart","StSLib"],"gold_per_floor":[115,61,71,246,246,279,307,319,345,345,370,370,388,388,388,388,388],"floor_reached":16,"language":"ENG","playtime":556,"items_purged":[],"score":206,"play_id":"f34e21e4-b116-4fa6-9888-5fa14b6b9d92","local_time":"20210116223348","is_ascension_mode":true,"campfire_choices":[{"floor":10,"key":"REST"},{"floor":12,"key":"REST"},{"data":"Zap","floor":15,"key":"SMITH"}],"circlet_count":0,"master_deck":["AscendersBane","Strike_B","Strike_B","Strike_B","Strike_B","Defend_B","Defend_B","Defend_B+1","Defend_B","Zap+1","Dualcast","Doom and Gloom","Coolheaded","Scrape","Doubt","Scrawl","Conserve Battery+1","Go for the Eyes","Scrape","Redo","Redo","Madness"],"relics":["Cracked Core","NeowsBlessing","Potion Belt","Ancient Tea Set","Odd Mushroom","War Paint","StrikeDummy"],"acts_visited":["Exordium"],"potions_floor_usage":[11,16,16],"damage_taken":[{"damage":0,"enemies":"Jaw Worm","floor":1,"turns":1},{"damage":0,"enemies":"2 Louse","floor":3,"turns":1},{"damage":0,"enemies":"3 Sentries","floor":6,"turns":1},{"damage":23,"enemies":"The Mushroom Lair","floor":7,"turns":4},{"damage":9,"enemies":"Small Slimes","floor":8,"turns":2},{"damage":13,"enemies":"Lagavulin","floor":11,"turns":5},{"damage":0,"enemies":"2 Fungi Beasts","floor":13,"turns":3},{"damage":33,"enemies":"The Guardian","floor":16,"turns":11}],"seed_played":"6721924999373835697","potions_obtained":[{"floor":6,"key":"Strength Potion"},{"floor":8,"key":"Swift Potion"},{"floor":13,"key":"LiquidMemories"}],"is_trial":false,"path_per_floor":["M","$","M","?","?","E","?","M","T","R","E","R","M","?","R","B"],"character_chosen":"DEFECT","items_purchased":["Coolheaded"],"campfire_rested":2,"item_purchase_floors":[2],"current_hp_per_floor":[68,68,68,68,36,36,13,4,4,26,13,35,35,35,35,2,2],"gold":388,"neow_bonus":"THREE_ENEMY_KILL","is_daily":false,"chose_seed":false,"campfire_upgraded":1,"win_rate":0.0,"timestamp":1610832828,"path_taken":["M","$","M","?","?","E","?","M","T","R","E","R","M","?","R","BOSS"],"items_purchased_type":["Card"],"build_version":"2020-12-22","purchased_purges":0,"victory":false,"max_hp_per_floor":[75,75,75,75,75,75,75,75,75,75,75,75,75,75,75,75,75],"card_choices":[{"not_picked":["Barrage","Leap"],"picked":"Doom and Gloom","floor":1},{"not_picked":["Force Field","Gash"],"picked":"Scrape","floor":3},{"not_picked":["Hologram","Rebound"],"picked":"Conserve Battery","floor":6},{"not_picked":["Buffer","Beam Cell"],"picked":"Go for the Eyes","floor":7},{"not_picked":["Go for the Eyes","Beam Cell"],"picked":"Scrape","floor":8},{"not_picked":["Streamline","Force Field"],"picked":"Redo","floor":11},{"not_picked":["Cold Snap","Tempest"],"picked":"Redo","floor":13},{"not_picked":["Discovery","Secret Technique"],"picked":"Madness","floor":14}],"player_experience":676572,"relics_obtained":[{"floor":6,"key":"Ancient Tea Set"},{"floor":7,"key":"Odd Mushroom"},{"floor":9,"key":"War Paint"},{"floor":11,"key":"StrikeDummy"}],"event_choices":[{"damage_healed":0,"gold_gain":175,"player_choice":"AGREE","damage_taken":71,"max_hp_gain":0,"max_hp_loss":0,"event_name":"betterThird:BetterSerpent","floor":4,"gold_loss":0},{"damage_healed":0,"gold_gain":0,"player_choice":"Fought Mushrooms","damage_taken":0,"max_hp_gain":0,"max_hp_loss":0,"event_name":"Mushrooms","floor":7,"gold_loss":0},{"damage_healed":0,"gold_gain":1,"player_choice":"1","damage_taken":0,"max_hp_gain":0,"max_hp_loss":0,"event_name":"betterStone:BetterStone","floor":14,"gold_loss":0}],"is_beta":false,"boss_relics":[],"items_purged_floors":[],"is_endless":false,"potions_floor_spawned":[6,8,13],"killed_by":"The Guardian","ascension_level":11}}