{"host":"af1kf8gfe86ugcx8","time":1610756257,"event":{"mods":["2.2 Compatiblity","BaseMod","Better Altar","Better Match","Better Sensory Stone","Better Skull","Better Vampires","BetterRewards","Card Filter","Colored Map","Conspire","Defuse TimeMaze Blight","Downfall","Energized Spire","Friendly Minions","Glutton Mod","Infinite Spire","Kratos Character Expansion","Mad Scientist","Minty Spire (QoL Compilation)","Permanent Neow","Quick Restart","Random Character Button","Replay The Spire","SOS???????","Shop Mod","Spikes Relics","StSLib","The Construct","The Death Knight","The Disciple","The Necromancer","Transform Curses","UnlockEverythingMod"],"gold_per_floor":[99,115,189,189,114,24,47,107,328,350,275,318,450,468,509,636,636,636,585,618,227,227,242,242,242,330,255,302,302,311,338,403,421,421,421,514,511,555,402,402,452,262,325,363,418,457,485,507,424,435],"floor_reached":51,"language":"ENG","playtime":3398,"items_purged":["Defend_Dante","Shoot","Shoot","Defend_Dante","Defend_Dante","Defend_Dante"],"score":986,"play_id":"63629810-b79b-4832-9ac4-11dae091a64a","local_time":"20210115161737","is_ascension_mode":false,"campfire_choices":[{"data":"Redorb","floor":1.0,"key":"SMITH"},{"data":"Rebellion","floor":11,"key":"SMITH"},{"floor":18,"key":"RECALL"},{"floor":27,"key":"REST"},{"floor":29,"key":"REST"},{"floor":35,"key":"REST"},{"floor":40,"key":"REST"}],"circlet_count":0,"master_deck":["Attack_a","Attack_a","Attack_b","Provocation","Redorb+1","Rebellion+1","Royaldefend","expansioncontent:Flail+1","SSScard","Blueorb+1","Millionstab","Swordcombo","infinitespire:Collect","Trickster","Swordmaster","Millionstab","Darkslayer+1","Gilgamesh","infinitespire:Gouge","Demonreform"],"relics":["SSS","Combocheck","conspire:DeflatedDodgeball","Anchor","Bronze Scales","downfall:HeartBlessingGreen","Replay:WaspNest","Fusion Hammer","Membership Card","Quantum Egg","StoneCalendar","Garlic","downfall:HeartBlessingRed","CeramicFish","energizedSpire:MagnifyingGlass","Lizard Tail","TheAbacus","Dream Catcher","Guide Book","infinitespire:Beetle Shell","Orichalcum"],"acts_visited":["Exordium","TheCity","TheBeyond"],"potions_floor_usage":[8,16,47,49],"damage_taken":[{"damage":2.0,"enemies":"Jaw Worm","floor":2.0,"turns":3.0},{"damage":0.0,"enemies":"2 Louse","floor":3.0,"turns":4.0},{"damage":0.0,"enemies":"downfall:FleeingMerchant","floor":6.0,"turns":4.0},{"damage":0,"enemies":"Lagavulin","floor":8,"turns":4},{"damage":0,"enemies":"Cultist","floor":10,"turns":3},{"damage":0,"enemies":"2 Fungi Beasts","floor":12,"turns":2},{"damage":0,"enemies":"3 Sentries","floor":13,"turns":6},{"damage":0,"enemies":"Gremlin Gang","floor":14,"turns":2},{"damage":0,"enemies":"Exordium Thugs","floor":15,"turns":2},{"damage":27,"enemies":"downfall:Ironclad","floor":16,"turns":6},{"damage":0,"enemies":"Spheric Guardian","floor":19,"turns":3},{"damage":5,"enemies":"Shelled Parasite and Fungi","floor":20,"turns":5},{"damage":0,"enemies":"downfall:FleeingMerchant","floor":21,"turns":4},{"damage":0,"enemies":"3 Cultists","floor":23,"turns":3},{"damage":0,"enemies":"downfall:FleeingMerchant","floor":26,"turns":3},{"damage":0,"enemies":"Book of Stabbing","floor":28,"turns":2},{"damage":0,"enemies":"Snake Plant","floor":31,"turns":2},{"damage":0,"enemies":"Snecko","floor":32,"turns":1},{"damage":0,"enemies":"downfall:Silent","floor":33,"turns":1},{"damage":14,"enemies":"3 Shapes","floor":36,"turns":3},{"damage":0,"enemies":"Mind Bloom Boss Battle","floor":37,"turns":2},{"damage":0,"enemies":"3 Darklings","floor":38,"turns":2},{"damage":16,"enemies":"Sphere and 2 Shapes","floor":43,"turns":2},{"damage":0,"enemies":"Jaw Worm Horde","floor":44,"turns":2},{"damage":0,"enemies":"Nightmare","floor":45,"turns":2},{"damage":0,"enemies":"conspire:MimicChest","floor":46,"turns":2},{"damage":39,"enemies":"4 Shapes","floor":47,"turns":3},{"damage":0,"enemies":"Spire Growth","floor":48,"turns":1},{"damage":28,"enemies":"Transient","floor":49,"turns":5},{"damage":0,"enemies":"downfall:Defect","floor":50,"turns":2}],"seed_played":"7085095355852666684","potions_obtained":[{"floor":2.0,"key":"DuplicationPotion"},{"floor":3.0,"key":"Toxic Potion"},{"floor":12,"key":"sneckomod:MuddlingPotion"},{"floor":13,"key":"Strength Potion"},{"floor":16,"key":"Fire Potion"},{"floor":47,"key":"SteroidPotion"},{"floor":49,"key":"Fire Potion"}],"is_trial":false,"path_per_floor":["R","M","M","?","?","$","T","E","?","M","R","M","E","M","M","B",null,"R","M","M","$","?","M","T","AVR","$","R","E","R","?","M","M","B",null,"R","M","?","M","$","R","T","$","M","M","NM","?","M","M","M","B",null],"character_chosen":"DANTE","items_purchased":["Membership Card","Swordcombo","Garlic","Trickster","TheAbacus","Guide Book","Gilgamesh"],"campfire_rested":4,"item_purchase_floors":[21,21,26,26,39,42,42],"current_hp_per_floor":[80,78,78,53,53,53,53,53,35,35,35,35,35,35,35,8,80,80,80,75,75,75,75,75,75,75,100,100,100,100,100,100,100,110,110,96,96,96,96,120,120,120,104,104,104,104,65,65,85,103],"gold":435,"neow_bonus":"THREE_CARDS","is_daily":false,"chose_seed":false,"campfire_upgraded":2,"win_rate":0.0,"timestamp":1610756257,"path_taken":["R","M","M","?","?","$","T","E","?","M","R","M","E","M","M","BOSS","R","M","?","$","?","M","T","AVR","?","R","E","R","?","?","M","BOSS","R","M","?","M","$","R","T","$","M","M","NM","?","?","M","M","BOSS"],"items_purchased_type":["Relic","Card","Relic","Card","Relic","Relic","Card"],"build_version":"2020-12-22","purchased_purges":6,"victory":true,"max_hp_per_floor":[80,80,80,80,80,80,80,80,80,80,80,80,80,80,80,80,80,80,90,90,100,100,100,100,100,100,100,100,100,100,100,100,110,110,110,110,120,120,120,120,120,120,120,120,120,120,120,120,130,130],"card_choices":[{"not_picked":["Shock","Fullhouse"],"picked":"Rebellion","floor":0.0},{"not_picked":["Weaponupgrade","Lucifer"],"picked":"Royaldefend","floor":2.0},{"not_picked":["Ecstasy","VitalstarS","LucifercomboB"],"picked":"SKIP","floor":3.0},{"not_picked":["Replay:SS_forest_6+1","expansioncontent:Torchfire+1"],"picked":"expansioncontent:Flail+1","floor":5.0},{"not_picked":["LucifercomboA","BeastUppercut","Demonreform"],"picked":"SKIP","floor":6.0},{"not_picked":["LucifercomboA","Straight","DevilstarL"],"picked":"SKIP","floor":8},{"not_picked":["Greenorb","Gilgamesh"],"picked":"Rebellion","floor":10},{"not_picked":["CoyoteA","Rebellion"],"picked":"SSScard","floor":12},{"not_picked":["DT","GilgameshcomboA","Gilgamesh"],"picked":"SKIP","floor":13},{"not_picked":["Weaponchange","BeastUppercut","LucifercomboD"],"picked":"SKIP","floor":14},{"not_picked":["VitalstarM","Gunslinger","Shock"],"picked":"SKIP","floor":15},{"not_picked":["Demonreform","Goldorb"],"picked":"Blueorb","floor":16},{"not_picked":["Weaponupgrade+1","DT","Holywater"],"picked":"SKIP","floor":19},{"not_picked":["Kick13","CoyoteA+1","LucifercomboA+1"],"picked":"SKIP","floor":20},{"not_picked":["VitalstarS+1","Weaponchange"],"picked":"Millionstab","floor":21},{"not_picked":["Weaponchange+1","CoyoteA+1","Rebellion"],"picked":"SKIP","floor":23},{"not_picked":["LucifercomboA","Goldorb","Chargeshoot2+1"],"picked":"SKIP","floor":26},{"not_picked":["Dash2","VitalstarS"],"picked":"Swordmaster","floor":28},{"not_picked":["Dash2","Shock","DevilstarS"],"picked":"SKIP","floor":31},{"not_picked":["Chargeshoot2+1","DT","Kick13"],"picked":"SKIP","floor":32},{"not_picked":["Royalguard","Airtrick"],"picked":"Darkslayer","floor":33},{"not_picked":["Unrisingdragon+1","Fullhouse+1","DT"],"picked":"SKIP","floor":36},{"not_picked":["Honeycombofire","Chargeshoot","BeastUppercut+1"],"picked":"SKIP","floor":38},{"not_picked":["Millionstab","Whiteorb+1","Chargeshoot"],"picked":"SKIP","floor":43},{"not_picked":["Chargeshoot","Holywater+1","GilgameshcomboA"],"picked":"SKIP","floor":44},{"not_picked":["ReplayTheSpireMod:??????????????????????","infinitespire:SealOfDarkness+"],"picked":"infinitespire:Gouge","floor":45},{"not_picked":["Whiteorb","Holywater+1","Gilgamesh"],"picked":"SKIP","floor":45},{"not_picked":["Honeycombofire+1","Kick13+1","LucifercomboA+1"],"picked":"SKIP","floor":47},{"not_picked":["LucifercomboD+1","Whiteorb"],"picked":"Demonreform","floor":48},{"not_picked":["Rebellion","DevilstarS+1","EbonyIvory+1"],"picked":"SKIP","floor":49}],"player_experience":316549,"relics_obtained":[{"floor":7.0,"key":"Anchor"},{"floor":8,"key":"Bronze Scales"},{"floor":13,"key":"Replay:WaspNest"},{"floor":24,"key":"Quantum Egg"},{"floor":28,"key":"CeramicFish"},{"floor":37,"key":"Lizard Tail"},{"floor":41,"key":"Dream Catcher"},{"floor":45,"key":"infinitespire:Beetle Shell"},{"floor":46,"key":"Orichalcum"}],"event_choices":[{"damage_healed":0.0,"max_hp_gain":0.0,"max_hp_loss":0.0,"gold_gain":0.0,"event_name":"Scrap Ooze","player_choice":"Success","floor":4.0,"gold_loss":0.0,"damage_taken":25.0,"relics_obtained":["conspire:DeflatedDodgeball"]},{"damage_healed":0.0,"max_hp_gain":0.0,"max_hp_loss":0.0,"gold_gain":0.0,"event_name":"betterMatch:BetterMatch","player_choice":"2","floor":5.0,"gold_loss":0.0,"damage_taken":0.0,"cards_obtained":["betterMatch:ColorlessUncommonCard"]},{"damage_healed":0,"gold_gain":221,"player_choice":"GO GO ","damage_taken":20,"relics_obtained":[],"max_hp_gain":0,"max_hp_loss":0,"event_name":"betterSkull:BetterSkull","floor":9,"gold_loss":0,"cards_upgraded":[]},{"damage_healed":0,"gold_gain":0,"player_choice":"Ignored","damage_taken":0,"max_hp_gain":0,"max_hp_loss":0,"event_name":"NoteForYourself","floor":22,"gold_loss":0},{"damage_healed":0,"gold_gain":0,"cards_transformed":["Rebellion"],"player_choice":"Transformed","damage_taken":0,"max_hp_gain":0,"max_hp_loss":0,"event_name":"Transmorgrifier","floor":30,"gold_loss":0,"cards_obtained":["Millionstab"]}],"is_beta":false,"boss_relics":[{"not_picked":["energizedSpire:RedRose","energizedSpire:NeverEndingSparkler"],"picked":"Fusion Hammer"},{"not_picked":["Pandora\u0027s Box","energizedSpire:DeadBattery"],"picked":"energizedSpire:MagnifyingGlass"}],"items_purged_floors":[6,21,25,26,39,42],"is_endless":false,"potions_floor_spawned":[2,3,12,13,16,19,28,32,33,37,44,45,47,48,49],"ascension_level":0}}