{"host":"57p7dt3z3srco180","time":1610831864,"event":{"mods":["AchievementEnabler","Aspiration","BaseMod","BetterRewards","Colored Map","Colored Powertips","Dark Map","GifTheSpireLib","Hubris","Infinite Spire","Marisa????????","Mimic Mod","Minty Spire (QoL Compilation)","Remilia??????","Replay The Spire","Shop Mod","StSLib","Synergy Search"],"gold_per_floor":[110,110,110,60,14,42,32,64,64,76,76,76,126,16,16,16,16],"floor_reached":16,"language":"ENG","playtime":809,"items_purged":["hubris:Despair"],"score":200,"play_id":"e3dd4d85-f368-4769-81a1-f51a1d0137ff","local_time":"20210116131744","is_ascension_mode":true,"campfire_choices":[{"floor":15,"key":"REST"}],"circlet_count":0,"master_deck":["Strike_R","Strike_R","Strike_R","Strike_R+1","Defend_R","Defend_R","Defend_R","Defend_R","Bash","Rampage","Rupture","Rupture","Finesse","Sadistic Nature+1","Intimidate","Dramatic Entrance","Offering","Spot Weakness","Dramatic Entrance","Armaments","Warcry","hubris:Compulsion","infinitespire:UltimateForm","Injury"],"relics":["Burning Blood","Membership Card","MerchantsRug","hubris:Towel","Strange Spoon","Lantern","infinitespire:EmpoweringShard","Frozen Egg 2","Anchor","MealTicket"],"acts_visited":["Exordium"],"potions_floor_usage":[6,8,16,16],"damage_taken":[{"damage":2,"enemies":"Small Slimes","floor":1,"turns":3},{"damage":23,"enemies":"3 Sentries","floor":6,"turns":8},{"damage":22,"enemies":"Gremlin Nob","floor":8,"turns":3},{"damage":6,"enemies":"Jaw Worm","floor":10,"turns":1},{"damage":52,"enemies":"Hexaghost","floor":16,"turns":9}],"seed_played":"782222897246216851","potions_obtained":[{"floor":1,"key":"Strength Potion"},{"floor":6,"key":"Fire Potion"},{"floor":10,"key":"EssenceOfSteel"}],"is_trial":false,"path_per_floor":["M","?","?","?","$","E","$","E","T","M","?","?","T","$","R","B"],"character_chosen":"IRONCLAD","items_purchased":["Membership Card","MerchantsRug","Rampage","Rupture","Finesse","Sadistic Nature","Replay:Multitool","GamblersBrew","Pocketwatch","Dramatic Entrance","Strange Spoon","Spot Weakness","Dramatic Entrance","MealTicket"],"campfire_rested":1,"item_purchase_floors":[0,0,0,0,0,0,0,0,0,5,5,7,7,14],"current_hp_per_floor":[76,76,60,60,60,43,43,27,27,27,27,27,27,27,51,0,0],"gold":16,"neow_bonus":"","is_daily":false,"chose_seed":false,"campfire_upgraded":0,"win_rate":0.0,"timestamp":1610831864,"path_taken":["M","?","?","?","$","E","$","E","T","?","?","?","?","?","R","BOSS"],"items_purchased_type":["Relic","Relic","Card","Card","Card","Card","Relic","Potion","Relic","Card","Relic","Card","Card","Relic"],"build_version":"2020-12-22","purchased_purges":1,"victory":false,"max_hp_per_floor":[80,80,80,80,80,80,80,80,80,80,80,80,80,80,80,80,80],"card_choices":[{"not_picked":["Life Link","Havoc"],"picked":"Intimidate","floor":1},{"not_picked":["Feed","Thunderclap"],"picked":"Offering","floor":6},{"not_picked":["Havoc","Thunderclap"],"picked":"Armaments","floor":8},{"not_picked":["Barricade","ReplayTheSpireMod:LeadingStrike"],"picked":"Warcry","floor":10},{"not_picked":["ReplayTheSpireMod:Black Plague","infinitespire:Punishment"],"picked":"infinitespire:UltimateForm","floor":11}],"player_experience":309676,"relics_obtained":[{"floor":6,"key":"Lantern"},{"floor":8,"key":"infinitespire:EmpoweringShard"},{"floor":13,"key":"Anchor"}],"event_choices":[{"damage_healed":0,"gold_gain":0,"player_choice":"Entered Light","damage_taken":16,"max_hp_gain":0,"max_hp_loss":0,"event_name":"Shining Light","floor":3,"gold_loss":0,"cards_upgraded":["Strike_R","Sadistic Nature"]},{"cards_removed":["Strike_R"],"damage_healed":0,"gold_gain":0,"player_choice":"Card Removal","damage_taken":0,"max_hp_gain":0,"max_hp_loss":0,"event_name":"The Cleric","floor":4,"gold_loss":50}],"is_beta":false,"boss_relics":[],"items_purged_floors":[14],"is_endless":false,"potions_floor_spawned":[1,6,10],"killed_by":"Hexaghost","ascension_level":6}}