{"host":"yo9wwslrag05lh37","time":1610827724,"event":{"mods":["AchievementEnabler","BaseMod","Block Reminder","Colored Map","Colored Powertips","GifTheSpireLib","HexUI Lib","Highlight Path","Minty Spire (QoL Compilation)","Rare Cards Sparkle","Relic Stats","StSLib","everything is the same but u backflip on backflip"],"gold_per_floor":[213,232,242,257,207,233,247,247,247,87,87,87,114,131,131,229,229,247,276,325,342,60,90,90,115,141,157,157,157],"floor_reached":28,"language":"ENG","playtime":2097,"items_purged":["Strike_P","JustLucky"],"score":480,"play_id":"81c723b1-eec5-4ee3-a7cc-bd3933238995","local_time":"20210116210844","is_ascension_mode":true,"campfire_choices":[{"data":"Eruption","floor":8.0,"key":"SMITH"},{"floor":12.0,"key":"REST"},{"data":"MentalFortress","floor":15.0,"key":"SMITH"},{"floor":24,"key":"REST"}],"circlet_count":0,"master_deck":["Eruption+1","Vigilance","Sanctity","WheelKick","FlurryOfBlows","EmptyMind","FlyingSleeves","SandsOfTime","EmptyFist","MentalFortress+1","Establishment","MasterReality","DeceiveReality","Perseverance","Tantrum","CarveReality","Adaptation","WaveOfTheHand","EmptyMind","Master of Strategy","Vault","CrushJoints","CrushJoints"],"relics":["PureWater","FossilizedHelix","Pantograph","Bag of Preparation","Yang","Pandora\u0027s Box","Red Mask","Vajra","Boot","Akabeko","Anchor"],"acts_visited":["Exordium","TheCity"],"potions_floor_usage":[],"damage_taken":[{"damage":0.0,"enemies":"Cultist","floor":1.0,"turns":3.0},{"damage":0.0,"enemies":"2 Louse","floor":2.0,"turns":2.0},{"damage":0.0,"enemies":"Jaw Worm","floor":3.0,"turns":3.0},{"damage":23.0,"enemies":"Large Slime","floor":4.0,"turns":9.0},{"damage":31.0,"enemies":"Lagavulin","floor":6.0,"turns":6.0},{"damage":0.0,"enemies":"3 Louse","floor":7.0,"turns":2.0},{"damage":0.0,"enemies":"Gremlin Nob","floor":13.0,"turns":2.0},{"damage":15.0,"enemies":"Exordium Thugs","floor":14.0,"turns":5.0},{"damage":0.0,"enemies":"Hexaghost","floor":16.0,"turns":7.0},{"damage":0.0,"enemies":"Chosen","floor":18.0,"turns":4.0},{"damage":10.0,"enemies":"Masked Bandits","floor":19.0,"turns":4.0},{"damage":0.0,"enemies":"2 Thieves","floor":21.0,"turns":3.0},{"damage":33.0,"enemies":"Gremlin Leader","floor":23.0,"turns":6.0},{"damage":37,"enemies":"Slavers","floor":25,"turns":8},{"damage":0,"enemies":"Cultist and Chosen","floor":27,"turns":4},{"damage":10,"enemies":"Colosseum Slavers","floor":28,"turns":2}],"seed_played":"471057699179731030","potions_obtained":[{"floor":3.0,"key":"Dexterity Potion"},{"floor":4.0,"key":"DuplicationPotion"},{"floor":6.0,"key":"AttackPotion"},{"floor":18.0,"key":"Fire Potion"},{"floor":23.0,"key":"GamblersBrew"},{"floor":25,"key":"SteroidPotion"}],"is_trial":false,"path_per_floor":["M","M","M","M","?","E","M","R","T","$","?","R","E","M","R","B",null,"M","?","T","M","$","E","R","E","T","M","?"],"character_chosen":"WATCHER","items_purchased":["Swift Potion","SandsOfTime","Master of Strategy"],"campfire_rested":2,"item_purchase_floors":[10,10,22],"current_hp_per_floor":[65,65,65,42,42,11,11,11,11,11,8,29,29,14,14,39,64,64,54,54,54,54,21,42,5,5,5,0,0],"gold":157,"neow_bonus":"HUNDRED_GOLD","is_daily":false,"chose_seed":false,"campfire_upgraded":2,"win_rate":0.0,"timestamp":1610827724,"path_taken":["M","?","M","M","?","E","M","R","T","$","?","R","E","M","R","BOSS","M","?","?","M","$","E","R","E","T","M","?"],"items_purchased_type":["Potion","Card","Card"],"build_version":"2020-12-22","purchased_purges":2,"victory":false,"max_hp_per_floor":[72,72,72,72,72,72,72,72,72,72,72,72,72,72,72,72,72,72,72,72,72,72,72,72,72,72,72,72,72],"relic_stats":{"counters":[16,70],"Pantograph":25,"Yang":[102],"Pandora\u0027s Box":["MasterReality","DeceiveReality","Perseverance","JustLucky","Tantrum","CarveReality"],"Bag of Preparation":[20],"Boot":[8],"obtain_stats":[{"Anchor":26,"Pantograph":9,"Vajra":20,"Yang":13,"Pandora\u0027s Box":17,"Bag of Preparation":11,"Red Mask":19,"PureWater":0,"Boot":23,"FossilizedHelix":6,"Akabeko":25},{"Anchor":14,"Pantograph":6,"Vajra":11,"Yang":7,"Pandora\u0027s Box":9,"Bag of Preparation":6,"Red Mask":11,"PureWater":0,"Boot":13,"FossilizedHelix":5,"Akabeko":14},{"Anchor":64,"Pantograph":25,"Vajra":47,"Yang":27,"Pandora\u0027s Box":39,"Bag of Preparation":25,"Red Mask":47,"PureWater":0,"Boot":56,"FossilizedHelix":23,"Akabeko":64}]},"card_choices":[{"not_picked":["PathToVictory","Prostrate"],"picked":"Sanctity","floor":1.0},{"not_picked":["BowlingBash","Prostrate"],"picked":"WheelKick","floor":2.0},{"not_picked":["Perseverance","PathToVictory"],"picked":"FlurryOfBlows","floor":3.0},{"not_picked":["FollowUp","PathToVictory","Alpha"],"picked":"SKIP","floor":4.0},{"not_picked":["ClearTheMind","ReachHeaven"],"picked":"EmptyMind","floor":6.0},{"not_picked":["ClearTheMind","JustLucky"],"picked":"FlyingSleeves","floor":7.0},{"not_picked":["SashWhip","Prostrate"],"picked":"EmptyFist","floor":13.0},{"not_picked":["CutThroughFate","Protect"],"picked":"MentalFortress","floor":14.0},{"not_picked":["Blasphemy","ConjureBlade"],"picked":"Establishment","floor":16.0},{"not_picked":["EmptyFist","FlurryOfBlows+1"],"picked":"Adaptation","floor":18.0},{"not_picked":["FollowUp+1","BattleHymn+1"],"picked":"WaveOfTheHand","floor":19.0},{"not_picked":["EmptyFist","FlyingSleeves"],"picked":"EmptyMind","floor":21.0},{"not_picked":["DeceiveReality","CarveReality"],"picked":"Vault","floor":23.0},{"not_picked":["JustLucky","FlyingSleeves"],"picked":"CrushJoints","floor":25},{"not_picked":["Crescendo","Wireheading"],"picked":"CrushJoints","floor":27}],"player_experience":1499749,"relics_obtained":[{"floor":6.0,"key":"FossilizedHelix"},{"floor":9.0,"key":"Pantograph"},{"floor":13.0,"key":"Yang"},{"floor":19.0,"key":"Red Mask"},{"floor":20.0,"key":"Vajra"},{"floor":23.0,"key":"Boot"},{"floor":25,"key":"Akabeko"},{"floor":26,"key":"Anchor"}],"event_choices":[{"cards_removed":["Defend_P"],"damage_healed":0.0,"max_hp_gain":0.0,"max_hp_loss":0.0,"gold_gain":0.0,"event_name":"The Cleric","player_choice":"Card Removal","floor":5.0,"gold_loss":50.0,"damage_taken":0.0},{"damage_healed":0.0,"max_hp_gain":0.0,"max_hp_loss":0.0,"gold_gain":0.0,"event_name":"Scrap Ooze","player_choice":"Success","floor":11.0,"gold_loss":0.0,"damage_taken":3.0,"relics_obtained":["Bag of Preparation"]},{"damage_healed":0.0,"max_hp_gain":0.0,"max_hp_loss":0.0,"gold_gain":0.0,"event_name":"Masked Bandits","player_choice":"Fought Bandits","floor":19.0,"gold_loss":0.0,"damage_taken":0.0},{"damage_healed":0,"gold_gain":0,"player_choice":"Fight","damage_taken":0,"max_hp_gain":0,"max_hp_loss":0,"event_name":"Colosseum","floor":28,"gold_loss":0}],"is_beta":false,"boss_relics":[{"not_picked":["Philosopher\u0027s Stone","Velvet Choker"],"picked":"Pandora\u0027s Box"}],"items_purged_floors":[10,22],"is_endless":false,"potions_floor_spawned":[3,4,6,14,18,23,25],"killed_by":"Colosseum Slavers","ascension_level":8}}