{"host":"2pmmafybkq7zb6na","time":1610796367,"event":{"mods":["AchievementEnabler","BaseMod","Colored Map","Highlight Path","Minty Spire (QoL Compilation)","Quick Restart","StSLib","SuperFastMode"],"gold_per_floor":[110,285,305,315,332,365,379,379,379,379,379,379],"floor_reached":11,"language":"KOR","playtime":457,"items_purged":[],"score":75,"play_id":"2c401222-00ec-40f0-b2d2-a68fcde1eeb5","local_time":"20210116202607","is_ascension_mode":false,"campfire_choices":[{"floor":10,"key":"REST"}],"circlet_count":0,"master_deck":["Strike_B","Strike_B","Strike_B","Strike_B","Defend_B","Defend_B","Defend_B","Defend_B","Zap","Dualcast","Steam Power","Doubt","Go for the Eyes","Coolheaded","Genetic Algorithm","Loop"],"relics":["Cracked Core","The Courier","Bottled Lightning"],"acts_visited":["Exordium"],"potions_floor_usage":[6,11],"damage_taken":[{"damage":6,"enemies":"2 Louse","floor":1,"turns":3},{"damage":15,"enemies":"Jaw Worm","floor":3,"turns":4},{"damage":0,"enemies":"Cultist","floor":4,"turns":4},{"damage":8,"enemies":"Looter","floor":5,"turns":3},{"damage":32,"enemies":"3 Sentries","floor":6,"turns":11},{"damage":12,"enemies":"Large Slime","floor":7,"turns":7},{"damage":31,"enemies":"Gremlin Nob","floor":11,"turns":6}],"seed_played":"-7047731108118252064","potions_obtained":[{"floor":1,"key":"LiquidBronze"},{"floor":7,"key":"PowerPotion"}],"is_trial":false,"path_per_floor":["M","?","M","M","M","E","M","?","T","R","E"],"character_chosen":"DEFECT","items_purchased":[],"campfire_rested":1,"item_purchase_floors":[],"current_hp_per_floor":[76,76,61,61,53,21,9,9,9,33,2,2],"gold":379,"neow_bonus":"TEN_PERCENT_HP_BONUS","is_daily":false,"chose_seed":false,"campfire_upgraded":0,"win_rate":0.0,"timestamp":1610796367,"path_taken":["M","?","M","M","M","E","M","?","T","R","E"],"items_purchased_type":[],"build_version":"2020-12-22","purchased_purges":0,"victory":false,"max_hp_per_floor":[82,82,82,82,82,82,82,82,82,82,82,82],"card_choices":[{"not_picked":["Blizzard","Turbo"],"picked":"Steam Power","floor":1},{"not_picked":["Coolheaded","Beam Cell"],"picked":"Go for the Eyes","floor":3},{"not_picked":["Leap","Compile Driver"],"picked":"Coolheaded","floor":4},{"not_picked":["Cold Snap","Leap"],"picked":"Genetic Algorithm","floor":5},{"not_picked":["Echo Form","Rip and Tear"],"picked":"Loop","floor":6},{"not_picked":["Streamline","Doom and Gloom","Compile Driver"],"picked":"SKIP","floor":7}],"player_experience":56897,"relics_obtained":[{"floor":6,"key":"The Courier"},{"floor":9,"key":"Bottled Lightning"}],"event_choices":[{"damage_healed":0,"gold_gain":175,"player_choice":"AGREE","damage_taken":0,"max_hp_gain":0,"max_hp_loss":0,"event_name":"Liars Game","floor":2,"gold_loss":0,"cards_obtained":["Doubt"]},{"damage_healed":0,"gold_gain":0,"player_choice":"Fled","damage_taken":0,"max_hp_gain":0,"max_hp_loss":0,"event_name":"Scrap Ooze","floor":8,"gold_loss":0}],"is_beta":false,"boss_relics":[],"items_purged_floors":[],"is_endless":false,"potions_floor_spawned":[1,7],"killed_by":"Gremlin Nob","ascension_level":0}}