{"host":"wvhb1cpt008qp3ei","time":1610802420,"event":{"mods":["BaseMod","Hermit","KOR Keyword Fix","Minty Spire (QoL Compilation)","StSLib","The Cursed","The Dragon Tamer","The Gatherer","The Hierophant","The Poker Player","The Runesmith"],"gold_per_floor":[114,389,400,419,24,24,38,38,38,38,1,20,20,20,20,20,20],"floor_reached":16,"language":"KOR","playtime":221,"items_purged":[],"score":90,"play_id":"2b93e59b-9fd7-46f3-8404-2683f0479c82","local_time":"20210116220700","is_ascension_mode":false,"campfire_choices":[{"data":"hermit:Misfire","floor":6.0,"key":"SMITH"},{"data":"hermit:EyeOfTheStorm","floor":10.0,"key":"SMITH"},{"data":"hermit:FullyLoaded","floor":15.0,"key":"SMITH"}],"circlet_count":0,"master_deck":["hermit:Strike_Hermit","hermit:Strike_Hermit","hermit:Strike_Hermit","hermit:Strike_Hermit","hermit:Defend_Hermit","hermit:Defend_Hermit","hermit:Defend_Hermit","hermit:Snapshot","hermit:Covet","hermit:Misfire+1","Regret","hermit:Virtue","hermit:EyeOfTheStorm+1","hermit:EyeOfTheStorm","hermit:FullyLoaded+1","hermit:Grudge"],"relics":["hermit:Momento","NeowsBlessing","Darkstone Periapt","Nunchaku","Pocketwatch","Pantograph","Sundial"],"acts_visited":["Exordium"],"potions_floor_usage":[],"damage_taken":[{"damage":0.0,"enemies":"Cultist","floor":1.0,"turns":1.0},{"damage":0.0,"enemies":"Small Slimes","floor":3.0,"turns":1.0},{"damage":0.0,"enemies":"Jaw Worm","floor":4.0,"turns":1.0},{"damage":5.0,"enemies":"Looter","floor":7.0,"turns":3.0},{"damage":11.0,"enemies":"Blue Slaver","floor":12.0,"turns":4.0},{"damage":0,"enemies":"Slime Boss","floor":16,"turns":1}],"seed_played":"8062078392820360303","potions_obtained":[{"floor":3.0,"key":"BlessingOfTheForge"},{"floor":4.0,"key":"hermit:Eclipse"}],"is_trial":false,"path_per_floor":["M","?","M","M","$","R","M","?","T","R","$","M","?","T","R","B"],"character_chosen":"HERMIT","items_purchased":["Darkstone Periapt","Nunchaku","hermit:EyeOfTheStorm"],"campfire_rested":0,"item_purchase_floors":[5,5,11],"current_hp_per_floor":[75,75,75,75,75,75,70,58,58,58,58,47,47,47,47,47,47],"gold":20,"neow_bonus":"THREE_ENEMY_KILL","is_daily":false,"chose_seed":false,"campfire_upgraded":3,"win_rate":0.0,"timestamp":1610802420,"path_taken":["M","?","?","M","?","R","?","?","T","R","$","M","?","?","R","BOSS"],"items_purchased_type":["Relic","Relic","Card"],"build_version":"2020-12-22","purchased_purges":0,"victory":false,"max_hp_per_floor":[75,75,75,75,75,75,75,75,75,75,75,75,75,75,75,75,75],"card_choices":[{"not_picked":["hermit:Cheat","hermit:Determination"],"picked":"hermit:Misfire","floor":1.0},{"not_picked":["hermit:Desperado","hermit:Coalescence"],"picked":"hermit:Virtue","floor":3.0},{"not_picked":["hermit:Glare","hermit:FlashPowder","hermit:Dive"],"picked":"SKIP","floor":4.0},{"not_picked":["hermit:Ricochet","hermit:Manifest"],"picked":"hermit:EyeOfTheStorm","floor":7.0},{"not_picked":["hermit:Vantage","hermit:Dive"],"picked":"hermit:FullyLoaded","floor":12.0}],"player_experience":30144,"relics_obtained":[{"floor":9.0,"key":"Pantograph"},{"floor":14.0,"key":"Sundial"}],"event_choices":[{"damage_healed":0.0,"max_hp_gain":0.0,"max_hp_loss":0.0,"gold_gain":275.0,"event_name":"Golden Shrine","player_choice":"Desecrate","floor":2.0,"gold_loss":0.0,"damage_taken":0.0,"cards_obtained":["Regret"]},{"damage_healed":0.0,"max_hp_gain":0.0,"max_hp_loss":0.0,"gold_gain":0.0,"event_name":"Scrap Ooze","player_choice":"Success","floor":8.0,"gold_loss":0.0,"damage_taken":12.0,"relics_obtained":["Pocketwatch"]},{"damage_healed":0.0,"max_hp_gain":0.0,"max_hp_loss":0.0,"gold_gain":0.0,"cards_transformed":["hermit:Defend_Hermit"],"event_name":"Living Wall","player_choice":"Change","floor":13.0,"gold_loss":0.0,"damage_taken":0.0,"cards_obtained":["hermit:Grudge"]}],"is_beta":false,"boss_relics":[],"items_purged_floors":[],"is_endless":false,"potions_floor_spawned":[3,4],"killed_by":"Slime Boss","ascension_level":0}}