{"host":"xwog71r75u8mqwn1","time":1610773803,"event":{"mods":["BaseMod","Evolution","Minty Spire (QoL Compilation)","StSLib"],"gold_per_floor":[117,127,145,159,159,159,194,194,194,229,229,241,241,166,166,265,265,283,303,317,317,144,144,169,169,217,229,229,240,252,127,127,223,273,286,136,186,197,197,197,197,197],"floor_reached":41,"language":"ENG","playtime":2107,"items_purged":["Defend_R","Strike_R","Strike_R","Strike_R"],"score":674,"play_id":"ed001e85-756e-44d1-922e-3ce42220143e","local_time":"20210115231003","is_ascension_mode":true,"campfire_choices":[{"data":"Carnage","floor":6,"key":"SMITH"},{"data":"Clash","floor":8,"key":"SMITH"},{"floor":11,"key":"REST"},{"data":"Metallicize","floor":15,"key":"SMITH"},{"floor":28,"key":"REST"},{"data":"Rage","floor":32,"key":"SMITH"},{"floor":40,"key":"REST"}],"circlet_count":0,"master_deck":["AscendersBane","Headbutt","Strike_R+1","Defend_R+1","Defend_R+1","Bash+1","Carnage+1","Clash+1","Iron Wave","Metallicize+1","Demon Form+1","Reaper","Clash","Cleave","Metallicize+1","Clash","Rage+1","Shrug It Off"],"relics":["Burning Blood","EVO:Axolotl","NeowsBlessing","Bronze Scales","Frozen Egg 2","Magic Flower","Black Star","War Paint","MealTicket","Happy Flower","Tiny House","Prayer Wheel"],"acts_visited":["Exordium","TheCity","TheBeyond"],"potions_floor_usage":[16,41],"damage_taken":[{"damage":0,"enemies":"Cultist","floor":1,"turns":1},{"damage":0,"enemies":"Jaw Worm","floor":2,"turns":1},{"damage":0,"enemies":"2 Louse","floor":3,"turns":1},{"damage":18,"enemies":"Exordium Wildlife","floor":4,"turns":6},{"damage":23,"enemies":"Lagavulin","floor":7,"turns":6},{"damage":21,"enemies":"3 Sentries","floor":10,"turns":8},{"damage":24,"enemies":"Lots of Slimes","floor":12,"turns":4},{"damage":34,"enemies":"Hexaghost","floor":16,"turns":6},{"damage":6,"enemies":"Spheric Guardian","floor":18,"turns":3},{"damage":7,"enemies":"Chosen","floor":19,"turns":3},{"damage":37,"enemies":"Snake Plant","floor":20,"turns":3},{"damage":47,"enemies":"Gremlin Leader","floor":24,"turns":7},{"damage":43,"enemies":"Centurion and Healer","floor":27,"turns":5},{"damage":6,"enemies":"Cultist and Chosen","floor":29,"turns":6},{"damage":22,"enemies":"3 Cultists","floor":30,"turns":4},{"damage":73,"enemies":"Automaton","floor":33,"turns":8},{"damage":28,"enemies":"3 Shapes","floor":35,"turns":4},{"damage":29,"enemies":"Mind Bloom Boss Battle","floor":37,"turns":6},{"damage":46,"enemies":"Orb Walker","floor":38,"turns":5},{"damage":68,"enemies":"Giant Head","floor":41,"turns":6}],"seed_played":"-1681407385395808803","potions_obtained":[{"floor":2,"key":"ColorlessPotion"},{"floor":3,"key":"Weak Potion"},{"floor":4,"key":"AttackPotion"},{"floor":18,"key":"Strength Potion"}],"is_trial":false,"path_per_floor":["M","M","M","M","?","R","E","R","T","E","R","M","?","$","R","B",null,"M","M","M","?","$","?","E","?","T","M","R","M","M","$","R","B",null,"M","$","?","M","?","R","E"],"character_chosen":"IRONCLAD","items_purchased":["Metallicize+1"],"campfire_rested":3,"item_purchase_floors":[22],"current_hp_per_floor":[78,80,80,68,68,68,51,51,51,36,60,45,71,71,71,46,72,75,80,52,37,37,65,54,54,54,20,45,59,72,85,85,21,74,55,70,61,24,24,51,0,0],"gold":197,"neow_bonus":"THREE_ENEMY_KILL","is_daily":false,"chose_seed":false,"campfire_upgraded":4,"win_rate":0.0,"timestamp":1610773803,"path_taken":["M","?","M","M","?","R","E","R","T","E","R","?","?","?","R","BOSS","M","M","?","?","$","?","E","?","T","M","R","?","M","$","R","BOSS","M","$","?","M","?","R","E"],"items_purchased_type":["Card"],"build_version":"2020-12-22","purchased_purges":4,"victory":false,"max_hp_per_floor":[80,80,80,80,80,80,80,80,80,80,80,80,80,80,80,80,80,80,80,80,85,85,85,85,85,85,85,85,85,85,85,85,85,90,90,90,90,90,90,90,90,90],"card_choices":[{"not_picked":["Clothesline","Bloodletting"],"picked":"Carnage","floor":1},{"not_picked":["Sever Soul","Headbutt"],"picked":"Clash","floor":2},{"not_picked":["Clothesline","Flex"],"picked":"Iron Wave","floor":3},{"not_picked":["Havoc","Clothesline"],"picked":"Metallicize","floor":4},{"not_picked":["Heavy Blade","Warcry","Pommel Strike"],"picked":"SKIP","floor":7},{"not_picked":["Flex","Havoc"],"picked":"Demon Form+1","floor":10},{"not_picked":["Burning Pact","Sentinel","Rampage"],"picked":"SKIP","floor":12},{"not_picked":["Burning Pact","Sentinel","Rampage"],"picked":"SKIP","floor":12},{"not_picked":["Offering","Impervious"],"picked":"Reaper","floor":16},{"not_picked":["Heavy Blade","Havoc+1"],"picked":"Clash","floor":18},{"not_picked":["Flex","Headbutt"],"picked":"Cleave","floor":19},{"not_picked":["Fire Breathing+1","Sword Boomerang+1","Armaments+1"],"picked":"SKIP","floor":20},{"not_picked":["Evolve+1","Reckless Charge","Sentinel+1"],"picked":"SKIP","floor":24},{"not_picked":["Intimidate","Perfected Strike","Armaments"],"picked":"SKIP","floor":27},{"not_picked":["Bludgeon","Combust+1"],"picked":"Clash","floor":29},{"not_picked":["Whirlwind","Sword Boomerang"],"picked":"Rage","floor":30},{"not_picked":["Thunderclap","Warcry","Heavy Blade"],"picked":"SKIP","floor":35},{"not_picked":["True Grit","Heavy Blade"],"picked":"Shrug It Off","floor":38},{"not_picked":["Rupture+1","Hemokinesis","Dropkick"],"picked":"SKIP","floor":38}],"player_experience":2458577,"relics_obtained":[{"floor":7,"key":"Bronze Scales"},{"floor":9,"key":"Frozen Egg 2"},{"floor":10,"key":"Magic Flower"},{"floor":24,"key":"War Paint"},{"floor":24,"key":"MealTicket"},{"floor":26,"key":"Happy Flower"},{"floor":37,"key":"Prayer Wheel"}],"event_choices":[{"damage_healed":0,"gold_gain":0,"player_choice":"Forge","damage_taken":0,"max_hp_gain":0,"max_hp_loss":0,"event_name":"Accursed Blacksmith","floor":5,"gold_loss":0,"cards_upgraded":["Bash"]},{"damage_healed":26,"gold_gain":0,"player_choice":"Banana","damage_taken":0,"max_hp_gain":0,"max_hp_loss":0,"event_name":"Big Fish","floor":13,"gold_loss":0},{"damage_healed":0,"gold_gain":0,"player_choice":"Shed Blood","damage_taken":20,"max_hp_gain":5,"max_hp_loss":0,"event_name":"Forgotten Altar","floor":21,"gold_loss":0},{"damage_healed":28,"gold_gain":0,"player_choice":"Heal","damage_taken":0,"max_hp_gain":0,"max_hp_loss":0,"event_name":"The Library","floor":23,"gold_loss":0},{"damage_healed":0,"gold_gain":0,"player_choice":"Bought 0 Potions","damage_taken":0,"max_hp_gain":0,"max_hp_loss":0,"event_name":"The Woman in Blue","floor":25,"gold_loss":0},{"damage_healed":0,"gold_gain":0,"player_choice":"Fight","damage_taken":0,"max_hp_gain":0,"max_hp_loss":0,"event_name":"MindBloom","floor":37,"gold_loss":0},{"cards_removed":["Defend_R"],"damage_healed":0,"gold_gain":0,"player_choice":"Offered Basic","damage_taken":0,"max_hp_gain":0,"max_hp_loss":0,"event_name":"Bonfire Elementals","floor":39,"gold_loss":0}],"is_beta":false,"boss_relics":[{"not_picked":["Pandora\u0027s Box","Coffee Dripper"],"picked":"Black Star"},{"not_picked":["Busted Crown","Astrolabe"],"picked":"Tiny House"}],"items_purged_floors":[14,22,31,36],"is_endless":false,"potions_floor_spawned":[2,3,4,7,18,24,33,37],"killed_by":"Giant Head","ascension_level":12}}