{"host":"h1qktzcccqnez8tx","time":1610758186,"event":{"mods":["BaseMod","Block Reminder","Colored Map","Colored Powertips","Curses Come First","Downfall","Highlight Path","Jorbs\u0027s Wanderer Trilogy","Minty Spire (QoL Compilation)","Permanent Neow","Quick Restart","Relic Stats","Replay The Spire","Say the Spire","StSLib","The Cursed","The Disciple","The Hierophant","The Necromancer","The Servant 0.9.4"],"gold_per_floor":[112,129,140,156,10,10,30,65,146,179,197,157,167,181,181,277,277,292,215,183,199,210,210,210,210],"floor_reached":24,"language":"ENG","playtime":3071,"items_purged":[],"score":239,"play_id":"3627e520-52ca-472a-a58f-912647dce8fc","local_time":"20210116014946","is_ascension_mode":false,"campfire_choices":[{"data":"Misdirection","floor":6,"key":"SMITH"},{"floor":15,"key":"REST"},{"data":"FloweringNight","floor":23,"key":"SMITH"}],"circlet_count":0,"master_deck":["Strike_S","Strike_S","Strike_S","Strike_S","Defend_S","Defend_S+1","Defend_S","Defend_S","KidneyShot","Exchange","Misdirection+1","InstantArmor","Ricochet","FloweringNight+1","Ricochet","Desolation","Moonlight","Dilation","Desolation","TimeWarp","SpecialFormula+1"],"relics":["Uniform","Boot","Gremlin Food","Gremlin Horn","Torii","StoneMask"],"acts_visited":["Exordium","TheCity"],"potions_floor_usage":[8,8,16,16],"damage_taken":[{"damage":0,"enemies":"Small Slimes","floor":1,"turns":4},{"damage":1,"enemies":"Cultist","floor":2,"turns":4},{"damage":1,"enemies":"2 Louse","floor":3,"turns":4},{"damage":0,"enemies":"Exordium Wildlife","floor":4,"turns":6},{"damage":0,"enemies":"2 Fungi Beasts","floor":7,"turns":3},{"damage":0,"enemies":"Gremlin Nob","floor":8,"turns":4},{"damage":29,"enemies":"Lagavulin","floor":10,"turns":7},{"damage":0,"enemies":"3 Louse","floor":11,"turns":2},{"damage":6,"enemies":"Large Slime","floor":13,"turns":5},{"damage":9,"enemies":"2 Fungi Beasts","floor":14,"turns":2},{"damage":27,"enemies":"Fading Forest","floor":16,"turns":11},{"damage":0,"enemies":"Chosen","floor":18,"turns":6},{"damage":8,"enemies":"2 Thieves","floor":20,"turns":5},{"damage":4,"enemies":"Centurion and Healer","floor":21,"turns":12},{"damage":17,"enemies":"3 Cultists","floor":22,"turns":6},{"damage":0,"enemies":"Snake Plant","floor":24,"turns":1}],"seed_played":"-5225676393743002607","potions_obtained":[{"floor":2,"key":"PowerPotion"},{"floor":3,"key":"Toxic Potion"},{"floor":10,"key":"Block Potion"},{"floor":12,"key":"Fire Potion"},{"floor":12,"key":"Adrenaline Potion"},{"floor":16,"key":"FearPotion"}],"is_trial":false,"path_per_floor":["M","M","M","M","$","R","M","E","T","E","M","?","M","M","R","B",null,"M","$","M","M","M","R","M"],"character_chosen":"THE_SERVANT","items_purchased":["Boot","EssenceOfSteel"],"campfire_rested":1,"item_purchase_floors":[5,19],"current_hp_per_floor":[71,70,69,69,69,69,69,69,69,40,40,40,34,25,46,29,71,72,72,67,69,61,61,61,61],"gold":210,"neow_bonus":"TEN_PERCENT_HP_BONUS","is_daily":false,"chose_seed":false,"campfire_upgraded":2,"win_rate":0.0,"timestamp":1610758186,"path_taken":["M","M","M","M","$","R","M","E","T","E","M","?","?","M","R","BOSS","M","$","M","M","M","R","M"],"items_purchased_type":["Relic","Potion"],"build_version":"2020-12-22","purchased_purges":0,"victory":false,"max_hp_per_floor":[71,71,71,71,71,71,71,71,71,71,71,71,71,71,71,71,71,72,72,73,75,78,78,78,78],"relic_stats":{"Gremlin Horn":[11,12],"Torii":18,"counters":[16,82],"Boot":[41],"obtain_stats":[{"Gremlin Food":8,"Gremlin Horn":9,"Torii":10,"StoneMask":17,"Uniform":0,"Boot":5},{"Gremlin Food":6,"Gremlin Horn":6,"Torii":7,"StoneMask":11,"Uniform":0,"Boot":4},{"Gremlin Food":25,"Gremlin Horn":25,"Torii":32,"StoneMask":52,"Uniform":0,"Boot":18}]},"card_choices":[{"not_picked":["Alleviate","Defy"],"picked":"Misdirection","floor":1},{"not_picked":["WasteNot","Manipulate","Read"],"picked":"SKIP","floor":2},{"not_picked":["Starlight","Unruled"],"picked":"InstantArmor","floor":3},{"not_picked":["Alleviate","RealityMarble","Spin"],"picked":"SKIP","floor":4},{"not_picked":["Revamp","BottledTime"],"picked":"Ricochet","floor":7},{"not_picked":["Advance","DoubleEdge","Spin"],"picked":"SKIP","floor":8},{"not_picked":["Foresight","Revamp"],"picked":"FloweringNight","floor":10},{"not_picked":["Alleviate","Reset"],"picked":"Ricochet","floor":11},{"not_picked":["ShatteredReality","Spin"],"picked":"Desolation","floor":13},{"not_picked":["Rewind","Read"],"picked":"Moonlight","floor":14},{"not_picked":["SoulSculpture","Embodiment"],"picked":"Dilation","floor":16},{"not_picked":["Starlight","Shuttle"],"picked":"Desolation","floor":18},{"not_picked":["Collapse","MoonPhase+1","DoubleEdge"],"picked":"SKIP","floor":20},{"not_picked":["Gouge+1","Rewind"],"picked":"TimeWarp","floor":21},{"not_picked":["Replace","Spin"],"picked":"SpecialFormula+1","floor":22}],"player_experience":97815,"relics_obtained":[{"floor":8,"key":"Gremlin Food"},{"floor":9,"key":"Gremlin Horn"},{"floor":10,"key":"Torii"}],"event_choices":[{"damage_healed":0,"gold_gain":0,"player_choice":"Bought 3 Potions","damage_taken":0,"max_hp_gain":0,"max_hp_loss":0,"event_name":"The Woman in Blue","floor":12,"gold_loss":0}],"is_beta":false,"boss_relics":[{"not_picked":["Astrolabe","Replay:Grab Bag"],"picked":"StoneMask"}],"items_purged_floors":[],"is_endless":false,"potions_floor_spawned":[2,3,10,14,16,22],"killed_by":"Snake Plant","ascension_level":0}}