{"host":"l84l8xigz5v5foa2","time":1610769511,"event":{"mods":["2.2 Compatiblity","AchievementEnabler","BaseMod","Better Note","Better Vampires","Card Filter","Colored Map","DeckTracker","Downfall","Gremlin Skip","Highlight Path","Keyboard Shortcuts","Minty Spire (QoL Compilation)","Permanent Neow","Quick Restart","Relic Filter","Relic Stats","StSLib","SuperFastMode","Transform Curses","Unknown Chances"],"gold_per_floor":[99,113,128,128,148,166,166,197,197,34,34,19,19,33,52,52,52],"floor_reached":16,"language":"ENG","playtime":1898,"items_purged":[],"score":102,"play_id":"a7dccfaf-1ee3-4a7a-baef-dcc17e795437","local_time":"20210116125831","is_ascension_mode":false,"campfire_choices":[{"data":"bronze:Goto","floor":1.0,"key":"SMITH"},{"data":"bronze:SpaghettiCode","floor":9.0,"key":"SMITH"},{"data":"bronze:ForLoop","floor":11,"key":"SMITH"},{"data":"Blind","floor":13,"key":"SMITH"}],"circlet_count":0,"master_deck":["bronze:Strike","bronze:Strike","bronze:Strike","bronze:Defend","bronze:Defend+1","bronze:Defend","bronze:Defend","bronze:Replicate","bronze:Goto+1","Blind+1","bronze:DelayedGuard","bronze:Optimize","bronze:ThunderWave","bronze:ChosenStrike","bronze:SpaghettiCode+1","bronze:ForLoop+1","bronze:CloningBeam+1"],"relics":["bronze:BronzeCore","Pocketwatch","Mercury Hourglass","champ:Barbells"],"acts_visited":[],"potions_floor_usage":[16],"damage_taken":[{"damage":0.0,"enemies":"Small Slimes","floor":2.0,"turns":4.0},{"damage":0.0,"enemies":"Cultist","floor":3.0,"turns":4.0},{"damage":5.0,"enemies":"2 Louse","floor":5.0,"turns":4.0},{"damage":6.0,"enemies":"Blue Slaver","floor":6.0,"turns":4.0},{"damage":8.0,"enemies":"3 Sentries","floor":8.0,"turns":8.0},{"damage":0,"enemies":"downfall:FleeingMerchant","floor":10,"turns":4},{"damage":0,"enemies":"downfall:FleeingMerchant","floor":12,"turns":4},{"damage":0,"enemies":"2 Fungi Beasts","floor":14,"turns":3},{"damage":0,"enemies":"Exordium Wildlife","floor":15,"turns":4},{"damage":56,"enemies":"SI_SHIV_ARCHETYPE","floor":16,"turns":8}],"seed_played":"-4942831965945528991","potions_obtained":[{"floor":8.0,"key":"SmokeBomb"},{"floor":14,"key":"Dexterity Potion"}],"is_trial":false,"path_per_floor":["R","M","M","?","M","M","T","E","R","$","R","$","R","M","M","B"],"character_chosen":"THE_AUTOMATON","items_purchased":["champ:Barbells"],"campfire_rested":0,"item_purchase_floors":[10],"current_hp_per_floor":[70,70,70,70,65,59,59,51,51,51,51,51,51,51,51,0,0],"gold":52,"neow_bonus":"RANDOM_COLORLESS","is_daily":false,"chose_seed":false,"campfire_upgraded":4,"win_rate":0.0,"timestamp":1610769511,"path_taken":["R","M","M","?","?","M","T","E","R","$","R","$","R","M","M","BOSS"],"items_purchased_type":["Relic"],"build_version":"2020-12-22","purchased_purges":0,"victory":false,"max_hp_per_floor":[70,70,70,70,70,70,70,70,70,70,70,70,70,70,70,70,70],"relic_stats":{"counters":[10,47],"obtain_stats":[{"champ:Barbells":10,"bronze:BronzeCore":0,"Pocketwatch":7,"Mercury Hourglass":8},{"champ:Barbells":6,"bronze:BronzeCore":0,"Pocketwatch":4,"Mercury Hourglass":5},{"champ:Barbells":28,"bronze:BronzeCore":0,"Pocketwatch":16,"Mercury Hourglass":24}],"Pocketwatch":[30],"Mercury Hourglass":[54]},"card_choices":[{"not_picked":["Panacea","Purity"],"picked":"Blind","floor":0.0},{"not_picked":["bronze:BitShift","bronze:Shield"],"picked":"bronze:DelayedGuard","floor":2.0},{"not_picked":["bronze:Invalidate","bronze:DelayedGuard"],"picked":"bronze:Optimize","floor":3.0},{"not_picked":["bronze:DigitalCarnage","bronze:Safeguard"],"picked":"bronze:ChosenStrike","floor":5.0},{"not_picked":["bronze:Safeguard","bronze:DelayedSlice","bronze:Turbo"],"picked":"SKIP","floor":6.0},{"not_picked":["bronze:CloningBeam","bronze:Iterate"],"picked":"bronze:SpaghettiCode","floor":8.0},{"not_picked":["bronze:Shield","bronze:WildBeam"],"picked":"bronze:ForLoop","floor":10},{"not_picked":["bronze:DelayedGuard","bronze:Shield"],"picked":"bronze:CloningBeam","floor":12},{"not_picked":["bronze:Branch","bronze:CutThrough","bronze:OilSpill"],"picked":"SKIP","floor":14},{"not_picked":["bronze:Turbo","bronze:OilSpill","bronze:Branch"],"picked":"SKIP","floor":15}],"player_experience":3239279,"relics_obtained":[{"floor":7.0,"key":"Pocketwatch"},{"floor":8.0,"key":"Mercury Hourglass"}],"event_choices":[],"is_beta":false,"boss_relics":[],"items_purged_floors":[],"is_endless":false,"potions_floor_spawned":[8,14],"killed_by":"SI_SHIV_ARCHETYPE","ascension_level":0}}