{"host":"p9t7qd83igtcp2bh","time":1610780133,"event":{"mods":["2.2 Compatiblity","AchievementEnabler","BaseMod","Colored Map","Colored Powertips","Custom Start","DeckTracker","Keyboard Shortcuts","Minty Spire (QoL Compilation)","Permanent Neow","StSLib","SuperFastMode","everything is the same but u backflip on backflip"],"gold_per_floor":[111,130,149,169,169,201,201,215,215,230,230,69,69,85,85,180,180,203,219,219,219,269,269,94,94,117,142,142,176,176,192,192,269,269,279,292,338,49,59,90,90,124,124,142,142,161,161,193,193,193,193,193,193,20,54,54],"floor_reached":57,"language":"KOR","playtime":1769,"items_purged":["Strike_R","Strike_R","Cleave"],"score":3060,"play_id":"50cf2219-f8d5-43d9-b618-b0355d06638a","local_time":"20210116155533","is_ascension_mode":true,"campfire_choices":[{"data":"Battle Trance","floor":7.0,"key":"SMITH"},{"data":"Pommel Strike","floor":11.0,"key":"SMITH"},{"data":"Dark Embrace","floor":15.0,"key":"SMITH"},{"floor":23.0,"key":"REST"},{"floor":25.0,"key":"REST"},{"floor":28.0,"key":"RECALL"},{"floor":30.0,"key":"REST"},{"floor":32.0,"key":"REST"},{"data":"1","floor":45.0,"key":"LIFT"},{"data":"2","floor":47.0,"key":"LIFT"},{"data":"3","floor":49.0,"key":"LIFT"},{"floor":53.0,"key":"REST"}],"circlet_count":0,"master_deck":["AscendersBane","Defend_R+1","Defend_R","Bash","Apotheosis+1","Body Slam","Battle Trance+1","Evolve","Pommel Strike+1","Seeing Red","Dark Embrace+1","Barricade","Entrench+1","Dropkick","True Grit","Power Through","Reckless Charge+1","Feel No Pain+1","Shockwave+1","Disarm+1","Bloodletting"],"relics":["Burning Blood","StrikeDummy","Orichalcum","Bloody Idol","Fusion Hammer","Pen Nib","Lantern","Shuriken","Astrolabe","Unceasing Top","Membership Card","Paper Frog","Blood Vial","Girya","Bag of Preparation","Happy Flower","War Paint","Pear"],"acts_visited":["Exordium","TheCity","TheBeyond","TheEnding"],"potions_floor_usage":[56],"damage_taken":[{"damage":3.0,"enemies":"2 Louse","floor":1.0,"turns":4.0},{"damage":6.0,"enemies":"Jaw Worm","floor":2.0,"turns":4.0},{"damage":6.0,"enemies":"Small Slimes","floor":3.0,"turns":4.0},{"damage":16.0,"enemies":"Exordium Thugs","floor":4.0,"turns":4.0},{"damage":12.0,"enemies":"3 Sentries","floor":6.0,"turns":7.0},{"damage":4.0,"enemies":"2 Fungi Beasts","floor":8.0,"turns":3.0},{"damage":17.0,"enemies":"Red Slaver","floor":10.0,"turns":4.0},{"damage":0.0,"enemies":"Large Slime","floor":14.0,"turns":4.0},{"damage":0.0,"enemies":"Slime Boss","floor":16.0,"turns":6.0},{"damage":13.0,"enemies":"Spheric Guardian","floor":18.0,"turns":4.0},{"damage":25.0,"enemies":"Shell Parasite","floor":19.0,"turns":5.0},{"damage":14.0,"enemies":"Book of Stabbing","floor":27.0,"turns":6.0},{"damage":0.0,"enemies":"Gremlin Leader","floor":29.0,"turns":5.0},{"damage":0.0,"enemies":"Sentry and Sphere","floor":31.0,"turns":4.0},{"damage":30.0,"enemies":"Champ","floor":33.0,"turns":7.0},{"damage":13.0,"enemies":"Orb Walker","floor":35.0,"turns":4.0},{"damage":7.0,"enemies":"3 Darklings","floor":36.0,"turns":4.0},{"damage":52.0,"enemies":"2 Orb Walkers","floor":37.0,"turns":5.0},{"damage":0.0,"enemies":"4 Shapes","floor":39.0,"turns":3.0},{"damage":6.0,"enemies":"Giant Head","floor":40.0,"turns":6.0},{"damage":31.0,"enemies":"Reptomancer","floor":42.0,"turns":5.0},{"damage":0.0,"enemies":"Sphere and 2 Shapes","floor":44.0,"turns":6.0},{"damage":6.0,"enemies":"Transient","floor":46.0,"turns":6.0},{"damage":0.0,"enemies":"Giant Head","floor":48.0,"turns":6.0},{"damage":24.0,"enemies":"Donu and Deca","floor":50.0,"turns":8.0},{"damage":22.0,"enemies":"Awakened One","floor":51.0,"turns":5.0},{"damage":70.0,"enemies":"Shield and Spear","floor":55.0,"turns":5.0},{"damage":17,"enemies":"The Heart","floor":56,"turns":8}],"seed_played":"5462479944766088643","potions_obtained":[{"floor":2.0,"key":"Fire Potion"},{"floor":4.0,"key":"DistilledChaos"},{"floor":6.0,"key":"BloodPotion"},{"floor":16.0,"key":"FairyPotion"},{"floor":19.0,"key":"SneckoOil"},{"floor":29.0,"key":"Explosive Potion"},{"floor":37.0,"key":"ElixirPotion"},{"floor":39.0,"key":"BloodPotion"},{"floor":40.0,"key":"Weak Potion"},{"floor":42.0,"key":"BlessingOfTheForge"},{"floor":44.0,"key":"HeartOfIron"},{"floor":55.0,"key":"SkillPotion"}],"is_trial":false,"path_per_floor":["M","M","M","M","?","E","R","M","T","M","R","$","?","M","R","B",null,"M","M","?","?","?","R","$","R","T","E","R","E","R","M","R","B",null,"M","M","?","$","M","E","?","E","T","M","R","M","R","E","R","B","B",null,"R","$","E","B",null],"character_chosen":"IRONCLAD","items_purchased":["Dark Embrace","Power Through","Membership Card","Paper Frog","Swift Potion","War Paint"],"campfire_rested":5,"item_purchase_floors":[12,24,38,38,54,54],"current_hp_per_floor":[53,53,53,43,43,37,37,39,39,28,28,28,28,34,34,40,61,54,48,48,48,53,68,68,68,68,65,65,68,68,68,68,49,63,61,65,24,24,48,53,53,35,35,48,48,55,55,68,68,50,36,60,68,68,41,32],"gold":54,"neow_bonus":"RANDOM_COLORLESS_2","is_daily":false,"chose_seed":false,"campfire_upgraded":3,"win_rate":0.0,"timestamp":1610780133,"path_taken":["M","M","M","M","?","E","R","M","T","M","R","$","?","M","R","BOSS","M","M","?","?","?","R","$","R","T","E","R","E","R","M","R","BOSS","M","M","?","$","M","E","?","E","T","?","R","M","R","E","R","BOSS","BOSS","R","$","E","BOSS"],"items_purchased_type":["Card","Card","Relic","Relic","Potion","Relic"],"build_version":"2020-12-22","purchased_purges":3,"victory":true,"max_hp_per_floor":[75,75,75,75,75,75,75,75,75,75,75,75,68,68,68,68,68,68,68,68,68,68,68,68,68,68,68,68,68,68,68,68,68,68,68,68,68,68,68,68,68,68,68,68,68,68,68,68,68,68,68,68,68,68,78,78],"card_choices":[{"not_picked":["Transmutation","Magnetism"],"picked":"Apotheosis","floor":0.0},{"not_picked":["Anger","Flex"],"picked":"Cleave","floor":1.0},{"not_picked":["Whirlwind","Twin Strike"],"picked":"Body Slam","floor":2.0},{"not_picked":["Warcry","Sever Soul"],"picked":"Battle Trance","floor":3.0},{"not_picked":["Headbutt","True Grit"],"picked":"Evolve","floor":4.0},{"not_picked":["Limit Break","Thunderclap"],"picked":"Pommel Strike","floor":6.0},{"not_picked":["Havoc","Armaments","Heavy Blade"],"picked":"SKIP","floor":8.0},{"not_picked":["Whirlwind","Thunderclap"],"picked":"Seeing Red","floor":10.0},{"not_picked":["Combust","Cleave","Thunderclap"],"picked":"SKIP","floor":14.0},{"not_picked":["Feed","Immolate"],"picked":"Barricade","floor":16.0},{"not_picked":["Armaments","Havoc"],"picked":"Entrench","floor":18.0},{"not_picked":["Clothesline","Anger","Warcry"],"picked":"SKIP","floor":19.0},{"not_picked":["Cleave","Reckless Charge+1","Clash"],"picked":"SKIP","floor":27.0},{"not_picked":["Anger","Havoc","Rampage"],"picked":"SKIP","floor":29.0},{"not_picked":["Sword Boomerang","Headbutt","Heavy Blade+1"],"picked":"SKIP","floor":31.0},{"not_picked":["Dual Wield","Body Slam+1","Thunderclap"],"picked":"SKIP","floor":35.0},{"not_picked":["Dark Embrace+1","Sword Boomerang+1","Ghostly Armor+1"],"picked":"SKIP","floor":36.0},{"not_picked":["Spot Weakness","Searing Blow"],"picked":"Disarm+1","floor":39.0},{"not_picked":["Combust+1","Spot Weakness+1","Wild Strike"],"picked":"SKIP","floor":40.0},{"not_picked":["Anger","Immolate","Body Slam"],"picked":"SKIP","floor":42.0},{"not_picked":["Cleave+1","Anger+1","Headbutt"],"picked":"SKIP","floor":44.0},{"not_picked":["Armaments","Anger","Headbutt+1"],"picked":"SKIP","floor":46.0},{"not_picked":["Inflame+1","Warcry","Dark Embrace"],"picked":"SKIP","floor":48.0},{"not_picked":["Juggernaut","Cleave"],"picked":"Bloodletting","floor":55.0}],"player_experience":652612,"relics_obtained":[{"floor":6.0,"key":"StrikeDummy"},{"floor":9.0,"key":"Orichalcum"},{"floor":26.0,"key":"Pen Nib"},{"floor":27.0,"key":"Lantern"},{"floor":29.0,"key":"Shuriken"},{"floor":37.0,"key":"Unceasing Top"},{"floor":40.0,"key":"Blood Vial"},{"floor":42.0,"key":"Girya"},{"floor":43.0,"key":"Bag of Preparation"},{"floor":48.0,"key":"Happy Flower"},{"floor":55.0,"key":"Pear"}],"event_choices":[{"damage_healed":0.0,"max_hp_gain":0.0,"max_hp_loss":0.0,"gold_gain":0.0,"event_name":"Living Wall","player_choice":"Grow","floor":5.0,"gold_loss":0.0,"damage_taken":0.0,"cards_upgraded":["Apotheosis"]},{"damage_healed":0.0,"max_hp_gain":0.0,"max_hp_loss":7.0,"gold_gain":0.0,"event_name":"Golden Idol","player_choice":"Lose Max HP","floor":13.0,"gold_loss":0.0,"damage_taken":0.0,"relics_obtained":["Golden Idol"]},{"damage_healed":0.0,"max_hp_gain":0.0,"max_hp_loss":0.0,"gold_gain":0.0,"cards_transformed":["Strike_R","Defend_R"],"event_name":"Drug Dealer","player_choice":"Became Test Subject","floor":20.0,"gold_loss":0.0,"damage_taken":0.0,"cards_obtained":["Dropkick","True Grit"]},{"damage_healed":0.0,"max_hp_gain":0.0,"max_hp_loss":0.0,"gold_gain":0.0,"event_name":"Forgotten Altar","player_choice":"Gave Idol","floor":21.0,"relics_lost":["Golden Idol"],"gold_loss":0.0,"damage_taken":0.0,"relics_obtained":["Bloody Idol"]},{"damage_healed":0.0,"max_hp_gain":0.0,"max_hp_loss":0.0,"gold_gain":50.0,"event_name":"Golden Shrine","player_choice":"Pray","floor":22.0,"gold_loss":0.0,"damage_taken":0.0},{"damage_healed":0.0,"max_hp_gain":0.0,"max_hp_loss":0.0,"gold_gain":0.0,"event_name":"Mysterious Sphere","player_choice":"Fight","floor":37.0,"gold_loss":0.0,"damage_taken":0.0},{"damage_healed":0.0,"max_hp_gain":0.0,"max_hp_loss":0.0,"gold_gain":0.0,"event_name":"SecretPortal","player_choice":"Ignored","floor":41.0,"gold_loss":0.0,"damage_taken":0.0}],"is_beta":false,"boss_relics":[{"not_picked":["Black Blood","SlaversCollar"],"picked":"Fusion Hammer"},{"not_picked":["Busted Crown","Cursed Key"],"picked":"Astrolabe"}],"items_purged_floors":[12,24,54],"is_endless":false,"potions_floor_spawned":[2,4,6,14,16,19,29,37,39,40,42,44,55],"ascension_level":20}}