{"host":"o5jvvi5yapo90aia","time":1610764697,"event":{"mods":["BaseMod","CapriCore","Minty Spire (QoL Compilation)","MostiFishMod","Prisma Mod","Spicy Shops","StSLib","TestMod","The Immortal","Yakumo Yukari mod","【人物mod】游戏王New YuGiOh mod","【功能Mod】Neow奖励"],"gold_per_floor":[114,130,140,151,151,180,180,210,210,230,257,257,257,27,27,228,228,363,523,668,718,718,875,1014,1047,1047,1091,391,391,534,690,690,893,893,1037,1186,1586,1586,633,633,792,792,819,965,1126,1126,273,431,431,561,691,691,691,94,260,270],"floor_reached":57,"language":"ZHS","playtime":2097,"items_purged":["Strike_P","Normality"],"score":3893,"play_id":"e2c2b2b7-e616-410e-832e-ad8ada459175","local_time":"20210116103817","is_ascension_mode":true,"campfire_choices":[{"data":"Strike_P","floor":7.0,"key":"PURGE"},{"data":"MostiFishMod:CyberBuddha","floor":12.0,"key":"SMITH"},{"data":"Strike_P","floor":15.0,"key":"PURGE"},{"data":"Defend_P","floor":32.0,"key":"PURGE"},{"floor":40.0,"key":"RECALL"},{"data":"Defend_P","floor":46.0,"key":"PURGE"},{"data":"Defend_P+1","floor":49.0,"key":"PURGE"},{"data":"BowlingBash+1","floor":53.0,"key":"PURGE"}],"circlet_count":0,"master_deck":["AscendersBane","Defend_P+1","Eruption+1","Vigilance+1","SignatureMove+1","MostiFishMod:CyberBuddha+1","DevaForm","TalkToTheHand+1","InnerPeace+1","LessonLearned+1","MentalFortress+1","Scrawl","testmod-ChaoticCore+1","PrismaMod:ChloeAnyPowerTrace"],"relics":["testmod-TestBox","testmod-Prudence","Nloth\u0027s Gift","testmod-Recursion","SynthV:TestCard","White Beast Statue","testmod-InjuryResistance","TeardropLocket","The Courier","ImprovedEquipment","Fusion Hammer","Red Mask","Mercury Hourglass","Pantograph","MawBank","Letter Opener","testmod-Register","Sundial","Art of War","InkBottle","Vajra","testmod-TimeTraveler","Shuriken","DianPoetry","Toy Ornithopter","PrismaticShard","Turnip","testmod-ArcanaOfDestiny","testmod-OneHitWonder","Bronze Scales","testmod-Muramasa","CeramicFish","Prayer Wheel","Blood Vial","Mummified Hand","Ancient Tea Set","PreservedInsect","Bag of Preparation","Akabeko","Boot","TheAbacus","Happy Flower","testmod-Hope","Whetstone"],"acts_visited":["Exordium","TheCity","TheBeyond","TheEnding"],"potions_floor_usage":[],"damage_taken":[{"damage":8.0,"enemies":"Small Slimes","floor":1.0,"turns":3.0},{"damage":0.0,"enemies":"Jaw Worm","floor":2.0,"turns":2.0},{"damage":0.0,"enemies":"Cultist","floor":3.0,"turns":2.0},{"damage":0.0,"enemies":"Red Slaver","floor":4.0,"turns":4.0},{"damage":16.0,"enemies":"Gremlin Nob","floor":6.0,"turns":3.0},{"damage":12.0,"enemies":"Lagavulin","floor":8.0,"turns":4.0},{"damage":8.0,"enemies":"Exordium Thugs","floor":10.0,"turns":3.0},{"damage":8.0,"enemies":"3 Sentries","floor":11.0,"turns":3.0},{"damage":3.0,"enemies":"Hexaghost","floor":16.0,"turns":4.0},{"damage":0.0,"enemies":"Chosen","floor":18.0,"turns":3.0},{"damage":27.0,"enemies":"Masked Bandits","floor":19.0,"turns":3.0},{"damage":8.0,"enemies":"2 Thieves","floor":20.0,"turns":4.0},{"damage":28.0,"enemies":"Gremlin Leader","floor":23.0,"turns":4.0},{"damage":4.0,"enemies":"Chosen and Byrds","floor":24.0,"turns":4.0},{"damage":0.0,"enemies":"Book of Stabbing","floor":25.0,"turns":3.0},{"damage":0.0,"enemies":"Slavers","floor":27.0,"turns":6.0},{"damage":0.0,"enemies":"Snake Plant","floor":30.0,"turns":4.0},{"damage":0.0,"enemies":"Gremlin Leader","floor":31.0,"turns":3.0},{"damage":0.0,"enemies":"Automaton","floor":33.0,"turns":5.0},{"damage":0.0,"enemies":"3 Darklings","floor":35.0,"turns":3.0},{"damage":0.0,"enemies":"3 Shapes","floor":36.0,"turns":3.0},{"damage":0.0,"enemies":"Reptomancer","floor":41.0,"turns":2.0},{"damage":0.0,"enemies":"Jaw Worm Horde","floor":44.0,"turns":3.0},{"damage":0.0,"enemies":"Giant Head","floor":45.0,"turns":2.0},{"damage":0.0,"enemies":"Reptomancer","floor":48.0,"turns":2.0},{"damage":0.0,"enemies":"Time Eater","floor":50.0,"turns":2.0},{"damage":0.0,"enemies":"Donu and Deca","floor":51.0,"turns":3.0},{"damage":0,"enemies":"Shield and Spear","floor":55,"turns":1},{"damage":0,"enemies":"The Heart","floor":56,"turns":5}],"seed_played":"8669503798211315699","potions_obtained":[{"floor":2.0,"key":"BottledMiracle"},{"floor":3.0,"key":"BlessingOfTheForge"},{"floor":16.0,"key":"FearPotion"},{"floor":18.0,"key":"BlessingOfTheForge"},{"floor":19.0,"key":"testmod-SpacePotion"},{"floor":20.0,"key":"BottledMiracle"},{"floor":23.0,"key":"SpeedPotion"},{"floor":24.0,"key":"AttackPotion"},{"floor":25.0,"key":"PowerPotion"},{"floor":35.0,"key":"StancePotion"},{"floor":45.0,"key":"PowerPotion"}],"is_trial":false,"path_per_floor":["M","M","M","M","?","E","R","E","T","M","E","R","T","$","R","B",null,"M","?","M","?","?","E","M","E","T","E","$","?","M","E","R","B",null,"M","M","?","T","$","R","E","?","T","M","E","R","$","E","R","B","B",null,"R","$","E","B",null],"character_chosen":"WATCHER","items_purchased":["ImprovedEquipment","testmod-Register","Sundial","Art of War","InkBottle","DianPoetry","Toy Ornithopter","PrismaticShard","Turnip","testmod-ArcanaOfDestiny","testmod-OneHitWonder","Bronze Scales","Blood Vial","Mummified Hand","Ancient Tea Set","PreservedInsect","Bag of Preparation","Akabeko","TheAbacus","Happy Flower","testmod-ChaoticCore","testmod-Hope","DuplicationPotion"],"campfire_rested":0,"item_purchase_floors":[14,28,28,28,28,39,39,39,39,39,39,39,47,47,47,47,47,47,54,54,54,54,54],"current_hp_per_floor":[54,55,56,57,62,47,47,36,36,29,22,22,22,22,22,21,60,62,37,31,31,31,5,3,5,5,7,7,7,9,11,11,36,64,64,64,64,64,64,64,64,64,64,64,64,64,64,68,68,69,69,69,69,69,69,69],"gold":270,"neow_bonus":"BOSS_RELIC","is_daily":false,"chose_seed":false,"campfire_upgraded":1,"win_rate":0.0,"timestamp":1610764697,"path_taken":["M","M","M","M","?","E","R","E","T","M","E","R","?","$","R","BOSS","M","?","M","?","?","E","M","E","T","E","?","?","?","E","R","BOSS","M","M","?","?","$","R","E","?","T","M","E","R","?","E","R","BOSS","BOSS","R","$","E","BOSS"],"items_purchased_type":["Relic","Relic","Relic","Relic","Relic","Relic","Relic","Relic","Relic","Relic","Relic","Relic","Relic","Relic","Relic","Relic","Relic","Relic","Relic","Relic","Card","Relic","Potion"],"build_version":"2020-12-22","purchased_purges":2,"victory":true,"max_hp_per_floor":[68,68,68,68,73,73,73,73,73,73,73,73,73,73,73,73,73,73,73,73,73,73,73,73,73,73,73,73,73,73,73,73,73,73,73,73,73,73,73,73,73,69,69,69,69,69,69,69,69,69,69,69,69,69,69,69],"card_choices":[{"not_picked":["Protect","MostiFishMod:LegendTransform","Sanctity"],"picked":"SKIP","floor":1.0},{"not_picked":["PathToVictory","BowlingBash","FlurryOfBlows","WreathOfFlame","MostiFishMod:StarWish"],"picked":"SKIP","floor":2.0},{"not_picked":["PathToVictory","FlurryOfBlows","WreathOfFlame","MostiFishMod:StarWish"],"picked":"BowlingBash","floor":2.0},{"not_picked":["CarveReality","Weave","WindmillStrike","Evaluate","PathToVictory"],"picked":"SKIP","floor":3.0},{"not_picked":["CrushJoints","Conclude","EmptyFist","SashWhip","Pray"],"picked":"SKIP","floor":4.0},{"not_picked":["BowlingBash","FlyingSleeves","InnerPeace","EmptyFist"],"picked":"SignatureMove","floor":6.0},{"not_picked":["SashWhip","Halt","MostiFishMod:LegendTransform","Weave"],"picked":"MostiFishMod:CyberBuddha","floor":8.0},{"not_picked":["MostiFishMod:StarLaLaLa","WaveOfTheHand","Protect","SashWhip","Weave"],"picked":"SKIP","floor":10.0},{"not_picked":["Crescendo","Protect","Wallop","PathToVictory"],"picked":"DevaForm","floor":11.0},{"not_picked":["ClearTheMind","CrushJoints","MostiFishMod:Nomercy","FlurryOfBlows","Protect"],"picked":"SKIP","floor":18.0},{"not_picked":["CarveReality","Study","ThirdEye","SignatureMove"],"picked":"TalkToTheHand+1","floor":19.0},{"not_picked":["Perseverance","WaveOfTheHand","CrushJoints+1","Evaluate+1"],"picked":"InnerPeace","floor":20.0},{"not_picked":["CutThroughFate","DeusExMachina","FlurryOfBlows+1","MostiFishMod:StarOceanP"],"picked":"LessonLearned","floor":23.0},{"not_picked":["JustLucky","Crescendo","Sanctity","FlyingSleeves","FollowUp"],"picked":"SKIP","floor":24.0},{"not_picked":["EmptyFist","ConjureBlade","InnerPeace","Sanctity","BattleHymn+1"],"picked":"SKIP","floor":25.0},{"not_picked":["MostiFishMod:StarLaLaLa","Conclude","Wish","MostiFishMod:ScryFuture","Crescendo+1"],"picked":"SKIP","floor":27.0},{"not_picked":["Perseverance","CrushJoints","FlurryOfBlows","Halt+1","Indignation"],"picked":"SKIP","floor":30.0},{"not_picked":["Wish","SandsOfTime","JustLucky","SashWhip","BattleHymn"],"picked":"SKIP","floor":31.0},{"not_picked":["MostiFishMod:StarWish","MostiFishMod:DisColor","MostiFishMod:StarLaLaLa","Establishment"],"picked":"Scrawl","floor":33.0},{"not_picked":["Crescendo","Evaluate","JustLucky","InnerPeace","EmptyFist"],"picked":"SKIP","floor":35.0},{"not_picked":["FlyingSleeves","BowlingBash","Prostrate","MostiFishMod:StarLaLaLa","CrushJoints"],"picked":"SKIP","floor":36.0},{"not_picked":["testmod-PowerStrike","Reboot","testmod-AdversityCounterattack","PrismaMod:IllyaUncommonAttack+1","MoonlightDragon"],"picked":"SKIP","floor":41.0},{"not_picked":["Sword Boomerang","PrismaMod:ChloeDiscardRecovery+1","Mirror_WaveAndshot_purple+1","DemoHunter","Fantasy_PerpetualMotionMachine_purple"],"picked":"SKIP","floor":44.0},{"not_picked":["MostiFishMod:Tomorrow","EmptyFist","Dagger Throw","Redo+1","testmod-PerfectCombo+1"],"picked":"SKIP","floor":45.0},{"not_picked":["testmod-AutoReboundSystem","DestroyDragon","Finesse","PrismaMod:MiyuEvokeAllAttack","Phantasmal Killer"],"picked":"SKIP","floor":48.0},{"not_picked":["Dagger Throw+1","MagicEyes_LaplaceDemon_purple","Creative AI","Iron Wave"],"picked":"PrismaMod:ChloeAnyPowerTrace","floor":55}],"player_experience":1445037,"relics_obtained":[{"floor":1.0,"key":"SynthV:TestCard"},{"floor":6.0,"key":"White Beast Statue"},{"floor":8.0,"key":"testmod-InjuryResistance"},{"floor":11.0,"key":"TeardropLocket"},{"floor":13.0,"key":"The Courier"},{"floor":19.0,"key":"Red Mask"},{"floor":23.0,"key":"Mercury Hourglass"},{"floor":25.0,"key":"Pantograph"},{"floor":26.0,"key":"MawBank"},{"floor":27.0,"key":"Letter Opener"},{"floor":31.0,"key":"Vajra"},{"floor":38.0,"key":"Shuriken"},{"floor":41.0,"key":"testmod-Muramasa"},{"floor":43.0,"key":"CeramicFish"},{"floor":45.0,"key":"Prayer Wheel"},{"floor":48.0,"key":"Boot"},{"floor":55,"key":"Whetstone"}],"event_choices":[{"damage_healed":0.0,"max_hp_gain":5.0,"max_hp_loss":0.0,"gold_gain":0.0,"event_name":"Big Fish","player_choice":"Donut","floor":5.0,"gold_loss":0.0,"damage_taken":0.0},{"damage_healed":0.0,"max_hp_gain":0.0,"max_hp_loss":0.0,"gold_gain":0.0,"event_name":"Masked Bandits","player_choice":"Fought Bandits","floor":19.0,"gold_loss":0.0,"damage_taken":0.0},{"damage_healed":0.0,"max_hp_gain":0.0,"max_hp_loss":0.0,"gold_gain":50.0,"event_name":"Nest","player_choice":"Stole From Cult","floor":21.0,"gold_loss":0.0,"damage_taken":0.0},{"damage_healed":0.0,"max_hp_gain":0.0,"max_hp_loss":0.0,"gold_gain":0.0,"event_name":"Vampires","player_choice":"Ignored","floor":22.0,"gold_loss":0.0,"damage_taken":0.0},{"damage_healed":0.0,"max_hp_gain":0.0,"max_hp_loss":0.0,"gold_gain":0.0,"cards_transformed":["Strike_P"],"event_name":"Transmorgrifier","player_choice":"Transformed","floor":29.0,"gold_loss":0.0,"damage_taken":0.0,"cards_obtained":["MentalFortress"]},{"damage_healed":0.0,"max_hp_gain":0.0,"max_hp_loss":0.0,"gold_gain":400.0,"event_name":"恩洛斯的盘子","player_choice":"Sell","floor":37.0,"relics_lost":["DaveBox"],"gold_loss":0.0,"damage_taken":0.0},{"damage_healed":0.0,"max_hp_gain":0.0,"max_hp_loss":4.0,"gold_gain":0.0,"event_name":"Winding Halls","player_choice":"Max HP","floor":42.0,"gold_loss":0.0,"damage_taken":0.0}],"is_beta":false,"boss_relics":[{"not_picked":["HereWithMe","testmod-Temperance"],"picked":"Fusion Hammer"},{"not_picked":["Coffee Dripper","GreenFoldingFan"],"picked":"testmod-TimeTraveler"}],"items_purged_floors":[28,39],"is_endless":false,"potions_floor_spawned":[2,3,8,10,11,16,18,19,20,23,24,25,27,30,31,33,35,36,41,44,45,48,55],"ascension_level":20}}