{"host":"wutzay93uet9pf9y","time":1610775729,"event":{"mods":["BaseMod","Colored Map","Downfall","Minty Spire (QoL Compilation)","StSLib"],"gold_per_floor":[99,113,133,64,110,129,129,159,259,326,126,144,173,193,209,311,311,311,331,343,14,64,64,118,118,143,278,308,358,408,425,442,544,544,444,594,613,677,727,525,552,580,603,717,356,367,367,417,429,429,429,462,15,15,15,15,15,15],"floor_reached":56,"language":"ENG","playtime":2976,"items_purged":["Slimebound:Tackle","Slimebound:CorrosiveSpit","Slimebound:LivingWall"],"score":852,"play_id":"53ad3679-38a1-484c-937f-80087cfa349b","local_time":"20210116004209","is_ascension_mode":false,"campfire_choices":[{"floor":1,"key":"RECALL"},{"floor":11,"key":"REST"},{"data":"Slimebound:SelfFormingGoo","floor":18,"key":"SMITH"},{"data":"Slimebound:TagTeam","floor":23,"key":"SMITH"},{"data":"Slimebound:SlimeBarrage","floor":25,"key":"SMITH"},{"data":"Slimebound:OneTwoCombo","floor":35,"key":"SMITH"},{"floor":47,"key":"REST"},{"floor":54,"key":"REST"}],"circlet_count":0,"master_deck":["Slimebound:Strike_Slimebound","Slimebound:Strike_Slimebound+1","Slimebound:Strike_Slimebound","Slimebound:Defend_Slimebound","Slimebound:Defend_Slimebound","Slimebound:Defend_Slimebound","Slimebound:Defend_Slimebound","Slimebound:Split+1","Slimebound:SplitBruiser","Slimebound:TagTeam+1","Slimebound:GoopSpray","Slimebound:SplitBruiser","Slimebound:SlimeBarrage+1","Slimebound:SplitSpecialist","Slimebound:PressTheAttack+1","Slimebound:AcidTongue","Slimebound:GoopSpray","Slimebound:LeechLife","Slimebound:SelfFormingGoo+1","Slimebound:LeadByExample","Slimebound:Repurpose","Slimebound:OneTwoCombo+1","Slimebound:SplitMire+1","Slimebound:ServeAndProtect+1","Slimebound:SplitMire","Slimebound:SelfFormingGoo","Slimebound:LevelUp","Slimebound:Repurpose+1","Slimebound:SlimeTap","Slimebound:OneTwoCombo","Slimebound:SplitMire","Slimebound:GoopSpray"],"relics":["Slimebound:AbsorbEndCombat","Bottled Flame","Strawberry","downfall:CloakOfManyFaces","CultistMask","FaceOfCleric","NlothsMask","GremlinMask","SsserpentHead","downfall:HeartBlessingBlue","downfall:HeartBlessingRed","Lizard Tail","Philosopher\u0027s Stone","Matryoshka","Singing Bowl","SacredBark","downfall:HeartBlessingGreen","Toy Ornithopter","Eternal Feather","Sling","Pen Nib","Nunchaku","MawBank","Unceasing Top","Peace Pipe","Ancient Tea Set","Shuriken","Du-Vu Doll","Membership Card","Whetstone"],"acts_visited":["Exordium","TheCity","TheBeyond","TheEnding"],"potions_floor_usage":[8,9,13,16,21,21,21,28,33,38,40,40,42,43,50,50,55,55,55],"damage_taken":[{"damage":0,"enemies":"Cultist","floor":2,"turns":3},{"damage":2,"enemies":"Jaw Worm","floor":3,"turns":4},{"damage":0,"enemies":"downfall:FleeingMerchant","floor":4,"turns":4},{"damage":2,"enemies":"Small Slimes","floor":6,"turns":3},{"damage":11,"enemies":"3 Sentries","floor":8,"turns":6},{"damage":8,"enemies":"downfall:FaceTrader","floor":9,"turns":6},{"damage":15,"enemies":"2 Fungi Beasts","floor":10,"turns":3},{"damage":4,"enemies":"Blue Slaver","floor":12,"turns":3},{"damage":1,"enemies":"Lagavulin","floor":13,"turns":5},{"damage":4,"enemies":"Red Slaver","floor":14,"turns":4},{"damage":13,"enemies":"Exordium Thugs","floor":15,"turns":4},{"damage":12,"enemies":"SI_SHIV_ARCHETYPE","floor":16,"turns":6},{"damage":16,"enemies":"Shell Parasite","floor":19,"turns":5},{"damage":6,"enemies":"Spheric Guardian","floor":20,"turns":3},{"damage":0,"enemies":"downfall:FleeingMerchant","floor":21,"turns":4},{"damage":0,"enemies":"Book of Stabbing","floor":26,"turns":5},{"damage":27,"enemies":"Gremlin Leader","floor":28,"turns":7},{"damage":45,"enemies":"Shelled Parasite and Fungi","floor":31,"turns":7},{"damage":28,"enemies":"Cultist and Chosen","floor":32,"turns":6},{"damage":65,"enemies":"IC_MUSHROOM_ARCHETYPE","floor":33,"turns":8},{"damage":20,"enemies":"downfall:LadyInBlue","floor":36,"turns":8},{"damage":63,"enemies":"3 Darklings","floor":37,"turns":5},{"damage":13,"enemies":"3 Shapes","floor":38,"turns":3},{"damage":0,"enemies":"downfall:FleeingMerchant","floor":40,"turns":4},{"damage":21,"enemies":"Nemesis","floor":42,"turns":6},{"damage":15,"enemies":"Maw","floor":43,"turns":6},{"damage":14,"enemies":"2 Orb Walkers","floor":44,"turns":3},{"damage":69,"enemies":"Jaw Worm Horde","floor":46,"turns":4},{"damage":19,"enemies":"4 Shapes","floor":49,"turns":3},{"damage":22,"enemies":"WA_ARCHETYPE_DIVINITY","floor":50,"turns":5},{"damage":83,"enemies":"downfall:CharBossMerchant","floor":52,"turns":6},{"damage":54,"enemies":"downfall:NeowBoss","floor":55,"turns":12},{"damage":219,"enemies":"downfall:NeowBossFinal","floor":56,"turns":8}],"seed_played":"-1617325005492059898","potions_obtained":[{"floor":6,"key":"SkillPotion"},{"floor":8,"key":"SteroidPotion"},{"floor":9,"key":"Block Potion"},{"floor":13,"key":"LiquidMemories"},{"floor":16,"key":"Energy Potion"},{"floor":20,"key":"SpeedPotion"},{"floor":26,"key":"DistilledChaos"},{"floor":28,"key":"CultistPotion"},{"floor":36,"key":"Guardian:BlockOnCardUsePotion"},{"floor":36,"key":"Fire Potion"},{"floor":36,"key":"DistilledChaos"},{"floor":38,"key":"Guardian:BlockOnCardUsePotion"},{"floor":42,"key":"AttackPotion"},{"floor":46,"key":"SteroidPotion"},{"floor":49,"key":"champ:CounterPotion"}],"is_trial":false,"path_per_floor":["R","M","M","$","T","M","T","E","?","M","R","M","E","M","M","B",null,"R","M","M","$","?","R","T","R","E","?","E","?","?","M","M","B",null,"R","?","M","M","?","$","T","E","M","?","$","M","R","T","M","B",null,"E","$","R","B","B"],"character_chosen":"SLIMEBOUND","items_purchased":["Slimebound:GoopSpray","Fruit Juice","Slimebound:TagTeam","Eternal Feather","Sling","Slimebound:SplitMire","Slimebound:LevelUp","Peace Pipe","hexamod:SoulburnPotion","Membership Card","Slimebound:SplitMire","Slimebound:GoopSpray","ColorlessPotion","SneckoOil","Whetstone"],"campfire_rested":3,"item_purchase_floors":[4,21,21,40,40,40,45,45,53,53,53,53,53,53,53],"current_hp_per_floor":[65,65,65,65,65,64,64,61,58,44,78,77,80,78,82,74,88,88,79,74,96,96,96,96,96,97,85,93,93,93,85,59,23,103,103,106,48,43,43,78,78,72,84,83,83,18,68,68,53,48,121,55,55,109,105,0,0,0],"gold":15,"neow_bonus":"UPGRADE_CARD","is_daily":false,"chose_seed":false,"campfire_upgraded":4,"win_rate":0.0,"timestamp":1610775729,"path_taken":["R","M","?","$","?","?","T","E","?","?","R","M","E","M","M","BOSS","R","M","M","$","?","R","T","R","E","?","E","?","?","M","M","BOSS","R","?","M","?","?","$","T","E","M","?","$","M","R","?","M","BOSS","E","$","R","BOSS","BOSS"],"items_purchased_type":["Card","Potion","Card","Relic","Relic","Card","Card","Relic","Potion","Relic","Card","Card","Potion","Potion","Relic"],"build_version":"2020-12-22","purchased_purges":3,"victory":false,"max_hp_per_floor":[65,65,65,65,65,65,65,72,72,73,83,84,85,86,87,88,88,88,89,90,96,96,96,96,96,97,97,100,100,100,101,102,103,103,103,106,107,108,108,111,111,114,117,118,118,119,119,119,120,121,121,122,122,122,123,123,123,123],"card_choices":[{"not_picked":["Slimebound:GoopTackle","Slimebound:PressTheAttack"],"picked":"Slimebound:LivingWall","floor":2},{"not_picked":["Slimebound:SplitAcid","Slimebound:MegaLick"],"picked":"Slimebound:SplitBruiser","floor":3},{"not_picked":["Slimebound:Schlurp","Slimebound:Prepare"],"picked":"Slimebound:TagTeam","floor":4},{"not_picked":["Slimebound:Prepare","Slimebound:SplitMire"],"picked":"Slimebound:SplitBruiser","floor":6},{"not_picked":["Slimebound:LeechEnergy","Slimebound:SplitAcid"],"picked":"Slimebound:SlimeBarrage","floor":8},{"not_picked":["Slimebound:SplitAcid","Slimebound:GrowthPunch"],"picked":"Slimebound:SplitSpecialist","floor":9},{"not_picked":["Slimebound:GoopTackle","Slimebound:HungryTackle"],"picked":"Slimebound:PressTheAttack","floor":10},{"not_picked":["Slimebound:GrowthPunch","Slimebound:LivingWall"],"picked":"Slimebound:AcidTongue","floor":12},{"not_picked":["Slimebound:SplitLeeching","Slimebound:ItLooksTasty"],"picked":"Slimebound:GoopSpray","floor":13},{"not_picked":["Slimebound:Schlurp","Slimebound:Equalize"],"picked":"Slimebound:LeechLife","floor":14},{"not_picked":["Slimebound:SamplingLick","Slimebound:BestDefense","Slimebound:GrowthPunch"],"picked":"SKIP","floor":15},{"not_picked":["Slimebound:Recycling","Slimebound:MassFeed"],"picked":"Slimebound:SelfFormingGoo","floor":16},{"not_picked":["Slimebound:FinishingTackle","Slimebound:GrowthPunch","Slimebound:SplitAcid"],"picked":"SKIP","floor":19},{"not_picked":["Slimebound:SplitAcid","Slimebound:LeechEnergy","Slimebound:Replication"],"picked":"SKIP","floor":20},{"not_picked":["Slimebound:GoopSpray","Slimebound:HungryTackle+1","Slimebound:Prepare+1"],"picked":"SKIP","floor":21},{"not_picked":["Slimebound:GoopTackle+1","Slimebound:ComboTackle","Slimebound:Gluttony"],"picked":"SKIP","floor":26},{"not_picked":["Slimebound:RollThrough","Slimebound:MegaLick","Slimebound:LivingWall"],"picked":"Singing Bowl","floor":28},{"not_picked":["Slimebound:FinishingTackle","Slimebound:LivingWall"],"picked":"Slimebound:LeadByExample","floor":31},{"not_picked":["Slimebound:RollThrough","Slimebound:SplitSpecialist"],"picked":"Slimebound:Repurpose","floor":32},{"not_picked":["Slimebound:SelfFormingGoo","Slimebound:OozeBath"],"picked":"Slimebound:OneTwoCombo","floor":33},{"not_picked":["Slimebound:SamplingLick+1","Slimebound:DisruptingSlam+1","Slimebound:Prepare"],"picked":"Singing Bowl","floor":36},{"not_picked":["Slimebound:SamplingLick","Slimebound:Schlurp+1"],"picked":"Slimebound:SplitMire+1","floor":37},{"not_picked":["Slimebound:SamplingLick+1","Slimebound:Schlurp"],"picked":"Slimebound:ServeAndProtect+1","floor":38},{"not_picked":["Slimebound:Replication","Slimebound:GoopSpray+1","Slimebound:Prepare+1"],"picked":"Singing Bowl","floor":40},{"not_picked":["Slimebound:SamplingLick","Slimebound:Equalize","Slimebound:ItLooksTasty+1"],"picked":"Singing Bowl","floor":42},{"not_picked":["Slimebound:LeechingTouch","Slimebound:ComboTackle","Slimebound:GrowthPunch"],"picked":"Singing Bowl","floor":43},{"not_picked":["Slimebound:FormOfPuddle+1","Slimebound:RejuvenatingLick"],"picked":"Slimebound:SelfFormingGoo","floor":44},{"not_picked":["Slimebound:SplitMire+1","Slimebound:GrowthPunch"],"picked":"Slimebound:Repurpose+1","floor":46},{"not_picked":["Slimebound:ComboTackle","Slimebound:Prepare"],"picked":"Slimebound:SlimeTap","floor":49},{"not_picked":["Slimebound:LeechingTouch","Slimebound:RollThrough+1"],"picked":"Slimebound:OneTwoCombo","floor":52}],"player_experience":299138,"relics_obtained":[{"floor":7,"key":"Bottled Flame"},{"floor":8,"key":"Strawberry"},{"floor":9,"key":"downfall:CloakOfManyFaces"},{"floor":13,"key":"Lizard Tail"},{"floor":26,"key":"Matryoshka"},{"floor":28,"key":"Singing Bowl"},{"floor":36,"key":"Toy Ornithopter"},{"floor":41,"key":"Pen Nib"},{"floor":41,"key":"Nunchaku"},{"floor":42,"key":"MawBank"},{"floor":44,"key":"Unceasing Top"},{"floor":48,"key":"Ancient Tea Set"},{"floor":48,"key":"Shuriken"},{"floor":52,"key":"Du-Vu Doll"}],"event_choices":[{"damage_healed":0,"gold_gain":0,"player_choice":"Ignored","damage_taken":0,"max_hp_gain":0,"max_hp_loss":0,"event_name":"Ghosts","floor":29,"gold_loss":0},{"cards_removed":["Slimebound:TagTeam"],"damage_healed":0,"gold_gain":0,"player_choice":"Removed Attack","damage_taken":0,"max_hp_gain":0,"max_hp_loss":0,"event_name":"Falling","floor":39,"gold_loss":0},{"damage_healed":0,"gold_gain":0,"player_choice":"Fight","damage_taken":0,"max_hp_gain":0,"max_hp_loss":0,"event_name":"Mysterious Sphere","floor":44,"gold_loss":0}],"is_beta":false,"boss_relics":[{"not_picked":["Empty Cage","bronze:MakeshiftBattery"],"picked":"Philosopher\u0027s Stone"},{"not_picked":["Runic Pyramid","Cursed Key"],"picked":"SacredBark"}],"items_purged_floors":[21,40,53],"is_endless":false,"potions_floor_spawned":[6,8,9,13,16,20,26,28,36,37,38,42,46,49],"killed_by":"downfall:NeowBossFinal","ascension_level":0}}