{"host":"swn8ychr123rw3gf","time":1610808715,"event":{"mods":["BaseMod","Minty Spire (QoL Compilation)","StSLib"],"gold_per_floor":[110,110,110,131,154,154,0,38,38,38,51,51,67,108,108,228,228,251,275,374,289,308,308,53,53,53,53,72,497,497,515,515,610,610,630,630,681,681,681,681],"floor_reached":39,"language":"ZHS","playtime":1713,"items_purged":["Defend_B","Sunder"],"score":664,"play_id":"bcf0e3c1-1c98-4a55-b2f0-6f590e4f527b","local_time":"20210116225155","is_ascension_mode":true,"campfire_choices":[{"data":"Zap","floor":6.0,"key":"SMITH"},{"data":"Dualcast","floor":10.0,"key":"SMITH"},{"data":"Glacier","floor":12.0,"key":"SMITH"},{"data":"Hologram","floor":15.0,"key":"SMITH"},{"data":"Gash","floor":23.0,"key":"SMITH"},{"data":"Gash","floor":25.0,"key":"SMITH"},{"data":"Hologram","floor":27.0,"key":"SMITH"},{"data":"Redo","floor":32,"key":"SMITH"}],"circlet_count":0,"master_deck":["AscendersBane","Zap+1","Glacier+1","Gash+1","Core Surge","Core Surge","Go for the Eyes","Hologram+1","All For One","All For One","Steam","Static Discharge","Gash+1","Redo+1","Skim","Hologram+1","FTL","Reboot","Reprogram+1","Bandage Up","Go for the Eyes+1","Madness","Madness"],"relics":["Cracked Core","Bloody Idol","FossilizedHelix","Blue Candle","Meat on the Bone","Nunchaku","Pandora\u0027s Box","Pen Nib","Omamori","Molten Egg 2","Old Coin","Bottled Tornado","Empty Cage","Gambling Chip"],"acts_visited":["Exordium","TheCity","TheBeyond"],"potions_floor_usage":[29,39],"damage_taken":[{"damage":7.0,"enemies":"Small Slimes","floor":1.0,"turns":4.0},{"damage":0.0,"enemies":"Cultist","floor":4.0,"turns":3.0},{"damage":0.0,"enemies":"2 Louse","floor":5.0,"turns":4.0},{"damage":0.0,"enemies":"Gremlin Nob","floor":8.0,"turns":4.0},{"damage":0.0,"enemies":"Looter","floor":11.0,"turns":3.0},{"damage":0.0,"enemies":"2 Fungi Beasts","floor":13.0,"turns":3.0},{"damage":10.0,"enemies":"Lagavulin","floor":14.0,"turns":6.0},{"damage":22.0,"enemies":"Hexaghost","floor":16.0,"turns":11.0},{"damage":6.0,"enemies":"Chosen","floor":18.0,"turns":3.0},{"damage":10.0,"enemies":"3 Byrds","floor":19.0,"turns":2.0},{"damage":22.0,"enemies":"Snake Plant","floor":22.0,"turns":4.0},{"damage":0.0,"enemies":"Centurion and Healer","floor":28.0,"turns":3.0},{"damage":0,"enemies":"Colosseum Slavers","floor":29,"turns":3},{"damage":4,"enemies":"Colosseum Nobs","floor":29,"turns":3},{"damage":0,"enemies":"Sentry and Sphere","floor":31,"turns":3},{"damage":44,"enemies":"Automaton","floor":33,"turns":8},{"damage":20,"enemies":"3 Shapes","floor":35,"turns":6},{"damage":33,"enemies":"2 Orb Walkers","floor":37,"turns":4},{"damage":31,"enemies":"3 Darklings","floor":39,"turns":2}],"seed_played":"-6016284215809088904","potions_obtained":[{"floor":5.0,"key":"DistilledChaos"},{"floor":8.0,"key":"FearPotion"},{"floor":13.0,"key":"SteroidPotion"},{"floor":14.0,"key":"DistilledChaos"},{"floor":33,"key":"SteroidPotion"},{"floor":35,"key":"LiquidBronze"},{"floor":37,"key":"ColorlessPotion"}],"is_trial":false,"path_per_floor":["M","?","?","M","M","R","$","E","T","R","M","R","M","E","R","B",null,"M","M","?","?","M","R","$","R","T","R","M","?","?","M","R","B",null,"M","?","?","?","M"],"character_chosen":"DEFECT","items_purchased":["Core Surge","Omamori"],"campfire_rested":0,"item_purchase_floors":[7,24],"current_hp_per_floor":[61,43,43,43,43,43,43,43,43,43,43,43,43,45,45,35,65,59,49,49,49,39,39,39,39,39,39,39,47,47,52,52,25,63,48,48,36,27,0,0],"gold":681,"neow_bonus":"REMOVE_CARD","is_daily":false,"chose_seed":false,"campfire_upgraded":8,"win_rate":0.0,"timestamp":1610808715,"path_taken":["M","?","?","M","M","R","$","E","T","R","?","R","M","E","R","BOSS","M","M","?","?","M","R","$","R","T","R","M","?","?","M","R","BOSS","M","?","?","?","?"],"items_purchased_type":["Card","Relic"],"build_version":"2020-12-22","purchased_purges":2,"victory":false,"max_hp_per_floor":[75,75,75,75,75,75,75,75,75,75,75,75,75,75,75,75,75,75,75,75,75,75,75,75,75,75,75,75,75,75,75,75,75,75,75,75,75,75,75,75],"card_choices":[{"not_picked":["Stack","Cold Snap"],"picked":"Streamline","floor":1.0},{"not_picked":["Barrage","Gash"],"picked":"Glacier","floor":4.0},{"not_picked":["Cold Snap","Sweeping Beam"],"picked":"Gash","floor":5.0},{"not_picked":["Self Repair","Steam"],"picked":"Core Surge","floor":8.0},{"not_picked":["Rebound","Streamline"],"picked":"Go for the Eyes","floor":11.0},{"not_picked":["Steam","Cold Snap"],"picked":"Hologram","floor":13.0},{"not_picked":["Conserve Battery","Go for the Eyes"],"picked":"All For One","floor":14.0},{"not_picked":["Creative AI","Electrodynamics"],"picked":"All For One","floor":16.0},{"not_picked":["Storm","Cold Snap"],"picked":"Skim","floor":18.0},{"not_picked":["Darkness+1","Fusion"],"picked":"Hologram","floor":19.0},{"not_picked":["Compile Driver","Redo"],"picked":"FTL","floor":22.0},{"not_picked":["Auto Shields","Hologram+1","Heatsinks"],"picked":"SKIP","floor":28.0},{"not_picked":["Doom and Gloom+1","Aggregate","Barrage+1"],"picked":"SKIP","floor":31},{"not_picked":["Buffer","Meteor Strike+1"],"picked":"Reboot","floor":33},{"not_picked":["Coolheaded","Redo+1"],"picked":"Reprogram+1","floor":35},{"not_picked":["Magnetism","Panacea"],"picked":"Bandage Up","floor":36},{"not_picked":["Cold Snap+1","Force Field+1"],"picked":"Go for the Eyes+1","floor":37}],"player_experience":426906,"relics_obtained":[{"floor":8.0,"key":"Blue Candle"},{"floor":9.0,"key":"Meat on the Bone"},{"floor":14.0,"key":"Nunchaku"},{"floor":26.0,"key":"Molten Egg 2"},{"floor":29,"key":"Old Coin"},{"floor":29,"key":"Bottled Tornado"},{"floor":37,"key":"Gambling Chip"}],"event_choices":[{"damage_healed":0.0,"max_hp_gain":0.0,"max_hp_loss":0.0,"gold_gain":0.0,"event_name":"Golden Idol","player_choice":"Take Damage","floor":2.0,"gold_loss":0.0,"damage_taken":18.0,"relics_obtained":["Golden Idol"]},{"cards_removed":["Streamline"],"damage_healed":0.0,"max_hp_gain":0.0,"max_hp_loss":0.0,"gold_gain":0.0,"event_name":"WeMeetAgain","player_choice":"Gave Card","floor":3.0,"gold_loss":0.0,"damage_taken":0.0,"relics_obtained":["FossilizedHelix"]},{"damage_healed":0.0,"max_hp_gain":0.0,"max_hp_loss":0.0,"gold_gain":99.0,"event_name":"Nest","player_choice":"Stole From Cult","floor":20.0,"gold_loss":0.0,"damage_taken":0.0},{"damage_healed":0.0,"max_hp_gain":0.0,"max_hp_loss":0.0,"gold_gain":0.0,"event_name":"Addict","player_choice":"Obtained Relic","floor":21.0,"gold_loss":85.0,"damage_taken":0.0,"relics_obtained":["Pen Nib"]},{"damage_healed":0,"gold_gain":0,"player_choice":"Fight","damage_taken":0,"max_hp_gain":0,"max_hp_loss":0,"event_name":"Colosseum","floor":29,"gold_loss":0},{"damage_healed":0,"gold_gain":0,"player_choice":"Fought Nobs","damage_taken":0,"max_hp_gain":0,"max_hp_loss":0,"event_name":"Colosseum","floor":29,"gold_loss":0},{"damage_healed":0,"gold_gain":0,"player_choice":"Gave Idol","damage_taken":0,"relics_obtained":["Bloody Idol"],"max_hp_gain":0,"max_hp_loss":0,"event_name":"Forgotten Altar","floor":30,"relics_lost":["Golden Idol"],"gold_loss":0},{"damage_healed":0,"gold_gain":0,"player_choice":"Memory 1","damage_taken":0,"max_hp_gain":0,"max_hp_loss":0,"event_name":"SensoryStone","floor":36,"gold_loss":0},{"damage_healed":0,"gold_gain":0,"player_choice":"Fight","damage_taken":0,"max_hp_gain":0,"max_hp_loss":0,"event_name":"Mysterious Sphere","floor":37,"gold_loss":0},{"damage_healed":0,"gold_gain":0,"player_choice":"Embrace Madness","damage_taken":9,"max_hp_gain":0,"max_hp_loss":0,"event_name":"Winding Halls","floor":38,"gold_loss":0,"cards_obtained":["Madness","Madness"]}],"is_beta":false,"boss_relics":[{"not_picked":["SacredBark","Nuclear Battery"],"picked":"Pandora\u0027s Box"},{"not_picked":["Black Star","FrozenCore"],"picked":"Empty Cage"}],"items_purged_floors":[7,24],"is_endless":false,"potions_floor_spawned":[5,8,13,14,18,29,33,35,37],"killed_by":"3 Darklings","ascension_level":11}}