{"host":"4g8vayc9pwrwu92h","time":1610788138,"event":{"mods":["Aspiration","BaseMod","Conspire","Downfall","Marked Mod","Minty Spire (QoL Compilation)","Quick Restart","StSLib","The Jungle"],"gold_per_floor":[113,113,129,149,149,174,174,209,209,209,209,174,187,202,202,297,297,297],"floor_reached":17,"language":"ZHS","playtime":635,"items_purged":[],"score":331,"play_id":"5ef8a33e-a53f-46ce-ae91-059b1c9d6cfd","local_time":"20210116170858","is_ascension_mode":true,"campfire_choices":[{"floor":7,"key":"RECALL"},{"data":"Consume","floor":15,"key":"SMITH"}],"circlet_count":0,"master_deck":["Strike_B+1","Strike_B+1","Strike_B+1","Strike_B+1","Defend_B+1","Defend_B+1","Defend_B+1","Defend_B+1","Zap+1","Dualcast+1","Leap+1","Rip and Tear","Defragment+1","Consume+1","Gash","Conserve Battery"],"relics":["Cracked Core","Ginger","Black Star","Emotion Chip","Unceasing Top","Centennial Puzzle","Letter Opener"],"acts_visited":["Exordium","TheCity"],"potions_floor_usage":[4,8,14],"damage_taken":[{"damage":0,"enemies":"conspire:RoseBush","floor":1,"turns":2},{"damage":0,"enemies":"Small Slimes","floor":3,"turns":2},{"damage":0,"enemies":"Cultist","floor":4,"turns":4},{"damage":18,"enemies":"Gremlin Nob","floor":6,"turns":4},{"damage":10,"enemies":"3 Sentries","floor":8,"turns":4},{"damage":6,"enemies":"Blue Slaver","floor":13,"turns":3},{"damage":4,"enemies":"Lots of Slimes","floor":14,"turns":2},{"damage":14,"enemies":"The Guardian","floor":16,"turns":10}],"seed_played":"5531636996057880576","potions_obtained":[{"floor":3,"key":"Regen Potion"},{"floor":6,"key":"AttackPotion"},{"floor":8,"key":"SkillPotion"},{"floor":14,"key":"Weak Potion"},{"floor":16,"key":"Ancient Potion"}],"is_trial":false,"path_per_floor":["M","?","M","M","$","E","R","E","T","?","?","?","M","M","R","B",null],"character_chosen":"DEFECT","items_purchased":[],"campfire_rested":0,"item_purchase_floors":[],"current_hp_per_floor":[82,66,66,78,78,60,60,50,50,50,58,78,72,68,68,54,75,75],"gold":297,"neow_bonus":"TEN_PERCENT_HP_BONUS","is_daily":false,"chose_seed":false,"campfire_upgraded":1,"win_rate":0.0,"timestamp":1610788138,"path_taken":["M","?","M","M","$","E","R","E","T","?","?","?","M","M","R","BOSS"],"items_purchased_type":[],"build_version":"2020-12-22","purchased_purges":0,"victory":false,"max_hp_per_floor":[82,82,82,82,82,82,82,82,82,82,82,82,82,82,82,82,82,82],"card_choices":[{"not_picked":["Stack","Cold Snap"],"picked":"Leap","floor":1},{"not_picked":["Turbo","Hologram","Compile Driver"],"picked":"SKIP","floor":3},{"not_picked":["Redo","Undo"],"picked":"Rip and Tear","floor":4},{"not_picked":["Undo","Amplify"],"picked":"Defragment","floor":6},{"not_picked":["Stack","Steam"],"picked":"Consume","floor":8},{"not_picked":["Sweeping Beam","Stack"],"picked":"Gash","floor":13},{"not_picked":["Lockon","conspire:SharedLibrary"],"picked":"Conserve Battery","floor":14}],"player_experience":428190,"relics_obtained":[{"floor":6,"key":"Emotion Chip"},{"floor":6,"key":"Unceasing Top"},{"floor":8,"key":"Centennial Puzzle"},{"floor":8,"key":"Letter Opener"}],"event_choices":[{"damage_healed":0,"gold_gain":0,"player_choice":"Entered Light","damage_taken":16,"max_hp_gain":0,"max_hp_loss":0,"event_name":"Shining Light","floor":2,"gold_loss":0,"cards_upgraded":["Leap"]},{"damage_healed":0,"gold_gain":0,"player_choice":"Grow","damage_taken":0,"max_hp_gain":0,"max_hp_loss":0,"event_name":"Living Wall","floor":10,"gold_loss":0,"cards_upgraded":["Defragment"]},{"damage_healed":20,"gold_gain":0,"player_choice":"Healed","damage_taken":0,"max_hp_gain":0,"max_hp_loss":0,"event_name":"The Cleric","floor":12,"gold_loss":35}],"is_beta":false,"boss_relics":[{"not_picked":["aspiration:RunicSpoon","Cursed Key","aspiration:PoetsPen_weak"]}],"items_purged_floors":[],"is_endless":false,"potions_floor_spawned":[3,6,8,14,16],"ascension_level":5}}