{"host":"ss2ocoam53r2lno0","time":1610814464,"event":{"mods":["Act Like it!","BaseMod","ChefMod","Clockwork Mod","Colored Powertips","Curses Come First","Displayed Cursed Tome","Downfall","Evolution","Googly Eyes","Hallownest","Highlight Path","Minty Spire (QoL Compilation)","Poor People Problems","Rare Cards Sparkle","Robot Space Explorer","Shade Mod","Shop Mod","Spicy Shops","StSLib","The Marked"],"gold_per_floor":[112,112,38,51,66,101,126,144,144,180,180,180,180],"floor_reached":12,"language":"ENG","playtime":749,"items_purged":[],"score":126,"play_id":"5c448ebf-73d3-4feb-98d6-f015fe182d7c","local_time":"20210116172744","is_ascension_mode":true,"campfire_choices":[],"circlet_count":0,"master_deck":["Clockwork:SnapKeep","Clockwork:SnapKeep","Clockwork:Strike","Clockwork:Strike","Clockwork:Shield","Clockwork:Shield","Clockwork:Shield","Clockwork:Shield","Clockwork:Tinker","Clockwork:WarmUp","Clockwork:Efficiency","Clockwork:OccamsRazor","Clockwork:CraftMomentumEngine"],"relics":["Clockwork:MomentumEngine","EVO:Axolotl","Golden Idol","Boot","Happy Flower","Tiny Chest"],"acts_visited":["Exordium"],"potions_floor_usage":[4,7,12,12],"damage_taken":[{"damage":2,"enemies":"Jaw Worm","floor":1,"turns":9},{"damage":17,"enemies":"Small Slimes","floor":4,"turns":6},{"damage":3,"enemies":"2 Louse","floor":5,"turns":5},{"damage":8,"enemies":"Gremlin Nob","floor":6,"turns":4},{"damage":18,"enemies":"Large Slime","floor":7,"turns":4},{"damage":14,"enemies":"Blue Slaver","floor":8,"turns":3},{"damage":20,"enemies":"Lagavulin","floor":10,"turns":6},{"damage":16,"enemies":"3 Sentries","floor":12,"turns":2}],"seed_played":"206396289099585217","potions_obtained":[{"floor":1,"key":"EntropicBrew"},{"floor":5,"key":"Regen Potion"},{"floor":10,"key":"GamblersBrew"}],"is_trial":false,"path_per_floor":["M","?","$","M","M","E","M","M","T","E","?","E"],"character_chosen":"CLOCKWORK","items_purchased":["Clockwork:Efficiency"],"campfire_rested":0,"item_purchase_floors":[3],"current_hp_per_floor":[83,83,83,66,63,55,46,32,32,12,12,0,0],"gold":180,"neow_bonus":"TEN_PERCENT_HP_BONUS","is_daily":false,"chose_seed":false,"campfire_upgraded":0,"win_rate":0.0,"timestamp":1610814464,"path_taken":["M","?","$","M","M","E","M","M","T","E","?","E"],"items_purchased_type":["Card"],"build_version":"2020-12-22","purchased_purges":0,"victory":false,"max_hp_per_floor":[93,86,86,86,86,86,86,86,86,86,86,86,86],"card_choices":[{"not_picked":["Clockwork:MechanicalBulk","Clockwork:Improve","Clockwork:Pluck"],"picked":"SKIP","floor":1},{"not_picked":["Clockwork:AdaptiveCannon","Clockwork:Pluck","Clockwork:TiltAWhirl"],"picked":"SKIP","floor":4},{"not_picked":["Clockwork:CogBarrier","Clockwork:Friction"],"picked":"Clockwork:OccamsRazor","floor":5},{"not_picked":["Clockwork:CraftQuicksilverHourglass","Clockwork:PerfectedStrike","Clockwork:ReserveSystems"],"picked":"SKIP","floor":6},{"not_picked":["Clockwork:HeadStart","Clockwork:Pluck","Clockwork:ForgeStrike"],"picked":"SKIP","floor":7},{"not_picked":["Clockwork:TimeOut","Clockwork:Improve","Clockwork:Roundhouse"],"picked":"SKIP","floor":8},{"not_picked":["Clockwork:Enhance","Clockwork:Efficiency"],"picked":"Clockwork:CraftMomentumEngine","floor":10}],"player_experience":749179,"relics_obtained":[{"floor":6,"key":"Boot"},{"floor":9,"key":"Happy Flower"},{"floor":10,"key":"Tiny Chest"}],"event_choices":[{"damage_healed":0,"gold_gain":0,"player_choice":"Lose Max HP","damage_taken":0,"relics_obtained":["Golden Idol"],"max_hp_gain":0,"max_hp_loss":7,"event_name":"Golden Idol","floor":2,"gold_loss":0},{"damage_healed":0,"gold_gain":0,"player_choice":"Ignored","damage_taken":0,"max_hp_gain":0,"max_hp_loss":0,"event_name":"Liars Game","floor":11,"gold_loss":0}],"is_beta":false,"boss_relics":[],"items_purged_floors":[],"is_endless":false,"potions_floor_spawned":[1,4,5,10],"killed_by":"3 Sentries","ascension_level":8}}