{"host":"6p0attdrtjqaih7v","time":1610829231,"event":{"mods":["2.2 Compatiblity","AchievementEnabler","Bard","BaseMod","Better Skull","Better Third Choice","Colored Powertips","Hermit","Highlight Path","Jorbs\u0027s Wanderer Trilogy","Key Reminder","Minty Spire (QoL Compilation)","Permanent Neow","Quick Restart","Random Character Button","Relic Stats","Replay The Spire","Robot Space Explorer","StSLib"],"gold_per_floor":[115,140,140,159,159,159,169,198,268,286,299,70,70,98,98,172,172,183,233,245,100,100,100,100],"floor_reached":23,"language":"ENG","playtime":1023,"items_purged":["Strike_B"],"score":498,"play_id":"6d8faba3-6469-4747-afa3-1bf8e483b61f","local_time":"20210116153351","is_ascension_mode":true,"campfire_choices":[{"data":"Sweeping Beam","floor":6,"key":"SMITH"},{"data":"Sunder","floor":13,"key":"SMITH"},{"data":"Reinforced Body","floor":15,"key":"SMITH"}],"circlet_count":0,"master_deck":["AscendersBane","Strike_B","Strike_B","Defend_B","Defend_B","Defend_B+1","Defend_B","Zap","Dualcast","Loop","Ball Lightning","Sweeping Beam+1","FIFO Queue","Ball Lightning","ReplayTheSpireMod:Calculation Training","Sunder+1","Cold Snap","Reinforced Body+1","Electrodynamics","Genetic Algorithm","Genetic Algorithm","Impatience","Conserve Battery"],"relics":["Cracked Core","Pet Ghost","Replay:Multitool","InkBottle","BargainBundle","Peace Pipe","Painkiller Herb"],"acts_visited":["Exordium","TheCity"],"potions_floor_usage":[14,16,23,23],"damage_taken":[{"damage":0,"enemies":"Cultist","floor":1,"turns":3},{"damage":9,"enemies":"2 Louse","floor":4,"turns":3},{"damage":9,"enemies":"Small Slimes","floor":7,"turns":3},{"damage":12,"enemies":"Replay:BlueRogue","floor":8,"turns":5},{"damage":8,"enemies":"Blue Slaver","floor":10,"turns":3},{"damage":0,"enemies":"3 Louse","floor":11,"turns":2},{"damage":14,"enemies":"Gremlin Nob","floor":14,"turns":4},{"damage":0,"enemies":"The Guardian","floor":16,"turns":9},{"damage":22,"enemies":"2 Thieves","floor":18,"turns":3},{"damage":18,"enemies":"3 Byrds","floor":20,"turns":4},{"damage":21,"enemies":"Replay:Snechameleon","floor":23,"turns":4}],"seed_played":"374511092339982325","potions_obtained":[{"floor":1,"key":"Elixir"},{"floor":16,"key":"Milkshake"},{"floor":18,"key":"Toxic Potion"}],"is_trial":false,"path_per_floor":["M","T","?","M","?","R","M","E","T","M","M","$","R","E","R","B",null,"?","?","?","T","?","E"],"character_chosen":"DEFECT","items_purchased":["BargainBundle","Sunder","Cold Snap","SpeedPotion","CultistPotion","Impatience","Conserve Battery"],"campfire_rested":0,"item_purchase_floors":[12,12,12,12,12,21,21],"current_hp_per_floor":[64,64,64,55,60,60,51,39,39,31,31,31,31,17,17,17,61,39,39,21,21,21,0,0],"gold":100,"neow_bonus":"TRANSFORM_CARD","is_daily":false,"chose_seed":false,"campfire_upgraded":3,"win_rate":0.0,"timestamp":1610829231,"path_taken":["M","?","?","M","?","R","M","E","T","M","M","$","R","E","R","BOSS","?","?","?","T","?","E"],"items_purchased_type":["Relic","Card","Card","Potion","Potion","Card","Card"],"build_version":"2020-12-22","purchased_purges":1,"victory":false,"max_hp_per_floor":[71,71,71,71,76,76,76,76,76,76,76,76,76,76,76,76,76,76,76,76,76,76,76,76],"relic_stats":{"Peace Pipe":0,"counters":[11,43],"obtain_stats":[{"Peace Pipe":14,"BargainBundle":12,"Painkiller Herb":17,"Replay:Multitool":8,"Cracked Core":0,"Pet Ghost":2,"InkBottle":9},{"Peace Pipe":7,"BargainBundle":6,"Painkiller Herb":8,"Replay:Multitool":4,"Cracked Core":0,"Pet Ghost":1,"InkBottle":4},{"Peace Pipe":23,"BargainBundle":19,"Painkiller Herb":32,"Replay:Multitool":14,"Cracked Core":0,"Pet Ghost":3,"InkBottle":14}],"InkBottle":[8]},"card_choices":[{"not_picked":["Rip and Tear","Coolheaded"],"picked":"Ball Lightning","floor":1},{"not_picked":["Beam Cell","BootSequence"],"picked":"Sweeping Beam","floor":4},{"not_picked":["Streamline","BasicCrystalCard","Conserve Battery"],"picked":"SKIP","floor":7},{"not_picked":["Skim","Hello World"],"picked":"FIFO Queue","floor":8},{"not_picked":["Core Surge","Turbo"],"picked":"Ball Lightning","floor":10},{"not_picked":["Compile Driver","Gash"],"picked":"ReplayTheSpireMod:Calculation Training","floor":11},{"not_picked":["Gash","Buffer"],"picked":"Reinforced Body","floor":14},{"not_picked":["Machine Learning","Fission"],"picked":"Electrodynamics","floor":16},{"not_picked":["Beam Cell","Aggregate"],"picked":"Genetic Algorithm","floor":18},{"not_picked":["Turbo","Leap"],"picked":"Genetic Algorithm","floor":20}],"player_experience":853088,"relics_obtained":[{"floor":2,"key":"Pet Ghost"},{"floor":8,"key":"Replay:Multitool"},{"floor":9,"key":"InkBottle"},{"floor":14,"key":"Peace Pipe"}],"event_choices":[{"damage_healed":0,"gold_gain":0,"player_choice":"Donut","damage_taken":0,"max_hp_gain":5,"max_hp_loss":0,"event_name":"Big Fish","floor":5,"gold_loss":0},{"damage_healed":0,"gold_gain":50,"player_choice":"Stole From Cult","damage_taken":0,"max_hp_gain":0,"max_hp_loss":0,"event_name":"Nest","floor":19,"gold_loss":0}],"is_beta":false,"boss_relics":[{"not_picked":["Replay:Ancient Bell","ReplayTheSpireMod:DimensionalGlitch"],"picked":"Painkiller Herb"}],"items_purged_floors":[12],"is_endless":false,"potions_floor_spawned":[1,16,18],"killed_by":"Replay:Snechameleon","ascension_level":20}}