{"host":"atc9njsbcy6dgluf","time":1610827014,"event":{"mods":["BaseMod","Better Match","Infinite Spire","Minty Spire (QoL Compilation)","StSLib"],"gold_per_floor":[117,129,148,159,178,178,211,211,211,211,239,254,268,48,48,153,153,173,189,209,236,249,249,249],"floor_reached":23,"language":"ENG","playtime":2128,"items_purged":[],"score":279,"play_id":"7f9a720d-92b1-4dfa-83a2-c215926671f2","local_time":"20210116205654","is_ascension_mode":true,"campfire_choices":[{"floor":6.0,"key":"REST"},{"floor":8.0,"key":"REST"},{"floor":10.0,"key":"RECALL"},{"floor":15,"key":"REST"}],"circlet_count":0,"master_deck":["Strike_P+1","Strike_P+1","Strike_P+1","Defend_P+1","Defend_P","Eruption+1","Vigilance","LessonLearned","WindmillStrike","Conclude","Perseverance","SandsOfTime+1","Vengeance","EmptyBody+1","BowlingBash","DevaForm","Bandage Up","Judgement+1","Adaptation+1","ClearTheMind+1","FlyingSleeves+1","Consecrate"],"relics":["PureWater","infinitespire:Satchel","Art of War","Astrolabe","Boot"],"acts_visited":["Exordium","TheCity"],"potions_floor_usage":[16,20],"damage_taken":[{"damage":1.0,"enemies":"Cultist","floor":1.0,"turns":4.0},{"damage":2.0,"enemies":"Jaw Worm","floor":2.0,"turns":4.0},{"damage":8.0,"enemies":"Small Slimes","floor":3.0,"turns":3.0},{"damage":6.0,"enemies":"Looter","floor":4.0,"turns":2.0},{"damage":15.0,"enemies":"3 Louse","floor":5.0,"turns":4.0},{"damage":4.0,"enemies":"Gremlin Nob","floor":7.0,"turns":3.0},{"damage":13,"enemies":"3 Sentries","floor":11,"turns":5},{"damage":12,"enemies":"Gremlin Gang","floor":12,"turns":2},{"damage":11,"enemies":"Red Slaver","floor":13,"turns":3},{"damage":15,"enemies":"Slime Boss","floor":16,"turns":5},{"damage":0,"enemies":"Spheric Guardian","floor":18,"turns":3},{"damage":3,"enemies":"3 Byrds","floor":19,"turns":5},{"damage":2,"enemies":"Snecko","floor":20,"turns":3},{"damage":32,"enemies":"Snake Plant","floor":22,"turns":3},{"damage":39,"enemies":"Book of Stabbing","floor":23,"turns":3}],"seed_played":"-9077503354159505897","potions_obtained":[{"floor":2.0,"key":"DuplicationPotion"},{"floor":3.0,"key":"DistilledChaos"},{"floor":4.0,"key":"Block Potion"},{"floor":13,"key":"SpeedPotion"},{"floor":18,"key":"Fire Potion"}],"is_trial":false,"path_per_floor":["M","M","M","M","M","R","E","R","T","R","E","M","M","$","R","B",null,"M","M","M","T","M","E"],"character_chosen":"WATCHER","items_purchased":["DevaForm","Bandage Up"],"campfire_rested":3,"item_purchase_floors":[14,14],"current_hp_per_floor":[46,44,36,30,15,36,32,53,53,53,40,28,17,17,38,27,61,61,62,60,60,32,0,0],"gold":249,"neow_bonus":"THREE_RARE_CARDS","is_daily":false,"chose_seed":false,"campfire_upgraded":0,"win_rate":0.0,"timestamp":1610827014,"path_taken":["M","M","M","M","M","R","E","R","T","R","E","?","M","$","R","BOSS","M","M","M","?","M","E"],"items_purchased_type":["Card","Card"],"build_version":"2020-12-22","purchased_purges":0,"victory":false,"max_hp_per_floor":[72,72,72,72,72,72,72,72,72,72,72,72,72,72,72,72,72,72,72,72,72,72,72,72],"card_choices":[{"not_picked":["Devotion","DeusExMachina"],"picked":"LessonLearned","floor":0.0},{"not_picked":["Protect","InnerPeace"],"picked":"WindmillStrike","floor":1.0},{"not_picked":["FlurryOfBlows","CrushJoints","Crescendo"],"picked":"SKIP","floor":2.0},{"not_picked":["Fasting2","EmptyBody","Weave"],"picked":"SKIP","floor":3.0},{"not_picked":["Protect","EmptyFist"],"picked":"Conclude","floor":4.0},{"not_picked":["InnerPeace","Halt"],"picked":"Perseverance","floor":5.0},{"not_picked":["Crescendo","EmptyBody"],"picked":"SandsOfTime","floor":7.0},{"not_picked":["FlurryOfBlows","MentalFortress"],"picked":"Vengeance","floor":11},{"not_picked":["EmptyFist","Prostrate"],"picked":"EmptyBody","floor":12},{"not_picked":["Consecrate","ClearTheMind"],"picked":"BowlingBash","floor":13},{"not_picked":["LessonLearned","MasterReality"],"picked":"Judgement","floor":16},{"not_picked":["PathToVictory","Indignation"],"picked":"Consecrate","floor":18},{"not_picked":["Vengeance","FollowUp","Consecrate"],"picked":"SKIP","floor":19},{"not_picked":["FlurryOfBlows","MentalFortress","Prostrate"],"picked":"SKIP","floor":20},{"not_picked":["SashWhip+1","Conclude+1","SignatureMove"],"picked":"SKIP","floor":22}],"player_experience":573932,"relics_obtained":[{"floor":7.0,"key":"infinitespire:Satchel"},{"floor":11,"key":"Art of War"},{"floor":21,"key":"Boot"}],"event_choices":[],"is_beta":false,"boss_relics":[{"not_picked":["Busted Crown","Snecko Eye"],"picked":"Astrolabe"}],"items_purged_floors":[],"is_endless":false,"potions_floor_spawned":[2,3,4,13,18],"killed_by":"Book of Stabbing","ascension_level":7}}