{"host":"po0gzr6h085cygwo","time":1610791213,"event":{"mods":["AchievementEnabler","BaseMod","Colored Map","KOR Keyword Fix","Minty Spire (QoL Compilation)","Rare Cards Sparkle","Replay The Spire","StSLib","SuperFastMode"],"gold_per_floor":[119,129,142,92,107,141,141,172,197,207,217,251,102,117,117,219,219,229,245,262,361,6,34,34,59,82,82,82,82,96,114,114,211,211,221,239,259,14,32,60,60,73,73,73,73],"floor_reached":44,"language":"KOR","playtime":3151,"items_purged":["Strike_B","Zap"],"score":608,"play_id":"3a0fced5-b798-476b-b3b1-53c00ce8dcef","local_time":"20210116190013","is_ascension_mode":true,"campfire_choices":[{"data":"Echo Form","floor":7.0,"key":"SMITH"},{"data":"Defragment","floor":15.0,"key":"SMITH"},{"data":"Creative AI","floor":24.0,"key":"SMITH"},{"data":"Machine Learning","floor":27.0,"key":"SMITH"},{"floor":29.0,"key":"REST"},{"data":"Heatsinks","floor":32.0,"key":"SMITH"},{"floor":41.0,"key":"RECALL"}],"circlet_count":0,"master_deck":["Dualcast","ReplayTheSpireMod:Repulse","Conserve Battery","Echo Form+1","FIFO Queue","Loop","Creative AI+1","Skim","Loop","Defragment+1","Core Surge","BasicCrystalCard+1","Cold Snap","Ball Lightning","Static Discharge","Heatsinks+1","Machine Learning+1","Seek","Electrodynamics+1","All For One+1","Rebound+1"],"relics":["Cracked Core","NeowsBlessing","Raider\u0027s Mask","Tiny Chest","Pen Nib","Whetstone","Mummified Hand","Replay:Rubber Ducky","SacredBark","Ice Cream","WingedGreaves","TungstenRod","Ancient Tea Set","Astrolabe","Anchor","Juzu Bracelet"],"acts_visited":["Exordium","TheCity","TheBeyond"],"potions_floor_usage":[],"damage_taken":[{"damage":0.0,"enemies":"2 Louse","floor":1.0,"turns":1.0},{"damage":0.0,"enemies":"Small Slimes","floor":2.0,"turns":1.0},{"damage":0.0,"enemies":"Jaw Worm","floor":3.0,"turns":1.0},{"damage":10.0,"enemies":"Blue Slaver","floor":5.0,"turns":4.0},{"damage":43.0,"enemies":"3 Sentries","floor":6.0,"turns":10.0},{"damage":17.0,"enemies":"Replay:BlueRogue","floor":8.0,"turns":9.0},{"damage":19.0,"enemies":"Lots of Slimes","floor":10.0,"turns":3.0},{"damage":11.0,"enemies":"Exordium Wildlife","floor":11.0,"turns":5.0},{"damage":31.0,"enemies":"3 Sentries","floor":12.0,"turns":9.0},{"damage":0.0,"enemies":"Blue Slaver","floor":14.0,"turns":4.0},{"damage":2.0,"enemies":"The Guardian","floor":16.0,"turns":8.0},{"damage":28.0,"enemies":"2 Thieves","floor":18.0,"turns":5.0},{"damage":12.0,"enemies":"Spheric Guardian","floor":19.0,"turns":4.0},{"damage":14.0,"enemies":"Snake Plant","floor":20.0,"turns":5.0},{"damage":12.0,"enemies":"Book of Stabbing","floor":23.0,"turns":5.0},{"damage":35.0,"enemies":"Slavers","floor":25.0,"turns":5.0},{"damage":12.0,"enemies":"Shelled Parasite and Fungi","floor":30.0,"turns":4.0},{"damage":5.0,"enemies":"Cultist and Chosen","floor":31.0,"turns":5.0},{"damage":0.0,"enemies":"Champ","floor":33.0,"turns":7.0},{"damage":8.0,"enemies":"Orb Walker","floor":35.0,"turns":3.0},{"damage":15.0,"enemies":"3 Darklings","floor":36.0,"turns":2.0},{"damage":0.0,"enemies":"Maw","floor":37.0,"turns":5.0},{"damage":22.0,"enemies":"Jaw Worm Horde","floor":39.0,"turns":3.0},{"damage":0.0,"enemies":"Giant Head","floor":40.0,"turns":7.0},{"damage":0.0,"enemies":"3 Darklings","floor":42.0,"turns":3.0},{"damage":33,"enemies":"Nemesis","floor":44,"turns":6}],"seed_played":"-2354208243173866307","potions_obtained":[{"floor":6.0,"key":"FocusPotion"},{"floor":11.0,"key":"SpeedPotion"},{"floor":14.0,"key":"Block Potion"},{"floor":16.0,"key":"Adrenaline Potion"},{"floor":19.0,"key":"ColorlessPotion"},{"floor":20.0,"key":"ColorlessPotion"},{"floor":25.0,"key":"Strength Potion"},{"floor":33.0,"key":"Adrenaline Potion"},{"floor":37.0,"key":"Reflective Coating"},{"floor":39.0,"key":"Block Potion"}],"is_trial":false,"path_per_floor":["M","M","M","?","M","E","R","E","T","M","M","E","$","M","R","B",null,"M","M","M","?","$","E","R","E","T","R","$","R","M","M","R","B",null,"M","M","M","$","M","E","R","M","T","E"],"character_chosen":"DEFECT","items_purchased":["Defragment","Static Discharge","Ice Cream","Anchor"],"campfire_rested":1,"item_purchase_floors":[13,22,22,38],"current_hp_per_floor":[75,75,75,75,65,22,22,55,55,36,25,44,44,44,44,42,75,47,35,21,21,21,59,59,24,24,24,24,46,34,29,29,29,75,67,52,52,52,30,30,30,30,30,0,0],"gold":73,"neow_bonus":"THREE_ENEMY_KILL","is_daily":false,"chose_seed":false,"campfire_upgraded":5,"win_rate":0.0,"timestamp":1610791213,"path_taken":["M","M","M","?","M","E","R","E","T","M","M","E","$","M","R","BOSS","M","M","M","?","$","E","R","E","T","R","$","R","M","M","R","BOSS","M","M","M","$","M","E","R","M","T","E"],"items_purchased_type":["Card","Card","Relic","Relic"],"build_version":"2020-12-22","purchased_purges":2,"victory":false,"max_hp_per_floor":[75,75,75,75,75,75,75,75,75,75,75,75,75,75,75,75,75,75,75,75,75,75,75,75,75,75,75,75,75,75,75,75,75,75,75,75,75,75,75,75,75,75,75,75,75],"card_choices":[{"not_picked":["Rebound","Heatsinks"],"picked":"Panic Button","floor":1.0},{"not_picked":["Coolheaded","Stack"],"picked":"ReplayTheSpireMod:Repulse","floor":2.0},{"not_picked":["Gash","Beam Cell"],"picked":"Conserve Battery","floor":3.0},{"not_picked":["Double Energy","Cold Snap"],"picked":"Echo Form","floor":5.0},{"not_picked":["Conserve Battery","Go for the Eyes"],"picked":"FIFO Queue","floor":6.0},{"not_picked":["Consume","Undo"],"picked":"Loop","floor":8.0},{"not_picked":["Stack","Cold Snap"],"picked":"Creative AI","floor":10.0},{"not_picked":["Time Bomb","Double Energy"],"picked":"Skim","floor":11.0},{"not_picked":["Sweeping Beam","Rebound"],"picked":"Loop","floor":12.0},{"not_picked":["Crystallizer","Beam Cell","Barrage"],"picked":"SKIP","floor":14.0},{"not_picked":["Thunder Strike","Rainbow"],"picked":"Core Surge","floor":16.0},{"not_picked":["Gash","Undo"],"picked":"BasicCrystalCard+1","floor":18.0},{"not_picked":["Reprogram","Steam Power+1"],"picked":"Cold Snap","floor":19.0},{"not_picked":["Gash+1","Cold Snap"],"picked":"Ball Lightning","floor":20.0},{"not_picked":["Cold Snap","Turbo"],"picked":"Heatsinks","floor":23.0},{"not_picked":["Defragment","Coolheaded"],"picked":"Machine Learning","floor":25.0},{"not_picked":["Compile Driver+1","Panic Button","Barrage+1"],"picked":"SKIP","floor":30.0},{"not_picked":["Go for the Eyes","Gash","Rebound"],"picked":"SKIP","floor":31.0},{"not_picked":["ReplayTheSpireMod:Omega Cannon","All For One"],"picked":"Seek","floor":33.0},{"not_picked":["Beam Cell+1","Gash+1","Leap"],"picked":"SKIP","floor":35.0},{"not_picked":["Steam","Auto Shields+1","Conserve Battery+1"],"picked":"SKIP","floor":36.0},{"not_picked":["Turbo","Panic Button","Ball Lightning+1"],"picked":"SKIP","floor":37.0},{"not_picked":["ReplaySort+1","Barrage+1","Steam+1"],"picked":"SKIP","floor":39.0},{"not_picked":["Panic Button+1","Machine Learning","Auto Shields+1"],"picked":"SKIP","floor":40.0},{"not_picked":["Hologram+1","Panic Button","Blizzard"],"picked":"SKIP","floor":42.0}],"player_experience":73637,"relics_obtained":[{"floor":6.0,"key":"Tiny Chest"},{"floor":8.0,"key":"Pen Nib"},{"floor":9.0,"key":"Whetstone"},{"floor":12.0,"key":"Replay:Rubber Ducky"},{"floor":23.0,"key":"WingedGreaves"},{"floor":25.0,"key":"TungstenRod"},{"floor":26.0,"key":"Ancient Tea Set"},{"floor":40.0,"key":"Juzu Bracelet"}],"event_choices":[{"cards_removed":["Strike_B"],"damage_healed":0.0,"max_hp_gain":0.0,"max_hp_loss":0.0,"gold_gain":0.0,"event_name":"The Cleric","player_choice":"Card Removal","floor":4.0,"gold_loss":50.0,"damage_taken":0.0},{"damage_healed":0.0,"max_hp_gain":0.0,"max_hp_loss":0.0,"gold_gain":99.0,"event_name":"Nest","player_choice":"Stole From Cult","floor":21.0,"gold_loss":0.0,"damage_taken":0.0}],"is_beta":false,"boss_relics":[{"not_picked":["ReplayTheSpireMod:DimensionalGlitch","Replay:Drink Me"],"picked":"SacredBark"},{"not_picked":["SlaversCollar","Honey Jar"],"picked":"Astrolabe"}],"items_purged_floors":[13,38],"is_endless":false,"potions_floor_spawned":[6,11,14,16,19,20,25,33,37,39],"killed_by":"Nemesis","ascension_level":1}}