{"host":"kh6fvhxn285ncg0o","time":1610816107,"event":{"mods":["Act Like it!","BaseMod","Colored Map","Friendly Minions","Keyboard Shortcuts","Minty Spire (QoL Compilation)","Quick Restart","Relic Stats","StSLib","SuperFastMode"],"gold_per_floor":[115,165,178,198,212,247,247,259,259,271,297,312,346,359,359,435,435,451,167,167,167,181,216,216,216,216],"floor_reached":25,"language":"KOR","playtime":750,"items_purged":["Strike_R"],"score":490,"play_id":"989e0f61-ebe7-4cd7-9a7a-46f3e025c073","local_time":"20210117015507","is_ascension_mode":true,"campfire_choices":[{"data":"Immolate","floor":7.0,"key":"SMITH"},{"data":"Rage","floor":15.0,"key":"SMITH"},{"floor":24.0,"key":"REST"}],"circlet_count":0,"master_deck":["AscendersBane","Strike_R","Strike_R","Strike_R","Strike_R","Defend_R","Defend_R","Defend_R+1","Defend_R+1","Bash","Immolate+1","Shrug It Off","Burning Pact","Rage+1","Evolve","Headbutt","Fire Breathing","Offering","Fiend Fire","Dark Embrace"],"relics":["Burning Blood","Toy Ornithopter","Question Card","Ancient Tea Set","Mango","Fusion Hammer","War Paint","Enchiridion","Kunai"],"acts_visited":["Exordium","TheCity"],"potions_floor_usage":[],"damage_taken":[{"damage":6.0,"enemies":"Cultist","floor":1.0,"turns":3.0},{"damage":0.0,"enemies":"2 Louse","floor":3.0,"turns":1.0},{"damage":2.0,"enemies":"Jaw Worm","floor":4.0,"turns":3.0},{"damage":12.0,"enemies":"Large Slime","floor":5.0,"turns":7.0},{"damage":20.0,"enemies":"3 Sentries","floor":6.0,"turns":8.0},{"damage":14.0,"enemies":"Exordium Wildlife","floor":8.0,"turns":3.0},{"damage":6.0,"enemies":"2 Fungi Beasts","floor":10.0,"turns":4.0},{"damage":10.0,"enemies":"Lagavulin","floor":11.0,"turns":4.0},{"damage":1.0,"enemies":"Large Slime","floor":12.0,"turns":5.0},{"damage":32.0,"enemies":"Gremlin Nob","floor":13.0,"turns":4.0},{"damage":6.0,"enemies":"Exordium Thugs","floor":14.0,"turns":3.0},{"damage":10.0,"enemies":"Slime Boss","floor":16.0,"turns":5.0},{"damage":6.0,"enemies":"Spheric Guardian","floor":18.0,"turns":3.0},{"damage":13.0,"enemies":"3 Byrds","floor":22.0,"turns":3.0},{"damage":21.0,"enemies":"Slavers","floor":23.0,"turns":5.0},{"damage":68,"enemies":"Book of Stabbing","floor":25,"turns":5}],"seed_played":"-3281990434506542043","potions_obtained":[{"floor":3.0,"key":"ColorlessPotion"},{"floor":4.0,"key":"Weak Potion"},{"floor":10.0,"key":"DistilledChaos"},{"floor":11.0,"key":"ColorlessPotion"},{"floor":13.0,"key":"Energy Potion"},{"floor":16.0,"key":"HeartOfIron"},{"floor":18.0,"key":"Explosive Potion"}],"is_trial":false,"path_per_floor":["M","?","M","M","M","E","R","M","T","M","E","M","E","M","R","B",null,"M","$","?","?","M","E","R","E"],"character_chosen":"IRONCLAD","items_purchased":["Dark Embrace","War Paint"],"campfire_rested":1,"item_purchase_floors":[19,19],"current_hp_per_floor":[68,62,68,68,62,48,48,40,40,40,46,51,39,44,44,40,72,77,77,56,56,54,44,68,0,0],"gold":216,"neow_bonus":"THREE_RARE_CARDS","is_daily":false,"chose_seed":false,"campfire_upgraded":2,"win_rate":0.0,"timestamp":1610816107,"path_taken":["M","?","M","M","M","E","R","M","T","M","E","M","E","M","R","BOSS","M","$","?","?","M","E","R","E"],"items_purchased_type":["Card","Relic"],"build_version":"2020-12-22","purchased_purges":1,"victory":false,"max_hp_per_floor":[68,68,68,68,68,68,68,68,68,68,68,68,82,82,82,82,82,82,82,82,82,82,82,82,82,82],"relic_stats":{"counters":[16,66],"Kunai":[1],"War Paint":["Defend_R","Defend_R"],"Question Card":9,"obtain_stats":[{"Enchiridion":20,"Mango":13,"Fusion Hammer":17,"Kunai":23,"War Paint":19,"Question Card":9,"Ancient Tea Set":11,"Burning Blood":0,"Toy Ornithopter":6},{"Enchiridion":13,"Mango":10,"Fusion Hammer":12,"Kunai":15,"War Paint":13,"Question Card":6,"Ancient Tea Set":8,"Burning Blood":0,"Toy Ornithopter":5},{"Enchiridion":53,"Mango":42,"Fusion Hammer":50,"Kunai":61,"War Paint":53,"Question Card":25,"Ancient Tea Set":33,"Burning Blood":0,"Toy Ornithopter":22}],"Burning Blood":86,"Toy Ornithopter":30},"card_choices":[{"not_picked":["Brutality","Barricade"],"picked":"Immolate","floor":0.0},{"not_picked":["Flex","Burning Pact"],"picked":"Shrug It Off","floor":1.0},{"not_picked":["Body Slam","Pommel Strike"],"picked":"Burning Pact","floor":3.0},{"not_picked":["Rupture","Inflame"],"picked":"Rage","floor":4.0},{"not_picked":["Pommel Strike","Clothesline"],"picked":"Evolve","floor":5.0},{"not_picked":["Metallicize","Reaper"],"picked":"Headbutt","floor":6.0},{"not_picked":["Body Slam","Perfected Strike"],"picked":"Fire Breathing","floor":8.0},{"not_picked":["Sword Boomerang","Limit Break","Cleave","Searing Blow"],"picked":"SKIP","floor":10.0},{"not_picked":["Inflame","Burning Pact","Ghostly Armor","Infernal Blade"],"picked":"SKIP","floor":11.0},{"not_picked":["Hemokinesis","Anger","Thunderclap","Inflame"],"picked":"SKIP","floor":12.0},{"not_picked":["Shockwave","Body Slam","Intimidate"],"picked":"Offering","floor":13.0},{"not_picked":["Clash","Clothesline","True Grit","Sword Boomerang"],"picked":"SKIP","floor":14.0},{"not_picked":["Double Tap","Reaper","Demon Form"],"picked":"Fiend Fire","floor":16.0},{"not_picked":["Bloodletting","Metallicize","Wild Strike+1","Havoc"],"picked":"SKIP","floor":18.0},{"not_picked":["Wild Strike","Dual Wield","Thunderclap","Ghostly Armor"],"picked":"SKIP","floor":22.0},{"not_picked":["Inflame","Dark Embrace","Sentinel","Infernal Blade"],"picked":"SKIP","floor":23.0}],"player_experience":3467440,"relics_obtained":[{"floor":6.0,"key":"Toy Ornithopter"},{"floor":9.0,"key":"Question Card"},{"floor":11.0,"key":"Ancient Tea Set"},{"floor":13.0,"key":"Mango"},{"floor":20.0,"key":"Enchiridion"},{"floor":23.0,"key":"Kunai"}],"event_choices":[{"damage_healed":0.0,"max_hp_gain":0.0,"max_hp_loss":0.0,"gold_gain":50.0,"event_name":"FaceTrader","player_choice":"Touch","floor":2.0,"gold_loss":0.0,"damage_taken":6.0},{"damage_healed":0.0,"max_hp_gain":0.0,"max_hp_loss":0.0,"gold_gain":0.0,"event_name":"Cursed Tome","player_choice":"Obtained Book","floor":20.0,"gold_loss":0.0,"damage_taken":21.0},{"damage_healed":0.0,"max_hp_gain":0.0,"max_hp_loss":0.0,"gold_gain":0.0,"event_name":"Vampires","player_choice":"Ignored","floor":21.0,"gold_loss":0.0,"damage_taken":0.0}],"is_beta":false,"boss_relics":[{"not_picked":["Snecko Eye","Ectoplasm"],"picked":"Fusion Hammer"}],"items_purged_floors":[19],"is_endless":false,"potions_floor_spawned":[3,4,10,11,13,16,18],"killed_by":"Book of Stabbing","ascension_level":20}}