{"host":"2pmmafybkq7zb6na","time":1610801539,"event":{"mods":["AchievementEnabler","BaseMod","Colored Map","Highlight Path","Minty Spire (QoL Compilation)","Quick Restart","StSLib","SuperFastMode"],"gold_per_floor":[116,129,129,17,36,64,82,82,82,82,82,99,99,127,127,224,224,239,255,255,270,210,238,256,256,281,296,314,329,18,18,18,115,115,129,129,144,144,156,182,182,194,219,230,23,41,57,77,77,77,77,77,38,63,63,63],"floor_reached":55,"language":"KOR","playtime":3305,"items_purged":["Strike_B"],"score":735,"play_id":"e4c4e5ce-ee64-4f51-b02b-83677c8eea51","local_time":"20210116215219","is_ascension_mode":false,"campfire_choices":[{"floor":8.0,"key":"RECALL"},{"data":"Defragment","floor":10.0,"key":"SMITH"},{"data":"Aggregate","floor":13.0,"key":"SMITH"},{"data":"Conserve Battery","floor":15.0,"key":"SMITH"},{"data":"Zap","floor":25.0,"key":"SMITH"},{"data":"Force Field","floor":32.0,"key":"SMITH"},{"data":"Buffer","floor":41.0,"key":"SMITH"},{"floor":49.0,"key":"REST"},{"floor":52.0,"key":"REST"}],"circlet_count":0,"master_deck":["Zap+1","Defragment+1","Self Repair","Conserve Battery+1","Aggregate+1","Coolheaded","Ball Lightning","Hello World","Thunder Strike","Self Repair","Static Discharge","Barrage","Leap","Force Field+1","Static Discharge","Double Energy+1","Cold Snap","Force Field+1","Hello World","Turbo","Hologram+1","Buffer+1","Aggregate+1","Storm+1","Gash+1","Gash","White Noise+1","Coolheaded+1","Loop","Go for the Eyes+1","Undo","Blizzard","Loop","Steam+1","Heatsinks+1","Reinforced Body+1","Seek"],"relics":["Cracked Core","HornCleat","The Courier","Bronze Scales","Pandora\u0027s Box","Pen Nib","Strawberry","Bag of Marbles","Question Card","Astrolabe","Centennial Puzzle","TheAbacus","Pear"],"acts_visited":["Exordium","TheCity","TheBeyond","TheEnding"],"potions_floor_usage":[55],"damage_taken":[{"damage":0.0,"enemies":"2 Louse","floor":1.0,"turns":5.0},{"damage":5.0,"enemies":"Jaw Worm","floor":2.0,"turns":4.0},{"damage":4.0,"enemies":"Cultist","floor":5.0,"turns":3.0},{"damage":38.0,"enemies":"3 Sentries","floor":6.0,"turns":9.0},{"damage":6.0,"enemies":"Large Slime","floor":7.0,"turns":6.0},{"damage":0.0,"enemies":"Blue Slaver","floor":12.0,"turns":4.0},{"damage":8.0,"enemies":"Lagavulin","floor":14.0,"turns":6.0},{"damage":13.0,"enemies":"Slime Boss","floor":16.0,"turns":9.0},{"damage":13.0,"enemies":"Shell Parasite","floor":18.0,"turns":4.0},{"damage":5.0,"enemies":"Spheric Guardian","floor":19.0,"turns":7.0},{"damage":22.0,"enemies":"Cultist and Chosen","floor":21.0,"turns":5.0},{"damage":44.0,"enemies":"Slavers","floor":23.0,"turns":5.0},{"damage":20.0,"enemies":"Centurion and Healer","floor":24.0,"turns":7.0},{"damage":8.0,"enemies":"Snake Plant","floor":27.0,"turns":4.0},{"damage":17.0,"enemies":"Cultist and Chosen","floor":28.0,"turns":6.0},{"damage":10.0,"enemies":"Centurion and Healer","floor":29.0,"turns":7.0},{"damage":27.0,"enemies":"Automaton","floor":33.0,"turns":12.0},{"damage":1.0,"enemies":"Orb Walker","floor":35.0,"turns":3.0},{"damage":32.0,"enemies":"3 Darklings","floor":37.0,"turns":6.0},{"damage":24.0,"enemies":"Spire Growth","floor":39.0,"turns":5.0},{"damage":1.0,"enemies":"Nemesis","floor":40.0,"turns":5.0},{"damage":17.0,"enemies":"Jaw Worm Horde","floor":42.0,"turns":3.0},{"damage":21.0,"enemies":"4 Shapes","floor":44.0,"turns":4.0},{"damage":26.0,"enemies":"Spire Growth","floor":46.0,"turns":4.0},{"damage":10.0,"enemies":"3 Darklings","floor":47.0,"turns":6.0},{"damage":21.0,"enemies":"4 Shapes","floor":48.0,"turns":4.0},{"damage":58.0,"enemies":"Awakened One","floor":50.0,"turns":11.0},{"damage":41.0,"enemies":"Shield and Spear","floor":54.0,"turns":7.0},{"damage":60,"enemies":"The Heart","floor":55,"turns":8}],"seed_played":"3659990325534918429","potions_obtained":[{"floor":6.0,"key":"Block Potion"},{"floor":12.0,"key":"Energy Potion"},{"floor":16.0,"key":"Strength Potion"},{"floor":27.0,"key":"Ancient Potion"},{"floor":28.0,"key":"LiquidBronze"},{"floor":37.0,"key":"DuplicationPotion"},{"floor":39.0,"key":"Fruit Juice"},{"floor":47.0,"key":"Strength Potion"},{"floor":48.0,"key":"Energy Potion"}],"is_trial":false,"path_per_floor":["M","M","?","$","M","E","M","R","T","R","?","M","R","E","R","B",null,"M","M","?","M","?","E","M","R","T","M","M","M","$","?","R","B",null,"M","?","M","?","M","E","R","M","T","M","$","M","M","M","R","B",null,"R","$","E","B"],"character_chosen":"DEFECT","items_purchased":["Self Repair","Bag of Marbles","Question Card","TheAbacus","Blizzard","Loop","SpeedPotion"],"campfire_rested":2,"item_purchase_floors":[4,30,30,45,45,45,53],"current_hp_per_floor":[82,77,77,77,80,49,50,50,50,50,50,57,57,56,56,50,82,82,82,82,74,74,44,38,38,45,51,48,52,52,52,52,39,89,89,89,71,76,71,84,84,67,67,53,53,41,45,31,59,8,94,94,94,70,10,10],"gold":63,"neow_bonus":"TEN_PERCENT_HP_BONUS","is_daily":false,"chose_seed":false,"campfire_upgraded":6,"win_rate":0.0,"timestamp":1610801539,"path_taken":["M","M","?","$","M","E","M","R","T","R","?","?","R","E","R","BOSS","M","M","?","M","?","E","?","R","T","M","M","M","$","?","R","BOSS","M","?","?","?","M","E","R","M","T","?","$","M","M","M","R","BOSS","R","$","E","BOSS"],"items_purchased_type":["Card","Relic","Relic","Relic","Card","Card","Potion"],"build_version":"2020-12-22","purchased_purges":1,"victory":false,"max_hp_per_floor":[82,82,82,82,82,82,82,82,82,82,82,82,82,82,82,82,82,82,82,82,82,82,82,82,82,89,89,89,89,89,89,89,89,89,89,89,89,89,94,94,94,94,94,94,94,94,94,94,94,94,94,94,94,104,104,104],"card_choices":[{"not_picked":["Barrage","Conserve Battery"],"picked":"Defragment","floor":1.0},{"not_picked":["Cold Snap","FTL"],"picked":"Beam Cell","floor":2.0},{"not_picked":["Turbo","Barrage"],"picked":"Conserve Battery","floor":5.0},{"not_picked":["Streamline","Auto Shields"],"picked":"Aggregate","floor":6.0},{"not_picked":["Conserve Battery","BootSequence"],"picked":"Coolheaded","floor":7.0},{"not_picked":["Conserve Battery","Steam Power"],"picked":"Ball Lightning","floor":12.0},{"not_picked":["Conserve Battery","Go for the Eyes"],"picked":"Hello World","floor":14.0},{"not_picked":["Rainbow","Core Surge"],"picked":"Thunder Strike","floor":16.0},{"not_picked":["Compile Driver+1","Cold Snap+1"],"picked":"Force Field+1","floor":18.0},{"not_picked":["Ball Lightning","Steam"],"picked":"Static Discharge","floor":19.0},{"not_picked":["Redo+1","Glacier"],"picked":"Double Energy+1","floor":21.0},{"not_picked":["Steam Power","Echo Form"],"picked":"Cold Snap","floor":23.0},{"not_picked":["Chaos","Turbo"],"picked":"Force Field","floor":24.0},{"not_picked":["Rebound","Cold Snap"],"picked":"Hello World","floor":27.0},{"not_picked":["Self Repair","Ball Lightning"],"picked":"Turbo","floor":28.0},{"not_picked":["Redo+1","Aggregate"],"picked":"Hologram+1","floor":29.0},{"not_picked":["Reboot","Amplify","Hyperbeam"],"picked":"Buffer","floor":33.0},{"not_picked":["Redo","Sunder","Cold Snap+1"],"picked":"Gash","floor":35.0},{"not_picked":["Chaos+1","Streamline","Cold Snap+1"],"picked":"White Noise+1","floor":37.0},{"not_picked":["Sweeping Beam+1","Conserve Battery+1","Compile Driver"],"picked":"Coolheaded+1","floor":39.0},{"not_picked":["Barrage+1","Streamline+1","Cold Snap+1"],"picked":"Loop","floor":40.0},{"not_picked":["Cold Snap+1","Creative AI","Reinforced Body"],"picked":"Go for the Eyes+1","floor":42.0},{"not_picked":["Streamline+1","Stack+1","Skim"],"picked":"Undo","floor":44.0},{"not_picked":["Streamline+1","Beam Cell","Scrape+1"],"picked":"Steam+1","floor":46.0},{"not_picked":["Leap","Sweeping Beam","Meteor Strike"],"picked":"Heatsinks+1","floor":47.0},{"not_picked":["Redo","Steam+1","Compile Driver"],"picked":"Reinforced Body+1","floor":48.0},{"not_picked":["Leap+1","Rebound+1","Rip and Tear+1"],"picked":"Seek","floor":54.0}],"player_experience":56897,"relics_obtained":[{"floor":6.0,"key":"HornCleat"},{"floor":9.0,"key":"The Courier"},{"floor":14.0,"key":"Bronze Scales"},{"floor":23.0,"key":"Pen Nib"},{"floor":26.0,"key":"Strawberry"},{"floor":40.0,"key":"Centennial Puzzle"},{"floor":54.0,"key":"Pear"}],"event_choices":[{"damage_healed":0.0,"max_hp_gain":0.0,"max_hp_loss":0.0,"gold_gain":0.0,"cards_transformed":["Strike_B"],"event_name":"Living Wall","player_choice":"Change","floor":3.0,"gold_loss":0.0,"damage_taken":0.0,"cards_obtained":["Go for the Eyes"]},{"damage_healed":0.0,"max_hp_gain":0.0,"max_hp_loss":0.0,"gold_gain":0.0,"event_name":"The Woman in Blue","player_choice":"Bought 0 Potions","floor":11.0,"gold_loss":0.0,"damage_taken":0.0},{"damage_healed":0.0,"max_hp_gain":0.0,"max_hp_loss":0.0,"gold_gain":0.0,"event_name":"Ghosts","player_choice":"Ignored","floor":20.0,"gold_loss":0.0,"damage_taken":0.0},{"cards_removed":["Hyperbeam"],"damage_healed":0.0,"max_hp_gain":0.0,"max_hp_loss":0.0,"gold_gain":0.0,"event_name":"Designer","player_choice":"Single Remove","floor":22.0,"gold_loss":60.0,"damage_taken":0.0},{"damage_healed":0.0,"max_hp_gain":0.0,"max_hp_loss":0.0,"gold_gain":0.0,"event_name":"Cursed Tome","player_choice":"Ignored","floor":31.0,"gold_loss":0.0,"damage_taken":0.0},{"damage_healed":0.0,"max_hp_gain":0.0,"max_hp_loss":0.0,"gold_gain":0.0,"event_name":"NoteForYourself","player_choice":"Ignored","floor":36.0,"gold_loss":0.0,"damage_taken":0.0},{"cards_removed":["Rebound"],"damage_healed":5.0,"max_hp_gain":0.0,"max_hp_loss":0.0,"gold_gain":0.0,"event_name":"Bonfire Elementals","player_choice":"Offered Common","floor":38.0,"gold_loss":0.0,"damage_taken":0.0},{"cards_removed":["Rebound"],"damage_healed":5.0,"max_hp_gain":0.0,"max_hp_loss":0.0,"gold_gain":0.0,"event_name":"Bonfire Elementals","player_choice":"Offered Special","floor":38.0,"gold_loss":0.0,"damage_taken":0.0}],"is_beta":false,"boss_relics":[{"not_picked":["SlaversCollar","Runic Pyramid"],"picked":"Pandora\u0027s Box"},{"not_picked":["Fusion Hammer","SacredBark"],"picked":"Astrolabe"}],"items_purged_floors":[4],"is_endless":false,"potions_floor_spawned":[6,12,16,27,28,29,37,39,47,48],"killed_by":"The Heart","ascension_level":0}}