{"host":"ied4ms9juizrl48v","time":1610831046,"event":{"mods":["BaseMod","Block Reminder","Colored Map","Colored Powertips","DeckTracker","Highlight Path","Minty Spire (QoL Compilation)","Quick Restart","Random Character Button","StSLib","SuperFastMode"],"gold_per_floor":[118,118,130,51,51,51,68,68,68,97,16,35,47,147,147,224,224,234,234,244,244,244],"floor_reached":21,"language":"JPN","playtime":3190,"items_purged":[],"score":358,"play_id":"3870458d-32d7-49f2-ae41-9ed781edca6f","local_time":"20210117060406","is_ascension_mode":true,"campfire_choices":[{"data":"Neutralize","floor":6,"key":"SMITH"},{"data":"Quick Slash","floor":8,"key":"SMITH"},{"data":"Noxious Fumes","floor":15,"key":"SMITH"}],"circlet_count":0,"master_deck":["AscendersBane","Strike_G","Strike_G","Strike_G","Strike_G","Strike_G","Defend_G","Defend_G","Defend_G","Defend_G","Defend_G","Survivor","Neutralize+1","Underhanded Strike","Cloak And Dagger+1","Quick Slash+1","Shame","Deadly Poison","Noxious Fumes+1","Backflip","Night Terror","Burst","Terror","Bane+1"],"relics":["Cursed Key","Lizard Tail","The Specimen","SlaversCollar"],"acts_visited":["Exordium","TheCity"],"potions_floor_usage":[10,10],"damage_taken":[{"damage":6,"enemies":"Cultist","floor":1,"turns":5},{"damage":0,"enemies":"2 Louse","floor":3,"turns":2},{"damage":0,"enemies":"Jaw Worm","floor":7,"turns":3},{"damage":11,"enemies":"Lagavulin","floor":10,"turns":8},{"damage":0,"enemies":"Red Slaver","floor":12,"turns":4},{"damage":5,"enemies":"Gremlin Gang","floor":13,"turns":5},{"damage":53,"enemies":"Hexaghost","floor":16,"turns":10},{"damage":5,"enemies":"3 Byrds","floor":18,"turns":5},{"damage":38,"enemies":"2 Thieves","floor":20,"turns":5},{"damage":6,"enemies":"Snake Plant","floor":21,"turns":1}],"seed_played":"-7857700049861775413","potions_obtained":[{"floor":1,"key":"FearPotion"},{"floor":20,"key":"Explosive Potion"}],"is_trial":false,"path_per_floor":["M","?","M","$","?","R","M","R","T","E","$","M","M","?","R","B",null,"M","?","M","M"],"character_chosen":"THE_SILENT","items_purchased":["DistilledChaos","Noxious Fumes"],"campfire_rested":0,"item_purchase_floors":[4,11],"current_hp_per_floor":[53,53,53,53,53,53,53,53,53,42,42,42,37,37,37,19,54,49,43,5,0,0],"gold":244,"neow_bonus":"BOSS_RELIC","is_daily":false,"chose_seed":false,"campfire_upgraded":3,"win_rate":0.0,"timestamp":1610831046,"path_taken":["M","?","M","$","?","R","M","R","T","E","$","?","M","?","R","BOSS","M","?","?","M"],"items_purchased_type":["Potion","Card"],"build_version":"2020-12-22","purchased_purges":0,"victory":false,"max_hp_per_floor":[66,66,66,66,66,66,66,66,66,66,66,66,66,66,66,66,66,66,66,66,66,66],"card_choices":[{"not_picked":["Escape Plan","Dodge and Roll"],"picked":"Underhanded Strike","floor":1},{"not_picked":["Underhanded Strike","Prepared"],"picked":"Cloak And Dagger","floor":3},{"not_picked":["Dodge and Roll","Deflect"],"picked":"Quick Slash","floor":7},{"not_picked":["Dodge and Roll","Grand Finale"],"picked":"Deadly Poison","floor":10},{"not_picked":["Flying Knee","Eviscerate"],"picked":"Backflip","floor":12},{"not_picked":["Dagger Throw","Expertise"],"picked":"Night Terror","floor":13},{"not_picked":["Grand Finale","Unload"],"picked":"Burst","floor":16},{"not_picked":["Escape Plan","Skewer"],"picked":"Terror","floor":18},{"not_picked":["Acrobatics","Slice"],"picked":"Bane+1","floor":20}],"player_experience":9199,"relics_obtained":[{"floor":9,"key":"Lizard Tail"},{"floor":10,"key":"The Specimen"}],"event_choices":[{"damage_healed":0,"gold_gain":0,"player_choice":"Ignored","damage_taken":0,"max_hp_gain":0,"max_hp_loss":0,"event_name":"Shining Light","floor":2,"gold_loss":0},{"damage_healed":0,"gold_gain":0,"player_choice":"Upgraded","damage_taken":0,"max_hp_gain":0,"max_hp_loss":0,"event_name":"Upgrade Shrine","floor":5,"gold_loss":0,"cards_upgraded":["Cloak And Dagger"]},{"damage_healed":0,"gold_gain":100,"player_choice":"Gold","damage_taken":0,"max_hp_gain":0,"max_hp_loss":0,"event_name":"Wheel of Change","floor":14,"gold_loss":0},{"damage_healed":0,"gold_gain":0,"player_choice":"","damage_taken":6,"max_hp_gain":0,"max_hp_loss":0,"event_name":"Knowing Skull","floor":19,"potions_obtained":[],"gold_loss":0,"cards_obtained":[]}],"is_beta":false,"boss_relics":[{"not_picked":["Runic Dome","Philosopher\u0027s Stone"],"picked":"SlaversCollar"}],"items_purged_floors":[],"is_endless":false,"potions_floor_spawned":[1,7,20],"killed_by":"Snake Plant","ascension_level":20}}