{"host":"af1kf8gfe86ugcx8","time":1610827222,"event":{"mods":["2.2 Compatiblity","BaseMod","Better Altar","Better Match","Better Sensory Stone","Better Skull","Better Vampires","BetterRewards","Card Filter","Colored Map","Conspire","Defuse TimeMaze Blight","Downfall","Energized Spire","Friendly Minions","Glutton Mod","Infinite Spire","Mad Scientist","Minty Spire (QoL Compilation)","Permanent Neow","Quick Restart","Random Character Button","SOS???????","Shop Mod","Spikes Relics","StSLib","The Construct","The Death Knight","The Disciple","The Necromancer","Transform Curses","UnlockEverythingMod"],"gold_per_floor":[99,114,133,151,151,178,258,17,17,36,36,55,55,80,92,205,205,105,131,150,163,191,191,191,191,191,24,51,51,51,51],"floor_reached":29,"language":"ENG","playtime":2623,"items_purged":[],"score":229,"play_id":"6189acb1-3e0d-4dc7-98be-0debb5b4eeaf","local_time":"20210116120022","is_ascension_mode":false,"campfire_choices":[{"data":"hexamod:Sear","floor":1,"key":"SMITH"},{"data":"hexamod:StepThrough","floor":11,"key":"SMITH"},{"data":"hexamod:RadiantFlame","floor":13,"key":"SMITH"},{"data":"hexamod:FlameSwitch","floor":18,"key":"SMITH"},{"floor":23,"key":"REST"},{"data":"hexamod:HexaLevel","floor":25,"key":"SMITH"}],"circlet_count":0,"master_deck":["hexamod:Strike+1","hexamod:Strike+1","hexamod:Strike+1","hexamod:Defend+1","hexamod:Defend+1","hexamod:Defend+1","hexamod:Defend+1","hexamod:Sear+1","hexamod:Float+1","hexamod:StepThrough+1","hexamod:SecondSeal","hexamod:FirstSeal","hexamod:Float+1","hexamod:RadiantFlame+1","hexamod:FlameSwitch+1","hexamod:SixthSeal","hexamod:Rewind+1","hexamod:HexaLevel+1","hexamod:ChargedBarrage"],"relics":["hexamod:SpiritBrand","infinitespire:Beetle Shell","Matryoshka","DollysMirror","infinitespire:Cupcake","downfall:HeartBlessingGreen","Pantograph","BrokenLever","OrangePellets"],"acts_visited":["Exordium","TheCity"],"potions_floor_usage":[22],"damage_taken":[{"damage":1,"enemies":"2 Louse","floor":2,"turns":3},{"damage":1,"enemies":"Cultist","floor":3,"turns":3},{"damage":0,"enemies":"Small Slimes","floor":4,"turns":5},{"damage":20,"enemies":"Gremlin Nob","floor":6,"turns":4},{"damage":0,"enemies":"downfall:FleeingMerchant","floor":8,"turns":4},{"damage":0,"enemies":"Exordium Wildlife","floor":10,"turns":3},{"damage":5,"enemies":"3 Louse","floor":12,"turns":4},{"damage":4,"enemies":"Blue Slaver","floor":14,"turns":4},{"damage":3,"enemies":"3 Louse","floor":15,"turns":5},{"damage":49,"enemies":"SI_SHIV_ARCHETYPE","floor":16,"turns":9},{"damage":2,"enemies":"Chosen","floor":19,"turns":5},{"damage":11,"enemies":"Spheric Guardian","floor":20,"turns":5},{"damage":11,"enemies":"Shelled Parasite and Fungi","floor":21,"turns":5},{"damage":38,"enemies":"3 Cultists","floor":22,"turns":7},{"damage":0,"enemies":"downfall:FleeingMerchant","floor":27,"turns":4},{"damage":0,"enemies":"Snecko","floor":28,"turns":5},{"damage":34,"enemies":"conspire:MimicChest","floor":29,"turns":4}],"seed_played":"-7960692870166576962","potions_obtained":[{"floor":2,"key":"PowerPotion"},{"floor":4,"key":"ColorlessPotion"},{"floor":10,"key":"Guardian:BlockOnCardUsePotion"}],"is_trial":false,"path_per_floor":["R","M","M","M","?","E","T","$","?","M","R","M","R","M","M","B",null,"R","M","M","M","M","R","T","R","?","$","M","?"],"character_chosen":"THE_SPIRIT","items_purchased":["hexamod:FirstSeal","DollysMirror","OrangePellets"],"campfire_rested":1,"item_purchase_floors":[8,8,27],"current_hp_per_floor":[70,69,68,68,68,48,48,48,48,55,55,57,57,60,64,22,70,70,68,57,53,15,36,36,36,15,22,29,0,0,0],"gold":51,"neow_bonus":"UPGRADE_CARD","is_daily":false,"chose_seed":false,"campfire_upgraded":5,"win_rate":0.0,"timestamp":1610827222,"path_taken":["R","M","M","M","?","E","T","?","?","M","R","M","R","M","M","BOSS","R","M","M","M","M","R","T","R","?","$","M","?"],"items_purchased_type":["Card","Relic","Relic"],"build_version":"2020-12-22","purchased_purges":0,"victory":false,"max_hp_per_floor":[70,70,70,70,70,70,70,70,70,70,70,70,70,70,70,70,70,70,70,70,70,70,70,70,70,70,70,70,70,70,70],"card_choices":[{"not_picked":["hexamod:FourthSeal","hexamod:AdvancingGuard"],"picked":"hexamod:StepThrough","floor":2},{"not_picked":["hexamod:SoulSteal","hexamod:HeatCrush","hexamod:HeatMetal"],"picked":"SKIP","floor":3},{"not_picked":["hexamod:HauntingEcho","hexamod:Firestarter"],"picked":"hexamod:SecondSeal","floor":4},{"not_picked":["hexamod:GhostflameBarrier","hexamod:GhostShield","hexamod:InspiringFlames"],"picked":"SKIP","floor":6},{"not_picked":["hexamod:BacktrackSmack","hexamod:DynamicBlow","hexamod:SwordOfDarkness"],"picked":"SKIP","floor":8},{"not_picked":["hexamod:GhostShield","hexamod:PhantomCloak","hexamod:ThermalTransfer"],"picked":"SKIP","floor":10},{"not_picked":["hexamod:SpectersWail","hexamod:InspiringFlames"],"picked":"hexamod:RadiantFlame","floor":12},{"not_picked":["hexamod:RetreatToShadows","hexamod:SpectralAdrenaline"],"picked":"hexamod:FlameSwitch","floor":14},{"not_picked":["hexamod:BacktrackSmack","hexamod:RetreatToShadows","hexamod:ShieldOfDarkness"],"picked":"SKIP","floor":15},{"not_picked":["hexamod:TimeWarp","hexamod:FifthSeal"],"picked":"hexamod:SixthSeal","floor":16},{"not_picked":["hexamod:ChargedBarrage","hexamod:DynamicBlow","hexamod:SwordOfDarkness"],"picked":"SKIP","floor":19},{"not_picked":["hexamod:BurningTouch","hexamod:InspiringFlames+1","hexamod:RainOfEmbers"],"picked":"SKIP","floor":20},{"not_picked":["hexamod:BurningTouch","hexamod:BacktrackSmack"],"picked":"hexamod:Rewind","floor":21},{"not_picked":["hexamod:Incineration","hexamod:InspiringFlames"],"picked":"hexamod:HexaLevel","floor":22},{"not_picked":["hexamod:BacktrackSmack","hexamod:UnleashSpirits","hexamod:Firestarter"],"picked":"SKIP","floor":27},{"not_picked":["hexamod:Hexaguard+1","hexamod:GhostLash+1"],"picked":"hexamod:ChargedBarrage","floor":28}],"player_experience":321555,"relics_obtained":[{"floor":6,"key":"infinitespire:Beetle Shell"},{"floor":7,"key":"Matryoshka"},{"floor":24,"key":"Pantograph"},{"floor":24,"key":"BrokenLever"}],"event_choices":[{"cards_removed":["hexamod:Strike"],"damage_healed":0,"gold_gain":0,"player_choice":"Card Removal","damage_taken":0,"max_hp_gain":0,"max_hp_loss":0,"event_name":"Wheel of Change","floor":5,"gold_loss":0}],"is_beta":false,"boss_relics":[{"not_picked":["energizedSpire:StickyHand","energizedSpire:CursedPentagram"],"picked":"infinitespire:Cupcake"}],"items_purged_floors":[],"is_endless":false,"potions_floor_spawned":[2,4,10,12,16,20],"killed_by":"conspire:MimicChest","ascension_level":0}}