{"host":"bzg9y3flbaqjj1j7","time":1610755803,"event":{"mods":["AchievementEnabler","Act Like it!","Arknights The Spire","Aspiration","BaseMod","Challenge The Spire","Dark Map","Ekko","Gensokyo","Hallownest","Hubris","Infinite Spire","Lobotomy","LobotomyExtend","Marisa????????","Marked Mod","Minty Spire (QoL Compilation)","Permanent Neow","Poor People Problems","Prisma Mod","Quick Restart","Railgun Mod","Rare Cards Sparkle","Reimu??????","Remilia??????","Replay The Spire","Shop Mod","Spicy Shops","StSLib","The Animator","The Blue Laboratory","The Bug Knight","TheSwordswoman","Waifu the Spire","WarShipGirlsR/????R mod","vexMod"],"gold_per_floor":[119,119,46,56,56,90,90,118,118,118,132,144,156,156,156,252,252,266,301,201,191,202,202,202,214,285,304,304,304,304],"floor_reached":29,"language":"ENG","playtime":1449,"items_purged":[],"score":233,"play_id":"890d75c7-1186-4c34-bcd9-ccfc5f6df4e3","local_time":"20210115204003","is_ascension_mode":false,"campfire_choices":[{"floor":7.0,"key":"REST"},{"data":"infinitespire:FutureSight","floor":10.0,"key":"SMITH"},{"data":"TheRailgun:Overload","floor":23,"key":"SMITH"},{"data":"TheRailgun:Magnetic_Movement","floor":28,"key":"SMITH"}],"circlet_count":0,"master_deck":["TheRailgun:Strike","TheRailgun:Strike","TheRailgun:Strike","TheRailgun:Strike","TheRailgun:Defend","TheRailgun:Defend","TheRailgun:Defend","TheRailgun:Defend","TheRailgun:Discharge","TheRailgun:Static","TheRailgun:Zip","TheRailgun:Zap","TheRailgun:Gekotamania","TheRailgun:Lightning_Speed","infinitespire:FutureSight+1","TheRailgun:Magnetic_Movement+1","TheRailgun:Pull","TheRailgun:Railgun","Parasite","Parasite","TheRailgun:Overload+1","TheRailgun:Charge+1","TheRailgun:Magnetic_Flight","TheRailgun:Battery_Pack"],"relics":["TheRailgun:CoinRelic","aspiration:Nostalgia","PrismaMod:PrismaRuby","LetterFromLob","InkBottle","Replay:Mystery Machine","Sundial","MagicBullet_r","ShedSkin_r","Philosopher\u0027s Stone","Red Mask","hubris:BottledHeart","hubris:BottledRain"],"acts_visited":["Exordium","TheCity"],"potions_floor_usage":[16,16,16,27],"damage_taken":[{"damage":0.0,"enemies":"2 Louse","floor":1.0,"turns":2.0},{"damage":0.0,"enemies":"Cultist","floor":4.0,"turns":2.0},{"damage":21.0,"enemies":"3 Sentries","floor":6.0,"turns":5.0},{"damage":13.0,"enemies":"Gremlin Nob","floor":8.0,"turns":3.0},{"damage":0.0,"enemies":"Small Slimes","floor":11.0,"turns":2.0},{"damage":0.0,"enemies":"Exordium Wildlife","floor":12.0,"turns":2.0},{"damage":16.0,"enemies":"Large Slime","floor":13.0,"turns":3.0},{"damage":5,"enemies":"Hexaghost","floor":16,"turns":6},{"damage":0,"enemies":"Spheric Guardian","floor":18,"turns":1},{"damage":10,"enemies":"Masked Bandits","floor":19,"turns":2},{"damage":2,"enemies":"Shell Parasite","floor":22,"turns":2},{"damage":0,"enemies":"Shelled Parasite and Fungi","floor":25,"turns":3},{"damage":0,"enemies":"Sentry and Sphere","floor":27,"turns":2},{"damage":20,"enemies":"Slavers","floor":29,"turns":1}],"seed_played":"7963083029709454881","potions_obtained":[{"floor":2.0,"key":"LiquidMemories"},{"floor":2.0,"key":"Death Potion"},{"floor":2.0,"key":"blueLaboratory:AbyssPotion"},{"floor":8.0,"key":"PowerPotion"},{"floor":13.0,"key":"GamblersBrew"},{"floor":15.0,"key":"LiquidMemories"},{"floor":15.0,"key":"BlessingOfTheForge"},{"floor":16,"key":"blueLaboratory:AbyssPotion"},{"floor":22,"key":"blueLaboratory:BubblePotion"},{"floor":27,"key":"blueLaboratory:BubblePotion"}],"is_trial":false,"path_per_floor":["M","?","$","M","?","E","R","E","T","R","M","M","M","M","R","B",null,"M","?","?","?","M","R","?","M","T","M","R","E"],"character_chosen":"THE_DEFAULT","items_purchased":["TheRailgun:Gekotamania"],"campfire_rested":1,"item_purchase_floors":[3],"current_hp_per_floor":[70,70,70,70,52,31,52,39,39,39,39,39,23,25,25,20,70,70,60,60,60,58,58,1,1,1,1,1,0,0],"gold":304,"neow_bonus":"NOSTALGIA","is_daily":false,"chose_seed":false,"campfire_upgraded":3,"win_rate":0.0,"timestamp":1610755803,"path_taken":["M","?","?","M","?","E","R","E","T","R","M","M","M","M","R","BOSS","M","?","?","?","?","R","?","M","T","M","R","E"],"items_purchased_type":["Card"],"build_version":"2020-12-22","purchased_purges":0,"victory":false,"max_hp_per_floor":[70,70,70,70,70,70,70,70,70,70,70,70,70,70,70,70,70,70,70,70,70,70,70,1,1,1,1,1,1,1],"card_choices":[{"not_picked":["TheRailgun:Iron_Dust_Sword","TheRailgun:Hypercharge"],"picked":"TheRailgun:Zap","floor":1.0},{"not_picked":["TheRailgun:Electrical_Storm","TheRailgun:Gekota_Phone"],"picked":"TheRailgun:Lightning_Speed","floor":4.0},{"not_picked":["infinitespire:Punishment","infinitespire:Oblivion"],"picked":"infinitespire:FutureSight","floor":5.0},{"not_picked":["TheRailgun:Coin_Flip","TheRailgun:Thundershock"],"picked":"TheRailgun:Magnetic_Movement","floor":6.0},{"not_picked":["TheRailgun:Crackle","TheRailgun:Recharge"],"picked":"TheRailgun:Pull","floor":8.0},{"not_picked":["TheRailgun:Scatter_Railgun","TheRailgun:Thunderbolt","TheRailgun:Lightningbolt"],"picked":"SKIP","floor":11.0},{"not_picked":["TheRailgun:Push","TheRailgun:Iron_Dust_Sword","TheRailgun:Crack"],"picked":"SKIP","floor":12.0},{"not_picked":["TheRailgun:Charge","TheRailgun:Lightningbolt"],"picked":"TheRailgun:Railgun","floor":13.0},{"not_picked":["TheRailgun:Magnetic_Flight","TheRailgun:Thunder"],"picked":"TheRailgun:Overload","floor":16},{"not_picked":["TheRailgun:Crack","TheRailgun:Electric_Fence","TheRailgun:Discharge+1"],"picked":"SKIP","floor":18},{"not_picked":["TheRailgun:Iron_Dust_Vial+1","TheRailgun:Biribiri+1"],"picked":"TheRailgun:Charge+1","floor":19},{"not_picked":[],"picked":"TheRailgun:Magnetic_Flight","floor":21},{"not_picked":["TheRailgun:Stun_Shock","TheRailgun:Crack","TheRailgun:Push"],"picked":"SKIP","floor":22},{"not_picked":["TheRailgun:Thundervolt","TheRailgun:Recharge+1"],"picked":"TheRailgun:Battery_Pack","floor":25},{"not_picked":["TheRailgun:Charge","TheRailgun:Crack","TheRailgun:Token_Collection"],"picked":"SKIP","floor":27}],"player_experience":191996,"relics_obtained":[{"floor":1.0,"key":"LetterFromLob"},{"floor":6.0,"key":"InkBottle"},{"floor":8.0,"key":"Replay:Mystery Machine"},{"floor":9.0,"key":"Sundial"},{"floor":19,"key":"Red Mask"},{"floor":26,"key":"hubris:BottledRain"}],"event_choices":[{"damage_healed":0.0,"max_hp_gain":0.0,"max_hp_loss":0.0,"gold_gain":0.0,"event_name":"Lab","player_choice":"Got Potions","floor":2.0,"gold_loss":0.0,"damage_taken":0.0},{"damage_healed":0,"gold_gain":0,"player_choice":"Fought Bandits","damage_taken":0,"max_hp_gain":0,"max_hp_loss":0,"event_name":"Masked Bandits","floor":19,"gold_loss":0}],"is_beta":false,"boss_relics":[{"not_picked":["hubris:Backtick","Cursed Key"],"picked":"Philosopher\u0027s Stone"}],"items_purged_floors":[],"is_endless":false,"potions_floor_spawned":[8,13,16,22,27],"killed_by":"Slavers","ascension_level":0}}