{"host":"6p0attdrtjqaih7v","time":1610840191,"event":{"mods":["2.2 Compatiblity","AchievementEnabler","Bard","BaseMod","Better Skull","Better Third Choice","Colored Powertips","Hermit","Highlight Path","Jorbs\u0027s Wanderer Trilogy","Key Reminder","Minty Spire (QoL Compilation)","Permanent Neow","Quick Restart","Random Character Button","Relic Stats","Replay The Spire","Robot Space Explorer","StSLib"],"gold_per_floor":[113,127,127,137,212,212,223,248,301,318,344,344,361,361,361,361,361],"floor_reached":16,"language":"ENG","playtime":667,"items_purged":[],"score":224,"play_id":"94019b0c-f48f-4294-b663-25b2222ff394","local_time":"20210116183631","is_ascension_mode":true,"campfire_choices":[{"data":"hermit:Snapshot","floor":6,"key":"SMITH"},{"floor":12,"key":"REST"},{"floor":15,"key":"REST"}],"circlet_count":0,"master_deck":["AscendersBane","hermit:Strike_Hermit","hermit:Strike_Hermit","hermit:Strike_Hermit","hermit:Strike_Hermit","hermit:Defend_Hermit","hermit:Defend_Hermit+1","hermit:Defend_Hermit","hermit:Defend_Hermit","hermit:Snapshot+1","hermit:Covet+1","hermit:PistolWhip","hermit:Shortfuse","hermit:Headshot","hermit:Vantage","hermit:FlashPowder","hermit:Gestalt","hermit:GhostlyPresence"],"relics":["Ring of Chaos","Question Card","Strawberry","Potion Belt"],"acts_visited":["Exordium"],"potions_floor_usage":[8,11,16],"damage_taken":[{"damage":5,"enemies":"Small Slimes","floor":1,"turns":3},{"damage":2,"enemies":"Jaw Worm","floor":2,"turns":2},{"damage":0,"enemies":"2 Louse","floor":4,"turns":2},{"damage":0,"enemies":"Gremlin Gang","floor":7,"turns":3},{"damage":6,"enemies":"Gremlin Nob","floor":8,"turns":3},{"damage":0,"enemies":"3 Louse","floor":10,"turns":2},{"damage":20,"enemies":"3 Sentries","floor":11,"turns":8},{"damage":28,"enemies":"Exordium Thugs","floor":13,"turns":7},{"damage":30,"enemies":"Slime Boss","floor":16,"turns":11}],"seed_played":"-7891783182110593985","potions_obtained":[{"floor":1,"key":"Toxic Potion"},{"floor":2,"key":"BlessingOfTheForge"},{"floor":13,"key":"Weak Potion"}],"is_trial":false,"path_per_floor":["M","M","?","M","?","R","M","E","T","M","E","R","M","?","R","B"],"character_chosen":"HERMIT","items_purchased":[],"campfire_rested":2,"item_purchase_floors":[],"current_hp_per_floor":[59,57,36,36,25,25,25,19,26,26,6,29,1,1,24,0,0],"gold":361,"neow_bonus":"BOSS_RELIC","is_daily":false,"chose_seed":false,"campfire_upgraded":1,"win_rate":0.0,"timestamp":1610840191,"path_taken":["M","M","?","M","?","R","M","E","T","M","E","R","M","?","R","BOSS"],"items_purchased_type":[],"build_version":"2020-12-22","purchased_purges":0,"victory":false,"max_hp_per_floor":[71,71,71,71,71,71,71,71,78,78,78,78,78,78,78,78,78],"relic_stats":{"counters":[9,41],"Question Card":3,"obtain_stats":[{"Potion Belt":11,"Strawberry":9,"Ring of Chaos":0,"Question Card":8,"hermit:Momento":0},{"Potion Belt":7,"Strawberry":5,"Ring of Chaos":0,"Question Card":5,"hermit:Momento":0},{"Potion Belt":23,"Strawberry":13,"Ring of Chaos":0,"Question Card":13,"hermit:Momento":0}]},"card_choices":[{"not_picked":["hermit:Showdown","hermit:Misfire"],"picked":"hermit:PistolWhip","floor":1},{"not_picked":["hermit:Dive","hermit:Snipe"],"picked":"hermit:Shortfuse","floor":2},{"not_picked":["hermit:Showdown","hermit:Scavenge"],"picked":"hermit:Headshot","floor":4},{"not_picked":["hermit:Headshot","hermit:Feint","hermit:Glare"],"picked":"SKIP","floor":7},{"not_picked":["hermit:Headshot","hermit:Feint","hermit:Glare"],"picked":"SKIP","floor":7},{"not_picked":["hermit:Ricochet","hermit:DeadMansHand"],"picked":"hermit:Vantage","floor":8},{"not_picked":["hermit:Feint","hermit:HoleUp","hermit:WideOpen"],"picked":"hermit:FlashPowder","floor":10},{"not_picked":["hermit:CalledShot","hermit:Shortfuse","hermit:Dive"],"picked":"hermit:Gestalt","floor":11},{"not_picked":["hermit:Brawl","hermit:CalledShot","hermit:DeadMansHand"],"picked":"hermit:GhostlyPresence","floor":13}],"player_experience":857807,"relics_obtained":[{"floor":8,"key":"Question Card"},{"floor":9,"key":"Strawberry"},{"floor":11,"key":"Potion Belt"}],"event_choices":[{"damage_healed":0,"gold_gain":0,"player_choice":"Entered Light","damage_taken":21,"max_hp_gain":0,"max_hp_loss":0,"event_name":"Shining Light","floor":3,"gold_loss":0,"cards_upgraded":["hermit:Defend_Hermit","hermit:Covet"]},{"damage_healed":0,"gold_gain":75,"player_choice":"Gather Gold","damage_taken":11,"max_hp_gain":0,"max_hp_loss":0,"event_name":"World of Goop","floor":5,"gold_loss":0},{"damage_healed":0,"gold_gain":0,"player_choice":"0 cards matched","damage_taken":0,"max_hp_gain":0,"max_hp_loss":0,"event_name":"Match and Keep!","floor":14,"gold_loss":0,"cards_obtained":[]}],"is_beta":false,"boss_relics":[],"items_purged_floors":[],"is_endless":false,"potions_floor_spawned":[1,2,13],"killed_by":"Slime Boss","ascension_level":20}}