{"host":"vyjryxuuuxkt43k4","time":1610766581,"event":{"mods":["AchievementEnabler","BaseMod","Colored Map","DeckTracker","Minty Spire (QoL Compilation)","Permanent Neow","Quick Restart","StSLib","SuperFastMode","everything is the same but u backflip on backflip"],"gold_per_floor":[118,135,145,156,166,166,116,144,144,176,1,1,36,36,36,131,131,141,19,38,54,144,144,179,179,179,179,37,37,57,157,157,262,262,280,295,43,43,43,43,69,69,93,103,103,136,136,146,146,146,146,146,31,58,58,58],"floor_reached":55,"language":"KOR","playtime":5771,"items_purged":["Defend_B","Defend_B"],"score":862,"play_id":"4fe65f69-a39a-475c-a48a-9ac421c3c2a1","local_time":"20210116120941","is_ascension_mode":true,"campfire_choices":[{"data":"Fusion","floor":6.0,"key":"SMITH"},{"data":"Go for the Eyes","floor":12.0,"key":"SMITH"},{"floor":15.0,"key":"REST"},{"data":"Coolheaded","floor":23.0,"key":"SMITH"},{"floor":27.0,"key":"REST"},{"data":"Hyperbeam","floor":32.0,"key":"SMITH"},{"data":"Fission","floor":40.0,"key":"SMITH"},{"data":"Defragment","floor":42.0,"key":"SMITH"},{"data":"Ghostly","floor":45.0,"key":"SMITH"},{"floor":49.0,"key":"RECALL"},{"data":"Ghostly","floor":52.0,"key":"SMITH"}],"circlet_count":0,"master_deck":["Zap","Dualcast","Hyperbeam+1","Sweeping Beam","Cold Snap","Genetic Algorithm","Fusion+1","Genetic Algorithm","Go for the Eyes+1","Compile Driver+1","Electrodynamics","Ball Lightning+1","Capacitor","Coolheaded+1","Biased Cognition","Melter+1","Ghostly+1","Ghostly+1","Ghostly","Ghostly","Ghostly","Aggregate+1","Multi-Cast","Heatsinks+1","Fusion+1","Doom and Gloom+1","Beam Cell+1","Defragment+1","Fission+1","BootSequence","Redo+1"],"relics":["Cracked Core","StrikeDummy","The Courier","Ginger","Vajra","Molten Egg 2","Nuclear Battery","Juzu Bracelet","Ancient Tea Set","Ice Cream","Astrolabe","Mummified Hand","Meat on the Bone","PreservedInsect","Lizard Tail","OrangePellets","Du-Vu Doll"],"acts_visited":["Exordium","TheCity","TheBeyond","TheEnding"],"potions_floor_usage":[55],"damage_taken":[{"damage":0.0,"enemies":"Cultist","floor":1.0,"turns":2.0},{"damage":2.0,"enemies":"Jaw Worm","floor":2.0,"turns":3.0},{"damage":0.0,"enemies":"Small Slimes","floor":3.0,"turns":1.0},{"damage":0.0,"enemies":"3 Louse","floor":4.0,"turns":1.0},{"damage":7.0,"enemies":"Red Slaver","floor":5.0,"turns":5.0},{"damage":18.0,"enemies":"Lagavulin","floor":8.0,"turns":7.0},{"damage":25.0,"enemies":"Gremlin Nob","floor":10.0,"turns":4.0},{"damage":9.0,"enemies":"3 Sentries","floor":13.0,"turns":2.0},{"damage":26.0,"enemies":"Hexaghost","floor":16.0,"turns":10.0},{"damage":0.0,"enemies":"3 Byrds","floor":18.0,"turns":2.0},{"damage":17.0,"enemies":"2 Thieves","floor":20.0,"turns":3.0},{"damage":14.0,"enemies":"Centurion and Healer","floor":21.0,"turns":6.0},{"damage":22.0,"enemies":"Slavers","floor":24.0,"turns":2.0},{"damage":0.0,"enemies":"3 Cultists","floor":30.0,"turns":3.0},{"damage":8.0,"enemies":"Automaton","floor":33.0,"turns":7.0},{"damage":0.0,"enemies":"3 Darklings","floor":35.0,"turns":6.0},{"damage":3.0,"enemies":"3 Shapes","floor":36.0,"turns":4.0},{"damage":0.0,"enemies":"Nemesis","floor":41.0,"turns":7.0},{"damage":12.0,"enemies":"Transient","floor":44.0,"turns":5.0},{"damage":0.0,"enemies":"Reptomancer","floor":46.0,"turns":4.0},{"damage":23.0,"enemies":"Writhing Mass","floor":48.0,"turns":5.0},{"damage":7.0,"enemies":"Awakened One","floor":50.0,"turns":7.0},{"damage":18.0,"enemies":"Shield and Spear","floor":54.0,"turns":4.0},{"damage":19,"enemies":"The Heart","floor":55,"turns":6}],"seed_played":"-5881249803397247120","potions_obtained":[{"floor":2.0,"key":"FocusPotion"},{"floor":8.0,"key":"FocusPotion"},{"floor":13.0,"key":"DuplicationPotion"},{"floor":20.0,"key":"GamblersBrew"},{"floor":41.0,"key":"Weak Potion"}],"is_trial":false,"path_per_floor":["M","M","M","M","M","R","?","E","T","E","$","R","E","?","R","B",null,"M","$","M","M","?","R","E","?","T","R","$","?","M","?","R","B",null,"M","M","$","T","?","R","E","R","T","M","R","E","?","M","R","B",null,"R","$","E","B"],"character_chosen":"DEFECT","items_purchased":["Vajra","Juzu Bracelet","Melter+1","Mummified Hand","Defragment","OrangePellets"],"campfire_rested":2,"item_purchase_floors":[11,19,28,37,37,53],"current_hp_per_floor":[75,73,73,73,66,66,66,48,48,23,23,23,14,7,29,3,75,75,75,58,44,32,32,10,10,10,32,32,32,32,32,32,24,37,37,34,34,34,34,34,34,34,34,22,22,22,22,30,30,23,37,37,37,19,0,0],"gold":58,"neow_bonus":"ONE_RANDOM_RARE_CARD","is_daily":false,"chose_seed":false,"campfire_upgraded":8,"win_rate":0.0,"timestamp":1610766581,"path_taken":["M","M","?","M","M","R","?","E","T","E","$","R","E","?","R","BOSS","M","$","M","M","?","R","E","?","T","R","$","?","M","?","R","BOSS","M","M","$","?","?","R","E","R","T","M","R","E","?","M","R","BOSS","R","$","E","BOSS"],"items_purchased_type":["Relic","Relic","Card","Relic","Card","Relic"],"build_version":"2020-12-22","purchased_purges":2,"victory":false,"max_hp_per_floor":[75,75,75,75,75,75,75,75,75,75,75,75,75,75,75,75,75,75,75,75,75,75,75,75,75,75,75,75,37,37,37,37,37,37,37,37,37,37,37,37,37,37,37,37,37,37,37,37,37,37,37,37,37,37,37,37],"card_choices":[{"not_picked":["Steam","Go for the Eyes"],"picked":"Sweeping Beam","floor":1.0},{"not_picked":["Reboot","Gash"],"picked":"Cold Snap","floor":2.0},{"not_picked":["Stack","Loop"],"picked":"Genetic Algorithm","floor":3.0},{"not_picked":["Gash","Sweeping Beam"],"picked":"Fusion","floor":4.0},{"not_picked":["Steam","Storm"],"picked":"Genetic Algorithm","floor":5.0},{"not_picked":["Loop","Barrage"],"picked":"Conserve Battery","floor":8.0},{"not_picked":["Compile Driver","Meteor Strike"],"picked":"Go for the Eyes","floor":10.0},{"not_picked":["Hello World","Leap"],"picked":"Compile Driver+1","floor":13.0},{"not_picked":["Fission","Meteor Strike+1"],"picked":"Electrodynamics","floor":16.0},{"not_picked":["Steam","Conserve Battery+1"],"picked":"Ball Lightning+1","floor":18.0},{"not_picked":["Chaos","Aggregate"],"picked":"Capacitor","floor":20.0},{"not_picked":["Double Energy","Stack"],"picked":"Coolheaded","floor":21.0},{"not_picked":["Cold Snap+1","Stack"],"picked":"Biased Cognition","floor":24.0},{"not_picked":["Static Discharge","Go for the Eyes+1"],"picked":"Aggregate+1","floor":30.0},{"not_picked":["All For One+1","Hyperbeam+1"],"picked":"Multi-Cast","floor":33.0},{"not_picked":["Cold Snap+1","Hologram+1"],"picked":"Doom and Gloom+1","floor":35.0},{"not_picked":["Hello World+1","Chaos"],"picked":"Beam Cell+1","floor":36.0},{"not_picked":["Go for the Eyes+1","Cold Snap+1"],"picked":"BootSequence","floor":41.0},{"not_picked":["Hello World","Streamline+1"],"picked":"Redo+1","floor":44.0},{"not_picked":["Storm","Streamline+1","Darkness+1"],"picked":"SKIP","floor":46.0},{"not_picked":["Amplify","Chaos","Redo+1"],"picked":"SKIP","floor":48.0},{"not_picked":["Fusion","Streamline+1","Rip and Tear+1"],"picked":"SKIP","floor":54.0}],"player_experience":349516,"relics_obtained":[{"floor":8.0,"key":"StrikeDummy"},{"floor":9.0,"key":"The Courier"},{"floor":10.0,"key":"Ginger"},{"floor":13.0,"key":"Molten Egg 2"},{"floor":24.0,"key":"Ancient Tea Set"},{"floor":26.0,"key":"Ice Cream"},{"floor":38.0,"key":"Meat on the Bone"},{"floor":41.0,"key":"PreservedInsect"},{"floor":46.0,"key":"Lizard Tail"},{"floor":54.0,"key":"Du-Vu Doll"}],"event_choices":[{"cards_removed":["Defend_B"],"damage_healed":0.0,"max_hp_gain":0.0,"max_hp_loss":0.0,"gold_gain":0.0,"event_name":"The Cleric","player_choice":"Card Removal","floor":7.0,"gold_loss":50.0,"damage_taken":0.0},{"cards_removed":["Strike_B"],"damage_healed":0.0,"max_hp_gain":0.0,"max_hp_loss":0.0,"gold_gain":0.0,"event_name":"Golden Wing","player_choice":"Card Removal","floor":14.0,"gold_loss":0.0,"damage_taken":7.0},{"damage_healed":0.0,"max_hp_gain":0.0,"max_hp_loss":0.0,"gold_gain":90.0,"event_name":"Knowing Skull","player_choice":"GOLD ","floor":22.0,"potions_obtained":[],"gold_loss":0.0,"damage_taken":12.0,"cards_obtained":[]},{"cards_removed":["Strike_B"],"damage_healed":0.0,"max_hp_gain":0.0,"max_hp_loss":0.0,"gold_gain":0.0,"event_name":"Back to Basics","player_choice":"Elegance","floor":25.0,"gold_loss":0.0,"damage_taken":0.0},{"damage_healed":0.0,"max_hp_gain":0.0,"max_hp_loss":38.0,"gold_gain":0.0,"event_name":"Ghosts","player_choice":"Became a Ghost","floor":29.0,"gold_loss":0.0,"damage_taken":0.0,"cards_obtained":["Ghostly","Ghostly","Ghostly","Ghostly","Ghostly"]},{"damage_healed":0.0,"max_hp_gain":0.0,"max_hp_loss":0.0,"gold_gain":100.0,"event_name":"Golden Shrine","player_choice":"Pray","floor":31.0,"gold_loss":0.0,"damage_taken":0.0},{"damage_healed":0.0,"max_hp_gain":0.0,"max_hp_loss":0.0,"gold_gain":0.0,"cards_transformed":["Scrape"],"event_name":"Transmorgrifier","player_choice":"Transformed","floor":39.0,"gold_loss":0.0,"damage_taken":0.0,"cards_obtained":["Fission"]},{"cards_removed":["Conserve Battery"],"damage_healed":0.0,"max_hp_gain":0.0,"max_hp_loss":0.0,"gold_gain":0.0,"event_name":"Falling","player_choice":"Removed Skill","floor":47.0,"gold_loss":0.0,"damage_taken":0.0}],"is_beta":false,"boss_relics":[{"not_picked":["FrozenCore","Runic Pyramid"],"picked":"Nuclear Battery"},{"not_picked":["Coffee Dripper","Sozu"],"picked":"Astrolabe"}],"items_purged_floors":[11,28],"is_endless":false,"potions_floor_spawned":[2,8,13,20,30,41],"killed_by":"The Heart","ascension_level":2}}