{"host":"3b5lda25ezqra65h","time":1610808760,"event":{"mods":["BaseMod","BetterRewards","Colored Map","Colored Powertips","Marisa????????","Minty Spire (QoL Compilation)","Shop Mod","StSLib","The Animator","The Cursed","The Disciple","The Senshi","The Servant 0.9.4","Yuri Mod"],"gold_per_floor":[117,117,117,42,42,69,82,115,115,148,2,2,22,57,57,157,157,169,181,50,0,0,0,25,25,25,25,25,25,45,73,73,73,73],"floor_reached":33,"language":"ENG","playtime":1555,"items_purged":["Regret"],"score":449,"play_id":"1caa330c-b389-49c3-8787-568c3f280305","local_time":"20210116155240","is_ascension_mode":true,"campfire_choices":[{"floor":12,"key":"RECALL"},{"floor":15,"key":"REST"},{"floor":23,"key":"REST"},{"data":"Noxious Fumes","floor":27,"key":"SMITH"},{"data":"After Image","floor":29,"key":"SMITH"},{"floor":32,"key":"REST"}],"circlet_count":0,"master_deck":["Strike_G","Strike_G","Strike_G","Strike_G","Strike_G","Defend_G","Defend_G","Defend_G","Defend_G","Defend_G","Survivor","Neutralize","Poisoned Stab","Backstab","Tools of the Trade","Corpse Explosion","After Image+1","Backstab","Noxious Fumes+1","Well Laid Plans+1"],"relics":["Ring of the Snake","NeowsBlessing","Tough Bandages","CultistMask","Ninja Scroll","Boot","Strawberry","Bronze Scales","PreservedInsect","WristBlade","Nunchaku","Juzu Bracelet","Ornamental Fan"],"acts_visited":["Exordium","TheCity"],"potions_floor_usage":[8,10,16,22,25,33,33],"damage_taken":[{"damage":0,"enemies":"Small Slimes","floor":1,"turns":1},{"damage":0,"enemies":"Lagavulin","floor":6,"turns":1},{"damage":0,"enemies":"Cultist","floor":7,"turns":1},{"damage":22,"enemies":"Gremlin Nob","floor":8,"turns":4},{"damage":5,"enemies":"3 Sentries","floor":10,"turns":8},{"damage":0,"enemies":"2 Louse","floor":13,"turns":1},{"damage":21,"enemies":"Lagavulin","floor":14,"turns":6},{"damage":22,"enemies":"Hexaghost","floor":16,"turns":9},{"damage":5,"enemies":"Shell Parasite","floor":18,"turns":5},{"damage":0,"enemies":"3 Byrds","floor":19,"turns":2},{"damage":20,"enemies":"Book of Stabbing","floor":24,"turns":4},{"damage":0,"enemies":"Cultist and Chosen","floor":25,"turns":1},{"damage":8,"enemies":"Chosen and Byrds","floor":30,"turns":6},{"damage":25,"enemies":"Gremlin Leader","floor":31,"turns":6},{"damage":57,"enemies":"Collector","floor":33,"turns":6}],"seed_played":"-5068019603642500449","potions_obtained":[{"floor":6,"key":"AttackPotion"},{"floor":8,"key":"AttackPotion"},{"floor":14,"key":"Fire Potion"},{"floor":22,"key":"Fruit Juice"},{"floor":22,"key":"Explosive Potion"},{"floor":22,"key":"SmokeBomb"},{"floor":24,"key":"CultistPotion"},{"floor":31,"key":"LiquidBronze"}],"is_trial":false,"path_per_floor":["M","$","?","$","?","E","M","E","T","E","$","R","M","E","R","B",null,"M","M","$","?","?","R","E","M","T","R","$","R","M","E","R","B"],"character_chosen":"THE_SILENT","items_purchased":["Bronze Scales","Noxious Fumes","Strength Potion"],"campfire_rested":3,"item_purchase_floors":[11,20,20],"current_hp_per_floor":[70,70,70,70,70,70,70,48,48,50,50,50,50,29,52,30,65,60,60,60,60,65,82,62,62,62,62,62,62,54,29,53,0,0],"gold":73,"neow_bonus":"THREE_ENEMY_KILL","is_daily":false,"chose_seed":false,"campfire_upgraded":2,"win_rate":0.0,"timestamp":1610808760,"path_taken":["M","$","?","$","?","E","M","E","T","E","$","R","M","E","R","BOSS","M","?","$","?","?","R","E","M","T","R","$","R","M","E","R","BOSS"],"items_purchased_type":["Relic","Card","Potion"],"build_version":"2020-12-22","purchased_purges":1,"victory":false,"max_hp_per_floor":[70,70,70,70,70,70,70,70,70,77,77,77,77,77,77,77,77,77,77,77,77,82,82,82,82,82,82,82,82,82,82,82,82,82],"card_choices":[{"not_picked":["Backflip","Well Laid Plans","Deadly Poison"],"picked":"SKIP","floor":1},{"not_picked":["Prepared","Deflect"],"picked":"Poisoned Stab","floor":6},{"not_picked":["Slice","Sucker Punch","Deadly Poison"],"picked":"SKIP","floor":7},{"not_picked":["Flying Knee","Dodge and Roll"],"picked":"Backstab","floor":8},{"not_picked":["Dagger Throw","Blade Dance"],"picked":"Tools of the Trade","floor":10},{"not_picked":["Poisoned Stab","Cloak And Dagger","Underhanded Strike"],"picked":"SKIP","floor":13},{"not_picked":["PiercingWail","Blur"],"picked":"Corpse Explosion","floor":14},{"not_picked":["Phantasmal Killer","A Thousand Cuts"],"picked":"After Image","floor":16},{"not_picked":["Flechettes","All Out Attack"],"picked":"Backstab","floor":18},{"not_picked":["Underhanded Strike","Sucker Punch","Dodge and Roll"],"picked":"SKIP","floor":19},{"not_picked":["Deflect","Dagger Throw+1","Bouncing Flask"],"picked":"SKIP","floor":24},{"not_picked":["Finisher","Terror+1","Tactician"],"picked":"SKIP","floor":30},{"not_picked":["Dagger Spray","Riddle With Holes"],"picked":"Well Laid Plans+1","floor":31}],"player_experience":267641,"relics_obtained":[{"floor":6,"key":"Ninja Scroll"},{"floor":8,"key":"Boot"},{"floor":10,"key":"Strawberry"},{"floor":14,"key":"PreservedInsect"},{"floor":24,"key":"Nunchaku"},{"floor":26,"key":"Juzu Bracelet"},{"floor":31,"key":"Ornamental Fan"}],"event_choices":[{"damage_healed":0,"gold_gain":0,"player_choice":"Box","damage_taken":0,"relics_obtained":["Tough Bandages"],"max_hp_gain":0,"max_hp_loss":0,"event_name":"Big Fish","floor":3,"gold_loss":0,"cards_obtained":["Regret"]},{"damage_healed":0,"gold_gain":0,"player_choice":"Trade","damage_taken":0,"relics_obtained":["CultistMask"],"max_hp_gain":0,"max_hp_loss":0,"event_name":"FaceTrader","floor":5,"gold_loss":0},{"damage_healed":0,"gold_gain":0,"player_choice":"Paid Fearfully","damage_taken":0,"max_hp_gain":0,"max_hp_loss":0,"event_name":"Masked Bandits","floor":21,"gold_loss":50},{"damage_healed":0,"gold_gain":0,"player_choice":"Got Potions","damage_taken":0,"max_hp_gain":0,"max_hp_loss":0,"event_name":"Lab","floor":22,"gold_loss":0}],"is_beta":false,"boss_relics":[{"not_picked":["Black Star","Astrolabe"],"picked":"WristBlade"}],"items_purged_floors":[4],"is_endless":false,"potions_floor_spawned":[6,8,14,24,25,31],"killed_by":"Collector","ascension_level":5}}