{"host":"qswkx8hggytna0kc","time":1610797228,"event":{"mods":["Aspiration","BaseMod","BetterRewards","Colored Map","Colored Powertips","Highlight Path","Hubris","Mimic Mod","Minty Spire (QoL Compilation)","MostiFishMod","Quick Restart","Replay The Spire","StSLib","SuperFastMode"],"gold_per_floor":[114,264,189,189,189,189,229,229,229,247,247,261,274,308,308,397,397,411,425,449,467,218,218,238,261,299,299,299,189,218,230,230,304,304,315,335,350,350,369,369,369,369,392,424,424,91,118,142,142,218],"floor_reached":51,"language":"ZHS","playtime":4682,"items_purged":["Doubt","Strike_G"],"score":1403,"play_id":"9ebde02a-0255-487b-a80b-79c91fee8c8b","local_time":"20210116194028","is_ascension_mode":true,"campfire_choices":[{"data":"Hidden Blade","floor":6,"key":"SMITH"},{"data":"MostiFishMod:ThornCasing","floor":8,"key":"SMITH"},{"floor":15,"key":"REST"},{"floor":23,"key":"REST"},{"data":"Acrobatics","floor":28,"key":"SMITH"},{"floor":32,"key":"REST"},{"data":"MostiFishMod:GrandStart","floor":40,"key":"SMITH"},{"data":"MostiFishMod:SephirahHod","floor":42,"key":"SMITH"},{"floor":45,"key":"REST"},{"floor":49,"key":"REST"}],"circlet_count":0,"master_deck":["AscendersBane","Strike_G","Strike_G","Strike_G","Defend_G","Defend_G","Defend_G","Defend_G","Defend_G","Survivor","Neutralize","Hidden Blade+1","MostiFishMod:ThornCasing+1","ReplayTheSpireMod:Scrap Shanks","Acrobatics","Blade Dance","Acrobatics","Bullet Time","Acrobatics+1","Slice+1","Underhanded Strike","Acrobatics+1","Backstab","Slice","MostiFishMod:GrandStart+1","MostiFishMod:SephirahHod+1","Underhanded Strike","Prepared+1","Underhanded Strike","Concentrate","Pain","Bullet Time","MostiFishMod:KingOfFree"],"relics":["Ring of the Snake","DaveBox","aspiration:Nostalgia","Replay:M_StaffOfTheSnake","HaiYi:Twilight","SynthV:TestCard","Bloody Idol","hubris:Icosahedron","Pet Ghost","aspiration:StickyExplosives_weak","aspiration:BabyByrd","Chameleon Ring","Replay:Bronze Core","ChiLing","Chi","Ling","Onion Ring","hubris:GlazedTorus","MostiFishMod:Hod","ReplayTheSpireMod:Ring of Collecting","WarpedTongs","Ring of Hypnosis","Snake Skull","Bronze Scales","Replay:Bandana"],"acts_visited":["Exordium","TheCity","TheBeyond"],"potions_floor_usage":[13,13,18,18,21,33,33,44],"damage_taken":[{"damage":4.0,"enemies":"Small Slimes","floor":1.0,"turns":4.0},{"damage":0,"enemies":"hubris:Merchant","floor":3,"turns":1},{"damage":34,"enemies":"Lagavulin","floor":7,"turns":10},{"damage":0,"enemies":"2 Louse","floor":10,"turns":3},{"damage":0,"enemies":"Jaw Worm","floor":12,"turns":4},{"damage":5,"enemies":"Gremlin Gang","floor":13,"turns":5},{"damage":6,"enemies":"3 Sentries","floor":14,"turns":9},{"damage":61,"enemies":"Fading Forest","floor":16,"turns":11},{"damage":2,"enemies":"Chosen","floor":18,"turns":4},{"damage":0,"enemies":"3 Byrds","floor":19,"turns":4},{"damage":6,"enemies":"Centurion and Healer","floor":20,"turns":5},{"damage":32,"enemies":"Snake Plant","floor":21,"turns":5},{"damage":2,"enemies":"Snecko","floor":24,"turns":3},{"damage":1,"enemies":"3 Cultists","floor":25,"turns":2},{"damage":0,"enemies":"Shelled Parasite and Fungi","floor":26,"turns":5},{"damage":2,"enemies":"Slavers","floor":30,"turns":2},{"damage":1,"enemies":"Shelled Parasite and Fungi","floor":31,"turns":2},{"damage":4,"enemies":"Pondfish","floor":33,"turns":9},{"damage":0,"enemies":"3 Shapes","floor":35,"turns":1},{"damage":1,"enemies":"Orb Walker","floor":36,"turns":2},{"damage":0,"enemies":"Jaw Worm Horde","floor":37,"turns":1},{"damage":4,"enemies":"4 Shapes","floor":39,"turns":2},{"damage":38,"enemies":"Nemesis","floor":44,"turns":3},{"damage":0,"enemies":"3 Darklings","floor":47,"turns":1},{"damage":0,"enemies":"Jaw Worm Horde","floor":48,"turns":1},{"damage":0,"enemies":"Donu and Deca","floor":50,"turns":3}],"seed_played":"-2215793427926646435","potions_obtained":[{"floor":7,"key":"Regen Potion"},{"floor":10,"key":"GhostInAJar"},{"floor":13,"key":"Dexterity Potion"},{"floor":14,"key":"SteroidPotion"},{"floor":16,"key":"Adrenaline Potion"},{"floor":18,"key":"Poison Potion"},{"floor":21,"key":"Adrenaline Potion"},{"floor":24,"key":"GhostInAJar"},{"floor":35,"key":"AttackPotion"},{"floor":48,"key":"Dexterity Potion"}],"is_trial":false,"path_per_floor":["M","?","$","?","?","R","E","R","T","M","?","M","M","E","R","B",null,"M","M","M","M","$","R","M","M","MIM","?","R","?","E","M","R","B",null,"M","M","M","?","M","R","?","R","T","E","R","$","M","M","R","B",null],"character_chosen":"THE_SILENT","items_purchased":["ChiLing","Replay:Bandana","MostiFishMod:KingOfFree"],"campfire_rested":5,"item_purchase_floors":[22,46,46],"current_hp_per_floor":[55,55,55,55,55,55,21,21,21,21,21,21,30,24,42,1,45,43,43,37,5,5,23,21,20,20,20,20,20,23,27,45,46,57,60,60,60,60,60,60,60,60,60,27,45,45,50,55,60,60],"gold":218,"neow_bonus":"NOSTALGIA","is_daily":false,"chose_seed":false,"campfire_upgraded":5,"win_rate":0.0,"timestamp":1610797228,"path_taken":["M","?","$","?","?","R","E","R","T","M","?","?","?","E","R","BOSS","M","M","M","M","$","R","M","M","MIM","?","R","?","E","M","R","BOSS","M","M","M","?","M","R","?","R","T","E","R","$","M","M","R","BOSS"],"items_purchased_type":["Relic","Relic","Card"],"build_version":"2020-12-22","purchased_purges":2,"victory":true,"max_hp_per_floor":[66,66,66,60,60,60,60,60,60,60,60,60,60,60,60,60,60,60,60,60,60,60,60,60,60,60,60,60,60,60,60,60,60,60,60,60,60,60,60,60,60,60,60,60,60,60,60,60,60,60],"card_choices":[{"not_picked":["Deadly Poison","Blade Dance"],"picked":"Hidden Blade","floor":1.0},{"not_picked":["Skewer","Heel Hook","ClearTheMind","Fluid Movement"],"picked":"MostiFishMod:ThornCasing","floor":7},{"not_picked":["Hidden Blade","Dodge and Roll","Deflect","Noxious Fumes"],"picked":"ReplayTheSpireMod:Scrap Shanks","floor":10},{"not_picked":["Dagger Spray","Quick Slash","InnerPeace","Poisoned Stab"],"picked":"Acrobatics","floor":12},{"not_picked":["Dagger Spray","ClearTheMind","ReplayTheSpireMod:Exploit Weakness","Weave"],"picked":"Blade Dance","floor":13},{"not_picked":["MostiFishMod:FrostNova","ReplayTheSpireMod:Speed Training","Terror","Riddle With Holes"],"picked":"Acrobatics","floor":14},{"not_picked":["MasterReality","MostiFishMod:HiddenBlade","Doppelganger","Establishment"],"picked":"Bullet Time","floor":16},{"not_picked":["Riddle With Holes+1","hubris:SlightOfHand","Sucker Punch","ReplayTheSpireMod:Scrap Shanks"],"picked":"Acrobatics","floor":18},{"not_picked":["Dodge and Roll+1","Outmaneuver","Replay:Poison Smokescreen","Prepared"],"picked":"Slice+1","floor":19},{"not_picked":["Backflip","Riddle With Holes","Caltrops","Dagger Spray+1"],"picked":"Underhanded Strike","floor":20},{"not_picked":["Sucker Punch","Outmaneuver","MostiFishMod:AdrenalineArouse","Dagger Throw"],"picked":"Acrobatics","floor":21},{"not_picked":["Quick Slash","Dagger Throw+1","MostiFishMod:ThornCasing","Eviscerate"],"picked":"Backstab","floor":24},{"not_picked":["Sucker Punch","Poisoned Stab+1","Leg Sweep","Infinite Blades","Bane"],"picked":"SKIP","floor":25},{"not_picked":["Terror","Cloak And Dagger","Caltrops","Deadly Poison","Malaise"],"picked":"SKIP","floor":30},{"not_picked":["Footwork","MostiFishMod:PerfectParry","Bane","PiercingWail"],"picked":"Slice","floor":31},{"not_picked":["Bullet Time","Unload","MostiFishMod:Listen","Storm of Steel"],"picked":"MostiFishMod:GrandStart","floor":33},{"not_picked":["Dagger Spray","Deflect","Skewer+1","Outmaneuver+1"],"picked":"Underhanded Strike","floor":35},{"not_picked":["Dagger Throw","Sucker Punch","MostiFishMod:PerfectParry","Outmaneuver"],"picked":"Prepared+1","floor":36},{"not_picked":["Dodge and Roll","Poison Darts","Well Laid Plans","Deadly Poison"],"picked":"Underhanded Strike","floor":37},{"not_picked":["Hidden Blade","Bouncing Flask+1","Deadly Poison","Distraction+1"],"picked":"Concentrate","floor":39},{"not_picked":["Glass Knife","Poisoned Stab","Quick Slash","Setup"],"picked":"Bullet Time","floor":44},{"not_picked":["Outmaneuver","Well Laid Plans","Replay:Poison Smokescreen","Riddle With Holes","Cloak And Dagger"],"picked":"SKIP","floor":47},{"not_picked":["Sucker Punch+1","Quick Slash","Blade Dance","Leg Sweep","Replay:Poison Smokescreen"],"picked":"SKIP","floor":48}],"player_experience":327227,"relics_obtained":[{"floor":1.0,"key":"SynthV:TestCard"},{"floor":7,"key":"Pet Ghost"},{"floor":9,"key":"aspiration:StickyExplosives_weak"},{"floor":14,"key":"Chameleon Ring"},{"floor":26,"key":"Onion Ring"},{"floor":30,"key":"hubris:GlazedTorus"},{"floor":38,"key":"ReplayTheSpireMod:Ring of Collecting"},{"floor":43,"key":"Ring of Hypnosis"},{"floor":43,"key":"Snake Skull"},{"floor":44,"key":"Bronze Scales"}],"event_choices":[{"damage_healed":0.0,"max_hp_gain":0.0,"max_hp_loss":0.0,"gold_gain":150.0,"event_name":"Liars Game","player_choice":"AGREE","floor":2.0,"gold_loss":0.0,"damage_taken":0.0,"cards_obtained":["Doubt"]},{"damage_healed":0,"gold_gain":0,"player_choice":"Lose Max HP","damage_taken":0,"relics_obtained":["Golden Idol"],"max_hp_gain":0,"max_hp_loss":6,"event_name":"Golden Idol","floor":4,"gold_loss":0},{"damage_healed":0,"gold_gain":0,"player_choice":"Gave Idol","damage_taken":0,"relics_obtained":["Bloody Idol"],"max_hp_gain":0,"max_hp_loss":0,"event_name":"Forgotten Altar","floor":27,"relics_lost":["Golden Idol"],"gold_loss":0},{"cards_removed":["Strike_G"],"damage_healed":0,"gold_gain":0,"player_choice":"Upgrade and Remove","damage_taken":0,"max_hp_gain":0,"max_hp_loss":0,"event_name":"Designer","floor":29,"gold_loss":110,"cards_upgraded":["Acrobatics"]},{"damage_healed":0,"gold_gain":0,"player_choice":"Rummage","damage_taken":0,"relics_obtained":["WarpedTongs"],"max_hp_gain":0,"max_hp_loss":0,"event_name":"Accursed Blacksmith","floor":41,"gold_loss":0,"cards_obtained":["Pain"]}],"is_beta":false,"boss_relics":[{"not_picked":["hubris:RunicObelisk","aspiration:IroncladSkillbook"],"picked":"Replay:Bronze Core"},{"not_picked":["Snecko Eye","hubris:GrandSneckoEye"],"picked":"MostiFishMod:Hod"}],"items_purged_floors":[3,22],"is_endless":false,"potions_floor_spawned":[7,10,13,14,16,18,21,24,35,47,48],"ascension_level":15}}