{"host":"pgqkv8mh62pnrbci","time":1610778133,"event":{"mods":["2.2 Compatiblity","AchievementEnabler","BaseMod","Custom Start","DeckTracker","Minty Spire (QoL Compilation)","Replay The Spire","StSLib","SuperFastMode","¡¼?Úª?ø«¡½REMEMod"],"gold_per_floor":[118,134,134,144,144,144,177,177,177,177,81,81,81,91,91,91,91],"floor_reached":16,"language":"KOR","playtime":591,"items_purged":[],"score":191,"play_id":"67b9c17a-f5c7-4ddc-b518-5d0eb93a8668","local_time":"20210116152213","is_ascension_mode":true,"campfire_choices":[{"data":"Midas Touch","floor":6.0,"key":"SMITH"},{"floor":10.0,"key":"REST"},{"data":"Neutralize","floor":15.0,"key":"SMITH"}],"circlet_count":0,"master_deck":["AscendersBane","Strike_G","Strike_G","Strike_G","Strike_G","Defend_G","Defend_G","Defend_G","Defend_G","Defend_G","Survivor","Neutralize+1","MasterReality","Midas Touch+1","Acrobatics","Calculated Gamble","Footwork","Finesse","ReplayTheSpireMod:Speed Training"],"relics":["REME_ComplimentaryCards","Sizzling Blood","Juzu Bracelet","Replay:Ringing Soul","Meat on the Bone"],"acts_visited":["Exordium"],"potions_floor_usage":[16],"damage_taken":[{"damage":22.0,"enemies":"Cultist","floor":1.0,"turns":6.0},{"damage":7.0,"enemies":"Jaw Worm","floor":2.0,"turns":4.0},{"damage":7.0,"enemies":"2 Louse","floor":4.0,"turns":5.0},{"damage":16.0,"enemies":"Lagavulin","floor":7.0,"turns":9.0},{"damage":12.0,"enemies":"Exordium Wildlife","floor":14.0,"turns":6.0},{"damage":41,"enemies":"Hexaghost","floor":16,"turns":14}],"seed_played":"-8658810019861243671","potions_obtained":[{"floor":1.0,"key":"Weak Potion"},{"floor":4.0,"key":"LiquidMemories"},{"floor":14.0,"key":"PowerPotion"}],"is_trial":false,"path_per_floor":["M","M","?","M","T","R","E","?","T","R","$","?","$","M","R","B"],"character_chosen":"THE_SILENT","items_purchased":["Finesse"],"campfire_rested":1,"item_purchase_floors":[11],"current_hp_per_floor":[28,21,25,22,22,22,13,6,6,27,30,30,30,37,37,0,0],"gold":91,"neow_bonus":"RANDOM_COLORLESS_2","is_daily":false,"chose_seed":false,"campfire_upgraded":2,"win_rate":0.0,"timestamp":1610778133,"path_taken":["M","?","?","M","?","R","E","?","T","R","$","?","?","M","R","BOSS"],"items_purchased_type":["Card"],"build_version":"2020-12-22","purchased_purges":0,"victory":false,"max_hp_per_floor":[66,66,70,70,70,70,73,73,73,73,76,76,76,79,79,79,79],"card_choices":[{"not_picked":["Crow Ritual","Magnetism"],"picked":"Midas Touch","floor":0.0},{"not_picked":["Dagger Spray","Bane"],"picked":"Acrobatics","floor":1.0},{"not_picked":["Dagger Spray","Heel Hook","Deflect"],"picked":"SKIP","floor":2.0},{"not_picked":["Dagger Spray","Distraction"],"picked":"Calculated Gamble","floor":4.0},{"not_picked":["Dagger Throw","Noxious Fumes"],"picked":"Footwork","floor":7.0},{"not_picked":["Footwork","Slice"],"picked":"ReplayTheSpireMod:Speed Training","floor":14.0}],"player_experience":634134,"relics_obtained":[{"floor":5.0,"key":"Juzu Bracelet"},{"floor":7.0,"key":"Replay:Ringing Soul"},{"floor":9.0,"key":"Meat on the Bone"}],"event_choices":[{"cards_removed":["Strike_G"],"damage_healed":0.0,"max_hp_gain":0.0,"max_hp_loss":0.0,"gold_gain":0.0,"event_name":"Golden Wing","player_choice":"Card Removal","floor":8.0,"gold_loss":0.0,"damage_taken":7.0},{"damage_healed":0.0,"max_hp_gain":0.0,"max_hp_loss":0.0,"gold_gain":0.0,"event_name":"Dead Adventurer","player_choice":"Searched \u00270\u0027 times","floor":12.0,"gold_loss":0.0,"damage_taken":0.0}],"is_beta":false,"boss_relics":[],"items_purged_floors":[],"is_endless":false,"potions_floor_spawned":[1,4,14],"killed_by":"Hexaghost","ascension_level":19}}