{"host":"tpad8qsc9e0g0pa5","time":1610807024,"event":{"mods":["BaseMod","Minty Spire (QoL Compilation)","Quick Restart","StSLib","The Cursed"],"gold_per_floor":[110,60,60,60,60,100,100,130,130,163,178,196,196,214,214,335,335,355,368,107,123,143,184,94,130,205,205,205,205,330,346,346,469,469,489,552,552,148,172,225,225,259,282,282,306,306,306,330,330,330],"floor_reached":51,"language":"ZHS","playtime":4210,"items_purged":["Defend_P","Defend_P"],"score":1002,"play_id":"60e4ae0f-9baf-467b-b08e-1c68b84b4227","local_time":"20210116222344","is_ascension_mode":true,"campfire_choices":[{"floor":7.0,"key":"REST"},{"data":"Omniscience","floor":15.0,"key":"SMITH"},{"floor":32.0,"key":"REST"},{"data":"1","floor":41.0,"key":"LIFT"},{"data":"2","floor":44,"key":"LIFT"},{"data":"3","floor":46,"key":"LIFT"},{"data":"Wallop","floor":49,"key":"SMITH"}],"circlet_count":0,"master_deck":["Strike_P","Strike_P+1","Eruption","Vigilance","Omniscience+1","WheelKick","Vault+1","ReachHeaven","Wallop","RitualDagger+1","Wallop+1","Wallop+1","Wish+1","Enlightenment+1","Omniscience+1"],"relics":["PureWater","NeowsBlessing","Golden Idol","Toy Ornithopter","Juzu Bracelet","Bottled Lightning","Odd Mushroom","Snecko Eye","Lee\u0027s Waffle","Vajra","Red Mask","Toxic Egg 2","CaptainsWheel","Question Card","Black Star","Girya","Incense Burner","Strawberry","Shuriken","Regal Pillow"],"acts_visited":["Exordium","TheCity","TheBeyond"],"potions_floor_usage":[],"damage_taken":[{"damage":0.0,"enemies":"Jaw Worm","floor":1.0,"turns":1.0},{"damage":0.0,"enemies":"Gremlin Nob","floor":6.0,"turns":1.0},{"damage":0.0,"enemies":"The Mushroom Lair","floor":10.0,"turns":2.0},{"damage":0.0,"enemies":"Small Slimes","floor":11.0,"turns":2.0},{"damage":1.0,"enemies":"2 Louse","floor":12.0,"turns":3.0},{"damage":0.0,"enemies":"2 Fungi Beasts","floor":14.0,"turns":3.0},{"damage":36.0,"enemies":"Slime Boss","floor":16.0,"turns":5.0},{"damage":14.0,"enemies":"2 Thieves","floor":18.0,"turns":3.0},{"damage":10.0,"enemies":"3 Byrds","floor":19.0,"turns":5.0},{"damage":0.0,"enemies":"Centurion and Healer","floor":21.0,"turns":3.0},{"damage":0.0,"enemies":"Cultist and Chosen","floor":22.0,"turns":3.0},{"damage":12.0,"enemies":"Slavers","floor":23.0,"turns":3.0},{"damage":0.0,"enemies":"Masked Bandits","floor":25.0,"turns":3.0},{"damage":0.0,"enemies":"Colosseum Slavers","floor":30.0,"turns":2.0},{"damage":13.0,"enemies":"Colosseum Nobs","floor":30.0,"turns":3.0},{"damage":0.0,"enemies":"Snake Plant","floor":31.0,"turns":2.0},{"damage":0.0,"enemies":"Automaton","floor":33.0,"turns":7.0},{"damage":0.0,"enemies":"3 Darklings","floor":35.0,"turns":2.0},{"damage":0.0,"enemies":"Mind Bloom Boss Battle","floor":36.0,"turns":1.0},{"damage":0.0,"enemies":"Orb Walker","floor":39.0,"turns":2.0},{"damage":0.0,"enemies":"3 Darklings","floor":40.0,"turns":3.0},{"damage":0,"enemies":"Nemesis","floor":42,"turns":1},{"damage":0,"enemies":"Spire Growth","floor":45,"turns":2},{"damage":0,"enemies":"Maw","floor":48,"turns":4},{"damage":0,"enemies":"Awakened One","floor":50,"turns":4}],"seed_played":"-3034332118859929214","potions_obtained":[{"floor":10.0,"key":"ColorlessPotion"},{"floor":11.0,"key":"FearPotion"},{"floor":18.0,"key":"FearPotion"},{"floor":22.0,"key":"BlessingOfTheForge"},{"floor":31.0,"key":"Block Potion"},{"floor":33.0,"key":"StancePotion"}],"is_trial":false,"path_per_floor":["M","?","?","?","$","E","R","?","T","?","M","M","?","M","R","B",null,"M","M","$","M","M","E","?","?","T","?","?","?","?","M","R","B",null,"M","?","?","$","M","M","R","E","T","R","M","R","?","M","R","B",null],"character_chosen":"WATCHER","items_purchased":["ReachHeaven","Lee\u0027s Waffle","Incense Burner"],"campfire_rested":2,"item_purchase_floors":[20,20,38],"current_hp_per_floor":[72,72,54,40,40,40,61,61,61,61,61,60,53,53,53,27,72,58,48,79,79,79,67,67,67,67,67,61,61,48,48,71,71,79,79,79,79,79,79,79,79,86,86,86,86,86,86,86,86,86],"gold":330,"neow_bonus":"THREE_ENEMY_KILL","is_daily":false,"chose_seed":false,"campfire_upgraded":2,"win_rate":0.0,"timestamp":1610807024,"path_taken":["M","?","?","?","$","E","R","?","T","?","M","M","?","M","R","BOSS","M","M","$","M","M","E","?","?","T","?","?","?","?","M","R","BOSS","M","?","?","$","M","M","R","E","T","R","M","R","?","M","R","BOSS"],"items_purchased_type":["Card","Relic","Relic"],"build_version":"2020-12-22","purchased_purges":2,"victory":true,"max_hp_per_floor":[72,72,72,72,72,72,72,72,72,72,72,72,72,72,72,72,72,72,72,79,79,79,79,79,79,79,79,79,79,79,79,79,79,79,79,79,79,79,79,79,79,86,86,86,86,86,86,86,86,86],"card_choices":[{"not_picked":["BowlingBash","FlyingSleeves","MentalFortress"],"picked":"SKIP","floor":1.0},{"not_picked":["Conclude","WindmillStrike"],"picked":"Omniscience","floor":6.0},{"not_picked":["PathToVictory","CrushJoints"],"picked":"WheelKick","floor":10.0},{"not_picked":["FearNoEvil","FlyingSleeves","Halt"],"picked":"SKIP","floor":11.0},{"not_picked":["EmptyBody","Evaluate","ThirdEye"],"picked":"SKIP","floor":12.0},{"not_picked":["Indignation","SashWhip","WreathOfFlame"],"picked":"SKIP","floor":14.0},{"not_picked":["ConjureBlade","Devotion"],"picked":"Vault","floor":16.0},{"not_picked":["Prostrate","Protect","PathToVictory"],"picked":"SKIP","floor":18.0},{"not_picked":["CarveReality","Consecrate","EmptyBody+1"],"picked":"SKIP","floor":19.0},{"not_picked":["Crescendo","Consecrate","Protect"],"picked":"SKIP","floor":21.0},{"not_picked":["EmptyBody","Perseverance","FlurryOfBlows"],"picked":"SKIP","floor":22.0},{"not_picked":["FlyingSleeves","TalkToTheHand"],"picked":"Wallop","floor":23.0},{"not_picked":["SignatureMove+1","CrushJoints"],"picked":"Wallop+1","floor":30.0},{"not_picked":["EmptyBody+1","ClearTheMind+1","Alpha+1"],"picked":"Wallop","floor":31.0},{"not_picked":["LessonLearned","Vault+1","DeusExMachina+1"],"picked":"Wish+1","floor":33.0},{"not_picked":["Crescendo+1","BowlingBash+1","SashWhip","FlyingSleeves+1"],"picked":"SKIP","floor":35.0},{"not_picked":["Finesse+1","PanicButton+1","Dramatic Entrance"],"picked":"Enlightenment+1","floor":37.0},{"not_picked":["Weave","EmptyFist+1","FlyingSleeves","Perseverance+1"],"picked":"SKIP","floor":39.0},{"not_picked":["Protect+1","CrushJoints","BowlingBash"],"picked":"Omniscience+1","floor":40.0},{"not_picked":["Protect+1","FlurryOfBlows","ThirdEye+1","CrushJoints"],"picked":"SKIP","floor":42},{"not_picked":["ThirdEye+1","Tantrum","FlurryOfBlows","CutThroughFate"],"picked":"SKIP","floor":45},{"not_picked":["Halt+1","Indignation+1","Protect+1","InnerPeace+1"],"picked":"SKIP","floor":48}],"player_experience":213156,"relics_obtained":[{"floor":6.0,"key":"Toy Ornithopter"},{"floor":9.0,"key":"Bottled Lightning"},{"floor":10.0,"key":"Odd Mushroom"},{"floor":23.0,"key":"Vajra"},{"floor":25.0,"key":"Red Mask"},{"floor":26.0,"key":"Toxic Egg 2"},{"floor":30.0,"key":"CaptainsWheel"},{"floor":30.0,"key":"Question Card"},{"floor":36.0,"key":"Girya"},{"floor":42,"key":"Strawberry"},{"floor":42,"key":"Shuriken"},{"floor":43,"key":"Regal Pillow"}],"event_choices":[{"cards_removed":["Strike_P"],"damage_healed":0.0,"max_hp_gain":0.0,"max_hp_loss":0.0,"gold_gain":0.0,"event_name":"The Cleric","player_choice":"Card Removal","floor":2.0,"gold_loss":50.0,"damage_taken":0.0},{"damage_healed":0.0,"max_hp_gain":0.0,"max_hp_loss":0.0,"gold_gain":0.0,"event_name":"Golden Idol","player_choice":"Take Damage","floor":3.0,"gold_loss":0.0,"damage_taken":18.0,"relics_obtained":["Golden Idol"]},{"damage_healed":0.0,"max_hp_gain":0.0,"max_hp_loss":0.0,"gold_gain":0.0,"event_name":"Shining Light","player_choice":"Entered Light","floor":4.0,"gold_loss":0.0,"damage_taken":14.0,"cards_upgraded":["Defend_P","Strike_P"]},{"damage_healed":0.0,"max_hp_gain":0.0,"max_hp_loss":0.0,"gold_gain":30.0,"event_name":"Dead Adventurer","player_choice":"Searched \u00272\u0027 times","floor":8.0,"gold_loss":0.0,"damage_taken":0.0,"relics_obtained":["Juzu Bracelet"]},{"damage_healed":0.0,"max_hp_gain":0.0,"max_hp_loss":0.0,"gold_gain":0.0,"event_name":"Mushrooms","player_choice":"Fought Mushrooms","floor":10.0,"gold_loss":0.0,"damage_taken":0.0},{"cards_removed":["Defend_P"],"damage_healed":0.0,"max_hp_gain":0.0,"max_hp_loss":0.0,"gold_gain":0.0,"event_name":"Golden Wing","player_choice":"Card Removal","floor":13.0,"gold_loss":0.0,"damage_taken":7.0},{"cards_removed":["Strike_P"],"damage_healed":0.0,"max_hp_gain":0.0,"max_hp_loss":0.0,"gold_gain":0.0,"event_name":"Designer","player_choice":"Upgrade and Remove","floor":24.0,"gold_loss":90.0,"damage_taken":0.0,"cards_upgraded":["Vault"]},{"damage_healed":0.0,"max_hp_gain":0.0,"max_hp_loss":0.0,"gold_gain":0.0,"event_name":"Masked Bandits","player_choice":"Fought Bandits","floor":25.0,"gold_loss":0.0,"damage_taken":0.0},{"damage_healed":0.0,"max_hp_gain":0.0,"max_hp_loss":0.0,"gold_gain":0.0,"event_name":"Vampires","player_choice":"Ignored","floor":27.0,"gold_loss":0.0,"damage_taken":0.0},{"damage_healed":0.0,"max_hp_gain":0.0,"max_hp_loss":0.0,"gold_gain":0.0,"event_name":"Nest","player_choice":"Joined the Cult","floor":28.0,"gold_loss":0.0,"damage_taken":6.0,"cards_obtained":["RitualDagger"]},{"damage_healed":0.0,"max_hp_gain":0.0,"max_hp_loss":0.0,"gold_gain":0.0,"event_name":"Accursed Blacksmith","player_choice":"Forge","floor":29.0,"gold_loss":0.0,"damage_taken":0.0,"cards_upgraded":["RitualDagger"]},{"damage_healed":0.0,"max_hp_gain":0.0,"max_hp_loss":0.0,"gold_gain":0.0,"event_name":"Colosseum","player_choice":"Fight","floor":30.0,"gold_loss":0.0,"damage_taken":0.0},{"damage_healed":0.0,"max_hp_gain":0.0,"max_hp_loss":0.0,"gold_gain":0.0,"event_name":"Colosseum","player_choice":"Fought Nobs","floor":30.0,"gold_loss":0.0,"damage_taken":0.0},{"damage_healed":0.0,"max_hp_gain":0.0,"max_hp_loss":0.0,"gold_gain":0.0,"event_name":"MindBloom","player_choice":"Fight","floor":36.0,"gold_loss":0.0,"damage_taken":0.0},{"damage_healed":0.0,"max_hp_gain":0.0,"max_hp_loss":0.0,"gold_gain":0.0,"event_name":"SensoryStone","player_choice":"Memory 1","floor":37.0,"gold_loss":0.0,"damage_taken":0.0},{"cards_removed":["Defend_P"],"damage_healed":0,"gold_gain":0,"player_choice":"Removed Skill","damage_taken":0,"max_hp_gain":0,"max_hp_loss":0,"event_name":"Falling","floor":47,"gold_loss":0}],"is_beta":false,"boss_relics":[{"not_picked":["HolyWater","Ectoplasm"],"picked":"Snecko Eye"},{"not_picked":["Runic Dome","Busted Crown"],"picked":"Black Star"}],"items_purged_floors":[20,38],"is_endless":false,"potions_floor_spawned":[10,11,18,22,30,31,33,35,39,42],"ascension_level":4}}