{"host":"vyjryxuuuxkt43k4","time":1610815219,"event":{"mods":["AchievementEnabler","BaseMod","Colored Map","DeckTracker","Minty Spire (QoL Compilation)","Permanent Neow","Quick Restart","StSLib","SuperFastMode","everything is the same but u backflip on backflip"],"gold_per_floor":[115,129,144,144,76,103,103,119,119,136,146,146,146],"floor_reached":12,"language":"KOR","playtime":471,"items_purged":[],"score":115,"play_id":"c9435ece-8e40-4e70-8b26-2d9995db754d","local_time":"20210117014019","is_ascension_mode":true,"campfire_choices":[{"data":"Body Slam","floor":7,"key":"SMITH"}],"circlet_count":0,"master_deck":["Strike_R","Strike_R","Strike_R","Defend_R","Defend_R","Defend_R","Defend_R","Bash","Twin Strike","Disarm","Iron Wave","Battle Trance","Body Slam+1","Blood for Blood","Body Slam","Shockwave"],"relics":["Burning Blood","CultistMask","Self Forming Clay","White Beast Statue"],"acts_visited":["Exordium"],"potions_floor_usage":[6,10,12],"damage_taken":[{"damage":0,"enemies":"Small Slimes","floor":1,"turns":3},{"damage":1,"enemies":"Cultist","floor":2,"turns":4},{"damage":7,"enemies":"2 Louse","floor":3,"turns":3},{"damage":40,"enemies":"Gremlin Nob","floor":6,"turns":5},{"damage":15,"enemies":"Exordium Thugs","floor":8,"turns":6},{"damage":1,"enemies":"Looter","floor":10,"turns":3},{"damage":8,"enemies":"Blue Slaver","floor":11,"turns":4},{"damage":32,"enemies":"3 Sentries","floor":12,"turns":4}],"seed_played":"4116985474206627565","potions_obtained":[{"floor":1,"key":"Energy Potion"},{"floor":8,"key":"Energy Potion"},{"floor":10,"key":"Explosive Potion"},{"floor":11,"key":"Dexterity Potion"}],"is_trial":false,"path_per_floor":["M","M","M","?","$","E","R","M","T","M","M","E"],"character_chosen":"IRONCLAD","items_purchased":["Battle Trance"],"campfire_rested":0,"item_purchase_floors":[5],"current_hp_per_floor":[72,72,71,71,71,37,37,28,28,33,31,0,0],"gold":146,"neow_bonus":"REMOVE_TWO","is_daily":false,"chose_seed":false,"campfire_upgraded":1,"win_rate":0.0,"timestamp":1610815219,"path_taken":["M","M","M","?","?","E","R","M","T","M","M","E"],"items_purchased_type":["Card"],"build_version":"2020-12-22","purchased_purges":0,"victory":false,"max_hp_per_floor":[72,72,72,72,72,72,72,72,72,72,72,72,72],"card_choices":[{"not_picked":["Bloodletting","True Grit"],"picked":"Twin Strike","floor":1},{"not_picked":["Thunderclap","Twin Strike"],"picked":"Disarm","floor":2},{"not_picked":["Heavy Blade","Wild Strike"],"picked":"Iron Wave","floor":3},{"not_picked":["Infernal Blade","Warcry"],"picked":"Body Slam","floor":6},{"not_picked":["Rampage","Heavy Blade"],"picked":"Blood for Blood","floor":8},{"not_picked":["Warcry","Sword Boomerang"],"picked":"Body Slam","floor":10},{"not_picked":["Rage","Brutality"],"picked":"Shockwave","floor":11}],"player_experience":373450,"relics_obtained":[{"floor":6,"key":"Self Forming Clay"},{"floor":9,"key":"White Beast Statue"}],"event_choices":[{"damage_healed":0,"gold_gain":0,"player_choice":"Trade","damage_taken":0,"relics_obtained":["CultistMask"],"max_hp_gain":0,"max_hp_loss":0,"event_name":"FaceTrader","floor":4,"gold_loss":0}],"is_beta":false,"boss_relics":[],"items_purged_floors":[],"is_endless":false,"potions_floor_spawned":[1,8,10,11],"killed_by":"3 Sentries","ascension_level":8}}