{"host":"mydft8i2zzydgggw","time":1610831358,"event":{"mods":["AchievementEnabler","BaseMod","BetterRewards","Colored Map","Colored Powertips","DeckTracker","Keyboard Shortcuts","Minty Spire (QoL Compilation)","Rare Cards Sparkle","StSLib","SuperFastMode","everything is the same but u backflip on backflip"],"gold_per_floor":[118,134,84,97,22,197,231,231,231,246,246,266,266,266,266,385,385,401,414,92,107,32,32,67,0,46,79,79,97,97,97,97],"floor_reached":31,"language":"KOR","playtime":732,"items_purged":["Strike_B","Doubt"],"score":382,"play_id":"40da407a-c5a2-4de9-8eaf-b5dfd94fb09e","local_time":"20210117060918","is_ascension_mode":true,"campfire_choices":[{"floor":11,"key":"REST"},{"data":"White Noise","floor":13,"key":"SMITH"},{"data":"1","floor":15,"key":"LIFT"},{"floor":23,"key":"REST"}],"circlet_count":0,"master_deck":["Defend_B","Defend_B","Defend_B","Zap","Dualcast","White Noise+1","Cold Snap+1","Sweeping Beam+1","Consume+1","Buffer","Leap+1","FTL+1","Defragment","BootSequence+1","Echo Form","Heatsinks+1","Chaos+1"],"relics":["Cracked Core","Centennial Puzzle","Darkstone Periapt","Golden Idol","Toxic Egg 2","Girya","Empty Cage","ClockworkSouvenir","Kunai","Whetstone","Nloth\u0027s Gift"],"acts_visited":["Exordium","TheCity"],"potions_floor_usage":[7,16,18,24,24],"damage_taken":[{"damage":4,"enemies":"2 Louse","floor":1,"turns":3},{"damage":0,"enemies":"Small Slimes","floor":2,"turns":3},{"damage":8,"enemies":"Jaw Worm","floor":4,"turns":4},{"damage":25,"enemies":"3 Sentries","floor":7,"turns":9},{"damage":13,"enemies":"3 Louse","floor":10,"turns":3},{"damage":6,"enemies":"Looter","floor":12,"turns":3},{"damage":28,"enemies":"Slime Boss","floor":16,"turns":9},{"damage":12,"enemies":"Chosen","floor":18,"turns":8},{"damage":14,"enemies":"Spheric Guardian","floor":19,"turns":8},{"damage":25,"enemies":"Cultist and Chosen","floor":21,"turns":7},{"damage":7,"enemies":"Gremlin Leader","floor":24,"turns":6},{"damage":11,"enemies":"Book of Stabbing","floor":27,"turns":9},{"damage":17,"enemies":"Centurion and Healer","floor":29,"turns":5},{"damage":5,"enemies":"Shelled Parasite and Fungi","floor":31,"turns":2}],"seed_played":"3431716685790033232","potions_obtained":[{"floor":4,"key":"EssenceOfDarkness"},{"floor":10,"key":"Dexterity Potion"},{"floor":16,"key":"Regen Potion"},{"floor":18,"key":"Weak Potion"},{"floor":19,"key":"FocusPotion"}],"is_trial":false,"path_per_floor":["M","M","?","M","$","?","E","?","T","M","R","M","R","?","R","B",null,"M","M","$","M","?","R","E","?","T","E","$","M","?","M"],"character_chosen":"DEFECT","items_purchased":["Defragment","ClockworkSouvenir"],"campfire_rested":2,"item_purchase_floors":[20,20],"current_hp_per_floor":[64,64,64,56,56,56,31,31,31,18,38,32,32,32,32,4,53,56,42,42,17,17,37,30,30,30,19,19,2,2,0,0],"gold":97,"neow_bonus":"RANDOM_COMMON_RELIC","is_daily":false,"chose_seed":false,"campfire_upgraded":1,"win_rate":0.0,"timestamp":1610831358,"path_taken":["M","M","?","M","$","?","E","?","T","M","R","M","R","?","R","BOSS","M","M","$","M","?","R","E","?","T","E","$","M","?","M"],"items_purchased_type":["Card","Relic"],"build_version":"2020-12-22","purchased_purges":2,"victory":false,"max_hp_per_floor":[75,75,75,75,75,75,75,69,69,69,69,69,69,69,69,69,69,69,69,69,69,69,69,69,69,69,69,69,69,69,69,69],"card_choices":[{"not_picked":["Redo","Go for the Eyes","Scrape"],"picked":"SKIP","floor":1},{"not_picked":["Barrage","Darkness"],"picked":"White Noise","floor":2},{"not_picked":["Reinforced Body","Steam Power"],"picked":"Cold Snap","floor":4},{"not_picked":["Ball Lightning","Rebound"],"picked":"Sweeping Beam","floor":7},{"not_picked":["Capacitor","Reinforced Body+1"],"picked":"Consume+1","floor":10},{"not_picked":["Ball Lightning","Aggregate+1","Gash"],"picked":"SKIP","floor":12},{"not_picked":["Reboot+1","Multi-Cast+1"],"picked":"Buffer","floor":16},{"not_picked":["Redo+1","Compile Driver"],"picked":"Leap+1","floor":18},{"not_picked":["Lockon+1","Cold Snap+1"],"picked":"FTL+1","floor":19},{"not_picked":["Compile Driver","Sweeping Beam+1"],"picked":"BootSequence+1","floor":21},{"not_picked":["Cold Snap","Auto Shields+1"],"picked":"Echo Form","floor":24},{"not_picked":["Streamline","Stack+1"],"picked":"Heatsinks+1","floor":27},{"not_picked":["Gash","Sweeping Beam+1"],"picked":"Chaos+1","floor":29}],"player_experience":167605,"relics_obtained":[{"floor":7,"key":"Darkstone Periapt"},{"floor":9,"key":"Toxic Egg 2"},{"floor":24,"key":"Kunai"},{"floor":26,"key":"Whetstone"},{"floor":27,"key":"Mercury Hourglass"}],"event_choices":[{"cards_removed":["Strike_B"],"damage_healed":0,"gold_gain":0,"player_choice":"Card Removal","damage_taken":0,"max_hp_gain":0,"max_hp_loss":0,"event_name":"The Cleric","floor":3,"gold_loss":50},{"damage_healed":0,"gold_gain":175,"player_choice":"AGREE","damage_taken":0,"max_hp_gain":0,"max_hp_loss":0,"event_name":"Liars Game","floor":6,"gold_loss":0,"cards_obtained":["Doubt"]},{"damage_healed":0,"gold_gain":0,"player_choice":"Lose Max HP","damage_taken":0,"relics_obtained":["Golden Idol"],"max_hp_gain":0,"max_hp_loss":6,"event_name":"Golden Idol","floor":8,"gold_loss":0},{"damage_healed":0,"gold_gain":0,"player_choice":"Searched \u00272\u0027 times","damage_taken":0,"relics_obtained":["Girya"],"max_hp_gain":0,"max_hp_loss":0,"event_name":"Dead Adventurer","floor":14,"gold_loss":0},{"cards_removed":["Defend_B"],"damage_healed":0,"gold_gain":0,"player_choice":"Gave Gold","damage_taken":0,"max_hp_gain":0,"max_hp_loss":0,"event_name":"Beggar","floor":22,"gold_loss":75},{"damage_healed":0,"gold_gain":0,"player_choice":"Paid Fearfully","damage_taken":0,"max_hp_gain":0,"max_hp_loss":0,"event_name":"Masked Bandits","floor":25,"gold_loss":67},{"damage_healed":0,"gold_gain":0,"player_choice":"Traded Relic","damage_taken":0,"relics_obtained":["Nloth\u0027s Gift"],"max_hp_gain":0,"max_hp_loss":0,"event_name":"N\u0027loth","floor":30,"relics_lost":["Mercury Hourglass"],"gold_loss":0}],"is_beta":false,"boss_relics":[{"not_picked":["Pandora\u0027s Box","Ectoplasm"],"picked":"Empty Cage"}],"items_purged_floors":[5,20],"is_endless":false,"potions_floor_spawned":[4,10,16,18,19],"killed_by":"Shelled Parasite and Fungi","ascension_level":8}}