{"host":"zv753xhrtese558r","time":1610835669,"event":{"mods":["2.2 Compatiblity","AchievementEnabler","BaseMod","Bestiary","Better Match","Better Note","Better Skull","Better Third Choice","BetterRewards","Colored Map","Colored Powertips","Googly Eyes","Infinite Spire","Minty Spire (QoL Compilation)","Spicy Shops","StSLib"],"gold_per_floor":[114,129,95,108,108,108,126,126,180,191,210,223,223,257,257,355,355,374,374,388,179,179,214,226,255,303,303,303,51,63,83,83,183,233,252,252,252,51,71,97,97,9,9,9,20,32,45,8,8,8],"floor_reached":51,"language":"ENG","playtime":3348,"items_purged":["Doubt","Decay","Writhe","Strike_B","Defend_B"],"score":786,"play_id":"67ddc2c1-6403-4fe4-89da-bc90335f5850","local_time":"20210116142109","is_ascension_mode":true,"campfire_choices":[{"floor":6.0,"key":"REST"},{"floor":8.0,"key":"REST"},{"floor":15.0,"key":"REST"},{"data":"Chill","floor":28,"key":"SMITH"},{"data":"Storm","floor":32,"key":"SMITH"},{"data":"Apotheosis","floor":41,"key":"SMITH"},{"data":"Creative AI","floor":44,"key":"SMITH"},{"data":"Defragment","floor":49,"key":"SMITH"}],"circlet_count":0,"master_deck":["Strike_B","Strike_B+1","Defend_B+1","Defend_B","Zap","Dualcast","Storm+1","Lockon","Core Surge+1","Genetic Algorithm+1","Go for the Eyes","Ball Lightning","Cold Snap+1","Melter","Cold Snap","Defragment+1","Leap","Auto Shields","Thunder Strike","Barrage","Redo","Chill+1","Coolheaded","Static Discharge","Barrage+1","Consume+1","Creative AI+1","Conserve Battery+1","Apotheosis+1","Self Repair+1"],"relics":["Cracked Core","Membership Card","DataDisk","Eternal Feather","Pen Nib","Bronze Scales","Whetstone","Art of War","Ancient Tea Set","SacredBark","Pantograph","Strawberry","Runic Capacitor","Girya","War Paint","infinitespire:Beetle Shell","Smiling Mask","Prayer Wheel","Anchor","Tiny House","Lizard Tail","infinitespire:EmpoweringShard","Dream Catcher","Ornamental Fan"],"acts_visited":["Exordium","TheCity","TheBeyond"],"potions_floor_usage":[25,33,40,50,50],"damage_taken":[{"damage":3.0,"enemies":"2 Louse","floor":1.0,"turns":2.0},{"damage":0.0,"enemies":"Cultist","floor":2.0,"turns":2.0},{"damage":9.0,"enemies":"Jaw Worm","floor":4.0,"turns":2.0},{"damage":6.0,"enemies":"Looter","floor":7.0,"turns":2.0},{"damage":7.0,"enemies":"3 Louse","floor":10.0,"turns":2.0},{"damage":8.0,"enemies":"Blue Slaver","floor":11.0,"turns":2.0},{"damage":10.0,"enemies":"Gremlin Gang","floor":12.0,"turns":3.0},{"damage":6.0,"enemies":"3 Sentries","floor":14.0,"turns":4.0},{"damage":24.0,"enemies":"Hexaghost","floor":16.0,"turns":7.0},{"damage":0.0,"enemies":"Spheric Guardian","floor":18.0,"turns":1.0},{"damage":5.0,"enemies":"3 Byrds","floor":20.0,"turns":3.0},{"damage":11.0,"enemies":"Book of Stabbing","floor":23.0,"turns":4.0},{"damage":3.0,"enemies":"Sentry and Sphere","floor":24.0,"turns":3.0},{"damage":17,"enemies":"Gremlin Leader","floor":25,"turns":6},{"damage":0,"enemies":"Cultist and Chosen","floor":30,"turns":4},{"damage":0,"enemies":"3 Cultists","floor":31,"turns":4},{"damage":33,"enemies":"Collector","floor":33,"turns":6},{"damage":0,"enemies":"3 Darklings","floor":35,"turns":5},{"damage":2,"enemies":"Orb Walker","floor":39,"turns":3},{"damage":37,"enemies":"Giant Head","floor":40,"turns":9},{"damage":0,"enemies":"Spire Growth","floor":45,"turns":4},{"damage":0,"enemies":"Sphere and 2 Shapes","floor":46,"turns":4},{"damage":20,"enemies":"Transient","floor":47,"turns":5},{"damage":5,"enemies":"Donu and Deca","floor":50,"turns":7}],"seed_played":"2361066875160365754","potions_obtained":[{"floor":4.0,"key":"Explosive Potion"},{"floor":10.0,"key":"SteroidPotion"},{"floor":11.0,"key":"FearPotion"},{"floor":14.0,"key":"PowerPotion"},{"floor":16.0,"key":"Energy Potion"},{"floor":20.0,"key":"FairyPotion"},{"floor":25,"key":"FearPotion"},{"floor":34,"key":"FocusPotion"},{"floor":40,"key":"ColorlessPotion"}],"is_trial":false,"path_per_floor":["M","M","$","M","?","R","M","R","T","M","M","M","?","E","R","B",null,"M","T","M","$","?","E","M","E","T","?","R","$","M","M","R","B",null,"M","?","?","$","M","E","R","$","T","R","M","M","M","$","R","B",null],"character_chosen":"DEFECT","items_purchased":["Fruit Juice","Membership Card","DataDisk","Storm","Lockon","Eternal Feather","Pen Nib","Bronze Scales","Core Surge","Whetstone","Ball Lightning","Strawberry","Chill","Coolheaded","Runic Capacitor","Prayer Wheel","Anchor","Lizard Tail","Dream Catcher","DistilledChaos"],"campfire_rested":3,"item_purchase_floors":[0,0,0,0,0,0,0,0,0,0,3,21,21,21,21,29,29,38,42,48],"current_hp_per_floor":[45,45,45,36,36,69,63,80,80,73,65,55,55,49,80,56,80,80,80,75,82,82,71,68,51,51,51,66,66,66,66,81,54,92,92,92,92,92,90,53,71,71,71,89,89,89,79,79,92,87],"gold":8,"neow_bonus":"","is_daily":false,"chose_seed":false,"campfire_upgraded":5,"win_rate":0.0,"timestamp":1610835669,"path_taken":["M","M","$","M","?","R","M","R","T","M","M","?","?","E","R","BOSS","M","?","M","$","?","E","M","E","T","?","R","$","M","M","R","BOSS","M","?","?","$","M","E","R","?","T","R","M","?","M","?","R","BOSS"],"items_purchased_type":["Potion","Relic","Relic","Card","Card","Relic","Relic","Relic","Card","Relic","Card","Relic","Card","Card","Relic","Relic","Relic","Relic","Relic","Potion"],"build_version":"2020-12-22","purchased_purges":5,"victory":true,"max_hp_per_floor":[80,80,80,80,80,80,80,80,80,80,80,80,80,80,80,80,80,80,80,80,87,87,87,87,87,87,87,87,87,87,87,87,87,92,92,92,92,92,92,92,92,92,92,92,92,92,92,92,92,92],"card_choices":[{"not_picked":["Lockon","Recycle"],"picked":"Genetic Algorithm","floor":1.0},{"not_picked":["Rebound","Sweeping Beam"],"picked":"Go for the Eyes","floor":2.0},{"not_picked":["Skim","Rebound"],"picked":"Cold Snap","floor":4.0},{"not_picked":["Compile Driver","Beam Cell"],"picked":"Cold Snap","floor":7.0},{"not_picked":["Recycle","Coolheaded","Rebound"],"picked":"SKIP","floor":10.0},{"not_picked":["Cold Snap","Rebound"],"picked":"Defragment","floor":11.0},{"not_picked":["Lockon","Steam"],"picked":"Leap","floor":12.0},{"not_picked":["Double Energy","Ball Lightning"],"picked":"Auto Shields","floor":14.0},{"not_picked":["Meteor Strike","Rainbow"],"picked":"Thunder Strike","floor":16.0},{"not_picked":["Gash+1","Redo"],"picked":"Barrage","floor":18.0},{"not_picked":["Cold Snap+1","Barrage+1"],"picked":"Redo","floor":20.0},{"not_picked":["BootSequence+1","Melter"],"picked":"Static Discharge","floor":23.0},{"not_picked":["Storm","Sunder","Beam Cell+1"],"picked":"SKIP","floor":24.0},{"not_picked":["Force Field+1","Recycle+1","Gash"],"picked":"SKIP","floor":25},{"not_picked":["Darkness","Multi-Cast"],"picked":"Barrage+1","floor":30},{"not_picked":["Steam","Stack"],"picked":"Consume+1","floor":30},{"not_picked":["Gash+1","Aggregate","Reinforced Body"],"picked":"SKIP","floor":31},{"not_picked":["Beam Cell+1","Reprogram+1","Compile Driver+1"],"picked":"SKIP","floor":31},{"not_picked":["Machine Learning","Core Surge"],"picked":"Creative AI","floor":33},{"not_picked":["Ball Lightning","Gash"],"picked":"Conserve Battery+1","floor":34},{"not_picked":["Gash+1","Compile Driver","Ball Lightning+1"],"picked":"SKIP","floor":35},{"not_picked":["Gash","Glacier","Rebound+1"],"picked":"SKIP","floor":35},{"not_picked":["Flash of Steel","Magnetism"],"picked":"Apotheosis","floor":37},{"not_picked":["Rip and Tear+1","Redo"],"picked":"Self Repair+1","floor":39},{"not_picked":["Blizzard","Heatsinks+1","Steam"],"picked":"SKIP","floor":39},{"not_picked":["Turbo+1","Steam Power+1","Go for the Eyes"],"picked":"SKIP","floor":40},{"not_picked":["Redo+1","Barrage","Beam Cell+1"],"picked":"SKIP","floor":45},{"not_picked":["FTL","Cold Snap","Rebound"],"picked":"SKIP","floor":45},{"not_picked":["Chaos+1","Undo+1","Rebound+1"],"picked":"SKIP","floor":46},{"not_picked":["Coolheaded","Compile Driver","Ball Lightning+1"],"picked":"SKIP","floor":46},{"not_picked":["Genetic Algorithm","Turbo+1","Cold Snap+1"],"picked":"SKIP","floor":47},{"not_picked":["Gash+1","Recycle+1","Steam+1"],"picked":"SKIP","floor":47}],"player_experience":339182,"relics_obtained":[{"floor":9.0,"key":"Art of War"},{"floor":14.0,"key":"Ancient Tea Set"},{"floor":19.0,"key":"Pantograph"},{"floor":23.0,"key":"War Paint"},{"floor":25,"key":"infinitespire:Beetle Shell"},{"floor":26,"key":"Smiling Mask"},{"floor":40,"key":"infinitespire:EmpoweringShard"},{"floor":43,"key":"Ornamental Fan"}],"event_choices":[{"damage_healed":0.0,"max_hp_gain":0.0,"max_hp_loss":0.0,"gold_gain":0.0,"cards_transformed":["Defend_B"],"event_name":"Transmorgrifier","player_choice":"Transformed","floor":5.0,"gold_loss":0.0,"damage_taken":0.0,"cards_obtained":["Melter"]},{"cards_removed":["Strike_B"],"damage_healed":0.0,"max_hp_gain":0.0,"max_hp_loss":0.0,"gold_gain":0.0,"event_name":"Bonfire Elementals","player_choice":"Offered Basic","floor":13.0,"gold_loss":0.0,"damage_taken":0.0},{"damage_healed":0.0,"max_hp_gain":0.0,"max_hp_loss":0.0,"gold_gain":0.0,"event_name":"The Mausoleum","player_choice":"Opened","floor":22.0,"gold_loss":0.0,"damage_taken":0.0,"relics_obtained":["Girya"],"cards_obtained":["Writhe"]},{"damage_healed":0,"gold_gain":0,"player_choice":"Smashed Altar","damage_taken":0,"max_hp_gain":0,"max_hp_loss":0,"event_name":"Forgotten Altar","floor":27,"gold_loss":0,"cards_obtained":["Decay"]},{"damage_healed":0,"gold_gain":0,"player_choice":"Memory 1","damage_taken":0,"max_hp_gain":0,"max_hp_loss":0,"event_name":"SensoryStone","floor":37,"gold_loss":0}],"is_beta":false,"boss_relics":[{"not_picked":["Ectoplasm","Empty Cage"],"picked":"SacredBark"},{"not_picked":["Snecko Eye","Runic Dome"],"picked":"Tiny House"}],"items_purged_floors":[0,29,29,38,42],"is_endless":false,"potions_floor_spawned":[4,10,11,14,16,20,25,40,46],"ascension_level":2}}