{"host":"sa7ebub27cgn5wai","time":1610763948,"event":{"mods":["BaseMod","Colored Map","Minty Spire (QoL Compilation)","SuperFastMode"],"gold_per_floor":[116,116,126,146,156,156,169,169,192,192,203,218,2,18,18,120,120,138,25,45,65,85,85,85,97,97,97,97,127,144,158,158,158,158],"floor_reached":33,"language":"KOR","playtime":717,"items_purged":[],"score":371,"play_id":"0608bd3c-ce29-4b8a-ac5d-03446e78a494","local_time":"20210116112548","is_ascension_mode":true,"campfire_choices":[{"data":"Backstab","floor":6,"key":"SMITH"},{"data":"Dagger Spray","floor":8,"key":"SMITH"},{"data":"Poisoned Stab","floor":10,"key":"SMITH"},{"data":"Blade Dance","floor":15,"key":"SMITH"},{"floor":23,"key":"REST"},{"floor":27,"key":"REST"},{"floor":32,"key":"REST"}],"circlet_count":0,"master_deck":["Strike_G","Strike_G","Strike_G","Strike_G","Strike_G","Defend_G","Defend_G","Defend_G","Defend_G","Defend_G","Survivor","Neutralize","Dramatic Entrance+1","Backstab+1","Dagger Spray+1","Noxious Fumes","PiercingWail","Poisoned Stab+1","Blade Dance+1","PiercingWail","Die Die Die","Phantasmal Killer","Flying Knee+1","Backstab","PiercingWail","Flechettes+1","Escape Plan+1","Bouncing Flask+1","Pain","Deadly Poison+1","Backstab","Dodge and Roll+1"],"relics":["Ring of the Snake","Dream Catcher","Membership Card","Cursed Key","Blood Vial","StrikeDummy","Lantern"],"acts_visited":["Exordium","TheCity"],"potions_floor_usage":[31],"damage_taken":[{"damage":0,"enemies":"Small Slimes","floor":1,"turns":2},{"damage":0,"enemies":"Cultist","floor":3,"turns":3},{"damage":0,"enemies":"Jaw Worm","floor":4,"turns":2},{"damage":0,"enemies":"3 Louse","floor":5,"turns":2},{"damage":0,"enemies":"Looter","floor":7,"turns":2},{"damage":9,"enemies":"Red Slaver","floor":11,"turns":2},{"damage":10,"enemies":"Exordium Thugs","floor":12,"turns":4},{"damage":0,"enemies":"Large Slime","floor":14,"turns":2},{"damage":19,"enemies":"Slime Boss","floor":16,"turns":8},{"damage":4,"enemies":"Shell Parasite","floor":18,"turns":4},{"damage":0,"enemies":"Chosen","floor":20,"turns":4},{"damage":26,"enemies":"Shelled Parasite and Fungi","floor":21,"turns":4},{"damage":17,"enemies":"Snecko","floor":22,"turns":4},{"damage":0,"enemies":"3 Cultists","floor":25,"turns":4},{"damage":24,"enemies":"Book of Stabbing","floor":29,"turns":4},{"damage":28,"enemies":"Snake Plant","floor":30,"turns":4},{"damage":3,"enemies":"Centurion and Healer","floor":31,"turns":4},{"damage":62,"enemies":"Automaton","floor":33,"turns":6}],"seed_played":"2154367853012572516","potions_obtained":[{"floor":1,"key":"Weak Potion"},{"floor":5,"key":"Energy Potion"},{"floor":7,"key":"GhostInAJar"},{"floor":16,"key":"SpeedPotion"}],"is_trial":false,"path_per_floor":["M","?","M","M","M","R","M","R","T","R","M","M","$","M","R","B",null,"M","$","M","M","M","R","?","M","T","R","?","E","M","M","R","B"],"character_chosen":"THE_SILENT","items_purchased":["Membership Card","Die Die Die","Backstab","Blood Vial"],"campfire_rested":3,"item_purchase_floors":[13,13,19,19],"current_hp_per_floor":[63,63,63,63,63,63,63,63,63,63,54,44,44,44,44,25,59,55,55,57,33,18,39,26,28,28,50,50,28,2,1,23,0,0],"gold":158,"neow_bonus":"RANDOM_COLORLESS","is_daily":false,"chose_seed":false,"campfire_upgraded":4,"win_rate":0.0,"timestamp":1610763948,"path_taken":["M","?","M","M","M","R","?","R","T","R","M","M","$","M","R","BOSS","M","$","M","M","M","R","?","M","T","R","?","E","M","M","R","BOSS"],"items_purchased_type":["Relic","Card","Card","Relic"],"build_version":"2020-12-22","purchased_purges":0,"victory":false,"max_hp_per_floor":[70,70,70,70,70,70,70,70,70,70,70,70,70,70,70,70,70,70,70,70,70,70,70,75,75,75,75,75,75,75,75,75,75,75],"card_choices":[{"not_picked":["Trip","PanicButton"],"picked":"Dramatic Entrance","floor":0},{"not_picked":["Finisher","Heel Hook"],"picked":"Backstab","floor":1},{"not_picked":["Poisoned Stab","Deflect"],"picked":"Dagger Spray","floor":3},{"not_picked":["Tactician","PiercingWail"],"picked":"Noxious Fumes","floor":4},{"not_picked":["Deadly Poison","Flechettes"],"picked":"PiercingWail","floor":5},{"not_picked":["Acrobatics","Tactician"],"picked":"Poisoned Stab","floor":7},{"not_picked":["Dagger Spray","Escape Plan"],"picked":"Blade Dance","floor":11},{"not_picked":["Choke","Crippling Poison"],"picked":"PiercingWail","floor":12},{"not_picked":["Deflect","Flechettes","Expertise"],"picked":"SKIP","floor":14},{"not_picked":["Bullet Time","Grand Finale"],"picked":"Phantasmal Killer","floor":16},{"not_picked":["Backflip","Calculated Gamble+1"],"picked":"Flying Knee+1","floor":18},{"not_picked":["Bane","Setup","Heel Hook"],"picked":"SKIP","floor":20},{"not_picked":["Sucker Punch","Outmaneuver"],"picked":"PiercingWail","floor":21},{"not_picked":["Acrobatics","Dagger Throw"],"picked":"Flechettes+1","floor":22},{"not_picked":["Blur","Prepared"],"picked":"Escape Plan+1","floor":23},{"not_picked":["Venomology","Dagger Throw+1"],"picked":"Bouncing Flask+1","floor":25},{"not_picked":["Distraction","Well Laid Plans"],"picked":"Deadly Poison+1","floor":27},{"not_picked":["Acrobatics+1","Accuracy"],"picked":"Backstab","floor":29},{"not_picked":["Setup","Bane","Underhanded Strike"],"picked":"SKIP","floor":30},{"not_picked":["Eviscerate","Endless Agony+1","Tactician"],"picked":"SKIP","floor":31},{"not_picked":["Choke+1","Eviscerate"],"picked":"Dodge and Roll+1","floor":32}],"player_experience":294962,"relics_obtained":[{"floor":9,"key":"Dream Catcher"},{"floor":26,"key":"StrikeDummy"},{"floor":29,"key":"Lantern"}],"event_choices":[{"damage_healed":0,"gold_gain":0,"player_choice":"Upgraded","damage_taken":0,"max_hp_gain":0,"max_hp_loss":0,"event_name":"Upgrade Shrine","floor":2,"gold_loss":0,"cards_upgraded":["Dramatic Entrance"]},{"damage_healed":0,"gold_gain":0,"player_choice":"Shed Blood","damage_taken":18,"max_hp_gain":5,"max_hp_loss":0,"event_name":"Forgotten Altar","floor":24,"gold_loss":0},{"damage_healed":0,"gold_gain":0,"player_choice":"Ignored","damage_taken":0,"max_hp_gain":0,"max_hp_loss":0,"event_name":"Beggar","floor":28,"gold_loss":0}],"is_beta":false,"boss_relics":[{"not_picked":["Black Star","Coffee Dripper"],"picked":"Cursed Key"}],"items_purged_floors":[],"is_endless":false,"potions_floor_spawned":[1,5,7,16,18,20,29],"killed_by":"Automaton","ascension_level":8}}