{"host":"2zw05eexjythz74b","time":1610817226,"event":{"mods":["AchievementEnabler","BaseMod","Better Altar","Colored Map","Minty Spire (QoL Compilation)","StSLib","everything is the same but u backflip on backflip"],"gold_per_floor":[99,67,67,67,67,67,67,67,67,67,67,67,67,67,67,67,67,67,67,37,37,19,19,19,19,19,19,19,19,19,19,19,19,19,19,19,19,19,19,19,19,19],"floor_reached":41,"language":"ENG","playtime":1486,"items_purged":[],"score":470,"play_id":"74e7f211-6248-4da8-b7c0-59b413d5ab3b","local_time":"20210116111346","is_ascension_mode":true,"campfire_choices":[{"data":"Neutralize","floor":6,"key":"SMITH"},{"data":"Flechettes","floor":8,"key":"SMITH"},{"data":"Leg Sweep","floor":12,"key":"SMITH"},{"floor":15,"key":"REST"},{"data":"Outmaneuver","floor":23,"key":"SMITH"},{"floor":25,"key":"REST"},{"floor":32,"key":"REST"},{"floor":40,"key":"REST"}],"circlet_count":0,"master_deck":["Strike_G","Strike_G+1","Strike_G","Strike_G","Strike_G+1","Defend_G+1","Defend_G","Defend_G","Defend_G","Defend_G","Survivor","Neutralize+1","Terror+1","Predator","Flechettes+1","Poisoned Stab","Leg Sweep+1","Corpse Explosion+1","CurseOfTheBell","Setup+1","Tactician+1","Distraction+1","Outmaneuver+1","Poisoned Stab+1","Crippling Poison+1","Malaise","Dagger Throw","Master of Strategy"],"relics":["Ectoplasm","Bag of Marbles","War Paint","Paper Crane","Calling Bell","Juzu Bracelet","The Courier","TungstenRod","Lantern","Toy Ornithopter","Philosopher\u0027s Stone"],"acts_visited":["Exordium","TheCity","TheBeyond"],"potions_floor_usage":[16,19,21,21,30,33,33,41],"damage_taken":[{"damage":1,"enemies":"Small Slimes","floor":1,"turns":4},{"damage":7,"enemies":"2 Louse","floor":3,"turns":3},{"damage":0,"enemies":"Cultist","floor":5,"turns":2},{"damage":16,"enemies":"Gremlin Nob","floor":7,"turns":4},{"damage":0,"enemies":"2 Fungi Beasts","floor":10,"turns":2},{"damage":0,"enemies":"3 Louse","floor":11,"turns":2},{"damage":18,"enemies":"The Guardian","floor":16,"turns":7},{"damage":0,"enemies":"Chosen","floor":18,"turns":4},{"damage":0,"enemies":"3 Byrds","floor":19,"turns":2},{"damage":25,"enemies":"Shelled Parasite and Fungi","floor":21,"turns":4},{"damage":31,"enemies":"Book of Stabbing","floor":24,"turns":6},{"damage":5,"enemies":"Snake Plant","floor":28,"turns":4},{"damage":0,"enemies":"3 Cultists","floor":30,"turns":3},{"damage":36,"enemies":"Collector","floor":33,"turns":10},{"damage":23,"enemies":"3 Darklings","floor":35,"turns":5},{"damage":13,"enemies":"Orb Walker","floor":39,"turns":4},{"damage":66,"enemies":"Giant Head","floor":41,"turns":8}],"seed_played":"7827943383045466492","potions_obtained":[{"floor":1,"key":"Poison Potion"},{"floor":7,"key":"Dexterity Potion"},{"floor":10,"key":"Poison Potion"},{"floor":20,"key":"LiquidMemories"},{"floor":20,"key":"AttackPotion"},{"floor":24,"key":"Poison Potion"},{"floor":28,"key":"SteroidPotion"},{"floor":30,"key":"ColorlessPotion"},{"floor":35,"key":"Explosive Potion"},{"floor":39,"key":"Fire Potion"}],"is_trial":false,"path_per_floor":["M","?","M","?","M","R","E","R","T","M","M","R","?","$","R","B",null,"M","M","?","M","$","R","E","R","T","$","M","?","M","?","R","B",null,"M","?","?","?","M","R","E"],"character_chosen":"THE_SILENT","items_purchased":["Outmaneuver"],"campfire_rested":4,"item_purchase_floors":[22],"current_hp_per_floor":[69,69,62,59,59,59,43,43,43,43,43,43,29,29,50,32,70,70,70,70,45,45,45,14,35,35,35,30,14,19,19,40,14,70,47,47,47,47,34,55,0,0],"gold":19,"neow_bonus":"BOSS_RELIC","is_daily":false,"chose_seed":false,"campfire_upgraded":4,"win_rate":0.0,"timestamp":1610817226,"path_taken":["M","?","M","?","M","R","E","R","T","M","M","R","?","$","R","BOSS","M","M","?","M","$","R","E","R","T","$","M","?","M","?","R","BOSS","M","?","?","?","M","R","E"],"items_purchased_type":["Card"],"build_version":"2020-12-22","purchased_purges":0,"victory":false,"max_hp_per_floor":[70,70,70,70,70,70,70,70,70,70,70,70,70,70,70,70,70,70,70,70,70,70,70,70,70,70,70,70,70,70,70,70,70,70,70,70,70,70,70,70,70,70],"card_choices":[{"not_picked":["Endless Agony","Dagger Spray"],"picked":"Terror","floor":1},{"not_picked":["Cloak And Dagger","Backstab"],"picked":"Predator","floor":3},{"not_picked":["Deflect","Cloak And Dagger","Deadly Poison"],"picked":"SKIP","floor":5},{"not_picked":["Cloak And Dagger","Storm of Steel"],"picked":"Flechettes","floor":7},{"not_picked":["Cloak And Dagger","Backflip"],"picked":"Poisoned Stab","floor":10},{"not_picked":["Well Laid Plans","Slice"],"picked":"Leg Sweep","floor":11},{"not_picked":["After Image","Burst"],"picked":"Corpse Explosion","floor":16},{"not_picked":["Flechettes","Reflex"],"picked":"Setup+1","floor":18},{"not_picked":["Terror","Backflip"],"picked":"Tactician+1","floor":19},{"not_picked":["Backstab","Outmaneuver"],"picked":"Distraction+1","floor":21},{"not_picked":["PiercingWail","A Thousand Cuts"],"picked":"Poisoned Stab+1","floor":24},{"not_picked":["Prepared+1","Concentrate+1"],"picked":"Crippling Poison+1","floor":28},{"not_picked":["Outmaneuver","Finisher"],"picked":"Footwork+1","floor":30},{"not_picked":["Die Die Die","Grand Finale"],"picked":"Malaise","floor":33},{"not_picked":["Outmaneuver+1","Poisoned Stab+1"],"picked":"Dagger Throw","floor":35},{"not_picked":["Madness","Enlightenment"],"picked":"Master of Strategy","floor":38},{"not_picked":["Expertise+1","Dagger Throw","Eviscerate"],"picked":"SKIP","floor":39}],"player_experience":226326,"relics_obtained":[{"floor":7,"key":"War Paint"},{"floor":9,"key":"Paper Crane"},{"floor":17,"key":"Juzu Bracelet"},{"floor":17,"key":"The Courier"},{"floor":17,"key":"TungstenRod"},{"floor":24,"key":"Lantern"},{"floor":26,"key":"Toy Ornithopter"}],"event_choices":[{"damage_healed":0,"gold_gain":0,"player_choice":"Left Gold","damage_taken":0,"max_hp_gain":0,"max_hp_loss":0,"event_name":"World of Goop","floor":2,"gold_loss":32},{"damage_healed":0,"gold_gain":0,"player_choice":"Success","damage_taken":3,"relics_obtained":["Bag of Marbles"],"max_hp_gain":0,"max_hp_loss":0,"event_name":"Scrap Ooze","floor":4,"gold_loss":0},{"damage_healed":0,"gold_gain":0,"player_choice":"Entered Light","damage_taken":14,"max_hp_gain":0,"max_hp_loss":0,"event_name":"Shining Light","floor":13,"gold_loss":0,"cards_upgraded":["Strike_G","Strike_G"]},{"damage_healed":0,"gold_gain":0,"player_choice":"Bought 2 Potions","damage_taken":0,"max_hp_gain":0,"max_hp_loss":0,"event_name":"The Woman in Blue","floor":20,"gold_loss":0},{"damage_healed":0,"gold_gain":0,"player_choice":" Potion ","damage_taken":17,"relics_obtained":[],"max_hp_gain":30,"max_hp_loss":14,"event_name":"betterAltar:BetterAltar","floor":29,"potions_obtained":["betterAltar:AltarPotion"],"relics_lost":[],"gold_loss":0},{"damage_healed":0,"gold_gain":99,"player_choice":"Stole From Cult","damage_taken":0,"max_hp_gain":0,"max_hp_loss":0,"event_name":"Nest","floor":31,"gold_loss":0},{"cards_removed":["Footwork"],"damage_healed":0,"gold_gain":0,"player_choice":"Removed Power","damage_taken":0,"max_hp_gain":0,"max_hp_loss":0,"event_name":"Falling","floor":36,"gold_loss":0},{"damage_healed":0,"gold_gain":0,"player_choice":"Forge","damage_taken":0,"max_hp_gain":0,"max_hp_loss":0,"event_name":"Accursed Blacksmith","floor":37,"gold_loss":0,"cards_upgraded":["Corpse Explosion"]},{"damage_healed":0,"gold_gain":0,"player_choice":"Memory 1","damage_taken":0,"max_hp_gain":0,"max_hp_loss":0,"event_name":"SensoryStone","floor":38,"gold_loss":0}],"is_beta":false,"boss_relics":[{"not_picked":["Velvet Choker","Fusion Hammer"],"picked":"Calling Bell"},{"not_picked":["Astrolabe","Black Star"],"picked":"Philosopher\u0027s Stone"}],"items_purged_floors":[],"is_endless":false,"potions_floor_spawned":[1,7,10,24,28,30,35,39],"killed_by":"Giant Head","ascension_level":3}}