{"host":"qmlry8i8enac5s44","time":1610769864,"event":{"mods":["Act Like it!","BaseMod","Colored Map","Gensokyo","Luminous","Marisa£®ÏF”Í°°ƒß¿Ì…≥£©","Minty Spire (QoL Compilation)","StSLib","°æ“≈ŒÔø®≈∆°øREMEMod"],"gold_per_floor":[115,65,65,65,76,110,110,136,161,190,219,262,262,295,295,415,415,450,450,450,450,450,492,492,521,597,642,654,697,753,60,72,196,208,548,560,13,25,272,330,342,388,400,412,955,967,979,991,1003,1015,1027,1039,182,208,208],"floor_reached":56,"language":"ZHS","playtime":5181,"items_purged":["WitchOfGreed"],"score":1639,"play_id":"15e57688-d7d8-42ce-8f2f-e470d6f386cb","local_time":"20210116120424","is_ascension_mode":true,"campfire_choices":[{"data":"MilkyWay","floor":7.0,"key":"SMITH"},{"data":"OortCloud","floor":15.0,"key":"SMITH"},{"data":"Secret Technique","floor":24.0,"key":"SMITH"},{"floor":28.0,"key":"REST"},{"data":"MachineGunSpark","floor":32.0,"key":"SMITH"},{"data":"Orbital","floor":41.0,"key":"SMITH"},{"data":"MaximisePower","floor":44.0,"key":"SMITH"},{"floor":47.0,"key":"REST"},{"floor":49.0,"key":"RECALL"},{"data":"Gensokyo:ShootingStar","floor":52.0,"key":"SMITH"}],"circlet_count":0,"master_deck":["Strike_MRS+1","Strike_MRS","Strike_MRS","Defend_MRS","MasterSpark","UpSweep+1","MilkyWay+1","Gensokyo:BlessingOfFortitude","MilkyWay+1","OortCloud+1","ManaConvection","MaximisePower+1","Secret Technique+1","MachineGunSpark+1","Gensokyo:AllTheWorldsEvil","SuperPerseids","Gensokyo:Doppelganger","Gensokyo:ShootingStar+1","CasketOfStar","Orbital+1","Gensokyo:ShootingStar","OneTimeOff+1","OortCloud+1","REME_TwoStrings","Secret Weapon","REME_FirmDetermination"],"relics":["MiniHakkero","REME_ComplimentaryCards","NeowsBlessing","Bag of Marbles","Blue Candle","Smiling Mask","Thread and Needle","Bottled Lightning","REME_LowDesire","Pen Nib","Gensokyo:RedStar","Question Card","Shuriken","MawBank","SproutingBranch","Chemical X","Medical Kit","Black Star","Gensokyo:EmptyGrave","DollysMirror","SimpleLauncher","ClockworkSouvenir","Happy Flower","Ice Cream","Ancient Tea Set","Anchor","StoneCalendar","REME_HandOfSuture","Juzu Bracelet","REME_LimitBreaker","Lee\u0027s Waffle","FossilizedHelix","Vajra","Whetstone"],"acts_visited":["Exordium","Gensokyo:Gensokyo","Gensokyo:Gensokyoer","TheEnding"],"potions_floor_usage":[55,55],"damage_taken":[{"damage":0.0,"enemies":"Gensokyo:Gryphon","floor":1.0,"turns":1.0},{"damage":0.0,"enemies":"Gensokyo:3_Fairies","floor":5.0,"turns":1.0},{"damage":0.0,"enemies":"Gensokyo:Cirno","floor":6.0,"turns":2.0},{"damage":0.0,"enemies":"Gensokyo:Aya","floor":8.0,"turns":4.0},{"damage":0.0,"enemies":"Gensokyo:Cirno","floor":10.0,"turns":6.0},{"damage":0.0,"enemies":"Gensokyo:2_Kodama","floor":11.0,"turns":4.0},{"damage":0.0,"enemies":"Gensokyo:Aya","floor":12.0,"turns":6.0},{"damage":0.0,"enemies":"Gensokyo:Gryphon_and_Rabbit","floor":14.0,"turns":5.0},{"damage":34.0,"enemies":"Gensokyo:Reimu","floor":16.0,"turns":13.0},{"damage":12.0,"enemies":"Gensokyo:2_Gloops","floor":18.0,"turns":7.0},{"damage":46.0,"enemies":"Gensokyo:Reisen","floor":23.0,"turns":7.0},{"damage":1.0,"enemies":"Gensokyo:AngelMirror","floor":25.0,"turns":4.0},{"damage":16.0,"enemies":"Gensokyo:Tenshi","floor":27.0,"turns":3.0},{"damage":17.0,"enemies":"Gensokyo:Wraith","floor":29.0,"turns":5.0},{"damage":0.0,"enemies":"Gensokyo:Koishi","floor":30.0,"turns":3.0},{"damage":26.0,"enemies":"Gensokyo:Kaguya","floor":33.0,"turns":10.0},{"damage":10.0,"enemies":"Gensokyo:3_Bats","floor":35.0,"turns":6.0},{"damage":19.0,"enemies":"Gensokyo:3_Boulders","floor":39.0,"turns":9.0},{"damage":63.0,"enemies":"Gensokyo:Marisa","floor":40.0,"turns":6.0},{"damage":1.0,"enemies":"Gensokyo:Doremy","floor":42.0,"turns":2.0},{"damage":0.0,"enemies":"Gensokyo:SeedOfUnknown","floor":45.0,"turns":3.0},{"damage":1.0,"enemies":"Gensokyo:Shinki","floor":50.0,"turns":4.0},{"damage":0.0,"enemies":"Shield and Spear","floor":54.0,"turns":2.0},{"damage":47,"enemies":"The Heart","floor":55,"turns":9}],"seed_played":"-4183872934515043808","potions_obtained":[{"floor":6.0,"key":"SpeedPotion"},{"floor":11.0,"key":"Regen Potion"},{"floor":12.0,"key":"FearPotion"},{"floor":14.0,"key":"AttackPotion"},{"floor":14.0,"key":"SkillPotion"},{"floor":18.0,"key":"FairyPotion"},{"floor":23.0,"key":"Swift Potion"},{"floor":25.0,"key":"LiquidMemories"},{"floor":27.0,"key":"Regen Potion"},{"floor":29.0,"key":"DistilledChaos"},{"floor":30.0,"key":"Strength Potion"},{"floor":30.0,"key":"Energy Potion"},{"floor":35.0,"key":"Dexterity Potion"},{"floor":39.0,"key":"DuplicationPotion"},{"floor":40.0,"key":"SkillPotion"},{"floor":42.0,"key":"Fire Potion"},{"floor":45.0,"key":"LiquidMemories"}],"is_trial":false,"path_per_floor":["M","?","?","?","M","E","R","E","T","E","M","E","?","M","R","B",null,"M","?","?","?","?","E","R","M","T","E","R","M","E","COS","R","B",null,"M","?","COS","?","M","E","R","E","T","R","M","T","R","?","R","B",null,"R","$","E","B",null],"character_chosen":"MARISA","items_purchased":["Lee\u0027s Waffle","FossilizedHelix","LiquidBronze","REME_TwoStrings","Secret Weapon"],"campfire_rested":2,"item_purchase_floors":[53,53,53,53,53],"current_hp_per_floor":[75,75,45,45,45,45,45,45,45,45,45,45,45,45,45,11,75,63,63,63,63,63,31,31,30,30,14,36,33,33,33,33,53,75,74,69,69,69,53,5,5,9,9,9,18,18,38,38,38,49,69,69,76,76,39],"gold":208,"neow_bonus":"THREE_ENEMY_KILL","is_daily":false,"chose_seed":false,"campfire_upgraded":7,"win_rate":0.0,"timestamp":1610769864,"path_taken":["M","?","?","?","?","E","R","E","T","E","M","E","?","M","R","BOSS","M","?","?","?","?","E","R","M","T","E","R","?","E","COS","R","BOSS","M","?","COS","?","M","E","R","E","T","R","M","?","R","?","R","BOSS","R","$","E","BOSS"],"items_purchased_type":["Relic","Relic","Potion","Card","Card"],"build_version":"2020-12-22","purchased_purges":1,"victory":true,"max_hp_per_floor":[75,75,75,75,75,75,75,75,75,75,75,75,75,75,75,75,75,75,75,75,75,75,75,75,75,75,75,75,75,75,75,75,75,75,75,69,69,69,69,69,69,69,69,69,69,69,69,69,69,69,69,69,76,76,76],"card_choices":[{"not_picked":["UnstableBomb","MagicChant"],"picked":"MilkyWay","floor":1.0},{"not_picked":["MysteriousBeam","LuminesStrike","ShootingEcho"],"picked":"SKIP","floor":5.0},{"not_picked":["MysteriousBeam","LuminesStrike","ShootingEcho"],"picked":"SKIP","floor":5.0},{"not_picked":["GravityBeat","ChargeUpSpray"],"picked":"MilkyWay","floor":6.0},{"not_picked":["OpenUniverse","GravityBeat","SporeBomb"],"picked":"SKIP","floor":8.0},{"not_picked":["OpenUniverse","GravityBeat","SporeBomb"],"picked":"SKIP","floor":8.0},{"not_picked":["MeteoricShower","WitchLeyline"],"picked":"WitchOfGreed","floor":10.0},{"not_picked":["LuminesStrike","EnergyFlow"],"picked":"OortCloud","floor":11.0},{"not_picked":["NonDirectionalLaser","CollectingQuirk","UnstableBomb"],"picked":"SKIP","floor":12.0},{"not_picked":["Singularity","OneTimeOff"],"picked":"MilkyWay","floor":13.0},{"not_picked":["Orbital","Acceleration"],"picked":"ManaConvection","floor":13.0},{"not_picked":["WitchOfGreed","LuminesStrike","GrandCross"],"picked":"SKIP","floor":14.0},{"not_picked":["CollectingQuirk","StarDustReverie"],"picked":"MaximisePower","floor":16.0},{"not_picked":["Occultation","PowerUp+1","Singularity"],"picked":"Secret Technique","floor":18.0},{"not_picked":["Robbery","OpenUniverse","DoubleSpark+1","Sadistic Nature"],"picked":"SKIP","floor":23.0},{"not_picked":["StarDustReverie","PropBag","UnstableBomb+1","Chrysalis"],"picked":"SuperPerseids","floor":25.0},{"not_picked":["ShootingEcho+1","FairyDestructionRay+1","ManaConvection","Occultation","Chrysalis"],"picked":"SKIP","floor":27.0},{"not_picked":["StarBarrage","SporeBomb","BlazingStar","MysteriousBeam","Bandage Up"],"picked":"SKIP","floor":29.0},{"not_picked":["UnstableBomb","DC","ShootingEcho","WitchLeyline+1","Good Instincts+1"],"picked":"SKIP","floor":30.0},{"not_picked":[],"picked":"Gensokyo:ShootingStar","floor":33.0},{"not_picked":["TreasureHunter","JA","AbsoluteMagnitude","Trip"],"picked":"CasketOfStar","floor":33.0},{"not_picked":["LuminesStrike+1","GrandCross+1","GalacticHalo+1","Blind"],"picked":"Orbital","floor":35.0},{"not_picked":["PowerUp","UnstableBomb+1","IllusionStar","Enlightenment"],"picked":"GravityBeat+1","floor":39.0},{"not_picked":["Robbery","DarkMatter","GalacticHalo","REME_HeartOfCthun"],"picked":"OneTimeOff+1","floor":40.0},{"not_picked":["PowerUp","DarkSpark","SuperNova","WitchLeyline","Chrysalis"],"picked":"SKIP","floor":42.0},{"not_picked":["GravityBeat+1","WitchOfGreed+1","WitchLeyline","REME_TheoryOfElimination"],"picked":"OortCloud+1","floor":45.0},{"not_picked":["StarlightTyphoon+1","GalacticHalo","FinalSpark","GravityBeat"],"picked":"REME_FirmDetermination","floor":54.0}],"player_experience":330914,"relics_obtained":[{"floor":6.0,"key":"Bag of Marbles"},{"floor":8.0,"key":"Blue Candle"},{"floor":9.0,"key":"Smiling Mask"},{"floor":10.0,"key":"Thread and Needle"},{"floor":12.0,"key":"Bottled Lightning"},{"floor":17.0,"key":"Pen Nib"},{"floor":17.0,"key":"Dream Catcher"},{"floor":23.0,"key":"Question Card"},{"floor":26.0,"key":"Shuriken"},{"floor":27.0,"key":"MawBank"},{"floor":30.0,"key":"SproutingBranch"},{"floor":40.0,"key":"Anchor"},{"floor":40.0,"key":"StoneCalendar"},{"floor":42.0,"key":"REME_HandOfSuture"},{"floor":42.0,"key":"Juzu Bracelet"},{"floor":46.0,"key":"REME_LimitBreaker"},{"floor":54.0,"key":"Vajra"},{"floor":54.0,"key":"Whetstone"}],"event_choices":[],"is_beta":false,"boss_relics":[{"not_picked":["REME_DuelDisc","Pandora\u0027s Box"],"picked":"REME_LowDesire"},{"not_picked":["Fusion Hammer","SacredBark"],"picked":"Black Star"}],"items_purged_floors":[53],"is_endless":false,"potions_floor_spawned":[6,12,14,23,30,39,40,42,54],"ascension_level":1}}