{"host":"7qoz5gmva6til3yp","time":1610787676,"event":{"mods":["AchievementEnabler","BaseMod","Minty Spire (QoL Compilation)","StSLib","SuperFastMode"],"gold_per_floor":[121,121,148,169,185,185,41,68,68,100,100,100,0,0,0,108,108,129,147,76,93,93,93,119,119,119,128,141,16,31,21,21,132,132,160,182,203,28,48,87,87,120,120,139,139,51,61,99,99,99],"floor_reached":51,"language":"KOR","playtime":2307,"items_purged":["Strike_P","Defend_P","Strike_P","Defend_P","Defend_P"],"score":933,"play_id":"75435980-a161-49c6-a7f4-80c6ea681035","local_time":"20210116180116","is_ascension_mode":true,"campfire_choices":[{"floor":6.0,"key":"REST"},{"data":"Eruption","floor":12.0,"key":"SMITH"},{"floor":15.0,"key":"REST"},{"data":"Adaptation","floor":23.0,"key":"SMITH"},{"data":"ConjureBlade","floor":25.0,"key":"SMITH"},{"data":"MentalFortress","floor":32.0,"key":"SMITH"},{"data":"MentalFortress","floor":41.0,"key":"SMITH"},{"data":"Adaptation","floor":49,"key":"SMITH"}],"circlet_count":0,"master_deck":["Strike_P","Eruption+1","Vigilance","Swivel","EmptyFist","MentalFortress+1","Adaptation+1","ConjureBlade+1","Prostrate+1","FearNoEvil","Brilliance","MentalFortress+1","Blasphemy","Evaluate+1","InnerPeace","Tantrum+1","Adaptation+1","Bandage Up","JustLucky+1"],"relics":["PureWater","CeramicFish","Mango","Bird Faced Urn","Orichalcum","Coffee Dripper","Bag of Preparation","Darkstone Periapt","Philosopher\u0027s Stone","Omamori","Anchor","Blue Candle","The Courier"],"acts_visited":["Exordium","TheCity","TheBeyond"],"potions_floor_usage":[50],"damage_taken":[{"damage":2.0,"enemies":"Jaw Worm","floor":1.0,"turns":4.0},{"damage":0.0,"enemies":"Small Slimes","floor":3.0,"turns":2.0},{"damage":6.0,"enemies":"2 Louse","floor":4.0,"turns":3.0},{"damage":36.0,"enemies":"Large Slime","floor":5.0,"turns":9.0},{"damage":18.0,"enemies":"Lagavulin","floor":8.0,"turns":9.0},{"damage":48.0,"enemies":"Gremlin Nob","floor":10.0,"turns":6.0},{"damage":8.0,"enemies":"Hexaghost","floor":16.0,"turns":10.0},{"damage":0.0,"enemies":"Spheric Guardian","floor":18.0,"turns":2.0},{"damage":27.0,"enemies":"2 Thieves","floor":19.0,"turns":4.0},{"damage":20.0,"enemies":"3 Cultists","floor":21.0,"turns":6.0},{"damage":28.0,"enemies":"Slavers","floor":24.0,"turns":8.0},{"damage":10.0,"enemies":"Snake Plant","floor":28.0,"turns":5.0},{"damage":0.0,"enemies":"Cultist and Chosen","floor":30.0,"turns":3.0},{"damage":42.0,"enemies":"Champ","floor":33.0,"turns":8.0},{"damage":27.0,"enemies":"3 Shapes","floor":35.0,"turns":4.0},{"damage":24.0,"enemies":"3 Darklings","floor":36.0,"turns":6.0},{"damage":18.0,"enemies":"Jaw Worm Horde","floor":37.0,"turns":3.0},{"damage":2.0,"enemies":"Writhing Mass","floor":39.0,"turns":5.0},{"damage":54.0,"enemies":"Reptomancer","floor":40.0,"turns":9.0},{"damage":18,"enemies":"Nemesis","floor":42,"turns":5},{"damage":0,"enemies":"Transient","floor":44,"turns":5},{"damage":0,"enemies":"Maw","floor":47,"turns":4},{"damage":88,"enemies":"Reptomancer","floor":48,"turns":5},{"damage":2,"enemies":"Donu and Deca","floor":50,"turns":4}],"seed_played":"-8164743982109933540","potions_obtained":[{"floor":1.0,"key":"Regen Potion"},{"floor":3.0,"key":"BottledMiracle"},{"floor":5.0,"key":"Swift Potion"},{"floor":18.0,"key":"Ancient Potion"},{"floor":21.0,"key":"DuplicationPotion"},{"floor":28.0,"key":"SteroidPotion"},{"floor":30.0,"key":"BottledMiracle"},{"floor":40.0,"key":"EntropicBrew"},{"floor":42,"key":"EntropicBrew"}],"is_trial":false,"path_per_floor":["M","?","M","M","M","R","$","E","T","E","?","R","$","?","R","B",null,"M","M","$","M","?","R","E","R","T","?","M","$","M","$","R","B",null,"M","M","M","$","M","E","R","E","T","M","?","$","M","E","R","B",null],"character_chosen":"WATCHER","items_purchased":["Adaptation","FearNoEvil","MentalFortress","Bandage Up"],"campfire_rested":2,"item_purchase_floors":[7,20,31,46],"current_hp_per_floor":[70,70,70,64,28,49,49,43,57,9,2,2,2,2,27,23,86,86,61,61,45,45,45,21,21,21,21,15,15,19,19,19,33,86,59,41,29,29,33,35,35,23,23,29,29,29,41,54,54,64],"gold":99,"neow_bonus":"RANDOM_COMMON_RELIC","is_daily":false,"chose_seed":false,"campfire_upgraded":6,"win_rate":0.0,"timestamp":1610787676,"path_taken":["M","?","M","M","M","R","$","E","T","E","?","R","?","?","R","BOSS","M","M","$","M","?","R","E","R","T","?","M","$","?","$","R","BOSS","M","M","?","$","M","E","R","E","T","M","?","$","M","E","R","BOSS"],"items_purchased_type":["Card","Card","Card","Card"],"build_version":"2020-12-22","purchased_purges":5,"victory":true,"max_hp_per_floor":[72,72,72,72,72,72,72,72,86,86,86,86,86,86,86,86,86,86,86,86,86,86,86,86,86,86,86,86,86,86,86,86,86,86,86,86,86,86,86,86,86,86,86,86,86,86,86,86,86,86],"card_choices":[{"not_picked":["Crescendo","FlyingSleeves"],"picked":"Swivel","floor":1.0},{"not_picked":["Conclude","PathToVictory"],"picked":"EmptyFist","floor":3.0},{"not_picked":["Prostrate","EmptyBody"],"picked":"MentalFortress","floor":4.0},{"not_picked":["Consecrate","ForeignInfluence","BowlingBash"],"picked":"SKIP","floor":5.0},{"not_picked":["WindmillStrike","CutThroughFate","FollowUp"],"picked":"SKIP","floor":8.0},{"not_picked":["BowlingBash","FlyingSleeves","Sanctity"],"picked":"SKIP","floor":10.0},{"not_picked":["SpiritShield","Wish"],"picked":"ConjureBlade","floor":16.0},{"not_picked":["TalkToTheHand","Meditate"],"picked":"Prostrate+1","floor":18.0},{"not_picked":["ForeignInfluence","Consecrate+1","FollowUp"],"picked":"SKIP","floor":19.0},{"not_picked":["Protect+1","PathToVictory","Vengeance"],"picked":"SKIP","floor":21.0},{"not_picked":["Consecrate","CrushJoints","Alpha"],"picked":"SKIP","floor":24.0},{"not_picked":["BowlingBash","Crescendo+1","SashWhip"],"picked":"SKIP","floor":28.0},{"not_picked":["BowlingBash","FlyingSleeves","Wireheading+1"],"picked":"SKIP","floor":30.0},{"not_picked":["Establishment","Omniscience"],"picked":"Blasphemy","floor":33.0},{"not_picked":["FollowUp+1","WreathOfFlame"],"picked":"Evaluate+1","floor":35.0},{"not_picked":["Protect+1","CrushJoints+1"],"picked":"FlurryOfBlows+1","floor":36.0},{"not_picked":["WaveOfTheHand+1","ReachHeaven"],"picked":"InnerPeace","floor":37.0},{"not_picked":["Prostrate","DevaForm","Consecrate+1"],"picked":"SKIP","floor":39.0},{"not_picked":["SignatureMove+1","Swivel+1"],"picked":"Tantrum+1","floor":40.0},{"not_picked":["CarveReality","EmptyFist+1","Protect+1"],"picked":"SKIP","floor":42},{"not_picked":["Protect+1","Halt+1"],"picked":"Adaptation","floor":44},{"not_picked":["FlurryOfBlows","ReachHeaven+1","Consecrate"],"picked":"SKIP","floor":47},{"not_picked":["CarveReality+1","SashWhip"],"picked":"JustLucky+1","floor":48}],"player_experience":358906,"relics_obtained":[{"floor":9.0,"key":"Mango"},{"floor":10.0,"key":"Bird Faced Urn"},{"floor":24.0,"key":"Bag of Preparation"},{"floor":26.0,"key":"Darkstone Periapt"},{"floor":40.0,"key":"Omamori"},{"floor":42,"key":"Anchor"},{"floor":43,"key":"Blue Candle"},{"floor":48,"key":"The Courier"}],"event_choices":[{"damage_healed":0.0,"max_hp_gain":0.0,"max_hp_loss":0.0,"gold_gain":0.0,"event_name":"Scrap Ooze","player_choice":"Fled","floor":2.0,"gold_loss":0.0,"damage_taken":0.0},{"cards_removed":["Defend_P"],"damage_healed":0.0,"max_hp_gain":0.0,"max_hp_loss":0.0,"gold_gain":0.0,"event_name":"Golden Wing","player_choice":"Card Removal","floor":11.0,"gold_loss":0.0,"damage_taken":7.0},{"damage_healed":0.0,"max_hp_gain":0.0,"max_hp_loss":0.0,"gold_gain":0.0,"event_name":"Dead Adventurer","player_choice":"Searched \u00272\u0027 times","floor":14.0,"gold_loss":0.0,"damage_taken":0.0,"relics_obtained":["Orichalcum"]},{"cards_removed":["Strike_P"],"damage_healed":0.0,"max_hp_gain":0.0,"max_hp_loss":0.0,"gold_gain":0.0,"event_name":"Back to Basics","player_choice":"Elegance","floor":22.0,"gold_loss":0.0,"damage_taken":0.0},{"damage_healed":0.0,"max_hp_gain":0.0,"max_hp_loss":0.0,"gold_gain":0.0,"event_name":"Match and Keep!","player_choice":"1 cards matched","floor":27.0,"gold_loss":0.0,"damage_taken":0.0,"cards_obtained":["Brilliance"]},{"cards_removed":["FlurryOfBlows"],"damage_healed":0,"gold_gain":0,"player_choice":"Removed Attack","damage_taken":0,"max_hp_gain":0,"max_hp_loss":0,"event_name":"Falling","floor":45,"gold_loss":0}],"is_beta":false,"boss_relics":[{"not_picked":["Runic Pyramid","Astrolabe"],"picked":"Coffee Dripper"},{"not_picked":["Snecko Eye","Cursed Key"],"picked":"Philosopher\u0027s Stone"}],"items_purged_floors":[7,13,29,31,38],"is_endless":false,"potions_floor_spawned":[1,3,5,18,21,28,30,40,42,47,48],"ascension_level":4}}