{"host":"pqs17sqrgflf4eqa","time":1610829592,"event":{"mods":["AchievementEnabler","BaseMod","Bestiary","Better Altar","Colored Map","Colored Powertips","Emptier Cage","Googly Eyes","Highlight Path","Minty Spire (QoL Compilation)","Quick Restart","StSLib","SuperFastMode","Transform Curses","slay the spire mod where everything is the same but ironclad has a cowboy hat"],"gold_per_floor":[109,109,109,130,45,88,88,119,119,143,143,158,177,192,192,192,192],"floor_reached":16,"language":"ENG","playtime":242,"items_purged":[],"score":194,"play_id":"f1eb9c66-8fd7-48e0-b730-de82dfb8780d","local_time":"20210116153952","is_ascension_mode":true,"campfire_choices":[{"floor":7,"key":"REST"},{"data":"Zap","floor":11,"key":"SMITH"},{"floor":15,"key":"REST"}],"circlet_count":0,"master_deck":["Strike_B","Strike_B+1","Strike_B","Strike_B","Defend_B","Defend_B","Defend_B","Defend_B","Zap+1","Dualcast","Cold Snap+1","Cold Snap","Leap","Doom and Gloom","Ball Lightning","Echo Form","Sweeping Beam","Compile Driver","Beam Cell","Rip and Tear"],"relics":["Cracked Core","Bird Faced Urn","Golden Idol","Pantograph","Whetstone","Mummified Hand","Akabeko"],"acts_visited":["Exordium"],"potions_floor_usage":[],"damage_taken":[{"damage":2,"enemies":"Jaw Worm","floor":1,"turns":3},{"damage":0,"enemies":"2 Louse","floor":4,"turns":1},{"damage":21,"enemies":"3 Sentries","floor":6,"turns":5},{"damage":16,"enemies":"Gremlin Nob","floor":8,"turns":3},{"damage":0,"enemies":"Small Slimes","floor":10,"turns":2},{"damage":6,"enemies":"3 Louse","floor":12,"turns":2},{"damage":9,"enemies":"2 Fungi Beasts","floor":13,"turns":2},{"damage":5,"enemies":"Red Slaver","floor":14,"turns":2},{"damage":54,"enemies":"Hexaghost","floor":16,"turns":9}],"seed_played":"6844430025574951340","potions_obtained":[{"floor":4,"key":"SteroidPotion"},{"floor":12,"key":"PotionOfCapacity"}],"is_trial":false,"path_per_floor":["M","?","?","M","$","E","R","E","T","M","R","M","M","M","R","B"],"character_chosen":"DEFECT","items_purchased":["Leap","Doom and Gloom"],"campfire_rested":2,"item_purchase_floors":[5,5],"current_hp_per_floor":[52,52,45,45,45,24,44,28,28,28,28,22,13,8,28,0,0],"gold":192,"neow_bonus":"ONE_RARE_RELIC","is_daily":false,"chose_seed":false,"campfire_upgraded":1,"win_rate":0.0,"timestamp":1610829592,"path_taken":["M","?","?","M","?","E","R","E","T","M","R","?","M","M","R","BOSS"],"items_purchased_type":["Card","Card"],"build_version":"2020-12-22","purchased_purges":0,"victory":false,"max_hp_per_floor":[75,69,69,69,69,69,69,69,69,69,69,69,69,69,69,69,69],"card_choices":[{"not_picked":["Compile Driver","Reinforced Body"],"picked":"Cold Snap","floor":1},{"not_picked":["Recycle","Steam"],"picked":"Cold Snap","floor":4},{"not_picked":["Doom and Gloom","Conserve Battery"],"picked":"Ball Lightning","floor":6},{"not_picked":["Ball Lightning","Compile Driver"],"picked":"Echo Form","floor":8},{"not_picked":["Heatsinks","Stack"],"picked":"Sweeping Beam","floor":10},{"not_picked":["Stack","Static Discharge"],"picked":"Compile Driver","floor":12},{"not_picked":["Streamline","Loop"],"picked":"Beam Cell","floor":13},{"not_picked":["Steam","Go for the Eyes"],"picked":"Rip and Tear","floor":14}],"player_experience":150237,"relics_obtained":[{"floor":6,"key":"Whetstone"},{"floor":8,"key":"Mummified Hand"},{"floor":9,"key":"Akabeko"}],"event_choices":[{"damage_healed":0,"gold_gain":0,"player_choice":"Lose Max HP","damage_taken":0,"relics_obtained":["Golden Idol"],"max_hp_gain":0,"max_hp_loss":6,"event_name":"Golden Idol","floor":2,"gold_loss":0},{"damage_healed":0,"gold_gain":0,"player_choice":"Success","damage_taken":7,"relics_obtained":["Pantograph"],"max_hp_gain":0,"max_hp_loss":0,"event_name":"Scrap Ooze","floor":3,"gold_loss":0}],"is_beta":false,"boss_relics":[],"items_purged_floors":[],"is_endless":false,"potions_floor_spawned":[4,12],"killed_by":"Hexaghost","ascension_level":4}}