{"host":"Jedit","time":1610822955,"event":{"mods":["BaseMod","Minty Spire (QoL Compilation)","Relic Stats","StSLib"],"gold_per_floor":[113,131,199,179,198,233,0,0,0,26,26,36,46,3,3,3,3],"floor_reached":16,"language":"ENG","playtime":571,"items_purged":["Strike_G"],"score":220,"play_id":"d72abf33-a08d-4d12-95bd-a291949613d8","local_time":"20210116184915","is_ascension_mode":true,"campfire_choices":[{"data":"Dagger Spray","floor":11,"key":"SMITH"},{"floor":15,"key":"REST"}],"circlet_count":0,"master_deck":["AscendersBane","Strike_G","Strike_G","Strike_G","Strike_G","Defend_G","Defend_G","Defend_G","Defend_G","Defend_G","Survivor","Neutralize","Predator","Dagger Spray+1","Acrobatics","Backflip","Trip","Escape Plan","Bouncing Flask","Wraith Form v2"],"relics":["Ring of the Snake","NeowsBlessing","White Beast Statue","Gremlin Horn","Ninja Scroll"],"acts_visited":["Exordium"],"potions_floor_usage":[10,10,16,16],"damage_taken":[{"damage":0.0,"enemies":"Jaw Worm","floor":1.0,"turns":1.0},{"damage":0.0,"enemies":"Small Slimes","floor":2.0,"turns":1.0},{"damage":0.0,"enemies":"Cultist","floor":5.0,"turns":1.0},{"damage":38.0,"enemies":"Gremlin Nob","floor":6.0,"turns":5.0},{"damage":9,"enemies":"Lagavulin","floor":10,"turns":9},{"damage":7,"enemies":"Large Slime","floor":12,"turns":6},{"damage":0,"enemies":"3 Louse","floor":13,"turns":2},{"damage":33,"enemies":"The Guardian","floor":16,"turns":10}],"seed_played":"5964927737203153420","potions_obtained":[{"floor":2.0,"key":"Block Potion"},{"floor":4.0,"key":"Fruit Juice"},{"floor":10,"key":"Dexterity Potion"},{"floor":12,"key":"EssenceOfSteel"},{"floor":13,"key":"Dexterity Potion"}],"is_trial":false,"path_per_floor":["M","M","?","?","M","E","$","?","T","E","R","M","M","?","R","B"],"character_chosen":"THE_SILENT","items_purchased":["Trip","BlessingOfTheForge"],"campfire_rested":1,"item_purchase_floors":[7,7],"current_hp_per_floor":[59,59,59,59,59,21,21,21,21,17,17,10,10,10,31,0,0],"gold":3,"neow_bonus":"THREE_ENEMY_KILL","is_daily":false,"chose_seed":false,"campfire_upgraded":1,"win_rate":0.0,"timestamp":1610822955,"path_taken":["M","M","?","?","?","E","$","?","T","E","R","M","M","?","R","BOSS"],"items_purchased_type":["Card","Potion"],"build_version":"2020-12-18","purchased_purges":1,"victory":false,"max_hp_per_floor":[66,66,66,66,66,66,66,66,66,71,71,71,71,71,71,71,71],"relic_stats":{"Gremlin Horn":[3,3],"counters":[8,35],"obtain_stats":[{"NeowsBlessing":0,"Gremlin Horn":9,"Ninja Scroll":10,"White Beast Statue":6,"Ring of the Snake":0},{"NeowsBlessing":0,"Gremlin Horn":4,"Ninja Scroll":5,"White Beast Statue":4,"Ring of the Snake":0},{"NeowsBlessing":0,"Gremlin Horn":8,"Ninja Scroll":17,"White Beast Statue":8,"Ring of the Snake":0}],"Ring of the Snake":[16]},"card_choices":[{"not_picked":["Quick Slash","Dagger Throw"],"picked":"Predator","floor":1.0},{"not_picked":["Acrobatics","Tactician"],"picked":"Dagger Spray","floor":2.0},{"not_picked":["Flying Knee","Poisoned Stab"],"picked":"Acrobatics","floor":5.0},{"not_picked":["Blade Dance","Glass Knife"],"picked":"Backflip","floor":6.0},{"not_picked":["Dagger Spray","Dagger Throw"],"picked":"Escape Plan","floor":10},{"not_picked":["Predator","Poisoned Stab"],"picked":"Bouncing Flask","floor":12},{"not_picked":["Outmaneuver","Acrobatics"],"picked":"Wraith Form v2","floor":13}],"player_experience":3451950,"relics_obtained":[{"floor":6.0,"key":"White Beast Statue"},{"floor":9.0,"key":"Gremlin Horn"},{"floor":10,"key":"Ninja Scroll"}],"event_choices":[{"damage_healed":0.0,"max_hp_gain":0.0,"max_hp_loss":0.0,"gold_gain":68.0,"event_name":"Golden Wing","player_choice":"Gained Gold","floor":3.0,"gold_loss":0.0,"damage_taken":0.0},{"damage_healed":0.0,"max_hp_gain":0.0,"max_hp_loss":0.0,"gold_gain":0.0,"event_name":"The Woman in Blue","player_choice":"Bought 1 Potion","floor":4.0,"gold_loss":0.0,"damage_taken":0.0},{"damage_healed":0.0,"max_hp_gain":0.0,"max_hp_loss":0.0,"gold_gain":0.0,"event_name":"Dead Adventurer","player_choice":"Searched \u00270\u0027 times","floor":8.0,"gold_loss":0.0,"damage_taken":0.0},{"damage_healed":0,"gold_gain":0,"player_choice":"Left Gold","damage_taken":0,"max_hp_gain":0,"max_hp_loss":0,"event_name":"World of Goop","floor":14,"gold_loss":43}],"is_beta":true,"boss_relics":[],"items_purged_floors":[7],"is_endless":false,"potions_floor_spawned":[2,10,12,13],"killed_by":"The Guardian","ascension_level":20}}