{"host":"j36qkj20jqndbw01","time":1610756548,"event":{"mods":["AchievementEnabler","BaseMod","Colored Map","DeckTracker","Highlight Path","Keyboard Shortcuts","Minty Spire (QoL Compilation)","Quick Restart","Relic Stats","StSLib","SuperFastMode","everything is the same but u backflip on backflip"],"gold_per_floor":[109,123,123,137,150,150,150],"floor_reached":6,"language":"KOR","playtime":173,"items_purged":[],"score":72,"play_id":"f53cbb5d-3752-4374-af26-4648e45496fe","local_time":"20210116092228","is_ascension_mode":true,"campfire_choices":[],"circlet_count":0,"master_deck":["AscendersBane","Strike_B","Strike_B","Strike_B","Strike_B","Defend_B","Defend_B","Defend_B","Defend_B","Zap+1","Dualcast","Defragment","Coolheaded","Fusion","Heatsinks"],"relics":["Cracked Core"],"acts_visited":["Exordium"],"potions_floor_usage":[],"damage_taken":[{"damage":2,"enemies":"Jaw Worm","floor":1,"turns":3},{"damage":0,"enemies":"Cultist","floor":2,"turns":3},{"damage":4,"enemies":"2 Louse","floor":4,"turns":3},{"damage":20,"enemies":"Exordium Wildlife","floor":5,"turns":4},{"damage":46,"enemies":"Gremlin Nob","floor":6,"turns":3}],"seed_played":"-6950911042014036351","potions_obtained":[{"floor":5,"key":"SteroidPotion"}],"is_trial":false,"path_per_floor":["M","M","?","M","M","E"],"character_chosen":"DEFECT","items_purchased":[],"campfire_rested":0,"item_purchase_floors":[],"current_hp_per_floor":[62,62,62,58,38,0,0],"gold":150,"neow_bonus":"UPGRADE_CARD","is_daily":false,"chose_seed":false,"campfire_upgraded":0,"win_rate":0.0,"timestamp":1610756548,"path_taken":["M","M","?","?","M","E"],"items_purchased_type":[],"build_version":"2020-12-22","purchased_purges":0,"victory":false,"max_hp_per_floor":[71,71,71,71,71,71,71],"relic_stats":{"counters":[5,16],"obtain_stats":[{"Cracked Core":0},{"Cracked Core":0},{"Cracked Core":0}]},"card_choices":[{"not_picked":["Beam Cell","Steam"],"picked":"Defragment","floor":1},{"not_picked":["Aggregate","Hologram"],"picked":"Coolheaded","floor":2},{"not_picked":["Beam Cell","Storm"],"picked":"Fusion","floor":4},{"not_picked":["Sweeping Beam","Conserve Battery"],"picked":"Heatsinks","floor":5}],"player_experience":1735740,"relics_obtained":[],"event_choices":[{"damage_healed":0,"gold_gain":0,"player_choice":"Ignored","damage_taken":0,"max_hp_gain":0,"max_hp_loss":0,"event_name":"WeMeetAgain","floor":3,"gold_loss":0}],"is_beta":false,"boss_relics":[],"items_purged_floors":[],"is_endless":false,"potions_floor_spawned":[5],"killed_by":"Gremlin Nob","ascension_level":18}}