{"host":"mai03x2ekbjy4059","time":1610765872,"event":{"mods":["2.2 Compatiblity","BaseMod","DeckTracker","Highlight Path","Keyboard Shortcuts","Minty Spire (QoL Compilation)","Permanent Neow","Quick Restart","SuperFastMode","everything is the same but u backflip on backflip"],"gold_per_floor":[115,45,57,75,94,121,91,122,122,122,132,132,163,178,178,275,275,286,286,211,225,236,236,268,286,286,286,319,177,206,305,305,409,409,429,237,237,255,273,301,312,338,338,338,388,388,421,433,433,433,433,433,53,78,78,78],"floor_reached":55,"language":"KOR","playtime":1668,"items_purged":["Strike_R","Strike_R","Strike_R","Defend_R"],"score":851,"play_id":"3ebaee0a-aa23-4ebb-9db0-83ab585ada42","local_time":"20210116115752","is_ascension_mode":true,"campfire_choices":[{"data":"Body Slam","floor":10.0,"key":"SMITH"},{"data":"Juggernaut","floor":12.0,"key":"SMITH"},{"data":"Body Slam","floor":15.0,"key":"SMITH"},{"data":"Shrug It Off","floor":23.0,"key":"SMITH"},{"data":"Juggernaut","floor":27.0,"key":"SMITH"},{"data":"Shrug It Off","floor":32.0,"key":"SMITH"},{"data":"Bash","floor":46.0,"key":"PURGE"},{"floor":49.0,"key":"RECALL"},{"data":"Defend_R","floor":52.0,"key":"PURGE"}],"circlet_count":0,"master_deck":["Defend_R","Defend_R","Juggernaut+1","Ghostly Armor","Body Slam+1","Shrug It Off+1","Body Slam+1","Juggernaut+1","Impervious","Juggernaut+1","Evolve+1","Shrug It Off+1","Master of Strategy","Seeing Red+1"],"relics":["Burning Blood","Bronze Scales","StoneCalendar","Ginger","White Beast Statue","Empty Cage","MealTicket","The Courier","Frozen Egg 2","Smiling Mask","Velvet Choker","Regal Pillow","Peace Pipe","Du-Vu Doll","Turnip","Letter Opener","Blood Vial","Bag of Marbles"],"acts_visited":["Exordium","TheCity","TheBeyond","TheEnding"],"potions_floor_usage":[55,55],"damage_taken":[{"damage":5.0,"enemies":"Cultist","floor":1.0,"turns":4.0},{"damage":0.0,"enemies":"2 Louse","floor":3.0,"turns":3.0},{"damage":10.0,"enemies":"Small Slimes","floor":4.0,"turns":4.0},{"damage":4.0,"enemies":"Blue Slaver","floor":5.0,"turns":6.0},{"damage":27.0,"enemies":"Lagavulin","floor":6.0,"turns":11.0},{"damage":5.0,"enemies":"Looter","floor":7.0,"turns":4.0},{"damage":5.0,"enemies":"3 Sentries","floor":8.0,"turns":8.0},{"damage":0.0,"enemies":"Exordium Wildlife","floor":11.0,"turns":5.0},{"damage":28.0,"enemies":"Gremlin Nob","floor":13.0,"turns":4.0},{"damage":2.0,"enemies":"Blue Slaver","floor":14.0,"turns":3.0},{"damage":15.0,"enemies":"Slime Boss","floor":16.0,"turns":7.0},{"damage":0.0,"enemies":"Shell Parasite","floor":18.0,"turns":3.0},{"damage":15.0,"enemies":"3 Byrds","floor":21.0,"turns":3.0},{"damage":0.0,"enemies":"Snake Plant","floor":22.0,"turns":3.0},{"damage":4.0,"enemies":"Slavers","floor":24.0,"turns":5.0},{"damage":12.0,"enemies":"Centurion and Healer","floor":25.0,"turns":7.0},{"damage":5.0,"enemies":"Book of Stabbing","floor":28.0,"turns":5.0},{"damage":1.0,"enemies":"Gremlin Leader","floor":30.0,"turns":5.0},{"damage":30.0,"enemies":"Automaton","floor":33.0,"turns":8.0},{"damage":5.0,"enemies":"3 Darklings","floor":35.0,"turns":4.0},{"damage":20.0,"enemies":"3 Shapes","floor":38.0,"turns":3.0},{"damage":3.0,"enemies":"Transient","floor":39.0,"turns":5.0},{"damage":13.0,"enemies":"Nemesis","floor":40.0,"turns":5.0},{"damage":24.0,"enemies":"4 Shapes","floor":41.0,"turns":5.0},{"damage":25.0,"enemies":"Reptomancer","floor":42.0,"turns":5.0},{"damage":0.0,"enemies":"Mind Bloom Boss Battle","floor":45.0,"turns":5.0},{"damage":0.0,"enemies":"Nemesis","floor":47.0,"turns":5.0},{"damage":7.0,"enemies":"3 Darklings","floor":48.0,"turns":4.0},{"damage":24.0,"enemies":"Time Eater","floor":50.0,"turns":8.0},{"damage":21.0,"enemies":"Shield and Spear","floor":54.0,"turns":6.0},{"damage":68,"enemies":"The Heart","floor":55,"turns":6}],"seed_played":"-6277783304969964009","potions_obtained":[{"floor":3.0,"key":"Swift Potion"},{"floor":5.0,"key":"Weak Potion"},{"floor":8.0,"key":"BlessingOfTheForge"},{"floor":13.0,"key":"BloodPotion"},{"floor":14.0,"key":"FearPotion"},{"floor":16.0,"key":"SkillPotion"},{"floor":24.0,"key":"SpeedPotion"},{"floor":25.0,"key":"AttackPotion"},{"floor":28.0,"key":"EssenceOfSteel"},{"floor":30.0,"key":"DuplicationPotion"},{"floor":33.0,"key":"LiquidMemories"},{"floor":39.0,"key":"Swift Potion"},{"floor":42.0,"key":"Swift Potion"},{"floor":48.0,"key":"PowerPotion"}],"is_trial":false,"path_per_floor":["M","$","M","M","M","E","M","E","T","R","M","R","E","M","R","B",null,"M","?","$","M","M","R","E","M","T","R","E","$","E","?","R","B",null,"M","$","?","M","M","E","M","E","T","?","?","R","E","M","R","B",null,"R","$","E","B"],"character_chosen":"IRONCLAD","items_purchased":["Ghostly Armor","Evolve+1","Master of Strategy","Letter Opener","Blood Vial"],"campfire_rested":0,"item_purchase_floors":[2,29,36,53,53],"current_hp_per_floor":[80,80,80,76,78,57,58,59,59,59,65,65,43,63,63,54,80,80,80,80,71,77,77,79,73,73,73,74,80,80,80,80,56,80,80,80,80,66,69,62,44,25,25,25,31,31,37,36,36,18,80,80,80,65,0,0],"gold":78,"neow_bonus":"ONE_RANDOM_RARE_CARD","is_daily":false,"chose_seed":false,"campfire_upgraded":6,"win_rate":0.0,"timestamp":1610765872,"path_taken":["M","?","M","?","M","E","M","E","T","R","M","R","E","M","R","BOSS","M","?","?","M","?","R","E","M","T","R","E","$","E","?","R","BOSS","M","$","?","M","M","E","M","E","T","?","?","R","E","?","R","BOSS","R","$","E","BOSS"],"items_purchased_type":["Card","Card","Card","Relic","Relic"],"build_version":"2020-12-22","purchased_purges":4,"victory":false,"max_hp_per_floor":[80,80,80,80,80,80,80,80,80,80,80,80,80,80,80,80,80,80,80,80,80,80,80,80,80,80,80,80,80,80,80,80,80,80,80,80,80,80,80,80,80,80,80,80,80,80,80,80,80,80,80,80,80,80,80,80],"card_choices":[{"not_picked":["Havoc","Perfected Strike","Inflame"],"picked":"SKIP","floor":1.0},{"not_picked":["Havoc","Shockwave"],"picked":"Ghostly Armor","floor":3.0},{"not_picked":["Pommel Strike","Fire Breathing","Armaments"],"picked":"SKIP","floor":4.0},{"not_picked":["Perfected Strike","Anger","Bloodletting"],"picked":"SKIP","floor":5.0},{"not_picked":["Dropkick","Wild Strike"],"picked":"Body Slam","floor":6.0},{"not_picked":["Dark Embrace","Offering"],"picked":"Shrug It Off","floor":7.0},{"not_picked":["Pommel Strike","Anger","Reckless Charge"],"picked":"SKIP","floor":8.0},{"not_picked":["Burning Pact","Anger","Dual Wield"],"picked":"SKIP","floor":11.0},{"not_picked":["Whirlwind","Wild Strike"],"picked":"Body Slam","floor":13.0},{"not_picked":["Iron Wave","Sword Boomerang"],"picked":"Juggernaut","floor":14.0},{"not_picked":["Feed","Limit Break"],"picked":"Impervious","floor":16.0},{"not_picked":["Dropkick","Intimidate","Clash+1"],"picked":"SKIP","floor":18.0},{"not_picked":["Disarm","Carnage","Heavy Blade"],"picked":"SKIP","floor":21.0},{"not_picked":["Wild Strike","Clash","Heavy Blade+1"],"picked":"SKIP","floor":22.0},{"not_picked":["Twin Strike+1","Searing Blow"],"picked":"Juggernaut","floor":24.0},{"not_picked":["Clothesline","Heavy Blade","Pommel Strike"],"picked":"SKIP","floor":25.0},{"not_picked":["Bloodletting","Reaper","Perfected Strike"],"picked":"SKIP","floor":28.0},{"not_picked":["Wild Strike","Perfected Strike+1"],"picked":"Shrug It Off","floor":30.0},{"not_picked":["Disarm+1","Flex+1","Body Slam"],"picked":"SKIP","floor":35.0},{"not_picked":["Anger","Heavy Blade+1","Pommel Strike"],"picked":"SKIP","floor":38.0},{"not_picked":["Intimidate","Combust+1"],"picked":"Seeing Red+1","floor":39.0},{"not_picked":["Entrench","Clash+1","Heavy Blade+1"],"picked":"SKIP","floor":40.0},{"not_picked":["Havoc","Flex+1","Clothesline+1"],"picked":"SKIP","floor":41.0},{"not_picked":["Blood for Blood","Warcry+1","Rage"],"picked":"SKIP","floor":42.0},{"not_picked":["Pommel Strike","Armaments","Clothesline"],"picked":"SKIP","floor":47.0},{"not_picked":["Anger+1","Warcry+1","Hemokinesis"],"picked":"SKIP","floor":48.0},{"not_picked":["Rampage","Clothesline","Sword Boomerang"],"picked":"SKIP","floor":54.0}],"player_experience":1043999,"relics_obtained":[{"floor":6.0,"key":"Bronze Scales"},{"floor":8.0,"key":"StoneCalendar"},{"floor":9.0,"key":"Ginger"},{"floor":13.0,"key":"White Beast Statue"},{"floor":24.0,"key":"MealTicket"},{"floor":26.0,"key":"The Courier"},{"floor":28.0,"key":"Frozen Egg 2"},{"floor":30.0,"key":"Smiling Mask"},{"floor":40.0,"key":"Regal Pillow"},{"floor":42.0,"key":"Peace Pipe"},{"floor":45.0,"key":"Du-Vu Doll"},{"floor":47.0,"key":"Turnip"},{"floor":54.0,"key":"Bag of Marbles"}],"event_choices":[{"damage_healed":0.0,"max_hp_gain":0.0,"max_hp_loss":0.0,"gold_gain":0.0,"event_name":"Upgrade Shrine","player_choice":"Upgraded","floor":19.0,"gold_loss":0.0,"damage_taken":0.0,"cards_upgraded":["Juggernaut"]},{"damage_healed":0.0,"max_hp_gain":0.0,"max_hp_loss":0.0,"gold_gain":99.0,"event_name":"Nest","player_choice":"Stole From Cult","floor":31.0,"gold_loss":0.0,"damage_taken":0.0},{"cards_removed":["Ghostly Armor"],"damage_healed":0.0,"max_hp_gain":0.0,"max_hp_loss":0.0,"gold_gain":0.0,"event_name":"Falling","player_choice":"Removed Skill","floor":37.0,"gold_loss":0.0,"damage_taken":0.0},{"damage_healed":0.0,"max_hp_gain":0.0,"max_hp_loss":0.0,"gold_gain":0.0,"event_name":"The Moai Head","player_choice":"Ignored","floor":44.0,"gold_loss":0.0,"damage_taken":0.0},{"damage_healed":0.0,"max_hp_gain":0.0,"max_hp_loss":0.0,"gold_gain":0.0,"event_name":"MindBloom","player_choice":"Fight","floor":45.0,"gold_loss":0.0,"damage_taken":0.0}],"is_beta":false,"boss_relics":[{"not_picked":["Sozu","Runic Dome"],"picked":"Empty Cage"},{"not_picked":["Astrolabe","Tiny House"],"picked":"Velvet Choker"}],"items_purged_floors":[20,29,36,53],"is_endless":false,"potions_floor_spawned":[3,5,8,13,14,16,18,21,22,24,25,28,30,33,35,38,39,40,41,42,45,47,48,54],"killed_by":"The Heart","ascension_level":1}}