{"host":"oehe2dxjvdgux73m","time":1610783511,"event":{"mods":["AchievementEnabler","BaseMod","Colored Map","Colored Powertips","DeckTracker","Keyboard Shortcuts","Minty Spire (QoL Compilation)","Permanent Neow","Quick Restart","StSLib","SuperFastMode"],"gold_per_floor":[113,127,145,158,171,171,191,220,244,244,258,268,248,268,268,268,268],"floor_reached":16,"language":"KOR","playtime":559,"items_purged":[],"score":191,"play_id":"8c839d1a-9838-4d03-925e-4919347f8bc3","local_time":"20210116165151","is_ascension_mode":true,"campfire_choices":[{"data":"Neutralize","floor":6,"key":"SMITH"},{"floor":10,"key":"REST"},{"floor":15,"key":"REST"}],"circlet_count":0,"master_deck":["AscendersBane","Strike_G","Strike_G","Strike_G","Strike_G","Strike_G","Defend_G","Defend_G","Defend_G","Defend_G","Defend_G","Survivor","Neutralize+1","Dash","Backflip","Blade Dance","Blade Dance","Cloak And Dagger","Escape Plan","Backstab","Corpse Explosion"],"relics":["Ring of the Snake","Odd Mushroom","Omamori","Nunchaku"],"acts_visited":["Exordium"],"potions_floor_usage":[7,8,16,16],"damage_taken":[{"damage":2.0,"enemies":"Jaw Worm","floor":1.0,"turns":4.0},{"damage":0.0,"enemies":"2 Louse","floor":2.0,"turns":2.0},{"damage":2.0,"enemies":"Cultist","floor":3.0,"turns":4.0},{"damage":16.0,"enemies":"Exordium Thugs","floor":4.0,"turns":5.0},{"damage":1,"enemies":"Looter","floor":5,"turns":3},{"damage":2,"enemies":"The Mushroom Lair","floor":7,"turns":5},{"damage":32,"enemies":"Lagavulin","floor":8,"turns":8},{"damage":1,"enemies":"Blue Slaver","floor":11,"turns":3},{"damage":3,"enemies":"Exordium Wildlife","floor":12,"turns":4},{"damage":1,"enemies":"Exordium Thugs","floor":14,"turns":4},{"damage":45,"enemies":"Hexaghost","floor":16,"turns":14}],"seed_played":"-5905912194644835481","potions_obtained":[{"floor":1.0,"key":"PowerPotion"},{"floor":3.0,"key":"SkillPotion"},{"floor":4.0,"key":"Weak Potion"},{"floor":12,"key":"GamblersBrew"},{"floor":13,"key":"SneckoOil"},{"floor":14,"key":"CunningPotion"}],"is_trial":false,"path_per_floor":["M","M","M","M","M","R","?","E","T","R","M","M","?","M","R","B"],"character_chosen":"THE_SILENT","items_purchased":[],"campfire_rested":2,"item_purchase_floors":[],"current_hp_per_floor":[57,57,55,39,38,38,36,4,4,23,22,19,19,18,37,0,0],"gold":268,"neow_bonus":"THREE_CARDS","is_daily":false,"chose_seed":false,"campfire_upgraded":1,"win_rate":0.0,"timestamp":1610783511,"path_taken":["M","M","M","M","M","R","?","E","T","R","M","M","?","?","R","BOSS"],"items_purchased_type":[],"build_version":"2020-12-22","purchased_purges":0,"victory":false,"max_hp_per_floor":[66,66,66,66,66,66,66,66,66,66,66,66,66,66,66,66,66],"card_choices":[{"not_picked":["PiercingWail","Bane"],"picked":"Dash","floor":0.0},{"not_picked":["Quick Slash","Outmaneuver"],"picked":"Backflip","floor":1.0},{"not_picked":["Dash","Quick Slash","Cloak And Dagger"],"picked":"SKIP","floor":2.0},{"not_picked":["Footwork","Leg Sweep"],"picked":"Blade Dance","floor":3.0},{"not_picked":["Sucker Punch","Skewer","Deflect"],"picked":"SKIP","floor":4.0},{"not_picked":["Acrobatics","Outmaneuver"],"picked":"Blade Dance","floor":5},{"not_picked":["Bane","Masterful Stab"],"picked":"Cloak And Dagger","floor":8},{"not_picked":["Prepared","Heel Hook"],"picked":"Escape Plan","floor":11},{"not_picked":["Deflect","Flying Knee"],"picked":"Backstab","floor":12},{"not_picked":["Escape Plan","Dagger Throw"],"picked":"Corpse Explosion","floor":14}],"player_experience":219222,"relics_obtained":[{"floor":7,"key":"Odd Mushroom"},{"floor":8,"key":"Omamori"},{"floor":9,"key":"Nunchaku"}],"event_choices":[{"damage_healed":0,"gold_gain":0,"player_choice":"Fought Mushrooms","damage_taken":0,"max_hp_gain":0,"max_hp_loss":0,"event_name":"Mushrooms","floor":7,"gold_loss":0},{"damage_healed":0,"gold_gain":0,"player_choice":"Bought 1 Potion","damage_taken":0,"max_hp_gain":0,"max_hp_loss":0,"event_name":"The Woman in Blue","floor":13,"gold_loss":0}],"is_beta":false,"boss_relics":[],"items_purged_floors":[],"is_endless":false,"potions_floor_spawned":[1,3,4,12,14],"killed_by":"Hexaghost","ascension_level":16}}