{"host":"9n6i2vl93jt4o42q","time":1610820177,"event":{"mods":["BaseMod","Downfall","Minty Spire (QoL Compilation)","Relic Stats","StSLib"],"gold_per_floor":[99,111,111,131,141,11,38,38,63,74,74,84,69,82,96,197,197,97,114,99,127,127,12,60,60,77,112,125,145,159,172,192,297,297,97,107,157,169,183,37,37,37,137,156,106,124,135,135,155,155,155,155,155,155],"floor_reached":52,"language":"ENG","playtime":8965,"items_purged":["champ:Strike","Pain","champ:Strike","Pain"],"score":732,"play_id":"941eccd0-5ed5-4a71-a271-9f577b812435","local_time":"20210116190257","is_ascension_mode":false,"campfire_choices":[{"data":"champ:Execute","floor":1.0,"key":"SMITH"},{"data":"champ:Taunt","floor":8.0,"key":"SMITH"},{"floor":18.0,"key":"RECALL"},{"floor":25,"key":"REST"},{"data":"champ:ShieldWall","floor":35,"key":"SMITH"},{"data":"champ:Defend","floor":42,"key":"PURGE"}],"circlet_count":0,"master_deck":["champ:Defend","champ:Defend","champ:Execute+1","champ:Taunt+1","champ:DefensiveShout","champ:ArenaPreparation","champ:RapidStrikes","champ:BringItOn","champ:FlashCut","champ:ShieldWall+1","champ:StanceDance+1","champ:PreciseThrust","champ:SkillfulDodge+1","champ:BerserkersShout+1","champ:GutPunch","champ:Haymaker","champ:UltimateStance+1","champ:FlashCut+1","champ:BringItOn+1","champ:HoldFirm+1","champ:PreciseThrust+1","champ:SetATrap+1","champ:ShieldSlam+1","champ:TornadoPunch","champ:TripleStrike","champ:PreemptiveStrike+1","champ:ShieldThrow","champ:ArenaPreparation+1","champ:FalseCounter+1","champ:RisingSlash+1","champ:Taunt+1","champ:EnGarde+1","champ:ShieldSlam+1","champ:GladiatorForm","Panacea+1","champ:DefensiveShout+1","Parasite","champ:StanceDance+1"],"relics":["champ:ChampionCrown","Toxic Egg 2","Velvet Choker","downfall:HeartBlessingGreen","Red Mask","WarpedTongs","Smiling Mask","Sundial","Empty Cage","downfall:HeartBlessingBlue","downfall:HeartBlessingRed","Peace Pipe","Bag of Preparation","Mango","Gremlin Horn","downfall:GremlinSack"],"acts_visited":["Exordium","TheCity","TheBeyond","TheEnding"],"potions_floor_usage":[50,50],"damage_taken":[{"damage":3.0,"enemies":"Jaw Worm","floor":2.0,"turns":4.0},{"damage":25.0,"enemies":"2 Louse","floor":4.0,"turns":3.0},{"damage":0.0,"enemies":"Cultist","floor":5.0,"turns":3.0},{"damage":20.0,"enemies":"downfall:FleeingMerchant","floor":6.0,"turns":4.0},{"damage":18.0,"enemies":"3 Sentries","floor":9.0,"turns":8.0},{"damage":10.0,"enemies":"2 Fungi Beasts","floor":10.0,"turns":2.0},{"damage":18.0,"enemies":"Lots of Slimes","floor":12.0,"turns":3.0},{"damage":15.0,"enemies":"downfall:FleeingMerchant","floor":13.0,"turns":4.0},{"damage":10.0,"enemies":"3 Louse","floor":14.0,"turns":2.0},{"damage":11.0,"enemies":"Large Slime","floor":15.0,"turns":5.0},{"damage":51.0,"enemies":"IC_STATUS_ARCHETYPE","floor":16.0,"turns":8.0},{"damage":10.0,"enemies":"Spheric Guardian","floor":19.0,"turns":3.0},{"damage":39.0,"enemies":"downfall:FleeingMerchant","floor":20.0,"turns":4.0},{"damage":78,"enemies":"Masked Bandits","floor":21,"turns":5},{"damage":23,"enemies":"downfall:FleeingMerchant","floor":23,"turns":4},{"damage":25,"enemies":"Chosen","floor":26,"turns":4},{"damage":28,"enemies":"Book of Stabbing","floor":27,"turns":5},{"damage":10,"enemies":"Snecko","floor":28,"turns":5},{"damage":30,"enemies":"Chosen and Byrds","floor":29,"turns":5},{"damage":30,"enemies":"Centurion and Healer","floor":30,"turns":4},{"damage":0,"enemies":"Cultist and Chosen","floor":31,"turns":5},{"damage":20,"enemies":"Shelled Parasite and Fungi","floor":32,"turns":3},{"damage":43,"enemies":"SI_MIRROR_ARCHETYPE","floor":33,"turns":10},{"damage":10,"enemies":"3 Darklings","floor":36,"turns":4},{"damage":18,"enemies":"3 Darklings","floor":37,"turns":4},{"damage":0,"enemies":"Orb Walker","floor":38,"turns":2},{"damage":23,"enemies":"Spire Growth","floor":39,"turns":4},{"damage":5,"enemies":"downfall:FleeingMerchant","floor":40,"turns":4},{"damage":0,"enemies":"downfall:FleeingMerchant","floor":43,"turns":3},{"damage":63,"enemies":"Maw","floor":44,"turns":7},{"damage":32,"enemies":"Writhing Mass","floor":46,"turns":4},{"damage":0,"enemies":"3 Darklings","floor":47,"turns":4},{"damage":26,"enemies":"Maw","floor":49,"turns":7},{"damage":119,"enemies":"DF_ARCHETYPE_ORBS","floor":50,"turns":11},{"damage":177,"enemies":"downfall:CharBossMerchant","floor":52,"turns":7}],"seed_played":"-8688281485880398921","potions_obtained":[{"floor":2.0,"key":"champ:OpenerPotion"},{"floor":9.0,"key":"champ:TechniquePotion"},{"floor":10.0,"key":"Fire Potion"},{"floor":30,"key":"LiquidMemories"}],"is_trial":false,"path_per_floor":["R","M","?","M","M","$","T","R","E","M","?","M","$","M","M","B",null,"R","M","$","?","?","$","T","R","M","E","M","M","M","M","M","B",null,"R","M","?","M","M","$","T","R","?","M","$","M","M","?","M","B",null,"E"],"character_chosen":"THE_CHAMP","items_purchased":["champ:ShieldWall","Bag of Preparation","Mango"],"campfire_rested":1,"item_purchase_floors":[6,40,40],"current_hp_per_floor":[90,87,92,92,92,92,92,92,84,84,84,76,76,76,75,64,95,95,95,86,38,38,35,35,63,63,55,55,55,55,55,55,47,95,105,105,102,102,99,113,113,113,113,105,105,98,98,98,92,48,119,0,0,0],"gold":155,"neow_bonus":"TRANSFORM_CARD","is_daily":false,"chose_seed":false,"campfire_upgraded":3,"win_rate":0.0,"timestamp":1610820177,"path_taken":["R","M","?","M","M","$","T","R","E","M","?","M","$","M","M","BOSS","R","M","$","?","?","$","T","R","M","E","M","M","M","?","M","BOSS","R","M","?","M","M","$","T","R","?","M","$","?","M","?","M","BOSS","E"],"items_purchased_type":["Card","Relic","Relic"],"build_version":"2020-12-22","purchased_purges":4,"victory":false,"max_hp_per_floor":[90,90,95,95,95,95,95,95,95,95,95,95,95,95,95,95,95,95,95,95,95,95,95,95,95,95,95,95,95,95,95,95,95,95,105,105,105,105,105,119,119,119,119,119,119,119,119,119,119,119,119,119,119,119],"relic_stats":{"Peace Pipe":1,"Gremlin Horn":[3,3],"counters":[35,164],"Sundial":[2],"Bag of Preparation":[14],"Smiling Mask":175,"obtain_stats":[{"downfall:HeartBlessingRed":35,"Gremlin Horn":41,"Velvet Choker":17,"champ:ChampionCrown":0,"downfall:HeartBlessingGreen":18,"Mango":40,"Bag of Preparation":40,"Smiling Mask":24,"Empty Cage":34,"WarpedTongs":22,"Peace Pipe":37,"downfall:GremlinSack":43,"Sundial":27,"downfall:HeartBlessingBlue":35,"Red Mask":21,"Toxic Egg 2":9},{"downfall:HeartBlessingRed":23,"Gremlin Horn":28,"Velvet Choker":11,"champ:ChampionCrown":0,"downfall:HeartBlessingGreen":11,"Mango":28,"Bag of Preparation":28,"Smiling Mask":15,"Empty Cage":23,"WarpedTongs":14,"Peace Pipe":25,"downfall:GremlinSack":29,"Sundial":17,"downfall:HeartBlessingBlue":23,"Red Mask":14,"Toxic Egg 2":5},{"downfall:HeartBlessingRed":103,"Gremlin Horn":121,"Velvet Choker":46,"champ:ChampionCrown":0,"downfall:HeartBlessingGreen":46,"Mango":121,"Bag of Preparation":121,"Smiling Mask":62,"Empty Cage":103,"WarpedTongs":58,"Peace Pipe":111,"downfall:GremlinSack":124,"Sundial":71,"downfall:HeartBlessingBlue":103,"Red Mask":58,"Toxic Egg 2":22}],"WarpedTongs":[103]},"card_choices":[{"not_picked":["champ:CrownThrow","champ:EnGarde"],"picked":"champ:ArenaPreparation","floor":2.0},{"not_picked":["champ:Encircle","champ:AdrenalArmor"],"picked":"champ:RapidStrikes","floor":4.0},{"not_picked":["champ:EnGarde","champ:BladeFlurry"],"picked":"champ:BringItOn","floor":5.0},{"not_picked":["champ:Backstep","champ:BerserkersShout"],"picked":"champ:FlashCut","floor":6.0},{"not_picked":["champ:AdrenalArmor+1","champ:FancyFootwork+1"],"picked":"champ:StanceDance+1","floor":9.0},{"not_picked":["champ:GladiatorStyle","champ:GutPunch"],"picked":"champ:PreciseThrust","floor":10.0},{"not_picked":["champ:MurderStrike","champ:CrookedStrike"],"picked":"champ:SkillfulDodge+1","floor":12.0},{"not_picked":["champ:EndlessRage","champ:HeartStrike"],"picked":"champ:BerserkersShout+1","floor":13.0},{"not_picked":["champ:Encircle","champ:DefensiveShout+1"],"picked":"champ:GutPunch","floor":14.0},{"not_picked":["champ:Endure+1","champ:FanOfKnives"],"picked":"champ:Haymaker","floor":15.0},{"not_picked":["champ:Improvising","champ:LastStand"],"picked":"champ:UltimateStance+1","floor":16.0},{"not_picked":["champ:GladiatorStyle+1","champ:FocusedBerserking+1"],"picked":"champ:FlashCut+1","floor":19.0},{"not_picked":["champ:SteelEdge","champ:IgnorePain+1","champ:PreciseThrust"],"picked":"SKIP","floor":20},{"not_picked":["champ:PreciseThrust+1","champ:FocusedDefense+1"],"picked":"champ:BringItOn+1","floor":21},{"not_picked":["champ:AdrenalArmor+1","champ:RecklessLeap"],"picked":"champ:HoldFirm+1","floor":23},{"not_picked":["champ:BringItOn+1","champ:DefensiveShout+1"],"picked":"champ:PreciseThrust+1","floor":26},{"not_picked":["champ:Backstep+1","champ:Devastate"],"picked":"champ:SetATrap+1","floor":27},{"not_picked":["champ:Backstep+1","champ:FlashCut","champ:CrookedStrike"],"picked":"SKIP","floor":28},{"not_picked":["champ:StanceDance+1","champ:FanOfKnives"],"picked":"champ:ShieldSlam+1","floor":29},{"not_picked":["champ:BerserkersShout+1","champ:GutPunch"],"picked":"champ:TornadoPunch","floor":30},{"not_picked":["champ:StanceDance+1","champ:PerfectedStrike"],"picked":"champ:TripleStrike","floor":31},{"not_picked":["champ:Backstep+1","champ:Haymaker+1"],"picked":"champ:PreemptiveStrike+1","floor":32},{"not_picked":["champ:HeavySlash","champ:DancingMaster"],"picked":"champ:ShieldThrow","floor":33},{"not_picked":["champ:TornadoPunch+1","champ:AdrenalArmor+1"],"picked":"champ:ArenaPreparation+1","floor":36},{"not_picked":["champ:FanOfKnives+1","champ:PreciseThrust+1"],"picked":"champ:IronFortress","floor":37},{"not_picked":["champ:SkillfulDodge+1","champ:Shatter+1"],"picked":"champ:FalseCounter+1","floor":38},{"not_picked":["champ:Devastate","champ:PerfectedStrike","champ:TornadoPunch+1"],"picked":"SKIP","floor":39},{"not_picked":["champ:BringItOn+1","champ:GutPunch+1"],"picked":"champ:RisingSlash+1","floor":40},{"not_picked":["champ:SetATrap+1","champ:FlashCut"],"picked":"champ:DefensiveShout+1","floor":44},{"not_picked":["champ:SteelEdge","champ:FlashCut"],"picked":"champ:StanceDance+1","floor":46},{"not_picked":["champ:PerfectedStrike","champ:CrownThrow+1","champ:FalseCounter+1"],"picked":"SKIP","floor":47},{"not_picked":["champ:PreemptiveStrike+1","champ:FanOfKnives","champ:FocusedBerserking+1"],"picked":"SKIP","floor":49}],"player_experience":2383177,"relics_obtained":[{"floor":9.0,"key":"Toxic Egg 2"},{"floor":21,"key":"Red Mask"},{"floor":24,"key":"Smiling Mask"},{"floor":27,"key":"Sundial"},{"floor":37,"key":"Peace Pipe"},{"floor":41,"key":"Gremlin Horn"},{"floor":43,"key":"downfall:GremlinSack"}],"event_choices":[{"damage_healed":0.0,"max_hp_gain":5.0,"max_hp_loss":0.0,"gold_gain":0.0,"event_name":"Big Fish","player_choice":"Donut","floor":3.0,"gold_loss":0.0,"damage_taken":0.0},{"damage_healed":0,"gold_gain":0,"player_choice":"Fought Bandits","damage_taken":0,"max_hp_gain":0,"max_hp_loss":0,"event_name":"Masked Bandits","floor":21,"gold_loss":0},{"damage_healed":0,"gold_gain":0,"player_choice":"Rummage","damage_taken":0,"relics_obtained":["WarpedTongs"],"max_hp_gain":0,"max_hp_loss":0,"event_name":"Accursed Blacksmith","floor":22,"gold_loss":0,"cards_obtained":["Pain"]},{"cards_removed":["champ:IronFortress"],"damage_healed":0,"gold_gain":0,"player_choice":"Removed Power","damage_taken":0,"max_hp_gain":0,"max_hp_loss":0,"event_name":"Falling","floor":48,"gold_loss":0}],"is_beta":false,"boss_relics":[{"not_picked":["SlaversCollar","Coffee Dripper"],"picked":"Velvet Choker"},{"not_picked":["Busted Crown","Philosopher\u0027s Stone"],"picked":"Empty Cage"}],"items_purged_floors":[6,23,40,45],"is_endless":false,"potions_floor_spawned":[2,9,10,14,15,21,27,28,30,31,33,36,39,47],"killed_by":"downfall:CharBossMerchant","ascension_level":0}}