{"host":"8d3fefv2347kqkpz","time":1610819634,"event":{"mods":["100% Spire Juice","BaseMod","Better Vampires","Colored Map","Minty Spire (QoL Compilation)","Quick Restart","Replay The Spire","StSLib","The Gatherer","Waifu the Spire"],"gold_per_floor":[213,64,79,91,15,47,64,97,97,97,172,172,184,194,194,194,194],"floor_reached":16,"language":"ZHS","playtime":953,"items_purged":["Strike_R"],"score":112,"play_id":"f62aaeed-9ff7-4459-94e0-8ace0b4642dd","local_time":"20210117015354","is_ascension_mode":false,"campfire_choices":[{"floor":12,"key":"REST"},{"floor":15,"key":"REST"}],"circlet_count":0,"master_deck":["Strike_R","Strike_R","Strike_R","Defend_R","Defend_R","Defend_R","Defend_R","Bash","Pummel","Warcry","Cleave","Flex","Metallicize","Rupture","Sword Boomerang","Flex"],"relics":["Burning Blood","ReplayTheSpireMod:Ninjato","Regal Pillow","Potion Belt"],"acts_visited":["Exordium"],"potions_floor_usage":[6,16,16],"damage_taken":[{"damage":11,"enemies":"Small Slimes","floor":1,"turns":5},{"damage":3,"enemies":"Jaw Worm","floor":3,"turns":3},{"damage":0,"enemies":"2 Louse","floor":4,"turns":2},{"damage":18,"enemies":"Gremlin Nob","floor":6,"turns":4},{"damage":26,"enemies":"Exordium Wildlife","floor":7,"turns":7},{"damage":26,"enemies":"3 Sentries","floor":8,"turns":9},{"damage":23,"enemies":"Large Slime","floor":13,"turns":7},{"damage":0,"enemies":"Blue Slaver","floor":14,"turns":5},{"damage":81,"enemies":"Hexaghost","floor":16,"turns":13}],"seed_played":"-6590531695267383755","potions_obtained":[{"floor":1,"key":"Fire Potion"},{"floor":8,"key":"FearPotion"},{"floor":13,"key":"Explosive Potion"}],"is_trial":false,"path_per_floor":["M","$","M","M","$","E","M","E","T","?","?","R","M","M","R","B"],"character_chosen":"IRONCLAD","items_purchased":["Warcry","Cleave","Metallicize"],"campfire_rested":2,"item_purchase_floors":[2,2,5],"current_hp_per_floor":[75,75,78,80,80,68,48,28,28,28,17,56,39,45,80,0,0],"gold":194,"neow_bonus":"HUNDRED_GOLD","is_daily":false,"chose_seed":false,"campfire_upgraded":0,"win_rate":0.0,"timestamp":1610819634,"path_taken":["M","$","M","M","$","E","M","E","T","?","?","R","M","M","R","BOSS"],"items_purchased_type":["Card","Card","Card"],"build_version":"2020-12-22","purchased_purges":1,"victory":false,"max_hp_per_floor":[80,80,80,80,80,80,80,80,80,80,80,80,80,80,80,80,80],"card_choices":[{"not_picked":["Sever Soul","Wild Strike"],"picked":"Pummel","floor":1},{"not_picked":["Anger","Twin Strike"],"picked":"Flex","floor":3},{"not_picked":["Eclipse","Anger","Thunderclap"],"picked":"SKIP","floor":4},{"not_picked":["Power Through","Carnage"],"picked":"Rupture","floor":6},{"not_picked":["Anger","ReplayReversal"],"picked":"Sword Boomerang","floor":7},{"not_picked":["Run Through","Twin Strike","Sword Boomerang"],"picked":"SKIP","floor":8},{"not_picked":["Perfected Strike","Iron Wave","Dark Embrace"],"picked":"SKIP","floor":13},{"not_picked":["Replay:Undeath\u0027s Touch","Power Through"],"picked":"Flex","floor":14}],"player_experience":61119,"relics_obtained":[{"floor":6,"key":"ReplayTheSpireMod:Ninjato"},{"floor":8,"key":"Regal Pillow"},{"floor":9,"key":"Potion Belt"}],"event_choices":[{"cards_removed":["Strike_R"],"damage_healed":0,"gold_gain":0,"player_choice":"Forget","damage_taken":0,"max_hp_gain":0,"max_hp_loss":0,"event_name":"Living Wall","floor":10,"gold_loss":0},{"damage_healed":0,"gold_gain":75,"player_choice":"Gather Gold","damage_taken":11,"max_hp_gain":0,"max_hp_loss":0,"event_name":"World of Goop","floor":11,"gold_loss":0}],"is_beta":false,"boss_relics":[],"items_purged_floors":[2],"is_endless":false,"potions_floor_spawned":[1,8,13],"killed_by":"Hexaghost","ascension_level":0}}