{"host":"r9uivonio18rfam2","time":1610821741,"event":{"mods":["2.2 Compatiblity","AchievementEnabler","Act Like it!","Aspiration","BaseMod","Better Altar","Better Match","Better Note","Better Sensory Stone","Better Skull","Better Third Choice","BetterRewards","Colored Map","Colored Powertips","Conspire","Energized Spire","Infinite Spire","Minty Spire (QoL Compilation)","Permanent Neow","Quick Restart","Replay The Spire","Shop Mod","Spikes Relics","StSLib","The Blue Laboratory","The Jungle","Wandering Minibosses","vexMod"],"gold_per_floor":[117,152,172,183,199,199,231,231,231,231,297,315,355,376,376,521,521,606,650,215,266,290,290,336,336,388,449,500,587,587,587,587,587,587,633,633],"floor_reached":35,"language":"ENG","playtime":1773,"items_purged":["Strike_R","Strike_R"],"score":497,"play_id":"4b424117-4e28-4e07-8f04-ce7db7587eb5","local_time":"20210116132901","is_ascension_mode":true,"campfire_choices":[{"data":"Riddle With Holes","floor":23.0,"key":"SMITH"},{"data":"Wish","floor":34.0,"key":"SMITH"}],"circlet_count":0,"master_deck":["Strike_R","Strike_R","Defend_R","Defend_R","Defend_R","Defend_R","Bash+1","Clothesline+1","Bloodletting","Cold Snap","Phantasmal Killer+1","All Out Attack+1","Sweeping Beam","Injury","Wish+1","Crippling Poison+1","PiercingWail+1","Reaper","Dropkick","Riddle With Holes+1","Genetic Algorithm+1","infinitespire:TheBestDefense","Burning Pact","Unload"],"relics":["Burning Blood","aspiration:Nostalgia","Sizzling Blood","Happy Flower","PrismaticShard","vexMod:ConsolationPrize","vexMod:ScavengeHelm","CaptainsWheel","Whetstone","Golden Idol","aspiration:WatcherSkillbook","Blood Vial","PreservedInsect","Replay:Multitool","aspiration:ChemicalBlood","Replay:Rubber Ducky","Replay:Bandana","ChewingGum","Sundial","aspiration:RitualStick"],"acts_visited":["Exordium","TheCity"],"potions_floor_usage":[35,35],"damage_taken":[{"damage":9.0,"enemies":"2 Louse","floor":1.0,"turns":4.0},{"damage":26.0,"enemies":"conspire:MimicChest","floor":2.0,"turns":6.0},{"damage":13.0,"enemies":"Jaw Worm","floor":3.0,"turns":4.0},{"damage":3.0,"enemies":"Cultist","floor":4.0,"turns":2.0},{"damage":3.0,"enemies":"Large Slime","floor":5.0,"turns":4.0},{"damage":24.0,"enemies":"Gremlin Nob","floor":7.0,"turns":5.0},{"damage":39.0,"enemies":"3 Sentries","floor":11.0,"turns":11.0},{"damage":6.0,"enemies":"Exordium Thugs","floor":12.0,"turns":3.0},{"damage":5.0,"enemies":"Gremlin Nob","floor":13.0,"turns":4.0},{"damage":6.0,"enemies":"Looter","floor":14.0,"turns":2.0},{"damage":15.0,"enemies":"Hexaghost","floor":16.0,"turns":8.0},{"damage":42.0,"enemies":"conspire:FuzzyDice","floor":18.0,"turns":6.0},{"damage":19.0,"enemies":"3 Byrds","floor":19.0,"turns":5.0},{"damage":25.0,"enemies":"Snecko","floor":21.0,"turns":7.0},{"damage":10.0,"enemies":"conspire:HollyBat","floor":22.0,"turns":8.0},{"damage":13.0,"enemies":"conspire:SneckoGhost","floor":24.0,"turns":6.0},{"damage":20.0,"enemies":"Slavers","floor":27.0,"turns":8.0},{"damage":14.0,"enemies":"3 Cultists","floor":28.0,"turns":5.0},{"damage":54.0,"enemies":"Gremlin Leader","floor":29.0,"turns":10.0},{"damage":39,"enemies":"conspire:MysteriousRune","floor":35,"turns":6}],"seed_played":"3836537515515772204","potions_obtained":[{"floor":4.0,"key":"blueLaboratory:Moonshine"},{"floor":7.0,"key":"blueLaboratory:BottledHope"},{"floor":11.0,"key":"LifebloodPotion"},{"floor":12.0,"key":"blueLaboratory:HorrorPotion"},{"floor":13.0,"key":"SteroidPotion"},{"floor":19.0,"key":"blueLaboratory:PyrophylliteBrew"},{"floor":28.0,"key":"SkillPotion"},{"floor":29.0,"key":"Adrenaline Potion"}],"is_trial":false,"path_per_floor":["M","?","M","M","M","?","E","?","T","?","E","M","E","M","R_BF","B",null,"M","M","$","M","M","R","E","R","T","E","M","E","PTL","PTL","AVR","?","R","B"],"character_chosen":"IRONCLAD","items_purchased":["PreservedInsect","Reaper","blueLaboratory:HorrorPotion"],"campfire_rested":0,"item_purchase_floors":[20,20,20],"current_hp_per_floor":[77,61,58,65,72,72,58,51,51,51,22,26,31,35,35,30,71,39,32,32,29,31,31,31,9,9,13,67,54,54,54,54,37,37,0,0],"gold":633,"neow_bonus":"NOSTALGIA","is_daily":false,"chose_seed":false,"campfire_upgraded":2,"win_rate":0.0,"timestamp":1610821741,"path_taken":["M","?","M","?","M","?","E","?","T","?","E","M","E","?","R_BF","BOSS","M","M","$","?","M","R","E","R","T","E","M","E","PTL","PTL","AVR","?","R","BOSS"],"items_purchased_type":["Relic","Card","Potion"],"build_version":"2020-12-22","purchased_purges":2,"victory":false,"max_hp_per_floor":[84,84,84,84,84,84,84,84,84,84,84,84,84,84,84,84,84,84,84,84,84,84,84,84,84,84,84,84,84,84,84,84,84,84,84,84],"card_choices":[{"not_picked":["Rampage","Iron Wave"],"picked":"Clothesline","floor":1.0},{"not_picked":["Carnage","Shrug It Off"],"picked":"Bloodletting","floor":2.0},{"not_picked":["True Grit","Anger","Havoc"],"picked":"SKIP","floor":3.0},{"not_picked":["True Grit","Streamline"],"picked":"Cold Snap","floor":4.0},{"not_picked":["Go for the Eyes","Replay:Bootleg Shield Generator"],"picked":"Phantasmal Killer","floor":5.0},{"not_picked":["Bane","FlurryOfBlows","Replay:Vibes"],"picked":"SKIP","floor":7.0},{"not_picked":["ThirdEye","Absolvement"],"picked":"All Out Attack","floor":11.0},{"not_picked":["Deflect","Hidden Blade","ReachHeaven"],"picked":"SKIP","floor":12.0},{"not_picked":["Infinite Blades","Bane","Consecrate"],"picked":"SKIP","floor":13.0},{"not_picked":["SashWhip","Outmaneuver"],"picked":"Sweeping Beam","floor":14.0},{"not_picked":["Multi-Cast","Meteor Strike"],"picked":"Wish","floor":16.0},{"not_picked":["Iron Wave","Barrage","Feel No Pain"],"picked":"Crippling Poison+1","floor":18.0},{"not_picked":["Slice","Backflip","Halt+1"],"picked":"PiercingWail+1","floor":19.0},{"not_picked":["Hidden Blade","Feel No Pain","Halt"],"picked":"Dropkick","floor":21.0},{"not_picked":["PathToVictory","Go for the Eyes+1","Dagger Throw"],"picked":"Riddle With Holes","floor":22.0},{"not_picked":["BasicCrystalCard","Outmaneuver+1","EmptyFist"],"picked":"Genetic Algorithm+1","floor":24.0},{"not_picked":["infinitespire:FinalStrike","infinitespire:SealOfDarkness+"],"picked":"infinitespire:TheBestDefense","floor":25.0},{"not_picked":["Replay:Cycle+1","Survey Options","BasicCrystalCard+1","Warcry"],"picked":"SKIP","floor":27.0},{"not_picked":["Dodge and Roll","CutThroughFate","Flying Knee"],"picked":"Burning Pact","floor":28.0},{"not_picked":["Iron Wave","True Grit","Auto Shields"],"picked":"Unload","floor":29.0}],"player_experience":360806,"relics_obtained":[{"floor":2.0,"key":"Happy Flower"},{"floor":7.0,"key":"vexMod:ConsolationPrize"},{"floor":9.0,"key":"vexMod:ScavengeHelm"},{"floor":11.0,"key":"CaptainsWheel"},{"floor":13.0,"key":"Whetstone"},{"floor":24.0,"key":"Replay:Multitool"},{"floor":26.0,"key":"aspiration:ChemicalBlood"},{"floor":27.0,"key":"Replay:Rubber Ducky"},{"floor":29.0,"key":"Replay:Bandana"}],"event_choices":[{"cards_removed":["Strike_R"],"damage_healed":0.0,"max_hp_gain":0.0,"max_hp_loss":0.0,"gold_gain":0.0,"event_name":"Golden Wing","player_choice":"Card Removal","floor":8.0,"gold_loss":0.0,"damage_taken":7.0},{"damage_healed":0.0,"max_hp_gain":0.0,"max_hp_loss":0.0,"gold_gain":0.0,"event_name":"Upgrade Shrine","player_choice":"Upgraded","floor":10.0,"gold_loss":0.0,"damage_taken":0.0,"cards_upgraded":["Phantasmal Killer"]},{"damage_healed":0.0,"max_hp_gain":0.0,"max_hp_loss":0.0,"gold_gain":0.0,"event_name":"Golden Idol","player_choice":"Take Wound","floor":15.0,"gold_loss":0.0,"damage_taken":0.0,"relics_obtained":["Golden Idol"],"cards_obtained":["Injury"]}],"is_beta":false,"boss_relics":[{"not_picked":["vexMod:NewClearReactor","Calling Bell"],"picked":"aspiration:WatcherSkillbook"}],"items_purged_floors":[20,32],"is_endless":false,"potions_floor_spawned":[4,7,11,12,13,19,21,28],"killed_by":"conspire:MysteriousRune","ascension_level":8}}