{"host":"i4yzoangb31cseo0","time":1610818098,"event":{"mods":["AchievementEnabler","BaseMod","Colored Powertips","Curses Come First","Downfall","Hermit","Minty Spire (QoL Compilation)","StSLib","The Servant 0.9.4"],"gold_per_floor":[114,133,146,146,165,165,185,90,90,60,60,75,75,94,94,189,239,253,264,284,194,194,194,227,76,126,145,145,145,160,179,179,275,275,291,303,303,174,14,14,40,40,40],"floor_reached":42,"language":"ENG","playtime":3467,"items_purged":["Strike_P"],"score":467,"play_id":"d3220355-4197-4859-b953-91cae524931c","local_time":"20210117035818","is_ascension_mode":false,"campfire_choices":[{"data":"WindmillStrike","floor":6,"key":"SMITH"},{"data":"ClearTheMind","floor":11,"key":"SMITH"},{"floor":13,"key":"REST"},{"data":"Eruption","floor":15,"key":"SMITH"},{"floor":23,"key":"REST"},{"floor":32,"key":"REST"},{"floor":40,"key":"REST"}],"circlet_count":0,"master_deck":["Strike_P","Strike_P+1","Defend_P","Defend_P+1","Defend_P+1","Eruption+1","Vigilance","Worship","WindmillStrike+1","CrushJoints","WindmillStrike+1","Conclude+1","Worship","ClearTheMind+1","FearNoEvil","Pray","DevaForm+1","Study","FollowUp","WindmillStrike","EmptyBody","PathToVictory","Evaluate","Brilliance","SandsOfTime","ReachHeaven","Crescendo","PathToVictory","Deep Breath","Judgement"],"relics":["PureWater","War Paint","Nunchaku","Tiny House","Omamori","Lee\u0027s Waffle","Vajra","Eternal Feather","Black Star","PreservedInsect","Molten Egg 2"],"acts_visited":["Exordium","TheCity","TheBeyond"],"potions_floor_usage":[7,16,22,24,30,33,36,41,41,42],"damage_taken":[{"damage":2,"enemies":"Small Slimes","floor":1,"turns":3},{"damage":0,"enemies":"Jaw Worm","floor":2,"turns":5},{"damage":0,"enemies":"Cultist","floor":3,"turns":3},{"damage":1,"enemies":"Exordium Wildlife","floor":5,"turns":3},{"damage":17,"enemies":"Gremlin Gang","floor":7,"turns":4},{"damage":4,"enemies":"Blue Slaver","floor":12,"turns":2},{"damage":12,"enemies":"2 Fungi Beasts","floor":14,"turns":3},{"damage":42,"enemies":"The Guardian","floor":16,"turns":8},{"damage":5,"enemies":"Chosen","floor":18,"turns":4},{"damage":21,"enemies":"Shell Parasite","floor":19,"turns":4},{"damage":14,"enemies":"Cultist and Chosen","floor":20,"turns":5},{"damage":18,"enemies":"Shelled Parasite and Fungi","floor":22,"turns":2},{"damage":20,"enemies":"Gremlin Leader","floor":24,"turns":4},{"damage":33,"enemies":"Chosen and Byrds","floor":27,"turns":7},{"damage":9,"enemies":"Centurion and Healer","floor":30,"turns":4},{"damage":25,"enemies":"Snecko","floor":31,"turns":4},{"damage":69,"enemies":"Champ","floor":33,"turns":7},{"damage":14,"enemies":"3 Shapes","floor":35,"turns":4},{"damage":37,"enemies":"3 Darklings","floor":36,"turns":3},{"damage":56,"enemies":"Giant Head","floor":41,"turns":6},{"damage":19,"enemies":"Maw","floor":42,"turns":2}],"seed_played":"-1490344117468366467","potions_obtained":[{"floor":1,"key":"FairyPotion"},{"floor":3,"key":"PowerPotion"},{"floor":5,"key":"champ:CounterPotion"},{"floor":10,"key":"AttackPotion"},{"floor":10,"key":"SmokeBomb"},{"floor":17,"key":"hexamod:SoulburnPotion"},{"floor":27,"key":"GamblersBrew"},{"floor":30,"key":"Ancient Potion"},{"floor":33,"key":"hexamod:SoulburnPotion"},{"floor":35,"key":"StancePotion"},{"floor":41,"key":"Ancient Potion"}],"is_trial":false,"path_per_floor":["M","M","M","?","M","R","M","$","T","?","R","M","R","M","R","B",null,"M","M","M","?","M","R","E","$","T","M","?","?","M","M","R","B",null,"M","M","?","$","$","R","E","M"],"character_chosen":"WATCHER","items_purchased":["Worship","ClearTheMind","Lee\u0027s Waffle","Crescendo","PathToVictory","Deep Breath","Energy Potion"],"campfire_rested":4,"item_purchase_floors":[8,8,25,38,39,39,39],"current_hp_per_floor":[70,70,70,70,69,69,52,52,52,52,52,48,69,57,57,15,77,72,51,37,37,19,42,22,84,84,51,51,51,42,17,54,25,84,70,33,33,33,33,73,17,0,0],"gold":40,"neow_bonus":"RANDOM_COMMON_RELIC","is_daily":false,"chose_seed":false,"campfire_upgraded":3,"win_rate":0.0,"timestamp":1610818098,"path_taken":["M","M","M","?","M","R","M","$","T","?","R","?","R","M","R","BOSS","M","M","M","?","M","R","E","$","T","?","?","?","M","?","R","BOSS","M","?","?","?","$","R","E","?"],"items_purchased_type":["Card","Card","Relic","Card","Card","Card","Potion"],"build_version":"2020-12-22","purchased_purges":1,"victory":false,"max_hp_per_floor":[72,72,72,72,72,72,72,72,72,72,72,72,72,72,72,72,77,77,77,77,77,77,77,77,84,84,84,84,84,84,84,84,84,84,84,84,84,84,84,84,84,84,84],"card_choices":[{"not_picked":["CarveReality","ThirdEye"],"picked":"Worship","floor":1},{"not_picked":["WaveOfTheHand","Weave"],"picked":"WindmillStrike","floor":2},{"not_picked":["Consecrate","TalkToTheHand"],"picked":"CrushJoints","floor":3},{"not_picked":["Evaluate","JustLucky"],"picked":"WindmillStrike","floor":5},{"not_picked":["Consecrate","WreathOfFlame"],"picked":"Conclude","floor":7},{"not_picked":["FlurryOfBlows","Weave"],"picked":"FearNoEvil","floor":12},{"not_picked":["ThirdEye","JustLucky"],"picked":"Pray","floor":14},{"not_picked":["Ragnarok","ConjureBlade"],"picked":"DevaForm","floor":16},{"not_picked":["Meditate","CrushJoints"],"picked":"Study","floor":17},{"not_picked":["SashWhip","Fasting2"],"picked":"FollowUp","floor":18},{"not_picked":["WreathOfFlame+1","FlurryOfBlows+1"],"picked":"WindmillStrike","floor":19},{"not_picked":["BowlingBash","JustLucky","FlurryOfBlows"],"picked":"SKIP","floor":20},{"not_picked":["Nirvana+1","FlyingSleeves","Consecrate"],"picked":"SKIP","floor":24},{"not_picked":["Evaluate","TalkToTheHand"],"picked":"EmptyBody","floor":27},{"not_picked":["Nirvana","Halt"],"picked":"PathToVictory","floor":30},{"not_picked":["LessonLearned","Halt+1"],"picked":"Evaluate","floor":31},{"not_picked":["Scrawl","DeusExMachina"],"picked":"Brilliance","floor":33},{"not_picked":["EmptyFist","FlurryOfBlows+1"],"picked":"SandsOfTime","floor":35},{"not_picked":["BowlingBash","FlyingSleeves+1"],"picked":"ReachHeaven","floor":36},{"not_picked":["CutThroughFate+1","ReachHeaven+1"],"picked":"Judgement","floor":41}],"player_experience":104333,"relics_obtained":[{"floor":9,"key":"Nunchaku"},{"floor":24,"key":"Omamori"},{"floor":26,"key":"Vajra"},{"floor":41,"key":"PreservedInsect"},{"floor":41,"key":"Molten Egg 2"}],"event_choices":[{"damage_healed":0,"gold_gain":0,"player_choice":"Grow","damage_taken":0,"max_hp_gain":0,"max_hp_loss":0,"event_name":"Living Wall","floor":4,"gold_loss":0,"cards_upgraded":["WindmillStrike"]},{"damage_healed":0,"gold_gain":0,"player_choice":"Bought 2 Potions","damage_taken":0,"max_hp_gain":0,"max_hp_loss":0,"event_name":"The Woman in Blue","floor":10,"gold_loss":0},{"cards_removed":["Strike_P"],"damage_healed":0,"gold_gain":0,"player_choice":"Upgrade and Remove","damage_taken":0,"max_hp_gain":0,"max_hp_loss":0,"event_name":"Designer","floor":21,"gold_loss":90,"cards_upgraded":["Conclude"]},{"damage_healed":0,"gold_gain":0,"player_choice":"Opened","damage_taken":0,"relics_obtained":["Eternal Feather"],"max_hp_gain":0,"max_hp_loss":0,"event_name":"The Mausoleum","floor":28,"gold_loss":0,"cards_obtained":["Writhe"]},{"cards_removed":["Defend_P"],"damage_healed":0,"gold_gain":0,"player_choice":"Purged","damage_taken":0,"max_hp_gain":0,"max_hp_loss":0,"event_name":"Purifier","floor":29,"gold_loss":0},{"damage_healed":0,"gold_gain":0,"player_choice":"Upgraded","damage_taken":0,"max_hp_gain":0,"max_hp_loss":0,"event_name":"Upgrade Shrine","floor":37,"gold_loss":0,"cards_upgraded":["DevaForm"]}],"is_beta":false,"boss_relics":[{"not_picked":["VioletLotus","Astrolabe"],"picked":"Tiny House"},{"not_picked":["Cursed Key","Velvet Choker"],"picked":"Black Star"}],"items_purged_floors":[38],"is_endless":false,"potions_floor_spawned":[1,3,5,14,27,30,33,35,41],"killed_by":"Maw","ascension_level":0}}