{"host":"gg","time":1610777568,"event":{"mods":["BaseMod","Colored Map","Googly Eyes","Minty Spire (QoL Compilation)","Permanent Neow","Relic Stats","The IronCluck"],"gold_per_floor":[119,119,138,138,161,161,194,194,194,228,241,274,294,310,310,409,409,424,438,438,76,26,67,67,106,106,31,45,45,66,106,106,106,106],"floor_reached":33,"language":"ENG","playtime":1657,"items_purged":["Pain"],"score":700,"play_id":"cde2f8f3-036f-4404-9601-1ee4787de3be","local_time":"20210115221248","is_ascension_mode":true,"campfire_choices":[{"floor":6,"key":"REST"},{"floor":15,"key":"REST"},{"floor":24,"key":"REST"},{"floor":29,"key":"REST"},{"floor":32,"key":"REST"}],"circlet_count":0,"master_deck":["AscendersBane","Strike_P","Strike_P","Strike_P","Strike_P","Defend_P","Defend_P","Defend_P","Defend_P","Eruption+1","Vigilance","FlurryOfBlows","BowlingBash","CarveReality","EmptyFist","Adaptation","Meditate","EmptyBody","WaveOfTheHand","Establishment","ThirdEye","RitualDagger+1","Violence","TalkToTheHand","FlurryOfBlows","EmptyMind","Crescendo"],"relics":["Fusion Hammer","Golden Idol","Vajra","Meat on the Bone","Bronze Scales","Letter Opener","Cursed Key","Pen Nib","Akabeko","TeardropLocket","Omamori","Orichalcum"],"acts_visited":["Exordium","TheCity"],"potions_floor_usage":[19,25,31,33],"damage_taken":[{"damage":7,"enemies":"Cultist","floor":1,"turns":3},{"damage":7,"enemies":"2 Louse","floor":3,"turns":3},{"damage":0,"enemies":"Jaw Worm","floor":5,"turns":3},{"damage":31,"enemies":"Gremlin Nob","floor":7,"turns":4},{"damage":0,"enemies":"3 Sentries","floor":10,"turns":4},{"damage":0,"enemies":"Lots of Slimes","floor":11,"turns":2},{"damage":31,"enemies":"Gremlin Nob","floor":12,"turns":4},{"damage":4,"enemies":"2 Fungi Beasts","floor":13,"turns":3},{"damage":3,"enemies":"Blue Slaver","floor":14,"turns":3},{"damage":11,"enemies":"The Guardian","floor":16,"turns":11},{"damage":0,"enemies":"Spheric Guardian","floor":18,"turns":3},{"damage":0,"enemies":"Chosen","floor":19,"turns":3},{"damage":30,"enemies":"Slavers","floor":23,"turns":3},{"damage":6,"enemies":"Gremlin Leader","floor":25,"turns":4},{"damage":0,"enemies":"Snake Plant","floor":28,"turns":2},{"damage":12,"enemies":"3 Cultists","floor":30,"turns":3},{"damage":2,"enemies":"Slavers","floor":31,"turns":3},{"damage":77,"enemies":"Automaton","floor":33,"turns":6}],"seed_played":"-5199503398265700898","potions_obtained":[{"floor":1,"key":"EssenceOfSteel"},{"floor":5,"key":"FearPotion"},{"floor":7,"key":"SkillPotion"},{"floor":25,"key":"Swift Potion"},{"floor":28,"key":"Energy Potion"},{"floor":30,"key":"Strength Potion"},{"floor":31,"key":"Energy Potion"}],"is_trial":false,"path_per_floor":["M","?","M","?","M","R","E","?","T","E","M","E","M","M","R","B",null,"M","M","?","$","?","E","R","E","T","$","M","R","M","E","R","B"],"character_chosen":"WATCHER","items_purchased":["Pen Nib","Violence"],"campfire_rested":5,"item_purchase_floors":[21,21],"current_hp_per_floor":[54,54,47,47,47,62,31,31,31,43,43,24,32,41,59,48,59,59,59,53,53,53,35,53,47,47,47,47,62,50,48,62,0,0],"gold":106,"neow_bonus":"BOSS_RELIC","is_daily":false,"chose_seed":false,"campfire_upgraded":0,"win_rate":0.0,"timestamp":1610777568,"path_taken":["M","?","M","?","M","R","E","?","T","E","M","E","?","M","R","BOSS","M","?","?","$","?","E","R","E","T","$","M","R","M","E","R","BOSS"],"items_purchased_type":["Relic","Card"],"build_version":"2020-12-18","purchased_purges":1,"victory":false,"max_hp_per_floor":[68,62,62,62,62,62,62,62,62,62,62,62,62,62,62,62,62,62,62,62,62,62,62,62,62,62,62,62,62,62,62,62,62,62],"relic_stats":{"counters":[18,67],"Golden Idol":97,"Bronze Scales":[114],"Pen Nib":[6],"Letter Opener":[104],"Orichalcum":[6],"Cursed Key":1,"obtain_stats":[{"Golden Idol":2,"Vajra":7,"Pen Nib":21,"Omamori":26,"Letter Opener":12,"TeardropLocket":25,"Orichalcum":31,"Cursed Key":17,"Akabeko":23,"Bronze Scales":10,"Fusion Hammer":0,"PureWater":0,"Meat on the Bone":9},{"Golden Idol":1,"Vajra":4,"Pen Nib":12,"Omamori":14,"Letter Opener":7,"TeardropLocket":14,"Orichalcum":17,"Cursed Key":10,"Akabeko":13,"Bronze Scales":5,"Fusion Hammer":0,"PureWater":0,"Meat on the Bone":4},{"Golden Idol":3,"Vajra":13,"Pen Nib":46,"Omamori":53,"Letter Opener":23,"TeardropLocket":53,"Orichalcum":61,"Cursed Key":40,"Akabeko":49,"Bronze Scales":17,"Fusion Hammer":0,"PureWater":0,"Meat on the Bone":13}],"Meat on the Bone":60},"card_choices":[{"not_picked":["MentalFortress","Fasting2"],"picked":"FlurryOfBlows","floor":1},{"not_picked":["EmptyBody","Study"],"picked":"BowlingBash","floor":3},{"not_picked":["JustLucky","EmptyBody"],"picked":"CarveReality","floor":5},{"not_picked":["PathToVictory","ThirdEye"],"picked":"EmptyFist","floor":7},{"not_picked":["Blasphemy","Fasting2"],"picked":"Adaptation","floor":10},{"not_picked":["Evaluate","SignatureMove"],"picked":"Meditate","floor":11},{"not_picked":["Protect","FlyingSleeves"],"picked":"EmptyBody","floor":12},{"not_picked":["Evaluate","Protect","BattleHymn"],"picked":"SKIP","floor":13},{"not_picked":["PathToVictory","LikeWater"],"picked":"WaveOfTheHand","floor":14},{"not_picked":["SpiritShield","ConjureBlade"],"picked":"Establishment","floor":16},{"not_picked":["EmptyFist","Protect","Pray"],"picked":"SKIP","floor":18},{"not_picked":["Prostrate","Consecrate"],"picked":"ThirdEye","floor":19},{"not_picked":["Ragnarok","ThirdEye"],"picked":"TalkToTheHand","floor":23},{"not_picked":["JustLucky","SashWhip"],"picked":"FlurryOfBlows","floor":25},{"not_picked":["Prostrate","ClearTheMind"],"picked":"EmptyMind","floor":28},{"not_picked":["Brilliance","Halt"],"picked":"Crescendo","floor":30},{"not_picked":["Pray","ForeignInfluence","Fasting2"],"picked":"SKIP","floor":31}],"player_experience":1197738,"relics_obtained":[{"floor":7,"key":"Vajra"},{"floor":9,"key":"Meat on the Bone"},{"floor":10,"key":"Bronze Scales"},{"floor":12,"key":"Letter Opener"},{"floor":23,"key":"Akabeko"},{"floor":25,"key":"TeardropLocket"},{"floor":26,"key":"Omamori"},{"floor":31,"key":"Orichalcum"}],"event_choices":[{"damage_healed":0,"gold_gain":0,"player_choice":"Lose Max HP","damage_taken":0,"relics_obtained":["Golden Idol"],"max_hp_gain":0,"max_hp_loss":6,"event_name":"Golden Idol","floor":2,"gold_loss":0},{"damage_healed":0,"gold_gain":0,"player_choice":"Ignored","damage_taken":0,"max_hp_gain":0,"max_hp_loss":0,"event_name":"Liars Game","floor":4,"gold_loss":0},{"damage_healed":0,"gold_gain":0,"player_choice":"Grow","damage_taken":0,"max_hp_gain":0,"max_hp_loss":0,"event_name":"Living Wall","floor":8,"gold_loss":0,"cards_upgraded":["Eruption"]},{"damage_healed":0,"gold_gain":0,"player_choice":"Joined the Cult","damage_taken":6,"max_hp_gain":0,"max_hp_loss":0,"event_name":"Nest","floor":20,"gold_loss":0,"cards_obtained":["RitualDagger"]},{"damage_healed":0,"gold_gain":0,"player_choice":"Upgrade","damage_taken":0,"max_hp_gain":0,"max_hp_loss":0,"event_name":"Designer","floor":22,"gold_loss":50,"cards_upgraded":["RitualDagger"]}],"is_beta":true,"boss_relics":[{"not_picked":["Snecko Eye","Empty Cage"],"picked":"Cursed Key"}],"items_purged_floors":[27],"is_endless":false,"potions_floor_spawned":[1,5,7,10,11,25,28,30,31],"killed_by":"Automaton","ascension_level":20}}