{"host":"yi49lbnhh35mzi7n","time":1610772776,"event":{"mods":["BaseMod","Bestiary","BetterRewards","Colored Map","Conspire","Downfall","Googly Eyes","Hermit","Hubris","Infinite Spire","Minty Spire (QoL Compilation)","Quick Restart","StSLib","The Bladedancer","The Construct","The Jungle","The Necromancer"],"gold_per_floor":[119,119,119,132,152,152,187,187,211,211,211,231,247,275,275,372,372],"floor_reached":16,"language":"ENG","playtime":491,"items_purged":[],"score":160,"play_id":"2645d1ec-d924-469a-848f-06f7aa735754","local_time":"20210116055256","is_ascension_mode":false,"campfire_choices":[{"data":"Summon_Undead_Army","floor":6,"key":"SMITH"},{"data":"Negative_Energy_Sphere","floor":10,"key":"SMITH"},{"data":"Corrupt","floor":15,"key":"SMITH"}],"circlet_count":0,"master_deck":["Strike_W","Strike_W","Strike_W","Strike_W","Defend_W","Defend_W","Defend_W","Defend_W","Negative_Energy_Arrows","Bone_Wall","Negative_Energy_Sphere+1","Summon_Undead_Army+1","Spectral_Armor","Shade_Step","infinitespire:Starlight+1","Life_Drain","Bone_Spikes","Corrupt+1"],"relics":["Vampire_Amulet","NeowsBlessing","hubris:Towel","Tiny Chest","Bronze Scales","construct:RocketBooster"],"acts_visited":["Exordium"],"potions_floor_usage":[13,16],"damage_taken":[{"damage":0,"enemies":"Cultist","floor":1,"turns":1},{"damage":0,"enemies":"2 Louse","floor":4,"turns":1},{"damage":0,"enemies":"conspire:RoseBush","floor":5,"turns":1},{"damage":28,"enemies":"Gremlin Nob","floor":7,"turns":5},{"damage":10,"enemies":"Looter","floor":12,"turns":3},{"damage":18,"enemies":"Gremlin Gang","floor":13,"turns":4},{"damage":12,"enemies":"Lagavulin","floor":14,"turns":6},{"damage":40,"enemies":"Hexaghost","floor":16,"turns":9}],"seed_played":"6158138097187097516","potions_obtained":[{"floor":1,"key":"Weak Potion"},{"floor":7,"key":"sneckomod:MuddlingPotion"},{"floor":16,"key":"ColorlessPotion"}],"is_trial":false,"path_per_floor":["M","$","?","M","M","R","E","?","T","R","?","M","M","E","R","B"],"character_chosen":"NECROMANCER","items_purchased":[],"campfire_rested":0,"item_purchase_floors":[],"current_hp_per_floor":[75,75,75,75,75,75,49,31,31,31,31,38,49,64,64,51,51],"gold":372,"neow_bonus":"THREE_ENEMY_KILL","is_daily":false,"chose_seed":false,"campfire_upgraded":3,"win_rate":0.0,"timestamp":1610772776,"path_taken":["M","?","?","M","M","R","E","?","T","R","?","?","M","E","R","BOSS"],"items_purchased_type":[],"build_version":"2020-12-22","purchased_purges":0,"victory":false,"max_hp_per_floor":[75,75,75,75,75,75,75,75,75,75,75,75,75,75,75,75,75],"card_choices":[{"not_picked":["Blood_Curse","Death_March_Dance"],"picked":"Negative_Energy_Sphere","floor":1},{"not_picked":["Vampiric_Strike","Strike_from_Beyond"],"picked":"Summon_Undead_Army","floor":4},{"not_picked":["Vampiric_Strike","Blood_Whip"],"picked":"Spectral_Armor","floor":5},{"not_picked":["Plague_Bolt","Exploit"],"picked":"Shade_Step","floor":7},{"not_picked":["infinitespire:UltimateForm","infinitespire:Oblivion"],"picked":"infinitespire:Starlight","floor":8},{"not_picked":["Blood_Curse","Toxic_Smoke_Screen"],"picked":"Life_Drain","floor":12},{"not_picked":["Bones_to_Steel","Vampiric_Strike"],"picked":"Bone_Spikes","floor":13},{"not_picked":["Negative_Energy_Sphere","Bones_to_Steel"],"picked":"Corrupt","floor":14}],"player_experience":580714,"relics_obtained":[{"floor":7,"key":"Tiny Chest"},{"floor":9,"key":"Bronze Scales"},{"floor":14,"key":"construct:RocketBooster"}],"event_choices":[{"damage_healed":0,"gold_gain":0,"player_choice":"Forge","damage_taken":0,"max_hp_gain":0,"max_hp_loss":0,"event_name":"Accursed Blacksmith","floor":11,"gold_loss":0,"cards_upgraded":["infinitespire:Starlight"]}],"is_beta":false,"boss_relics":[],"items_purged_floors":[],"is_endless":false,"potions_floor_spawned":[1,7,16],"killed_by":"Hexaghost","ascension_level":0}}