{"host":"b4asi0laiv85suj9","time":1610779329,"event":{"mods":["ATMod(°¢èªMod)","BaseMod","Colored Powertips","Minty Spire (QoL Compilation)","MostiFishMod","Quick Restart","Relic Stats","StSLib","TestMod","noobMod"],"gold_per_floor":[114,114,126,139,214,244,244,273,297,323,323,323,351,368,368,444,444,458,468,468,487,487,521,521,549,549,565,594,76,111,123,123,197,197,208,258,276,293,309,342,342,369,423,438,338,373,391,410,410,410,410,410,410,13,38,38],"floor_reached":57,"language":"ZHS","playtime":3030,"items_purged":["Strike_B","Strike_B","Strike_B"],"score":3829,"play_id":"f15fac52-be8c-4df2-8a3f-0785c68c6363","local_time":"20210116144209","is_ascension_mode":true,"campfire_choices":[{"data":"Turbo","floor":7,"key":"SMITH"},{"data":"Dualcast","floor":15,"key":"SMITH"},{"data":"Zap","floor":24,"key":"SMITH"},{"data":"MostiFishMod:StrandedSiren","floor":32,"key":"SMITH"},{"floor":41,"key":"RECALL"},{"data":"MostiFishMod:Distribution","floor":49,"key":"SMITH"},{"data":"MostiFishMod:Prepare","floor":53,"key":"SMITH"}],"circlet_count":0,"master_deck":["AscendersBane","Defend_B","Defend_B","Defend_B","Defend_B","Zap+1","Dualcast+1","MostiFishMod:EE1D","MostiFishMod:EE1D","MostiFishMod:EE1D","AT_EmpoweredMortalDraw","Hologram","Turbo+1","MostiFishMod:Distribution+1","AT_ThreeBodyProblem+1","Heatsinks+1","Cold Snap","MostiFishMod:StrandedSiren+1","Coolheaded","AT_WarpDrive","Static Discharge+1","Loop","AT_DarkMatter+1","Ball Lightning","Defragment","Defragment","MostiFishMod:Prepare+1","Capacitor","AT_StudyProgram+1","Storm","MostiFishMod:LinkProtocol","White Noise","Buffer"],"relics":["testmod-TestBox","DaveBox","ice","AT_ATBox","EE1DDrone","testmod-RainbowHikingShoes","GreenFoldingFan","SynthV:TestCard","AT_SunfireAegis","SynthV:C4","AT_ChloranthyRing","Oddly Smooth Stone","AT_TimeSand","Transparent","Mummified Hand","testmod-Brilliant","Turnip","Pantograph","Bottled Tornado","Runic Capacitor","Cables","Coffee Dripper","AT_PhaseBoots","Boot","Bag of Preparation","Membership Card","AT_DeathDance","testmod-HeartOfStrike"],"acts_visited":["Exordium","TheCity","TheBeyond","TheEnding"],"potions_floor_usage":[56,56],"damage_taken":[{"damage":10,"enemies":"Jaw Worm","floor":1,"turns":3},{"damage":10,"enemies":"Cultist","floor":3,"turns":4},{"damage":2,"enemies":"2 Louse","floor":4,"turns":1},{"damage":41,"enemies":"3 Sentries","floor":6,"turns":7},{"damage":20,"enemies":"Gremlin Nob","floor":8,"turns":4},{"damage":24,"enemies":"3 Sentries","floor":10,"turns":5},{"damage":12,"enemies":"Lagavulin","floor":13,"turns":6},{"damage":13,"enemies":"Large Slime","floor":14,"turns":2},{"damage":12,"enemies":"Hexaghost","floor":16,"turns":6},{"damage":27,"enemies":"Chosen","floor":18,"turns":3},{"damage":23,"enemies":"3 Byrds","floor":19,"turns":2},{"damage":20,"enemies":"3 Cultists","floor":21,"turns":2},{"damage":64,"enemies":"Slavers","floor":23,"turns":3},{"damage":20,"enemies":"Gremlin Leader","floor":25,"turns":2},{"damage":42,"enemies":"Centurion and Healer","floor":27,"turns":2},{"damage":11,"enemies":"Slavers","floor":28,"turns":1},{"damage":11,"enemies":"Gremlin Leader","floor":30,"turns":1},{"damage":11,"enemies":"Snake Plant","floor":31,"turns":1},{"damage":22,"enemies":"Champ","floor":33,"turns":2},{"damage":11,"enemies":"3 Darklings","floor":35,"turns":1},{"damage":11,"enemies":"Orb Walker","floor":37,"turns":1},{"damage":11,"enemies":"3 Darklings","floor":38,"turns":1},{"damage":11,"enemies":"4 Shapes","floor":39,"turns":1},{"damage":11,"enemies":"Giant Head","floor":40,"turns":1},{"damage":33,"enemies":"Nemesis","floor":42,"turns":3},{"damage":22,"enemies":"Maw","floor":44,"turns":2},{"damage":11,"enemies":"Reptomancer","floor":46,"turns":1},{"damage":11,"enemies":"Spire Growth","floor":47,"turns":1},{"damage":44,"enemies":"Writhing Mass","floor":48,"turns":2},{"damage":56,"enemies":"Time Eater","floor":50,"turns":2},{"damage":22,"enemies":"Awakened One","floor":51,"turns":2},{"damage":11,"enemies":"Shield and Spear","floor":55,"turns":1},{"damage":95,"enemies":"The Heart","floor":56,"turns":5}],"seed_played":"3079853422033202023","potions_obtained":[{"floor":8,"key":"SteroidPotion"},{"floor":13,"key":"Regen Potion"},{"floor":21,"key":"PowerPotion"},{"floor":25,"key":"Energy Potion"}],"is_trial":false,"path_per_floor":["M","?","M","M","?","E","R","E","T","E","?","?","E","M","R","B",null,"M","M","?","M","?","E","R","E","T","M","E","$","E","M","R","B",null,"M","?","M","M","M","E","R","E","T","M","$","E","M","M","R","B","B",null,"R","$","E","B",null],"character_chosen":"DEFECT","items_purchased":["Bottled Tornado","Runic Capacitor","Membership Card","AT_DeathDance","PowerPotion"],"campfire_rested":0,"item_purchase_floors":[29,29,54,54,54],"current_hp_per_floor":[64,64,64,71,60,29,29,19,19,71,71,71,69,66,66,64,71,73,85,85,85,73,80,80,88,88,90,90,90,90,90,90,91,91,91,91,91,91,91,91,91,94,94,94,94,94,94,95,95,96,96,96,96,96,96,124],"gold":38,"neow_bonus":"BOSS_RELIC","is_daily":false,"chose_seed":false,"campfire_upgraded":6,"win_rate":0.0,"timestamp":1610779329,"path_taken":["M","?","M","?","?","E","R","E","T","E","?","?","E","?","R","BOSS","M","M","?","M","?","E","R","E","T","?","E","$","E","M","R","BOSS","M","?","M","?","M","E","R","E","T","M","$","E","M","M","R","BOSS","BOSS","R","$","E","BOSS"],"items_purchased_type":["Relic","Relic","Relic","Relic","Potion"],"build_version":"2020-12-22","purchased_purges":3,"victory":true,"max_hp_per_floor":[71,71,71,71,71,71,71,71,71,72,72,72,72,73,73,73,73,73,85,85,85,85,88,88,88,88,90,90,90,90,90,90,91,91,91,91,91,91,91,91,91,94,94,94,94,94,94,95,95,96,96,96,96,96,96,162],"relic_stats":{"counters":[33,81],"Mummified Hand":[157],"Pantograph":0,"Turnip":[9],"Bag of Preparation":[15],"Boot":[0],"obtain_stats":[{"testmod-HeartOfStrike":55,"AT_ATBox":0,"DaveBox":0,"ice":0,"AT_TimeSand":13,"Runic Capacitor":29,"Bag of Preparation":46,"testmod-RainbowHikingShoes":0,"Bottled Tornado":29,"Boot":42,"SynthV:C4":8,"GreenFoldingFan":0,"testmod-Brilliant":25,"Mummified Hand":23,"Pantograph":28,"Cracked Core":0,"AT_ChloranthyRing":9,"testmod-TestBox":0,"Oddly Smooth Stone":10,"AT_PhaseBoots":42,"Cables":30,"AT_SpeedBoots":40,"SynthV:TestCard":1,"EE1DDrone":0,"Transparent":17,"Turnip":26,"Coffee Dripper":34,"Membership Card":54,"AT_SunfireAegis":6,"AT_DeathDance":54},{"testmod-HeartOfStrike":32,"AT_ATBox":0,"DaveBox":0,"ice":0,"AT_TimeSand":7,"Runic Capacitor":16,"Bag of Preparation":27,"testmod-RainbowHikingShoes":0,"Bottled Tornado":16,"Boot":25,"SynthV:C4":5,"GreenFoldingFan":0,"testmod-Brilliant":14,"Mummified Hand":13,"Pantograph":16,"Cracked Core":0,"AT_ChloranthyRing":5,"testmod-TestBox":0,"Oddly Smooth Stone":6,"AT_PhaseBoots":25,"Cables":17,"AT_SpeedBoots":24,"SynthV:TestCard":1,"EE1DDrone":0,"Transparent":9,"Turnip":14,"Coffee Dripper":19,"Membership Card":31,"AT_SunfireAegis":4,"AT_DeathDance":31},{"testmod-HeartOfStrike":76,"AT_ATBox":0,"DaveBox":0,"ice":0,"AT_TimeSand":30,"Runic Capacitor":53,"Bag of Preparation":68,"testmod-RainbowHikingShoes":0,"Bottled Tornado":53,"Boot":65,"SynthV:C4":19,"GreenFoldingFan":0,"testmod-Brilliant":50,"Mummified Hand":48,"Pantograph":53,"Cracked Core":0,"AT_ChloranthyRing":19,"testmod-TestBox":0,"Oddly Smooth Stone":24,"AT_PhaseBoots":64,"Cables":54,"AT_SpeedBoots":62,"SynthV:TestCard":3,"EE1DDrone":0,"Transparent":38,"Turnip":50,"Coffee Dripper":57,"Membership Card":75,"AT_SunfireAegis":15,"AT_DeathDance":75}],"Cables":[11,4,6,0,1]},"card_choices":[{"not_picked":["Rebound","MostiFishMod:PushDownKick","Scrape"],"picked":"SKIP","floor":1},{"not_picked":["Beam Cell","Rebound","MostiFishMod:PushDownKick","Redo"],"picked":"Hologram","floor":3},{"not_picked":["Hello World","Compile Driver","Hologram","Go for the Eyes"],"picked":"Turbo","floor":4},{"not_picked":["MostiFishMod:PushDownKick","Barrage","Leap","Beam Cell"],"picked":"MostiFishMod:Distribution","floor":6},{"not_picked":["MostiFishMod:Impulse","Streamline","Leap","Steam Power"],"picked":"AT_ThreeBodyProblem","floor":8},{"not_picked":["Go for the Eyes","Fusion","MostiFishMod:GatherIntelligence","Scrape"],"picked":"Heatsinks","floor":10},{"not_picked":["Rainbow","Turbo","Streamline","Gash"],"picked":"Cold Snap","floor":13},{"not_picked":["Doom and Gloom","Beam Cell","Steam","MostiFishMod:FluxCapactior","Rebound"],"picked":"SKIP","floor":14},{"not_picked":["Seek","MostiFishMod:Exploitation","MostiFishMod:IceShield","Hyperbeam"],"picked":"MostiFishMod:StrandedSiren","floor":16},{"not_picked":["AT_HeatAcrobatics","Scrape","Compile Driver","Leap"],"picked":"Coolheaded","floor":18},{"not_picked":["Steam","AT_HeatAcrobatics","Scrape","Stack+1"],"picked":"AT_WarpDrive","floor":19},{"not_picked":["Compile Driver","Reinforced Body","Stack","Conserve Battery","Aggregate"],"picked":"SKIP","floor":21},{"not_picked":["Leap","Beam Cell","AT_HeatAcrobatics","Fusion"],"picked":"Static Discharge+1","floor":23},{"not_picked":["MostiFishMod:PushDownKick","Undo","Chaos","MostiFishMod:StarOceanB"],"picked":"Loop","floor":25},{"not_picked":["Redo","Barrage","Hello World+1","Sweeping Beam"],"picked":"AT_DarkMatter+1","floor":27},{"not_picked":["Conserve Battery","Cold Snap","AT_ThunderBolt","Rip and Tear"],"picked":"Ball Lightning","floor":28},{"not_picked":["Auto Shields","Ball Lightning","Stack","Streamline"],"picked":"Defragment","floor":30},{"not_picked":["Stack","Sweeping Beam","Barrage","Turbo"],"picked":"Defragment","floor":31},{"not_picked":["MostiFishMod:InterfaceCompatibility","Core Surge","Thunder Strike","Meteor Strike"],"picked":"MostiFishMod:Prepare","floor":33},{"not_picked":["Redo","AT_HeatAcrobatics+1","Beam Cell+1","Ball Lightning+1","MostiFishMod:PushDownKick"],"picked":"SKIP","floor":35},{"not_picked":["Loop","Coolheaded","Beam Cell","Barrage"],"picked":"Capacitor","floor":37},{"not_picked":["MostiFishMod:PushDownKick","Rebound","Compile Driver+1","AT_EMC2","Hologram"],"picked":"SKIP","floor":38},{"not_picked":["Darkness","Aggregate","Recycle","AT_HeatAcrobatics"],"picked":"AT_StudyProgram+1","floor":39},{"not_picked":["Turbo","Loop","Double Energy","Hyperbeam","Ball Lightning+1"],"picked":"SKIP","floor":40},{"not_picked":["Hologram","Reinforced Body","Undo","Cold Snap"],"picked":"Storm","floor":42},{"not_picked":["AT_HeatAcrobatics","Cold Snap","Beam Cell+1","Sunder"],"picked":"MostiFishMod:LinkProtocol","floor":44},{"not_picked":["Thunder Strike","Defragment+1","Capacitor","Coolheaded"],"picked":"White Noise","floor":46},{"not_picked":["Hologram","Barrage","Compile Driver","Cold Snap","Coolheaded"],"picked":"SKIP","floor":47},{"not_picked":["Go for the Eyes","Doom and Gloom","Cold Snap","Coolheaded","Barrage"],"picked":"SKIP","floor":48},{"not_picked":["Gash","Barrage+1","Steam","Stack+1"],"picked":"Buffer","floor":55}],"player_experience":302756,"relics_obtained":[{"floor":1,"key":"SynthV:TestCard"},{"floor":6,"key":"AT_SunfireAegis"},{"floor":8,"key":"SynthV:C4"},{"floor":9,"key":"AT_ChloranthyRing"},{"floor":10,"key":"Oddly Smooth Stone"},{"floor":13,"key":"AT_TimeSand"},{"floor":23,"key":"Mummified Hand"},{"floor":25,"key":"testmod-Brilliant"},{"floor":26,"key":"Turnip"},{"floor":28,"key":"Pantograph"},{"floor":30,"key":"Cables"},{"floor":40,"key":"AT_SpeedBoots"},{"floor":42,"key":"Boot"},{"floor":46,"key":"Bag of Preparation"},{"floor":55,"key":"testmod-HeartOfStrike"}],"event_choices":[{"cards_removed":["Strike_B"],"damage_healed":0,"gold_gain":0,"player_choice":"Purged","damage_taken":0,"max_hp_gain":0,"max_hp_loss":0,"event_name":"Purifier","floor":2,"gold_loss":0},{"damage_healed":0,"gold_gain":75,"player_choice":"Gather Gold","damage_taken":11,"max_hp_gain":0,"max_hp_loss":0,"event_name":"World of Goop","floor":5,"gold_loss":0},{"damage_healed":0,"gold_gain":0,"player_choice":"Grow","damage_taken":0,"max_hp_gain":0,"max_hp_loss":0,"event_name":"Living Wall","floor":11,"gold_loss":0,"cards_upgraded":["Heatsinks"]},{"damage_healed":0,"gold_gain":0,"player_choice":"Upgraded","damage_taken":0,"max_hp_gain":0,"max_hp_loss":0,"event_name":"Upgrade Shrine","floor":12,"gold_loss":0,"cards_upgraded":["AT_ThreeBodyProblem"]},{"damage_healed":0,"gold_gain":0,"player_choice":"Ignored","damage_taken":0,"max_hp_gain":0,"max_hp_loss":0,"event_name":"Vampires","floor":20,"gold_loss":0},{"damage_healed":0,"gold_gain":0,"player_choice":"Damaged","damage_taken":12,"max_hp_gain":0,"max_hp_loss":0,"event_name":"Wheel of Change","floor":22,"gold_loss":0},{"damage_healed":0,"gold_gain":50,"player_choice":"Pray","damage_taken":0,"max_hp_gain":0,"max_hp_loss":0,"event_name":"Golden Shrine","floor":36,"gold_loss":0}],"is_beta":false,"boss_relics":[{"not_picked":["ExusiaiGun","Runic Dome"],"picked":"Transparent"},{"not_picked":["BloodWine","RhineCircuit"],"picked":"Coffee Dripper"}],"items_purged_floors":[29,45,54],"is_endless":false,"potions_floor_spawned":[8,13,14,21,25,28,33,37,38,40,42,44,48,55],"ascension_level":20}}