{"host":"eeuhgv8goqdjv4ip","time":1610806579,"event":{"mods":["2.2 Compatiblity","AchievementEnabler","BaseMod","Better Match","Better Note","Better Skull","Challenge The Spire","Colored Map","Colored Powertips","Conspire","Custom Start","Dark Map","Hubris","Infinite Spire","Koishi","Marisa????????","Minty Spire (QoL Compilation)","Permanent Neow","Quick Restart","Replay The Spire","SIMod","StSLib","Td1madao Mod","The Animator","The Saiyan","The Servant 0.9.4","The Wild Card","TheSwordswoman"],"gold_per_floor":[116,116,144,162,18,18,22,22],"floor_reached":7,"language":"ENG","playtime":984,"items_purged":[],"score":49,"play_id":"b9ca52c8-a72b-4e69-8253-1e4d0ece0e11","local_time":"20210116101619","is_ascension_mode":true,"campfire_choices":[{"data":"animator:Saber","floor":6,"key":"SMITH"}],"circlet_count":0,"master_deck":["animator:Strike_Fate","animator:Defend_Fate","animator:Strike","animator:Strike","animator:Strike","animator:Defend","animator:Defend","animator:Defend","animator:Alexander","animator:Rider","animator:ItamiYouji","animator:ReimuHakurei","animator:Lancer","animator:Chris","animator:Saber+1"],"relics":["animator:LivingPicture","animator:TheMissingPiece","infinitespire:Satchel","Replay:Mystery Machine"],"acts_visited":["Exordium"],"potions_floor_usage":[],"damage_taken":[{"damage":0,"enemies":"Small Slimes","floor":1,"turns":3},{"damage":7,"enemies":"Cultist","floor":3,"turns":4},{"damage":9,"enemies":"Jaw Worm","floor":4,"turns":2},{"damage":34,"enemies":"Lagavulin","floor":7,"turns":3}],"seed_played":"9181652024029519924","potions_obtained":[{"floor":1,"key":"Elixir"}],"is_trial":false,"path_per_floor":["M","?","M","M","$","R","E"],"character_chosen":"THE_ANIMATOR","items_purchased":["animator:Saber"],"campfire_rested":0,"item_purchase_floors":[5],"current_hp_per_floor":[66,33,26,17,17,17,0,0],"gold":22,"neow_bonus":"ONE_RANDOM_RARE_CARD","is_daily":false,"chose_seed":true,"campfire_upgraded":1,"win_rate":0.0,"timestamp":1610806579,"path_taken":["M","?","?","M","?","R","E"],"items_purchased_type":["Card"],"build_version":"2020-12-22","purchased_purges":0,"victory":false,"max_hp_per_floor":[66,66,66,66,66,66,66,66],"card_choices":[{"not_picked":["animator:YunYun","animator:DolaCouronne"],"picked":"animator:ReimuHakurei","floor":1},{"not_picked":["animator:DolaSchwi","animator:DolaCouronne"],"picked":"animator:Lancer","floor":3},{"not_picked":["animator:Tet","animator:Rider"],"picked":"animator:Chris","floor":4}],"player_experience":504058,"relics_obtained":[],"event_choices":[{"damage_healed":0,"gold_gain":0,"player_choice":"RE RE ","damage_taken":37,"relics_obtained":["infinitespire:Satchel","Replay:Mystery Machine"],"max_hp_gain":0,"max_hp_loss":0,"event_name":"betterSkull:BetterSkull","floor":2,"gold_loss":0,"cards_upgraded":[]}],"is_beta":false,"boss_relics":[],"items_purged_floors":[],"is_endless":false,"potions_floor_spawned":[1],"killed_by":"Lagavulin","ascension_level":4}}