{"host":"t6r1isv2bex5ovch","time":1610774925,"event":{"mods":["AchievementEnabler","Act Like it!","Aspiration","BaseMod","Better Altar","Better Note","Better Sensory Stone","Better Skull","Better Third Choice","Better Vampires","Colored Powertips","Displayed Cursed Tome","Minty Spire (QoL Compilation)","StSLib","The Bug Knight","The Jungle"],"gold_per_floor":[112,37,37,54,65,91,103,142,204,227,239,251,292,324,336,444,456,480,504,176,188,63,96,111,111,111],"floor_reached":25,"language":"ENG","playtime":2075,"items_purged":["HollowMod:NailStrikeStart","HollowMod:QuickDashStart","HollowMod:QuickDashStart"],"score":255,"play_id":"2914a11b-7b71-48ab-bc53-5237e5ac6ef0","local_time":"20210116152845","is_ascension_mode":true,"campfire_choices":[{"floor":15.0,"key":"RECALL"}],"circlet_count":0,"master_deck":["HollowMod:NailStrikeStart","HollowMod:NailStrikeStart","HollowMod:NailStrikeStart","HollowMod:QuickDashStart","HollowMod:QuickDashStart+1","HollowMod:FocusHealStart+1","HollowMod:PogoStrike","HollowMod:MantisMark+1","HollowMod:DashSlash","HollowMod:NewJinnsSoul+1","HollowMod:MylasSalvation+1","HollowMod:NewLittleFool","HollowMod:CycloneSlash","HollowMod:PaleKingsBlessing","HollowMod:DashSlash","HollowMod:MantisMark+1","Bandage Up","HollowMod:HuntersJournal","HollowMod:GrimmsGift"],"relics":["HollowMod:VesselMask","aspiration:Nostalgia","Cracked Core","MawBank","War Paint","HollowMod:MillibellesNoteRelic","Mummified Hand","aspiration:RitualDagger","Bag of Marbles","aspiration:FetidBarrel"],"acts_visited":["Exordium","TheCity"],"potions_floor_usage":[19,21,24,25],"damage_taken":[{"damage":0.0,"enemies":"2 Louse","floor":1.0,"turns":2.0},{"damage":1.0,"enemies":"Cultist","floor":4.0,"turns":3.0},{"damage":0.0,"enemies":"Small Slimes","floor":5.0,"turns":2.0},{"damage":2.0,"enemies":"Gremlin Nob","floor":6.0,"turns":3.0},{"damage":13.0,"enemies":"3 Sentries","floor":8.0,"turns":10.0},{"damage":3.0,"enemies":"Blue Slaver","floor":10.0,"turns":4.0},{"damage":18.0,"enemies":"Lagavulin","floor":13.0,"turns":5.0},{"damage":12.0,"enemies":"3 Louse","floor":14.0,"turns":4.0},{"damage":43.0,"enemies":"HollowMod:FalseKnight","floor":16.0,"turns":8.0},{"damage":38.0,"enemies":"Shell Parasite","floor":18.0,"turns":6.0},{"damage":30,"enemies":"2 Thieves","floor":19,"turns":4},{"damage":47,"enemies":"Sentry and Sphere","floor":21,"turns":4},{"damage":76,"enemies":"Book of Stabbing","floor":23,"turns":6},{"damage":22,"enemies":"Snake Plant","floor":24,"turns":3},{"damage":31,"enemies":"Slavers","floor":25,"turns":1}],"seed_played":"8948559485550758455","potions_obtained":[{"floor":5.0,"key":"Fire Potion"},{"floor":6.0,"key":"LiquidMemories"},{"floor":13.0,"key":"LiquidBronze"},{"floor":14.0,"key":"LiquidMemories"},{"floor":18.0,"key":"DuplicationPotion"},{"floor":19,"key":"GamblersBrew"},{"floor":23,"key":"Dexterity Potion"},{"floor":24,"key":"LiquidBronze"}],"is_trial":false,"path_per_floor":["M","$","?","M","M","E","?","E","T","M","?","?","E","M","R","B",null,"M","M","$","M","$","E","M","E"],"character_chosen":"THE_BUGKNIGHT","items_purchased":["Bandage Up","Bag of Marbles"],"campfire_rested":0,"item_purchase_floors":[20,20],"current_hp_per_floor":[75,75,75,75,75,75,75,74,74,75,68,53,45,43,43,12,75,50,33,33,75,75,23,18,0,0],"gold":111,"neow_bonus":"NOSTALGIA","is_daily":false,"chose_seed":false,"campfire_upgraded":0,"win_rate":0.0,"timestamp":1610774925,"path_taken":["M","$","?","?","M","E","?","E","T","M","?","?","E","M","R","BOSS","M","M","$","M","$","E","M","E"],"items_purchased_type":["Card","Relic"],"build_version":"2020-12-22","purchased_purges":3,"victory":false,"max_hp_per_floor":[75,75,75,75,75,75,75,75,75,75,75,75,75,75,75,75,75,75,75,75,75,75,75,75,75,75],"card_choices":[{"not_picked":["HollowMod:HeavyBlow","HollowMod:FastStrike","HollowMod:CoiledNail"],"picked":"SKIP","floor":1.0},{"not_picked":["HollowMod:CoiledNail","HollowMod:TaintedHusks"],"picked":"HollowMod:MantisMark","floor":4.0},{"not_picked":["HollowMod:BrokenVessel","HollowMod:BlackTendrils"],"picked":"HollowMod:DashSlash","floor":5.0},{"not_picked":["HollowMod:DungDefenderAura","HollowMod:HowlingWraiths"],"picked":"HollowMod:NewJinnsSoul","floor":6.0},{"not_picked":["HollowMod:SoulShaman","HollowMod:ChannelNail","HollowMod:GreatSlash"],"picked":"SKIP","floor":8.0},{"not_picked":["HollowMod:VengefulVoid","HollowMod:BrokenVessel"],"picked":"HollowMod:NewLittleFool","floor":10.0},{"not_picked":["HollowMod:InfectionAssault","HollowMod:ShadowDash","HollowMod:BlackTendrils"],"picked":"SKIP","floor":13.0},{"not_picked":["HollowMod:CrystalDash","HollowMod:HuntersJournal"],"picked":"HollowMod:CycloneSlash","floor":14.0},{"not_picked":["HollowMod:LordofShades","HollowMod:theNailsmith"],"picked":"HollowMod:PaleKingsBlessing","floor":16.0},{"not_picked":["HollowMod:HowlingWraiths","HollowMod:CloakDash"],"picked":"HollowMod:DashSlash","floor":18.0},{"not_picked":["HollowMod:NewJinnsSoul","HollowMod:BaldurShell+1"],"picked":"HollowMod:MantisMark+1","floor":19},{"not_picked":["HollowMod:SoulSplash","HollowMod:SoulVessel"],"picked":"HollowMod:HuntersJournal","floor":21},{"not_picked":["HollowMod:NewJinnsSoul","HollowMod:DescendingDark+1","HollowMod:BaldurShell"],"picked":"SKIP","floor":23},{"not_picked":["HollowMod:TaintedHusks","HollowMod:VengefulSpirit"],"picked":"HollowMod:GrimmsGift","floor":24}],"player_experience":424324,"relics_obtained":[{"floor":6.0,"key":"MawBank"},{"floor":8.0,"key":"War Paint"},{"floor":13.0,"key":"Mummified Hand"},{"floor":23,"key":"aspiration:FetidBarrel"}],"event_choices":[{"damage_healed":0.0,"max_hp_gain":0.0,"max_hp_loss":0.0,"gold_gain":0.0,"event_name":"Upgrade Shrine","player_choice":"Upgraded","floor":3.0,"gold_loss":0.0,"damage_taken":0.0,"cards_upgraded":["HollowMod:FocusHealStart"]},{"damage_healed":0.0,"max_hp_gain":0.0,"max_hp_loss":0.0,"gold_gain":0.0,"event_name":"betterThird:BetterScrap","player_choice":"Relic ","floor":11.0,"gold_loss":0.0,"damage_taken":7.0,"cards_obtained":["Hyperbeam"]},{"damage_healed":68.0,"max_hp_gain":0.0,"max_hp_loss":75.0,"gold_gain":0.0,"event_name":"betterThird:BetterShining","player_choice":"Upgrade","floor":12.0,"gold_loss":0.0,"damage_taken":15.0,"cards_upgraded":["HollowMod:MantisMark","HollowMod:NewJinnsSoul"]}],"is_beta":false,"boss_relics":[{"not_picked":["aspiration:SilentSkillbook","aspiration:WatcherSkillbook"],"picked":"aspiration:RitualDagger"}],"items_purged_floors":[2,20,22],"is_endless":false,"potions_floor_spawned":[5,6,13,14,18,19,23,24],"killed_by":"Slavers","ascension_level":1}}