{"host":"7k2a2omxz3voj5ax","time":1610818547,"event":{"mods":["BaseMod","Marisa£¨ìFÓê¡¡Ä§ÀíÉ³£©","Minty Spire (QoL Compilation)","Quick Restart","Spicy Shops","StSLib","Starting Relic: Pandora\u0027s Box","¡¾ÒÅÎï¿¨ÅÆ¡¿REMEMod","óô»ðÖ¸ÄÏ"],"gold_per_floor":[119,133,1771,1771,1798,1832,1846,1879,1879,1943,1961,1984,2014,2034,2034,2110,2110,2125,1376,1301,1311,1401,1435,1157,1486,1486,1518,1538,1188,1204,838,437,514,514,534,380,397,413,413,413,413,139,163,196,71,102,114,131,131,131,131,131,131,163,163],"floor_reached":56,"language":"ZHS","playtime":2210,"items_purged":["Dualcast","Rip and Tear","Sunder","Storm","Conserve Battery","Cold Snap","Ball Lightning+1","Self Repair"],"score":2592,"play_id":"82508dff-d33d-4f27-aa8a-4f8994aab71a","local_time":"20210117023547","is_ascension_mode":true,"campfire_choices":[{"data":"BlazeAway","floor":15.0,"key":"SMITH"},{"data":"REME_ShortnessOfBreath","floor":40.0,"key":"SMITH"},{"floor":49,"key":"RECALL"},{"data":"Madness","floor":52,"key":"SMITH"}],"circlet_count":0,"master_deck":["AscendersBane","BlazeAway+1","Meteor Strike+1","Madness+1","REME_ShortnessOfBreath+1","Biased Cognition","Reinforced Body+1","Coolheaded+1"],"relics":["Pandora\u0027s Box","REME_ComplimentaryCards","Akabeko","OrangePellets","Question Card","Boot","Shovel","Strawberry","InkBottle","Odd Mushroom","Lizard Tail","Empty Cage","Bag of Preparation","Ornamental Fan","Eternal Feather","PreservedInsect","Old Coin","Bag of Marbles","White Beast Statue","Membership Card","TheAbacus","Kunai","ClockworkSouvenir","Lee\u0027s Waffle","Calipers","Molten Egg 2","Sozu","Medical Kit","Chemical X","Smiling Mask","Whetstone","Orrery","Ancient Tea Set","Sundial","War Paint","Mercury Hourglass","TungstenRod","Pear"],"acts_visited":["Exordium","TheCity","TheBeyond","TheEnding"],"potions_floor_usage":[55],"damage_taken":[{"damage":0.0,"enemies":"Small Slimes","floor":1.0,"turns":2.0},{"damage":1.0,"enemies":"Jaw Worm","floor":2.0,"turns":3.0},{"damage":10.0,"enemies":"Gremlin Nob","floor":6.0,"turns":3.0},{"damage":0.0,"enemies":"2 Louse","floor":7.0,"turns":2.0},{"damage":17.0,"enemies":"Lagavulin","floor":8.0,"turns":5.0},{"damage":4.0,"enemies":"3 Sentries","floor":10.0,"turns":4.0},{"damage":9.0,"enemies":"Large Slime","floor":11.0,"turns":3.0},{"damage":11.0,"enemies":"The Mushroom Lair","floor":12.0,"turns":3.0},{"damage":13.0,"enemies":"Lagavulin","floor":13.0,"turns":4.0},{"damage":0.0,"enemies":"3 Louse","floor":14.0,"turns":2.0},{"damage":52.0,"enemies":"The Guardian","floor":16.0,"turns":7.0},{"damage":0.0,"enemies":"Spheric Guardian","floor":18.0,"turns":1.0},{"damage":0.0,"enemies":"3 Byrds","floor":21.0,"turns":3.0},{"damage":39.0,"enemies":"Slavers","floor":23.0,"turns":4.0},{"damage":3.0,"enemies":"Gremlin Leader","floor":25.0,"turns":3.0},{"damage":24.0,"enemies":"Slavers","floor":27.0,"turns":3.0},{"damage":0.0,"enemies":"3 Cultists","floor":28.0,"turns":1.0},{"damage":0.0,"enemies":"Cultist and Chosen","floor":30.0,"turns":8.0},{"damage":0.0,"enemies":"Champ","floor":33.0,"turns":2.0},{"damage":0.0,"enemies":"3 Shapes","floor":35.0,"turns":1.0},{"damage":0.0,"enemies":"3 Darklings","floor":37.0,"turns":1.0},{"damage":0.0,"enemies":"Jaw Worm Horde","floor":38.0,"turns":1.0},{"damage":0.0,"enemies":"Nemesis","floor":44.0,"turns":1.0},{"damage":0.0,"enemies":"Giant Head","floor":46.0,"turns":1.0},{"damage":0.0,"enemies":"Writhing Mass","floor":47.0,"turns":1.0},{"damage":0,"enemies":"Spire Growth","floor":48,"turns":1},{"damage":0,"enemies":"Awakened One","floor":50,"turns":3},{"damage":0,"enemies":"Shield and Spear","floor":54,"turns":1},{"damage":0,"enemies":"The Heart","floor":55,"turns":4}],"seed_played":"1090532002030593769","potions_obtained":[{"floor":1.0,"key":"FearPotion"},{"floor":6.0,"key":"REME_GoldPotion"},{"floor":8.0,"key":"LiquidMemories"},{"floor":11.0,"key":"BlessingOfTheForge"},{"floor":18.0,"key":"FearPotion"},{"floor":21.0,"key":"SpeedPotion"},{"floor":33.0,"key":"EntropicBrew"}],"is_trial":false,"path_per_floor":["M","M","$","?","T","E","M","E","T","E","M","?","E","M","R","B",null,"M","$","?","M","?","E","R","E","T","E","M","R","M","$","R","B",null,"M","$","M","M","?","R","?","R","T","E","$","E","M","M","R","B",null,"R","$","E","B",null],"character_chosen":"DEFECT","items_purchased":["Akabeko","OrangePellets","Question Card","Bag of Preparation","Ornamental Fan","Meteor Strike","Madness","PreservedInsect","Membership Card","TheAbacus","REME_ShortnessOfBreath","Kunai","ClockworkSouvenir","Lee\u0027s Waffle","Calipers","Molten Egg 2","Ball Lightning+1","Medical Kit","Chemical X","Smiling Mask","Whetstone","Orrery","War Paint","TungstenRod"],"campfire_rested":0,"item_purchase_floors":[3,3,3,19,19,19,19,24,29,29,29,31,31,31,32,32,32,36,36,42,42,42,45,53],"current_hp_per_floor":[50,49,49,49,49,46,53,50,50,46,44,40,34,41,41,42,72,72,72,72,72,60,28,34,38,38,21,28,31,38,89,89,89,89,89,89,89,89,89,89,89,89,89,89,89,89,89,89,89,89,89,89,89,99,99],"gold":163,"neow_bonus":"REMOVE_TWO","is_daily":false,"chose_seed":false,"campfire_upgraded":3,"win_rate":0.0,"timestamp":1610818547,"path_taken":["M","M","$","?","?","E","M","E","T","E","M","?","E","M","R","BOSS","M","$","?","M","?","E","R","E","T","E","?","R","M","?","R","BOSS","M","$","M","M","?","R","?","R","T","E","$","E","M","M","R","BOSS","R","$","E","BOSS"],"items_purchased_type":["Relic","Relic","Relic","Relic","Relic","Card","Card","Relic","Relic","Relic","Card","Relic","Relic","Relic","Relic","Relic","Card","Relic","Relic","Relic","Relic","Relic","Relic","Relic"],"build_version":"2020-12-22","purchased_purges":8,"victory":true,"max_hp_per_floor":[75,75,75,75,75,75,75,82,82,82,82,82,82,82,82,82,82,82,82,82,82,82,82,82,82,82,82,82,82,82,89,89,89,89,89,89,89,89,89,89,89,89,89,89,89,89,89,89,89,89,89,89,89,99,99],"card_choices":[{"not_picked":["Lockon","Conserve Battery","Glacier"],"picked":"SKIP","floor":1.0},{"not_picked":["Lockon","Conserve Battery","Glacier"],"picked":"SKIP","floor":1.0},{"not_picked":["Storm","Redo"],"picked":"Self Repair","floor":2.0},{"not_picked":["Streamline","Melter","Reprogram","Scrape"],"picked":"SKIP","floor":6.0},{"not_picked":["Go for the Eyes","Seek","REME_DataAnalysis"],"picked":"Sunder","floor":7.0},{"not_picked":["Fusion","Sweeping Beam","Machine Learning","Hologram"],"picked":"SKIP","floor":8.0},{"not_picked":["Sunder","Rip and Tear","Fusion","Streamline"],"picked":"SKIP","floor":10.0},{"not_picked":["Beam Cell","Hologram","Rebound","Reboot"],"picked":"SKIP","floor":11.0},{"not_picked":["Beam Cell","Hologram","Rebound"],"picked":"Reboot","floor":11.0},{"not_picked":["Beam Cell","Redo","Hologram","Sweeping Beam"],"picked":"SKIP","floor":13.0},{"not_picked":["Cold Snap","Capacitor","Stack","Conserve Battery"],"picked":"SKIP","floor":14.0},{"not_picked":["Beam Cell+1","Conserve Battery","Sweeping Beam","Lockon"],"picked":"SKIP","floor":18.0},{"not_picked":["Capacitor","Hologram","Loop","Redo"],"picked":"SKIP","floor":21.0},{"not_picked":["Force Field+1","Beam Cell","Fusion","Conserve Battery"],"picked":"SKIP","floor":23.0},{"not_picked":["Stack","Rip and Tear","REME_Compress+1","Barrage"],"picked":"SKIP","floor":25.0},{"not_picked":["Streamline","Redo","Force Field","Leap"],"picked":"SKIP","floor":27.0},{"not_picked":["Stack","Tempest+1","Machine Learning","Static Discharge"],"picked":"SKIP","floor":28.0},{"not_picked":["Lockon+1","Conserve Battery","Chill","Stack"],"picked":"SKIP","floor":30.0},{"not_picked":["Reboot","Seek","Amplify"],"picked":"Biased Cognition","floor":33.0},{"not_picked":["Chill","Hello World","Heatsinks","Streamline+1"],"picked":"SKIP","floor":35.0},{"not_picked":["Cold Snap+1","Beam Cell+1","White Noise+1","Turbo"],"picked":"SKIP","floor":37.0},{"not_picked":["Go for the Eyes+1","Gash+1","Rebound+1","Coolheaded"],"picked":"SKIP","floor":38.0},{"not_picked":["Conserve Battery","Rebound+1","Beam Cell+1"],"picked":"Reinforced Body","floor":42.0},{"not_picked":["Beam Cell+1","Rebound+1","Steam+1"],"picked":"Coolheaded","floor":42.0},{"not_picked":["Steam","Reprogram","Static Discharge","Auto Shields"],"picked":"SKIP","floor":44.0},{"not_picked":["Coolheaded+1","REME_Compress+1","Heatsinks","Defragment"],"picked":"SKIP","floor":46.0},{"not_picked":["Sunder+1","Turbo","Gash+1","Sweeping Beam+1"],"picked":"SKIP","floor":47.0},{"not_picked":["Biased Cognition","Go for the Eyes+1","Barrage+1","Sweeping Beam+1"],"picked":"SKIP","floor":48},{"not_picked":["Sunder+1","Darkness","Stack","Redo"],"picked":"SKIP","floor":54}],"player_experience":462982,"relics_obtained":[{"floor":5.0,"key":"Boot"},{"floor":6.0,"key":"Shovel"},{"floor":8.0,"key":"Strawberry"},{"floor":10.0,"key":"InkBottle"},{"floor":12.0,"key":"Odd Mushroom"},{"floor":13.0,"key":"Lizard Tail"},{"floor":23.0,"key":"Eternal Feather"},{"floor":25.0,"key":"Old Coin"},{"floor":26.0,"key":"Bag of Marbles"},{"floor":27.0,"key":"White Beast Statue"},{"floor":43.0,"key":"Ancient Tea Set"},{"floor":44.0,"key":"Sundial"},{"floor":46.0,"key":"Mercury Hourglass"},{"floor":54,"key":"Pear"}],"event_choices":[{"damage_healed":0.0,"max_hp_gain":0.0,"max_hp_loss":0.0,"gold_gain":0.0,"event_name":"Liars Game","player_choice":"Ignored","floor":4.0,"gold_loss":0.0,"damage_taken":0.0},{"damage_healed":0.0,"max_hp_gain":0.0,"max_hp_loss":0.0,"gold_gain":0.0,"event_name":"Mushrooms","player_choice":"Fought Mushrooms","floor":12.0,"gold_loss":0.0,"damage_taken":0.0},{"cards_removed":["Sweeping Beam"],"damage_healed":0.0,"max_hp_gain":0.0,"max_hp_loss":0.0,"gold_gain":0.0,"event_name":"Beggar","player_choice":"Gave Gold","floor":20.0,"gold_loss":75.0,"damage_taken":0.0},{"damage_healed":0.0,"max_hp_gain":0.0,"max_hp_loss":0.0,"gold_gain":90.0,"event_name":"Knowing Skull","player_choice":"GOLD ","floor":22.0,"potions_obtained":[],"gold_loss":0.0,"damage_taken":12.0,"cards_obtained":[]},{"damage_healed":0.0,"max_hp_gain":0.0,"max_hp_loss":0.0,"gold_gain":0.0,"event_name":"Tomb of Lord Red Mask","player_choice":"Ignored","floor":39.0,"gold_loss":0.0,"damage_taken":0.0},{"cards_removed":["Reboot"],"damage_healed":0.0,"max_hp_gain":0.0,"max_hp_loss":0.0,"gold_gain":0.0,"event_name":"Falling","player_choice":"Removed Skill","floor":41.0,"gold_loss":0.0,"damage_taken":0.0}],"is_beta":false,"boss_relics":[{"not_picked":["REME_ChargedStone","Tiny House"],"picked":"Empty Cage"},{"not_picked":["Snecko Eye","Astrolabe"],"picked":"Sozu"}],"items_purged_floors":[3,19,24,29,31,32,42,45],"is_endless":false,"potions_floor_spawned":[1,6,8,11,12,18,21,25,28,30,33,35,37,38,44,46,47,48,54],"ascension_level":13}}