{"host":"irc1izoeqqttpzsx","time":1610785731,"event":{"mods":["2.2 Compatiblity","Aspiration","BaseMod","Better Note","BetterRewards","Colored Map","Colored Powertips","Conspire","DeckTracker","GifTheSpireLib","Highlight Path","Hubris","Infinite Spire","Mad Scientist","Mimic Mod","Minty Spire (QoL Compilation)","Quick Restart","Rare Cards Sparkle","Relic Sorter","Replay The Spire","Shop Mod","Spikes Relics","StSLib","SuperFastMode","The Servant 0.9.4","Trackpad","Uncapped"],"gold_per_floor":[16,47,222,904,638,638,669,696,742,742,755,781,781,797,797,902,902,914,914,914,925,579,605,605,636,636,546,546,563,563,563,563,665,665,678,270,320,331,342,342,370,370,401,419,444,455,480,492,492,492,492],"floor_reached":50,"language":"ENG","playtime":2002,"items_purged":["Doubt","conspire:GhostlyDefend"],"score":783,"play_id":"22759fb4-0f5a-49ff-97d9-9615654f38bd","local_time":"20210116032851","is_ascension_mode":true,"campfire_choices":[{"data":"Bouncing Flask","floor":6,"key":"SMITH"},{"data":"Adrenaline","floor":10,"key":"SMITH"},{"floor":15,"key":"REST"},{"data":"Replay:Poison Smokescreen","floor":24,"key":"SMITH"},{"floor":28,"key":"REST"},{"data":"Burst","floor":40,"key":"SMITH"},{"floor":49,"key":"RECALL"}],"circlet_count":0,"master_deck":["conspire:GhostlyDefend","Survivor","Neutralize","Cloak And Dagger","Backstab+1","ReplayTheSpireMod:Scrap Shanks","Dagger Spray","Bouncing Flask+1","Replay:Poison Smokescreen+1","Adrenaline+1","Corpse Explosion","Deadly Poison+1","infinitespire:FutureSight","Bane","Burst+1","Bouncing Flask+1","Corpse Explosion","Poison Darts","Backstab+1"],"relics":["Ring of the Snake","conspire:Boomerang","trackpad:WondrousWand","MerchantsRug","Sling","Centennial Puzzle","infinitespire:Golems Mask","Smiling Mask","ZombieTooth","Empty Cage","trackpad:StolenKidneys","Torii","RoseTintedShades","Pet Ghost","Kunai","trackpad:WeightlessShivs","Ancient Tea Set","trackpad:Coffee","trackpad:SappingStone","aspiration:SeaSaltIceCream","hubris:NiceRug","hubris:Zylophone","FossilizedHelix","conspire:BottledYoYo","Pen Nib"],"acts_visited":["Exordium","TheCity","TheBeyond"],"potions_floor_usage":[16,36,36,47,50,50],"damage_taken":[{"damage":0,"enemies":"conspire:RoseBush","floor":1,"turns":5},{"damage":19,"enemies":"conspire:MimicChest","floor":2,"turns":7},{"damage":6,"enemies":"Small Slimes","floor":7,"turns":6},{"damage":14,"enemies":"Replay:BlueRogue","floor":8,"turns":3},{"damage":0,"enemies":"Small Slimes","floor":11,"turns":1},{"damage":10,"enemies":"Gremlin Nob","floor":12,"turns":3},{"damage":2,"enemies":"Jaw Worm","floor":14,"turns":2},{"damage":15,"enemies":"The Guardian","floor":16,"turns":7},{"damage":16,"enemies":"conspire:FuzzyDice","floor":18,"turns":4},{"damage":0,"enemies":"Chosen","floor":21,"turns":3},{"damage":18,"enemies":"Nightmare","floor":23,"turns":5},{"damage":26,"enemies":"conspire:SneckoGhost","floor":25,"turns":6},{"damage":0,"enemies":"Centurion and Healer","floor":29,"turns":2},{"damage":21,"enemies":"hubris:MusketHawk","floor":33,"turns":5},{"damage":0,"enemies":"Orb Walker","floor":35,"turns":2},{"damage":20,"enemies":"hubris:Merchant","floor":36,"turns":5},{"damage":9,"enemies":"Mind Bloom Boss Battle","floor":37,"turns":4},{"damage":0,"enemies":"3 Darklings","floor":38,"turns":2},{"damage":0,"enemies":"Sphere and 2 Shapes","floor":39,"turns":2},{"damage":22,"enemies":"Reptomancer","floor":41,"turns":4},{"damage":0,"enemies":"Writhing Mass","floor":43,"turns":5},{"damage":0,"enemies":"Writhing Mass","floor":44,"turns":4},{"damage":0,"enemies":"Giant Head","floor":45,"turns":5},{"damage":0,"enemies":"4 Shapes","floor":46,"turns":2},{"damage":0,"enemies":"Nemesis","floor":47,"turns":5},{"damage":0,"enemies":"Transient","floor":48,"turns":5},{"damage":25,"enemies":"Time Eater","floor":50,"turns":7}],"seed_played":"6042154136699214439","potions_obtained":[{"floor":8,"key":"Dexterity Potion"},{"floor":12,"key":"LiquidMemories"},{"floor":14,"key":"Fire Potion"},{"floor":16,"key":"SpeedPotion"},{"floor":29,"key":"DistilledChaos"},{"floor":37,"key":"Ancient Potion"},{"floor":44,"key":"ColorlessPotion"},{"floor":47,"key":"Flashbang"}],"is_trial":false,"path_per_floor":["M","?","?","$","$","R","MIM","E","T","R","M","E","?","M","R","B",null,"M","?","AVR","M","$","NM","R","E","T","?","R","M","?","?","R_BF","B",null,"M","$","?","M","M","R","E","?","MIM","M","E","M","E","M","R","B"],"character_chosen":"THE_SILENT","items_purchased":["ReplayTheSpireMod:Scrap Shanks","Dagger Spray","MerchantsRug","Sling","Bouncing Flask","Replay:Poison Smokescreen","Torii","Bane","trackpad:SappingStone","aspiration:SeaSaltIceCream"],"campfire_rested":2,"item_purchase_floors":[4,4,4,5,5,5,22,22,36,36],"current_hp_per_floor":[70,51,51,51,51,51,45,31,31,31,31,21,21,19,40,25,70,54,54,54,54,54,36,36,10,10,10,31,31,31,31,52,31,70,70,50,41,41,41,41,19,19,19,19,19,19,19,19,19,0,0],"gold":492,"neow_bonus":"ONE_RARE_RELIC","is_daily":false,"chose_seed":false,"campfire_upgraded":4,"win_rate":0.0,"timestamp":1610785731,"path_taken":["M","?","?","?","$","R","?","E","T","R","M","E","?","M","R","BOSS","M","?","AVR","M","$","NM","R","E","T","?","R","?","?","?","R_BF","BOSS","M","$","?","M","M","R","E","?","MIM","M","E","?","E","M","R","BOSS"],"items_purchased_type":["Card","Card","Relic","Relic","Card","Card","Relic","Card","Relic","Relic"],"build_version":"2020-12-22","purchased_purges":2,"victory":false,"max_hp_per_floor":[70,70,70,70,70,70,70,70,70,70,70,70,70,70,70,70,70,70,70,70,70,70,70,70,70,70,70,70,70,70,70,70,70,70,70,70,70,70,70,70,70,70,70,70,70,70,70,70,70,70,70],"card_choices":[{"not_picked":["Deflect","ShadowRift"],"picked":"Cloak And Dagger","floor":1},{"not_picked":["Calculated Gamble","Dodge and Roll"],"picked":"Backstab","floor":2},{"not_picked":["Setup","Pace"],"picked":"Adrenaline","floor":8},{"not_picked":["Sucker Punch","Prepared","Escape Plan"],"picked":"SKIP","floor":11},{"not_picked":["Dash","Deflect","Prepared"],"picked":"SKIP","floor":12},{"not_picked":["Heel Hook","Sucker Punch","Quick Slash"],"picked":"SKIP","floor":14},{"not_picked":["Bullet Time","Wraith Form v2"],"picked":"Corpse Explosion","floor":16},{"not_picked":["ReplayTheSpireMod:Speed Training+1","Distraction"],"picked":"Deadly Poison+1","floor":18},{"not_picked":["ReplayTheSpireMod:Strike From Hell","TimeTheft","Steam+1"],"picked":"SKIP","floor":21},{"not_picked":["Setup+1","Flying Knee","Acrobatics+1"],"picked":"SKIP","floor":23},{"not_picked":["Dagger Spray","conspire:PoisonWeapons"],"picked":"Burst","floor":25},{"not_picked":["Draining Mist","All Out Attack"],"picked":"Bouncing Flask+1","floor":29},{"not_picked":["Storm of Steel","Unload"],"picked":"Corpse Explosion","floor":33},{"not_picked":["Terror+1","Deadly Poison","Escape Plan+1"],"picked":"SKIP","floor":35},{"not_picked":["Dagger Spray"],"picked":"SKIP","floor":36},{"not_picked":["aspiration:Lunge"],"picked":"SKIP","floor":36},{"not_picked":["Outmaneuver"],"picked":"SKIP","floor":36},{"not_picked":["Deflect+1"],"picked":"SKIP","floor":36},{"not_picked":["Caltrops"],"picked":"SKIP","floor":36},{"not_picked":["Bandage Up"],"picked":"SKIP","floor":36},{"not_picked":["Mayhem"],"picked":"SKIP","floor":36},{"not_picked":["Dagger Spray"],"picked":"SKIP","floor":36},{"not_picked":["aspiration:Lunge"],"picked":"SKIP","floor":36},{"not_picked":["Outmaneuver"],"picked":"SKIP","floor":36},{"not_picked":["Deflect+1"],"picked":"SKIP","floor":36},{"not_picked":["Caltrops"],"picked":"SKIP","floor":36},{"not_picked":["Bandage Up"],"picked":"SKIP","floor":36},{"not_picked":["Mayhem"],"picked":"SKIP","floor":36},{"not_picked":["Dagger Spray"],"picked":"SKIP","floor":36},{"not_picked":["aspiration:Lunge"],"picked":"SKIP","floor":36},{"not_picked":["Outmaneuver"],"picked":"SKIP","floor":36},{"not_picked":["Deflect+1"],"picked":"SKIP","floor":36},{"not_picked":["Caltrops"],"picked":"SKIP","floor":36},{"not_picked":["Bandage Up"],"picked":"SKIP","floor":36},{"not_picked":["Mayhem"],"picked":"SKIP","floor":36},{"not_picked":["Dagger Spray"],"picked":"SKIP","floor":36},{"not_picked":["aspiration:Lunge"],"picked":"SKIP","floor":36},{"not_picked":["Outmaneuver"],"picked":"SKIP","floor":36},{"not_picked":["Deflect+1"],"picked":"SKIP","floor":36},{"not_picked":["Caltrops"],"picked":"SKIP","floor":36},{"not_picked":["Bandage Up"],"picked":"SKIP","floor":36},{"not_picked":["Mayhem"],"picked":"SKIP","floor":36},{"not_picked":["Quick Slash+1","Poisoned Stab","Dagger Spray"],"picked":"SKIP","floor":38},{"not_picked":["Quick Slash+1","ReplayTheSpireMod:Speed Training+1","Slice"],"picked":"SKIP","floor":39},{"not_picked":["Well Laid Plans","Outmaneuver","Sucker Punch"],"picked":"SKIP","floor":41},{"not_picked":["Pace+1","Leg Sweep","InfectiousVector+1"],"picked":"SKIP","floor":44},{"not_picked":["Deadly Poison","Slice","Underhanded Strike"],"picked":"SKIP","floor":45},{"not_picked":["Deadly Poison","Slice","Underhanded Strike"],"picked":"SKIP","floor":45},{"not_picked":["Poisoned Stab","InfectiousVector"],"picked":"Poison Darts","floor":46},{"not_picked":["Reflex+1","Dagger Throw"],"picked":"Backstab+1","floor":47},{"not_picked":["Acrobatics","Quick Slash","Blur+1"],"picked":"SKIP","floor":48}],"player_experience":510466,"relics_obtained":[{"floor":2,"key":"trackpad:WondrousWand"},{"floor":7,"key":"Centennial Puzzle"},{"floor":8,"key":"infinitespire:Golems Mask"},{"floor":9,"key":"Smiling Mask"},{"floor":12,"key":"ZombieTooth"},{"floor":23,"key":"RoseTintedShades"},{"floor":25,"key":"Pet Ghost"},{"floor":26,"key":"Kunai"},{"floor":37,"key":"FossilizedHelix"},{"floor":41,"key":"conspire:BottledYoYo"},{"floor":45,"key":"Pen Nib"}],"event_choices":[{"damage_healed":0,"gold_gain":175,"player_choice":"AGREE","damage_taken":0,"max_hp_gain":0,"max_hp_loss":0,"event_name":"Liars Game","floor":3,"gold_loss":0,"cards_obtained":["Doubt"]},{"damage_healed":0,"gold_gain":0,"player_choice":"Agree","damage_taken":0,"max_hp_gain":0,"max_hp_loss":0,"event_name":"conspire:LoneGhost","floor":13,"gold_loss":0},{"cards_removed":["Adrenaline"],"damage_healed":0,"gold_gain":0,"player_choice":"Give","damage_taken":0,"max_hp_gain":0,"max_hp_loss":0,"event_name":"betterNote:BetterNote","floor":19,"gold_loss":0,"cards_obtained":["None"]},{"cards_removed":["conspire:GhostlyDefend"],"damage_healed":0,"gold_gain":0,"player_choice":"Upgrade and Remove","damage_taken":0,"max_hp_gain":0,"max_hp_loss":0,"event_name":"Designer","floor":27,"gold_loss":90,"cards_upgraded":["Bane"]},{"damage_healed":0,"gold_gain":0,"player_choice":"Opened","damage_taken":0,"relics_obtained":["trackpad:WeightlessShivs"],"max_hp_gain":0,"max_hp_loss":0,"event_name":"The Mausoleum","floor":30,"gold_loss":0},{"cards_removed":["conspire:GhostlyDefend"],"damage_healed":0,"gold_gain":0,"player_choice":"Gave Card","damage_taken":0,"relics_obtained":["Ancient Tea Set"],"max_hp_gain":0,"max_hp_loss":0,"event_name":"WeMeetAgain","floor":31,"gold_loss":0},{"damage_healed":0,"gold_gain":0,"player_choice":"Fight","damage_taken":0,"max_hp_gain":0,"max_hp_loss":0,"event_name":"MindBloom","floor":37,"gold_loss":0},{"cards_removed":["Bane"],"damage_healed":0,"gold_gain":0,"player_choice":"Removed Attack","damage_taken":0,"max_hp_gain":0,"max_hp_loss":0,"event_name":"Falling","floor":42,"gold_loss":0}],"is_beta":false,"boss_relics":[{"not_picked":["CosmicIsotope","aspiration:FutureDiary"],"picked":"Empty Cage"},{"not_picked":["hubris:VirtuousBlindfold","Coffee Dripper"],"picked":"trackpad:Coffee"}],"items_purged_floors":[4,22],"is_endless":false,"potions_floor_spawned":[8,12,14,16,18,23,29,33,35,37,41,44,45,46,47],"killed_by":"Time Eater","ascension_level":1}}