{"host":"0o06o4i1vxmsfh8c","time":1610798876,"event":{"mods":["Bard","BaseMod","BetterRewards","Blackmage（黑魔法师）","Decade(王小明)","Dota2Spire","Downfall","Friendly Minions","FutureSeer","GifTheSpireLib","Hubris","Hunter 猎人","Infinite Spire","KinomotoSakuraMod(木之本樱)","Kiyohime（清姬）","KomeijiMod","LagranYue(拉格朗・月)","Marisa（F雨　魔理沙）","Mimic Mod","Minty Spire (QoL Compilation)","Permanent Neow","RumiaBox-露米娅的神秘盒子","SOS（斯巴达之子）","Shop Mod","StSLib","TestMod","The Administrix","The Bug Knight","The Cursed","The Mystic","The Runesmith","Youmu（魂魄妖梦）","Yuri Mod","[IsaacMod]以撒尖塔","vexMod","【功能Mod】混沌之环修复补丁","【遗物卡牌】REMEMod","篝火指南"],"gold_per_floor":[99,111,111,111,286,315,368,380,393,126,139,39,51,86,105,204,204,204,221,124,137,153,182,208,223,77,77,77,77,108,108,127,237,237,237,260,275,275,303,335,335,374,389,422,436,451,451,53,82,82],"floor_reached":51,"language":"ZHS","playtime":13284,"items_purged":["Doubt"],"score":1012,"play_id":"e06f4f4c-bd3a-4258-8a51-b0a65cc3d619","local_time":"20210116200756","is_ascension_mode":false,"campfire_choices":[{"floor":1,"key":"RECALL"},{"data":"expansioncontent:StudyTheSpire","floor":12,"key":"SMITH"},{"data":"hexamod:ForkedFlame","floor":18,"key":"SMITH"},{"data":"hexamod:SwordOfDarkness","floor":28,"key":"SMITH"},{"data":"hexamod:ParanormalForm","floor":35,"key":"SMITH"},{"floor":47,"key":"REST"}],"circlet_count":0,"master_deck":["hexamod:Strike+1","hexamod:Strike+1","hexamod:Strike+1","hexamod:Strike+1","hexamod:Defend+1","hexamod:Defend+1","hexamod:Defend+1","hexamod:Defend+1","hexamod:Sear+1","hexamod:Float+1","Guardian:HyperBeam_Guardian","hexamod:GhostflameInferno","hexamod:RainOfEmbers","hexamod:InspiringFlames","hexamod:GhostOfSpirePast","hexamod:SpectersWail","hexamod:ThermalTransfer","expansioncontent:StudyTheSpire+1","hexamod:DynamicBlow","hexamod:SoulSteal+1","hexamod:FourthSeal","hexamod:SwordOfDarkness+1","hexamod:ForkedFlame+1","hexamod:GhostLash","hexamod:ParanormalForm+1","hexamod:SecondSeal","hexamod:FastForward","hexamod:VolcanoVisage","hexamod:RecurringNightmare+1","hexamod:ExtraCrispy+1","hexamod:FifthSeal","hexamod:StepThrough","hexamod:ThirdSeal","hexamod:HauntingEcho+1","hexamod:SixthSeal","hexamod:CatchUp+1","hexamod:BurningTouch+1","hexamod:FirstSeal","hexamod:SkipABeat+1","hexamod:EmpoweredFlame+1"],"relics":["hexamod:SpiritBrand","HushsDoor","testmod-TestBox","REME_ComplimentaryCards","LagranYue:RandomDrawCardRelic","GuppysHead","testmod-D_4","Spirit Poop","vexMod:ScavengeHelm","downfall:HeartBlessingRed","testmod-Antiphasic","hubris:Backtick","Dead Branch","GodSword1","GuppysPaw","Lantern","Kunai","testmod-TimeTraveler","GuppysTail","Dota2Spire:Satanic","hubris:SphereOfDissonance","Membership Card","vexMod:Dragonfruit","testmod-Hope"],"acts_visited":["Exordium","TheCity","TheBeyond"],"potions_floor_usage":[33,39,49,50,50,50],"damage_taken":[{"damage":0,"enemies":"Small Slimes","floor":2,"turns":2},{"damage":0,"enemies":"HollowMod:MossKnight","floor":6,"turns":3},{"damage":6,"enemies":"Jaw Worm","floor":8,"turns":2},{"damage":0,"enemies":"2 Louse","floor":9,"turns":2},{"damage":0,"enemies":"downfall:FleeingMerchant","floor":10,"turns":4},{"damage":20,"enemies":"Exordium Thugs","floor":11,"turns":3},{"damage":0,"enemies":"3 Louse","floor":13,"turns":2},{"damage":3,"enemies":"3 Sentries","floor":14,"turns":1},{"damage":0,"enemies":"Blue Slaver","floor":15,"turns":2},{"damage":24,"enemies":"WA_ARCHETYPE_RETAIN","floor":16,"turns":5},{"damage":2,"enemies":"Spheric Guardian","floor":19,"turns":2},{"damage":6,"enemies":"downfall:FleeingMerchant","floor":20,"turns":4},{"damage":2,"enemies":"Shell Parasite","floor":21,"turns":3},{"damage":0,"enemies":"3 Cultists","floor":22,"turns":2},{"damage":3,"enemies":"Slavers","floor":23,"turns":1},{"damage":0,"enemies":"Chosen and Byrds","floor":25,"turns":3},{"damage":25,"enemies":"Book of Stabbing","floor":30,"turns":3},{"damage":0,"enemies":"Snecko","floor":32,"turns":2},{"damage":10,"enemies":"IC_MUSHROOM_ARCHETYPE","floor":33,"turns":4},{"damage":4,"enemies":"Orb Walker","floor":36,"turns":2},{"damage":11,"enemies":"3 Shapes","floor":37,"turns":2},{"damage":0,"enemies":"3 Darklings","floor":39,"turns":2},{"damage":14,"enemies":"Jaw Worm Horde","floor":40,"turns":3},{"damage":0,"enemies":"Giant Head","floor":42,"turns":2},{"damage":20,"enemies":"Writhing Mass","floor":43,"turns":3},{"damage":0,"enemies":"Nemesis","floor":44,"turns":3},{"damage":0,"enemies":"Maw","floor":45,"turns":2},{"damage":0,"enemies":"3 Darklings","floor":46,"turns":1},{"damage":0,"enemies":"4 Shapes","floor":49,"turns":3},{"damage":19,"enemies":"SI_POISON_ARCHETYPE","floor":50,"turns":3}],"seed_played":"-5451249083766533280","potions_obtained":[{"floor":2,"key":"Fire Potion"},{"floor":9,"key":"Swift Potion"},{"floor":14,"key":"Dota2Spire:Clarity"},{"floor":15,"key":"EntropicBrew"},{"floor":15,"key":"PowerPotion"},{"floor":33,"key":"champ:CounterPotion"},{"floor":42,"key":"SpeedPotion"},{"floor":45,"key":"RedTea"}],"is_trial":false,"path_per_floor":["R","M","?","?","?","E","T","M","M","$","M","R","M","E","M","B",null,"R","M","$","M","M","E","T","M","R","?","R","$","E","$","M","B",null,"R","M","M","?","M","M","T","E","M","E","M","M","R","$","M","B",null],"character_chosen":"THE_SPIRIT","items_purchased":["expansioncontent:StudyTheSpire","GodSword1","hexamod:ParanormalForm","hexamod:VolcanoVisage","Membership Card","vexMod:Dragonfruit","testmod-Hope"],"campfire_rested":1,"item_purchase_floors":[10,20,20,26,48,48,48],"current_hp_per_floor":[70,70,70,70,70,70,70,64,64,64,44,44,44,41,41,22,75,75,73,67,65,65,62,62,62,62,62,62,62,42,42,42,32,80,80,76,65,65,65,51,51,51,31,31,31,31,55,60,60,41],"gold":82,"neow_bonus":"ONE_RANDOM_RARE_CARD","is_daily":false,"chose_seed":false,"campfire_upgraded":4,"win_rate":0.0,"timestamp":1610798876,"path_taken":["R","M","?","?","?","E","T","M","?","?","M","R","M","E","M","BOSS","R","M","$","M","M","E","T","M","R","?","R","?","E","$","M","BOSS","R","M","M","?","M","M","T","E","M","E","M","M","R","$","M","BOSS"],"items_purchased_type":["Card","Relic","Card","Card","Relic","Relic","Relic"],"build_version":"2020-12-22","purchased_purges":1,"victory":true,"max_hp_per_floor":[70,70,70,70,70,70,70,70,70,70,70,70,70,70,70,75,75,75,75,75,75,75,75,75,75,75,75,75,75,80,80,80,80,80,80,80,80,80,80,80,80,80,80,80,80,80,80,85,85,85],"card_choices":[{"not_picked":[],"picked":"ChaosCard","floor":0},{"not_picked":["hexamod:HeatShield","Bomb"],"picked":"hexamod:RainOfEmbers","floor":2},{"not_picked":["hexamod:ExtraCrispy","hexamod:HeatMetal"],"picked":"hexamod:InspiringFlames","floor":6},{"not_picked":["hexamod:ShieldOfDarkness","hexamod:AdvancingGuard"],"picked":"hexamod:GhostOfSpirePast","floor":8},{"not_picked":["hexamod:Rewind","hexamod:SwordOfDarkness"],"picked":"hexamod:SpectersWail","floor":9},{"not_picked":["hexamod:Firestarter","hexamod:RainOfEmbers"],"picked":"hexamod:ThermalTransfer","floor":10},{"not_picked":["hexamod:ExtraCrispy","hexamod:ThermalTransfer"],"picked":"hexamod:DynamicBlow","floor":11},{"not_picked":["hexamod:InspiringFlames","hexamod:BacktrackSmack"],"picked":"hexamod:SoulSteal","floor":13},{"not_picked":["hexamod:RadiantFlame","hexamod:Firestarter"],"picked":"hexamod:FourthSeal","floor":14},{"not_picked":["Bomb","hexamod:InspiringFlames"],"picked":"hexamod:SwordOfDarkness","floor":15},{"not_picked":["hexamod:GhostflameInferno","hexamod:WildfireWeapon"],"picked":"hexamod:ForkedFlame","floor":16},{"not_picked":["hexamod:SpectersWail","hexamod:GhostShield"],"picked":"hexamod:GhostLash","floor":19},{"not_picked":["hexamod:RainOfEmbers","hexamod:Firestarter","hexamod:SwordOfDarkness"],"picked":"SKIP","floor":20},{"not_picked":["hexamod:ChargedBarrage","hexamod:ExtraCrispy+1","hexamod:GhostShield+1"],"picked":"SKIP","floor":21},{"not_picked":["hexamod:FirstSeal","hexamod:Haunt"],"picked":"hexamod:SecondSeal","floor":22},{"not_picked":["hexamod:BacktrackSmack","hexamod:SpectersWail"],"picked":"hexamod:FastForward","floor":23},{"not_picked":["hexamod:SwordOfDarkness","hexamod:GhostOfSpirePast","hexamod:GhostShield"],"picked":"SKIP","floor":25},{"not_picked":["hexamod:ShieldOfDarkness","hexamod:GhostOfSpirePast"],"picked":"hexamod:RecurringNightmare+1","floor":30},{"not_picked":["hexamod:Firestarter","hexamod:SwordOfDarkness"],"picked":"hexamod:ExtraCrispy+1","floor":32},{"not_picked":["hexamod:GhostOfSpirePresent","hexamod:VolcanoVisage"],"picked":"hexamod:FifthSeal","floor":33},{"not_picked":["hexamod:AdvancingGuard","hexamod:GhostShield+1"],"picked":"hexamod:StepThrough","floor":36},{"not_picked":["hexamod:SecondSeal","hexamod:FourthSeal"],"picked":"hexamod:ThirdSeal","floor":37},{"not_picked":["hexamod:BacktrackSmack+1","hexamod:GhostflameInferno","hexamod:SpectersWail+1"],"picked":"SKIP","floor":37},{"not_picked":["hexamod:GhostLash+1","hexamod:SpectersWail"],"picked":"hexamod:HauntingEcho+1","floor":39},{"not_picked":["hexamod:FirstSeal","hexamod:ThirdSeal"],"picked":"hexamod:SixthSeal","floor":39},{"not_picked":["hexamod:ForkedFlame","hexamod:Rewind"],"picked":"hexamod:CatchUp+1","floor":40},{"not_picked":["hexamod:FastForward+1","hexamod:Rewind","hexamod:Firestarter+1"],"picked":"SKIP","floor":42},{"not_picked":["hexamod:HeatMetal+1","hexamod:ThermalTransfer+1"],"picked":"hexamod:BurningTouch+1","floor":43},{"not_picked":["hexamod:ThirdSeal","hexamod:FourthSeal"],"picked":"hexamod:FirstSeal","floor":43},{"not_picked":["hexamod:SecondSeal","hexamod:SixthSeal","hexamod:FourthSeal"],"picked":"SKIP","floor":43},{"not_picked":["hexamod:BacktrackSmack","hexamod:Hexaguard+1","hexamod:DynamicBlow+1"],"picked":"SKIP","floor":43},{"not_picked":["hexamod:GhostflameInferno","hexamod:NightmareStrike"],"picked":"hexamod:SkipABeat+1","floor":44},{"not_picked":["hexamod:BacktrackSmack","hexamod:Incineration","hexamod:PhantomCloak+1"],"picked":"SKIP","floor":45},{"not_picked":["hexamod:SkipABeat+1","hexamod:ThirdSeal"],"picked":"hexamod:EmpoweredFlame+1","floor":46},{"not_picked":["hexamod:SixthSeal","hexamod:FourthSeal","hexamod:ThirdSeal"],"picked":"SKIP","floor":49},{"not_picked":["hexamod:PhantomCloak","hexamod:CatchUp","hexamod:InspiringFlames"],"picked":"SKIP","floor":49}],"player_experience":338451,"relics_obtained":[{"floor":6,"key":"vexMod:ScavengeHelm"},{"floor":14,"key":"testmod-Antiphasic"},{"floor":23,"key":"GuppysPaw"},{"floor":24,"key":"Lantern"},{"floor":30,"key":"Kunai"},{"floor":41,"key":"GuppysTail"},{"floor":42,"key":"Dota2Spire:Satanic"},{"floor":44,"key":"hubris:SphereOfDissonance"}],"event_choices":[{"cards_removed":["downfall:Malfunctioning"],"damage_healed":0,"gold_gain":0,"player_choice":"Offered Curse","damage_taken":0,"relics_obtained":["Spirit Poop"],"max_hp_gain":0,"max_hp_loss":0,"event_name":"Bonfire Elementals","floor":4,"gold_loss":0}],"is_beta":false,"boss_relics":[{"not_picked":["hexamod:UnbrokenSoul","Tiny House"],"picked":"hubris:Backtick"},{"not_picked":[]},{"not_picked":["hubris:TerracottaHorce","vexMod:EndlessSickness"],"picked":"testmod-TimeTraveler"},{"not_picked":[]}],"items_purged_floors":[10],"is_endless":false,"potions_floor_spawned":[2,9,14,15,16,21,23,25,33,36,37,39,42,45],"ascension_level":0}}