{"host":"z34yzn8hj4ic20ef","time":1610819827,"event":{"mods":["AchievementEnabler","BaseMod","Downfall","Minty Spire (QoL Compilation)","StSLib","SuperFastMode"],"gold_per_floor":[115,40,40,63,138,174,174,198,198,212,226,252,252,295,295,386,386,407,432,455,277,202,202,218,218,271,291,291,191,214,214,214,308,308,333,354,354,379,410,410,449,449,449,449,493,506,550,265,278,278,278,278,278,278,1,34,34,34],"floor_reached":57,"language":"ENG","playtime":3313,"items_purged":["Gash","Strike_B","Zap"],"score":2050,"play_id":"06b48d94-e730-47ed-b1df-f56406a45465","local_time":"20210117025707","is_ascension_mode":true,"campfire_choices":[{"data":"Sunder","floor":7.0,"key":"SMITH"},{"data":"Beam Cell","floor":13.0,"key":"SMITH"},{"data":"Darkness","floor":15.0,"key":"SMITH"},{"data":"Hologram","floor":23.0,"key":"SMITH"},{"data":"Multi-Cast","floor":28.0,"key":"SMITH"},{"floor":32.0,"key":"REST"},{"data":"Coolheaded","floor":40.0,"key":"SMITH"},{"data":"Heatsinks","floor":42.0,"key":"SMITH"},{"data":"Meteor Strike","floor":43.0,"key":"SMITH"},{"floor":50.0,"key":"RECALL"},{"data":"Buffer","floor":54.0,"key":"SMITH"}],"circlet_count":0,"master_deck":["AscendersBane","Defend_B","Defend_B","Defend_B","Defend_B","Dualcast","Sunder+1","Conserve Battery","Cold Snap","Beam Cell+1","Hologram+1","Darkness+1","Creative AI","Heatsinks+1","Madness","Multi-Cast+1","Meteor Strike+1","Chaos+1","Coolheaded+1","Coolheaded+1","Buffer+1","Compile Driver","Redo"],"relics":["Cracked Core","NeowsBlessing","Golden Idol","HornCleat","Bronze Scales","MealTicket","Nunchaku","Snecko Eye","PreservedInsect","Nuclear Battery","Pantograph","Akabeko","Girya","Happy Flower","Boot","DataDisk","Medical Kit","OrangePellets","Toy Ornithopter"],"acts_visited":["Exordium","TheCity","TheBeyond","TheEnding"],"potions_floor_usage":[57,57],"damage_taken":[{"damage":0.0,"enemies":"Cultist","floor":1.0,"turns":1.0},{"damage":0.0,"enemies":"Jaw Worm","floor":4.0,"turns":1.0},{"damage":0.0,"enemies":"Lagavulin","floor":6.0,"turns":1.0},{"damage":3.0,"enemies":"2 Louse","floor":8.0,"turns":2.0},{"damage":6.0,"enemies":"Looter","floor":10.0,"turns":2.0},{"damage":13.0,"enemies":"Gremlin Gang","floor":11.0,"turns":3.0},{"damage":11.0,"enemies":"3 Sentries","floor":14.0,"turns":4.0},{"damage":27.0,"enemies":"Slime Boss","floor":16.0,"turns":6.0},{"damage":0.0,"enemies":"Spheric Guardian","floor":18.0,"turns":3.0},{"damage":33.0,"enemies":"Shell Parasite","floor":19.0,"turns":4.0},{"damage":0.0,"enemies":"Centurion and Healer","floor":20.0,"turns":3.0},{"damage":0.0,"enemies":"Snecko","floor":24.0,"turns":3.0},{"damage":12.0,"enemies":"Snake Plant","floor":27.0,"turns":2.0},{"damage":0.0,"enemies":"Centurion and Healer","floor":30.0,"turns":5.0},{"damage":42.0,"enemies":"Collector","floor":33.0,"turns":11.0},{"damage":11.0,"enemies":"Orb Walker","floor":35.0,"turns":3.0},{"damage":16.0,"enemies":"3 Darklings","floor":36.0,"turns":8.0},{"damage":0.0,"enemies":"Mind Bloom Boss Battle","floor":39.0,"turns":6.0},{"damage":13.0,"enemies":"Nemesis","floor":41.0,"turns":5.0},{"damage":0.0,"enemies":"Giant Head","floor":45.0,"turns":5.0},{"damage":0.0,"enemies":"Writhing Mass","floor":46.0,"turns":4.0},{"damage":0.0,"enemies":"Nemesis","floor":47.0,"turns":5.0},{"damage":0.0,"enemies":"4 Shapes","floor":49.0,"turns":3.0},{"damage":28.0,"enemies":"Time Eater","floor":51.0,"turns":10.0},{"damage":36.0,"enemies":"Donu and Deca","floor":52.0,"turns":10.0},{"damage":19,"enemies":"Shield and Spear","floor":56,"turns":4},{"damage":69,"enemies":"The Heart","floor":57,"turns":6}],"seed_played":"-7121619135737872496","potions_obtained":[{"floor":1.0,"key":"SpeedPotion"},{"floor":4.0,"key":"Regen Potion"},{"floor":19.0,"key":"Explosive Potion"},{"floor":27.0,"key":"DuplicationPotion"},{"floor":35.0,"key":"FearPotion"},{"floor":36.0,"key":"BlessingOfTheForge"},{"floor":39.0,"key":"Swift Potion"},{"floor":46.0,"key":"hexamod:SoulburnPotion"}],"is_trial":false,"path_per_floor":["M","?","?","M","?","E","R","M","T","M","M","T","R","E","R","B",null,"M","M","M","$","?","R","M","?","T","M","R","$","M","?","R","B",null,"M","M","T","T","?","R","E","R","R","T","E","M","E","$","M","R","B","B",null,"R","$","E","B"],"character_chosen":"DEFECT","items_purchased":["expansioncontent:GoopSpray","Medical Kit","OrangePellets","Redo","PowerPotion"],"campfire_rested":1,"item_purchase_floors":[21,48,55,55,55],"current_hp_per_floor":[64,64,64,64,53,53,53,50,50,44,31,31,31,20,20,8,50,50,17,17,32,32,32,32,32,32,20,20,35,35,35,54,12,51,40,24,24,24,49,49,36,36,36,36,36,36,36,51,51,51,36,25,54,54,64,45,0,0],"gold":34,"neow_bonus":"THREE_ENEMY_KILL","is_daily":false,"chose_seed":false,"campfire_upgraded":9,"win_rate":0.0,"timestamp":1610819827,"path_taken":["M","?","?","M","?","E","R","M","T","M","M","?","R","E","R","BOSS","M","M","?","$","?","R","M","?","T","M","R","$","M","?","R","BOSS","M","M","?","?","?","R","E","R","R","T","E","?","E","$","M","R","BOSS","BOSS","R","$","E","BOSS"],"items_purchased_type":["Undefined","Relic","Relic","Card","Potion"],"build_version":"2020-12-22","purchased_purges":3,"victory":false,"max_hp_per_floor":[71,71,64,64,64,64,64,64,64,64,64,64,64,64,64,64,64,64,64,64,64,64,64,64,64,64,64,64,64,64,64,64,64,64,64,64,64,64,64,64,64,64,64,64,64,64,64,64,64,64,64,64,64,64,64,64,64,64],"card_choices":[{"not_picked":["White Noise","Compile Driver"],"picked":"Sunder","floor":1.0},{"not_picked":["Force Field","Leap"],"picked":"Gash","floor":4.0},{"not_picked":["Leap","Blizzard"],"picked":"Conserve Battery","floor":6.0},{"not_picked":["Steam","Chill"],"picked":"Cold Snap","floor":8.0},{"not_picked":["FTL","Hyperbeam"],"picked":"Beam Cell","floor":10.0},{"not_picked":["Beam Cell","Cold Snap"],"picked":"Hologram","floor":11.0},{"not_picked":["Compile Driver","Heatsinks"],"picked":"Darkness","floor":14.0},{"not_picked":["Thunder Strike","Hyperbeam"],"picked":"Creative AI","floor":16.0},{"not_picked":["Rebound","Steam Power","Stack"],"picked":"SKIP","floor":18.0},{"not_picked":["Beam Cell","Cold Snap"],"picked":"Heatsinks","floor":19.0},{"not_picked":["Rebound+1","Steam Power","BootSequence+1"],"picked":"SKIP","floor":20.0},{"not_picked":["Leap+1","Chill","Cold Snap"],"picked":"SKIP","floor":24.0},{"not_picked":["Ball Lightning","Thunder Strike","Genetic Algorithm"],"picked":"SKIP","floor":27.0},{"not_picked":["Leap","Reprogram+1","Static Discharge"],"picked":"SKIP","floor":30.0},{"not_picked":["Electrodynamics","Multi-Cast"],"picked":"Meteor Strike","floor":33.0},{"not_picked":["Force Field","Compile Driver"],"picked":"Chaos+1","floor":35.0},{"not_picked":["Beam Cell","Stack"],"picked":"Coolheaded","floor":36.0},{"not_picked":["Melter","Cold Snap"],"picked":"Coolheaded+1","floor":41.0},{"not_picked":["Tempest+1","Go for the Eyes"],"picked":"Buffer","floor":45.0},{"not_picked":["Auto Shields+1","Scrape+1"],"picked":"Compile Driver","floor":46.0},{"not_picked":["Rebound","Chill","Stack+1"],"picked":"SKIP","floor":47.0},{"not_picked":["Undo","Go for the Eyes","Hologram"],"picked":"SKIP","floor":49.0},{"not_picked":["Steam","Blizzard","Genetic Algorithm"],"picked":"SKIP","floor":56}],"player_experience":855582,"relics_obtained":[{"floor":6.0,"key":"HornCleat"},{"floor":9.0,"key":"Bronze Scales"},{"floor":12.0,"key":"MealTicket"},{"floor":14.0,"key":"Nunchaku"},{"floor":26.0,"key":"PreservedInsect"},{"floor":37.0,"key":"Pantograph"},{"floor":38.0,"key":"Akabeko"},{"floor":39.0,"key":"Girya"},{"floor":41.0,"key":"Happy Flower"},{"floor":45.0,"key":"Boot"},{"floor":47.0,"key":"DataDisk"},{"floor":56,"key":"Toy Ornithopter"}],"event_choices":[{"cards_removed":["Strike_B"],"damage_healed":0.0,"max_hp_gain":0.0,"max_hp_loss":0.0,"gold_gain":0.0,"event_name":"The Cleric","player_choice":"Card Removal","floor":2.0,"gold_loss":75.0,"damage_taken":0.0},{"damage_healed":0.0,"max_hp_gain":0.0,"max_hp_loss":7.0,"gold_gain":0.0,"event_name":"Golden Idol","player_choice":"Lose Max HP","floor":3.0,"gold_loss":0.0,"damage_taken":0.0,"relics_obtained":["Golden Idol"]},{"damage_healed":0.0,"max_hp_gain":0.0,"max_hp_loss":0.0,"gold_gain":75.0,"event_name":"World of Goop","player_choice":"Gather Gold","floor":5.0,"gold_loss":0.0,"damage_taken":11.0},{"cards_removed":["Strike_B"],"damage_healed":0.0,"max_hp_gain":0.0,"max_hp_loss":0.0,"gold_gain":0.0,"event_name":"Beggar","player_choice":"Gave Gold","floor":22.0,"gold_loss":75.0,"damage_taken":0.0},{"damage_healed":0.0,"max_hp_gain":0.0,"max_hp_loss":0.0,"gold_gain":0.0,"event_name":"The Library","player_choice":"Read","floor":25.0,"gold_loss":0.0,"damage_taken":0.0,"cards_obtained":["Multi-Cast"]},{"cards_removed":["Strike_B"],"damage_healed":0.0,"max_hp_gain":0.0,"max_hp_loss":0.0,"gold_gain":0.0,"event_name":"Bonfire Elementals","player_choice":"Offered Basic","floor":31.0,"gold_loss":0.0,"damage_taken":0.0},{"damage_healed":0.0,"max_hp_gain":0.0,"max_hp_loss":0.0,"gold_gain":0.0,"event_name":"MindBloom","player_choice":"Fight","floor":39.0,"gold_loss":0.0,"damage_taken":0.0}],"is_beta":false,"boss_relics":[{"not_picked":["Inserter","Empty Cage"],"picked":"Snecko Eye"},{"not_picked":["Velvet Choker","SlaversCollar"],"picked":"Nuclear Battery"}],"items_purged_floors":[21,29,48],"is_endless":false,"potions_floor_spawned":[1,4,8,14,19,27,35,36,39,46],"killed_by":"The Heart","ascension_level":20}}