{"host":"l84l8xigz5v5foa2","time":1610806563,"event":{"mods":["2.2 Compatiblity","AchievementEnabler","BaseMod","Better Note","Better Vampires","Card Filter","Colored Map","DeckTracker","Downfall","Gremlin Skip","Highlight Path","Keyboard Shortcuts","Minty Spire (QoL Compilation)","Permanent Neow","Quick Restart","Relic Filter","Relic Stats","StSLib","SuperFastMode","Transform Curses","Unknown Chances"],"gold_per_floor":[99,117,117,21,21,51,51,51,63,63,94,94,94,112,131,205,205,5,18,37,53,71,97,123,23,35,48,82,17,17,40,56,129,129,129,149,166,166,166,98,98,98,111,164,179,26,42,77,88,88,88,114,8,8,8,8,8,8],"floor_reached":56,"language":"ENG","playtime":5135,"items_purged":["Guardian:Strike_Guardian","Guardian:Strike_Guardian"],"score":1583,"play_id":"edff5906-0673-4a50-9ee9-cbfc96964a1b","local_time":"20210116231603","is_ascension_mode":true,"campfire_choices":[{"data":"Guardian:TwinSlam","floor":1.0,"key":"SMITH"},{"data":"Guardian:Preprogram","floor":10.0,"key":"SMITH"},{"floor":13.0,"key":"RECALL"},{"data":"Guardian:BaubleBeam","floor":18.0,"key":"SMITH"},{"data":"Guardian:TemporalShield","floor":25,"key":"SMITH"},{"data":"Guardian:PolyBeam","floor":30,"key":"SMITH"},{"data":"Guardian:TimeCapacitor","floor":35,"key":"SMITH"},{"data":"Guardian:Suspension","floor":42,"key":"SMITH"},{"data":"Guardian:DonusPower","floor":54,"key":"SMITH"}],"circlet_count":0,"master_deck":["AscendersBane","Guardian:Defend_Guardian","Guardian:Defend_Guardian","Guardian:Defend_Guardian","Guardian:Defend_Guardian","Guardian:CurlUp","Guardian:TwinSlam+1","Guardian:BronzeOrb","Guardian:Preprogram+1","Guardian:TemporalShield+1","Guardian:Reroute","Guardian:SentryBeam","Guardian:BaubleBeam+1","Guardian:ShieldSpikes","Guardian:TimeCapacitor+1","Guardian:SentryBeam+1","Guardian:Suspension+1","Guardian:Recover+1","Guardian:FloatingOrbs","Guardian:PolyBeam+1","Guardian:PrimingBeam","Guardian:Orbwalk","expansioncontent:Chronoboost","Guardian:Suspension+1","Flash of Steel","Mayhem","Guardian:FuturePlans","Guardian:DonusPower+1","Guardian:Incinerate"],"relics":["expansioncontent:StudyCardRelic","Pen Nib","Letter Opener","Guardian:SackOfGems","Coffee Dripper","downfall:HeartBlessingRed","downfall:HeartBlessingBlue","Pocketwatch","Dream Catcher","downfall:HeartBlessingGreen","Omamori","Tiny Chest","sneckomod:SneckoTalon","Boot","MealTicket","Guardian:StasisCodex","Akabeko"],"acts_visited":["Exordium","TheCity","TheBeyond","TheEnding"],"potions_floor_usage":[23,28,28,43,43,50,50,55,56],"damage_taken":[{"damage":1.0,"enemies":"2 Louse","floor":2.0,"turns":3.0},{"damage":5.0,"enemies":"downfall:FleeingMerchant","floor":4.0,"turns":4.0},{"damage":20.0,"enemies":"Lagavulin","floor":6.0,"turns":9.0},{"damage":0.0,"enemies":"Small Slimes","floor":9.0,"turns":2.0},{"damage":0.0,"enemies":"3 Sentries","floor":11.0,"turns":5.0},{"damage":0.0,"enemies":"Jaw Worm","floor":14.0,"turns":3.0},{"damage":0.0,"enemies":"Large Slime","floor":15.0,"turns":4.0},{"damage":21.0,"enemies":"DF_ARCHETYPE_STREAMLINE","floor":16.0,"turns":10.0},{"damage":4.0,"enemies":"Chosen","floor":19.0,"turns":3.0},{"damage":0.0,"enemies":"Sentry and Sphere","floor":20.0,"turns":3.0},{"damage":0.0,"enemies":"3 Cultists","floor":21.0,"turns":4.0},{"damage":8.0,"enemies":"Snecko","floor":22.0,"turns":4.0},{"damage":0,"enemies":"Book of Stabbing","floor":23,"turns":4},{"damage":0,"enemies":"Snake Plant","floor":26,"turns":2},{"damage":3,"enemies":"Shelled Parasite and Fungi","floor":27,"turns":3},{"damage":0,"enemies":"Slavers","floor":28,"turns":4},{"damage":0,"enemies":"downfall:FleeingMerchant","floor":29,"turns":4},{"damage":1,"enemies":"3 Cultists","floor":32,"turns":4},{"damage":4,"enemies":"SI_MIRROR_ARCHETYPE","floor":33,"turns":11},{"damage":0,"enemies":"3 Darklings","floor":36,"turns":4},{"damage":0,"enemies":"Orb Walker","floor":37,"turns":3},{"damage":0,"enemies":"downfall:FleeingMerchant","floor":40,"turns":2},{"damage":12,"enemies":"3 Darklings","floor":43,"turns":5},{"damage":12,"enemies":"Sphere and 2 Shapes","floor":45,"turns":5},{"damage":10,"enemies":"4 Shapes","floor":47,"turns":2},{"damage":8,"enemies":"Nemesis","floor":48,"turns":5},{"damage":0,"enemies":"Maw","floor":49,"turns":6},{"damage":42,"enemies":"WA_ARCHETYPE_DIVINITY","floor":50,"turns":14},{"damage":32,"enemies":"downfall:CharBossMerchant","floor":52,"turns":7},{"damage":24,"enemies":"downfall:NeowBoss","floor":55,"turns":10},{"damage":37,"enemies":"downfall:NeowBossFinal","floor":56,"turns":5}],"seed_played":"5375813895548242330","potions_obtained":[{"floor":6.0,"key":"BlessingOfTheForge"},{"floor":9.0,"key":"BlessingOfTheForge"},{"floor":11.0,"key":"Guardian:AcceleratePotion"},{"floor":20.0,"key":"Strength Potion"},{"floor":22,"key":"Explosive Potion"},{"floor":27,"key":"Swift Potion"},{"floor":28,"key":"Fire Potion"},{"floor":32,"key":"Fire Potion"},{"floor":45,"key":"EssenceOfSteel"}],"is_trial":false,"path_per_floor":["R","M","?","$","?","E","T","T","M","R","E","?","R","M","M","B",null,"R","M","M","M","M","E","T","R","M","M","E","$","R","T","M","B",null,"R","M","M","?","?","$","T","R","M","T","M","$","M","E","M","B",null,"E","$","R","B","B"],"character_chosen":"GUARDIAN","items_purchased":["Guardian:Preprogram","Guardian:PrimingBeam","Flash of Steel","Mayhem","Dexterity Potion","sneckomod:MuddlingPotion","SkillPotion"],"campfire_rested":0,"item_purchase_floors":[4,29,40,40,46,53,53],"current_hp_per_floor":[65,64,64,59,59,39,39,39,39,39,39,39,39,39,39,18,59,69,65,65,65,57,57,57,57,57,54,54,54,54,54,53,49,74,74,74,74,74,74,74,74,74,62,62,50,65,55,47,47,5,63,31,46,46,22,0,0,0],"gold":8,"neow_bonus":"BOSS_RELIC","is_daily":false,"chose_seed":false,"campfire_upgraded":8,"win_rate":0.0,"timestamp":1610806563,"path_taken":["R","M","?","$","?","E","T","?","M","R","E","?","R","M","M","BOSS","R","M","M","M","M","E","T","R","M","M","E","$","R","?","M","BOSS","R","M","M","?","?","?","T","R","M","?","?","?","M","E","M","BOSS","E","$","R","BOSS","BOSS"],"items_purchased_type":["Card","Card","Card","Card","Potion","Potion","Potion"],"build_version":"2020-12-22","purchased_purges":2,"victory":false,"max_hp_per_floor":[72,72,72,72,72,72,72,72,72,72,72,72,72,72,72,72,72,82,82,82,82,82,82,82,82,82,82,82,82,82,82,82,82,82,82,82,82,82,82,82,82,82,82,82,82,82,82,82,82,82,82,82,82,82,82,82,82,82],"relic_stats":{"Dream Catcher":0,"counters":[31,154],"Tiny Chest":1,"MealTicket":30,"Pen Nib":[42],"Letter Opener":[471],"Boot":[64],"obtain_stats":[{"downfall:HeartBlessingRed":18,"Guardian:ModeShifter":0,"Guardian:SackOfGems":11,"downfall:HeartBlessingGreen":25,"Guardian:StasisCodex":48,"Pen Nib":6,"expansioncontent:StudyCardRelic":0,"Omamori":28,"Letter Opener":8,"sneckomod:SneckoTalon":34,"Boot":41,"Akabeko":52,"Dream Catcher":24,"downfall:HeartBlessingBlue":18,"Tiny Chest":31,"MealTicket":44,"Coffee Dripper":17,"Pocketwatch":23},{"downfall:HeartBlessingRed":8,"Guardian:ModeShifter":0,"Guardian:SackOfGems":5,"downfall:HeartBlessingGreen":13,"Guardian:StasisCodex":26,"Pen Nib":3,"expansioncontent:StudyCardRelic":0,"Omamori":16,"Letter Opener":3,"sneckomod:SneckoTalon":19,"Boot":22,"Akabeko":29,"Dream Catcher":13,"downfall:HeartBlessingBlue":8,"Tiny Chest":17,"MealTicket":23,"Coffee Dripper":8,"Pocketwatch":13},{"downfall:HeartBlessingRed":40,"Guardian:ModeShifter":0,"Guardian:SackOfGems":23,"downfall:HeartBlessingGreen":58,"Guardian:StasisCodex":112,"Pen Nib":16,"expansioncontent:StudyCardRelic":0,"Omamori":67,"Letter Opener":16,"sneckomod:SneckoTalon":86,"Boot":95,"Akabeko":139,"Dream Catcher":58,"downfall:HeartBlessingBlue":40,"Tiny Chest":71,"MealTicket":100,"Coffee Dripper":40,"Pocketwatch":58}],"Pocketwatch":[6]},"card_choices":[{"not_picked":["Guardian:TemporalStrike","Guardian:Reroute"],"picked":"Guardian:Gem_Yellow","floor":2.0},{"not_picked":["Guardian:Gem_Cyan","Guardian:ConstructionForm"],"picked":"Guardian:BronzeOrb","floor":4.0},{"not_picked":["Guardian:ShieldCharger","Guardian:ChargeCore"],"picked":"Guardian:TemporalShield","floor":6.0},{"not_picked":["Guardian:ChargeUp","Guardian:Gem_Green"],"picked":"Guardian:Gem_Red","floor":9.0},{"not_picked":["Guardian:ConstructionForm","Guardian:TimeBomb"],"picked":"Guardian:Reroute","floor":11.0},{"not_picked":["Guardian:Repulse","Guardian:ArmoredProtocol"],"picked":"Guardian:SentryBeam","floor":14.0},{"not_picked":["Guardian:CrystalBeam","Guardian:Gem_Red","Guardian:Gem_Cyan"],"picked":"SKIP","floor":15.0},{"not_picked":["Guardian:GemFinder","Guardian:TimeSifter"],"picked":"Guardian:BaubleBeam","floor":16.0},{"not_picked":["Guardian:Gem_Red","Guardian:ArmoredProtocol"],"picked":"Guardian:ShieldSpikes","floor":19.0},{"not_picked":["Guardian:SentryBeam","Guardian:FuturePlans"],"picked":"Guardian:TimeCapacitor","floor":20.0},{"not_picked":["Guardian:Gem_Yellow","Guardian:TemporalShield"],"picked":"Guardian:SentryBeam+1","floor":21.0},{"not_picked":["Guardian:Orbwalk","Guardian:BodySlam"],"picked":"Guardian:Suspension+1","floor":22},{"not_picked":["Guardian:Gem_Blue","Guardian:Reroute"],"picked":"Guardian:Gem_White","floor":23},{"not_picked":["Guardian:TemporalStrike","Guardian:GuardianWhirl","Guardian:Suspension"],"picked":"SKIP","floor":26},{"not_picked":["Guardian:Gem_Fragmented","Guardian:PrimingBeam"],"picked":"Guardian:Recover+1","floor":27},{"not_picked":["Guardian:ShieldCharger","Guardian:ConstructionForm"],"picked":"Guardian:FloatingOrbs","floor":28},{"not_picked":["Guardian:SentryBeam","Guardian:CrystalBeam"],"picked":"Guardian:PolyBeam","floor":29},{"not_picked":["Guardian:PrimingBeam","Guardian:WalkerClaw","Guardian:Planning"],"picked":"SKIP","floor":32},{"not_picked":["Guardian:StasisStrike","Guardian:Gem_Orange"],"picked":"Guardian:Gem_Synthetic","floor":33},{"not_picked":["Guardian:Planning","Guardian:Suspension","Guardian:Gem_Green"],"picked":"SKIP","floor":36},{"not_picked":["Guardian:EvasiveProtocol","Guardian:WalkerClaw"],"picked":"Guardian:Orbwalk","floor":37},{"not_picked":["expansioncontent:Hexaburn","expansioncontent:AwakenDeath"],"picked":"expansioncontent:Chronoboost","floor":38},{"not_picked":["Guardian:CrystalBeam","Guardian:PrismaticBarrier"],"picked":"Guardian:Suspension","floor":40},{"not_picked":["Guardian:Suspension","Guardian:ChargeCore+1"],"picked":"Guardian:FuturePlans","floor":43},{"not_picked":["Guardian:Incinerate","Guardian:CrystalBeam+1","Guardian:Recover"],"picked":"SKIP","floor":45},{"not_picked":["Guardian:ShieldCharger","Guardian:Gem_Green"],"picked":"Guardian:DonusPower","floor":47},{"not_picked":["Guardian:Suspension","Guardian:HyperBeam_Guardian","Guardian:Incinerate"],"picked":"SKIP","floor":48},{"not_picked":["Guardian:VentSteam","Guardian:RollAttack","Guardian:Reroute+1"],"picked":"SKIP","floor":49},{"not_picked":["Guardian:Gem_Crimson","Guardian:ShieldCharger"],"picked":"Guardian:Incinerate","floor":52}],"player_experience":3277301,"relics_obtained":[{"floor":6.0,"key":"Pen Nib"},{"floor":8.0,"key":"Letter Opener"},{"floor":11.0,"key":"Guardian:SackOfGems"},{"floor":23,"key":"Pocketwatch"},{"floor":24,"key":"Dream Catcher"},{"floor":28,"key":"Omamori"},{"floor":31,"key":"Tiny Chest"},{"floor":41,"key":"Boot"},{"floor":44,"key":"MealTicket"},{"floor":48,"key":"Guardian:StasisCodex"},{"floor":52,"key":"Akabeko"}],"event_choices":[{"damage_healed":0.0,"max_hp_gain":0.0,"max_hp_loss":0.0,"gold_gain":0.0,"event_name":"Lab","player_choice":"Got Potions","floor":12.0,"gold_loss":0.0,"damage_taken":0.0}],"is_beta":false,"boss_relics":[{"not_picked":["Sozu","Guardian:StasisSlotReductionRelic"],"picked":"Coffee Dripper"},{"not_picked":["Fusion Hammer","SlaversCollar"],"picked":"sneckomod:SneckoTalon"}],"items_purged_floors":[40,46],"is_endless":false,"potions_floor_spawned":[6,9,11,20,22,27,28,32,33,36,45,48],"killed_by":"downfall:NeowBossFinal","ascension_level":20}}