{"host":"9pqy5lt7vda52ebm","time":1610764830,"event":{"mods":["BaseMod","Fox Events","Minty Spire (QoL Compilation)","Optimize The Spire","Quick Restart","StSLib","TheWitcher"],"gold_per_floor":[127,148,184,13,13,13,13],"floor_reached":6,"language":"ENG","playtime":754,"items_purged":["SnafuTest:DefaultCommonAttack"],"score":45,"play_id":"3472490c-30b2-4fcd-882b-906e72f79cf9","local_time":"20210115214030","is_ascension_mode":true,"campfire_choices":[],"circlet_count":0,"master_deck":["SnafuTest:DefaultCommonAttack","SnafuTest:BountyHunt","SnafuTest:DefaultCommonSkill","SnafuTest:DefaultCommonSkill","SnafuTest:DefaultCommonSkill","SnafuTest:SignAard","SnafuTest:PayBank","SnafuTest:RecklessBlow","SnafuTest:Kick"],"relics":["SnafuTest:UnstableMutagenRelic"],"acts_visited":["Exordium"],"potions_floor_usage":[],"damage_taken":[{"damage":1,"enemies":"Cultist","floor":1,"turns":4},{"damage":0,"enemies":"Jaw Worm","floor":2,"turns":4},{"damage":1,"enemies":"Small Slimes","floor":3,"turns":5},{"damage":0,"enemies":"Lagavulin","floor":6,"turns":1}],"seed_played":"-1375985854038326452","potions_obtained":[{"floor":1,"key":"DuplicationPotion"}],"is_trial":false,"path_per_floor":["M","M","M","$","?","E"],"character_chosen":"THE_WITCHER","items_purchased":["SnafuTest:RecklessBlow","SnafuTest:Kick"],"campfire_rested":0,"item_purchase_floors":[4,4],"current_hp_per_floor":[81,81,80,80,73,73,73],"gold":13,"neow_bonus":"TEN_PERCENT_HP_BONUS","is_daily":false,"chose_seed":false,"campfire_upgraded":0,"win_rate":0.0,"timestamp":1610764830,"path_taken":["M","M","M","$","?","E"],"items_purchased_type":["Card","Card"],"build_version":"2020-12-22","purchased_purges":1,"victory":false,"max_hp_per_floor":[82,82,82,82,82,82,82],"card_choices":[{"not_picked":["SnafuTest:CareTaker","SnafuTest:SwiftAssault"],"picked":"SnafuTest:PayBank","floor":1},{"not_picked":["SnafuTest:ShoulderSlam","SnafuTest:BombMoonDust","SnafuTest:FlashingEvasion"],"picked":"SKIP","floor":2},{"not_picked":["SnafuTest:SwiftAssault","SnafuTest:TrackingSense","SnafuTest:BattleCry"],"picked":"SKIP","floor":3}],"player_experience":389868,"relics_obtained":[],"event_choices":[{"cards_removed":["SnafuTest:DefaultCommonAttack"],"damage_healed":0,"gold_gain":0,"player_choice":"Card Removal","damage_taken":7,"max_hp_gain":0,"max_hp_loss":0,"event_name":"Golden Wing","floor":5,"gold_loss":0}],"is_beta":false,"boss_relics":[],"items_purged_floors":[4],"is_endless":false,"potions_floor_spawned":[1],"killed_by":"Lagavulin","ascension_level":5}}