{"host":"l6xyv3lwc9bjgrrs","time":1610786909,"event":{"mods":["BaseMod","BetterRewards","Colored Map","Colored Powertips","Duelist Mod","Googly Eyes","Highlight Path","Hubris","Infinite Spire","Koishi","Marisa????????","Minty Spire (QoL Compilation)","READ ME - Guardian Mod","READ ME - Snecko Mod","Remilia??????","Shop Mod","StSLib","SuperFastMode","The Animator","The Disciple","The Jungle","The Necromancer","The Poker Player","The Servant 0.9.4"],"gold_per_floor":[9999999,10000018,9998843,9998843,9998843,9998843,9998859,9998959,9999039,9999052,9998255,9998286,9998286,9998330,9998330,9998455,9998455,9998469,9997213,9997238,9997256,9997274,9997274,9997312,9996584,9996584,9996584,9996597,9996597,9996612,9996612,9996612,9996740,9996740,9996761,9996824,9996844,9996862,9996363,9996399,9995953,9995953,9995953,9995994,9996008,9996047,9996047,9996072,9996072,9996072],"floor_reached":51,"language":"ENG","playtime":2047,"items_purged":["Defend_R","Defend_R","Defend_R","Defend_R","Strike_R","Strike_R"],"score":1296,"play_id":"806ad2c0-8ae6-40cc-a7d7-c52233ca0bd7","local_time":"20210116194829","is_ascension_mode":true,"campfire_choices":[{"data":"True Grit","floor":6.0,"key":"SMITH"},{"data":"Heavy Blade","floor":13.0,"key":"SMITH"},{"data":"Entrench","floor":15.0,"key":"SMITH"},{"data":"Limit Break","floor":23.0,"key":"SMITH"},{"data":"True Grit","floor":27.0,"key":"SMITH"},{"data":"Double Tap","floor":29.0,"key":"SMITH"},{"data":"Bash","floor":32.0,"key":"SMITH"},{"floor":42.0,"key":"RECALL"},{"data":"Secret Weapon","floor":47.0,"key":"SMITH"},{"data":"Offering","floor":49.0,"key":"SMITH"}],"circlet_count":0,"master_deck":["Strike_R","Strike_R","Strike_R+1","Bash+1","True Grit+1","Finesse","Berserk+1","Shrug It Off","Impervious","Secret Weapon+1","True Grit+1","Entrench+1","Inflame","Heavy Blade+1","Clash","Corruption","Limit Break+1","Madness","Clash","Thinking Ahead","Inflame","Heavy Blade+1","Clash","Offering+1","Double Tap+1","Headbutt+1","Berserk","Heavy Blade+1","Sword Boomerang+1","Thinking Ahead","Dropkick+1","Mind Blast+1","Dropkick+1"],"relics":["Burning Blood","Torii","StoneCalendar","StrikeDummy","Orrery","Golden Idol","Mummified Hand","Bronze Scales","Brimstone","Turnip","Bottled Tornado","Philosopher\u0027s Stone","Centennial Puzzle","Self Forming Clay","ClockworkSouvenir","Gambling Chip","Molten Egg 2","Shuriken","Membership Card","FossilizedHelix","MutagenicStrength","Coffee Dripper","Magic Flower","Juzu Bracelet","Ice Cream","HandDrill","Calipers","Red Skull","CaptainsWheel","PrismaticShard","Oddly Smooth Stone","Mercury Hourglass","Frozen Egg 2"],"acts_visited":[],"potions_floor_usage":[],"damage_taken":[{"damage":12.0,"enemies":"Jaw Worm","floor":1.0,"turns":3.0},{"damage":0.0,"enemies":"Small Slimes","floor":2.0,"turns":3.0},{"damage":1.0,"enemies":"Cultist","floor":7.0,"turns":3.0},{"damage":12.0,"enemies":"Blue Slaver","floor":10.0,"turns":3.0},{"damage":32.0,"enemies":"3 Sentries","floor":12.0,"turns":6.0},{"damage":18.0,"enemies":"Gremlin Nob","floor":14.0,"turns":2.0},{"damage":4971.0,"enemies":"Hexaghost","floor":16.0,"turns":5.0},{"damage":0.0,"enemies":"Chosen","floor":18.0,"turns":2.0},{"damage":17.0,"enemies":"3 Byrds","floor":20.0,"turns":3.0},{"damage":19.0,"enemies":"Centurion and Healer","floor":21.0,"turns":3.0},{"damage":1.0,"enemies":"3 Cultists","floor":22.0,"turns":3.0},{"damage":6.0,"enemies":"Gremlin Leader","floor":24.0,"turns":4.0},{"damage":0.0,"enemies":"Snecko","floor":28.0,"turns":3.0},{"damage":14.0,"enemies":"Shelled Parasite and Fungi","floor":30.0,"turns":2.0},{"damage":32.0,"enemies":"Automaton","floor":33.0,"turns":3.0},{"damage":0.0,"enemies":"3 Shapes","floor":35.0,"turns":2.0},{"damage":29.0,"enemies":"2 Orb Walkers","floor":36.0,"turns":3.0},{"damage":0.0,"enemies":"Orb Walker","floor":37.0,"turns":1.0},{"damage":0.0,"enemies":"Maw","floor":38.0,"turns":4.0},{"damage":13.0,"enemies":"Giant Head","floor":40.0,"turns":3.0},{"damage":0.0,"enemies":"Nemesis","floor":44.0,"turns":3.0},{"damage":11.0,"enemies":"3 Darklings","floor":45.0,"turns":2.0},{"damage":11.0,"enemies":"Reptomancer","floor":46.0,"turns":2.0},{"damage":0.0,"enemies":"Sphere and 2 Shapes","floor":48.0,"turns":3.0},{"damage":61,"enemies":"Time Eater","floor":50,"turns":5}],"seed_played":"-1655245815141118134","potions_obtained":[{"floor":1.0,"key":"PowerPotion"}],"is_trial":false,"path_per_floor":["M","M","$","?","?","R","M","?","T","M","$","E","R","E","R","B",null,"M","$","M","M","M","R","E","$","T","R","M","R","M","?","R","B",null,"M","?","M","M","$","E","$","R","T","E","M","E","R","M","R","B",null],"character_chosen":"IRONCLAD","items_purchased":["StoneCalendar","StrikeDummy","Finesse","ColorlessPotion","LiquidMemories","Orrery","Secret Weapon","Mummified Hand","Bronze Scales","Brimstone","Entrench","Inflame","Centennial Puzzle","Self Forming Clay","ClockworkSouvenir","BloodPotion","Limit Break","Madness","Clash","Thinking Ahead","Inflame","Molten Egg 2","Shuriken","Membership Card","Juzu Bracelet","Ice Cream","HandDrill","BloodPotion","Thinking Ahead","Red Skull","CaptainsWheel","PrismaticShard","Mind Blast+1"],"campfire_rested":0,"item_purchase_floors":[3,3,3,3,3,3,3,11,11,11,11,11,19,19,19,19,19,19,19,19,19,25,25,25,39,39,39,39,39,41,41,41,41],"current_hp_per_floor":[74,80,80,64,64,64,9999,9999,9999,9993,9993,9967,9967,9955,9955,4990,8747,8753,8753,8742,8729,8734,8734,8734,8734,8734,8734,8740,8740,8732,8732,8732,8706,9676,9682,9659,9668,9677,9677,9673,9673,9673,9673,9682,9680,9678,9678,9687,9687,9635],"gold":9996072,"neow_bonus":"ONE_RARE_RELIC","is_daily":false,"chose_seed":false,"campfire_upgraded":9,"win_rate":0.0,"timestamp":1610786909,"path_taken":["M","M","$","?","?","R","M","?","T","M","$","E","R","E","R","BOSS","M","$","M","M","M","R","E","$","T","R","?","R","M","?","R","BOSS","M","?","M","M","$","E","$","R","T","E","M","E","R","M","R","BOSS"],"items_purchased_type":["Relic","Relic","Card","Potion","Potion","Relic","Card","Relic","Relic","Relic","Card","Card","Relic","Relic","Relic","Potion","Card","Card","Card","Card","Card","Relic","Relic","Relic","Relic","Relic","Relic","Potion","Card","Relic","Relic","Relic","Card"],"build_version":"2020-12-22","purchased_purges":6,"victory":true,"max_hp_per_floor":[80,80,80,80,9999,9999,9999,9999,9999,9999,9999,9999,9999,9999,9999,9999,9999,9999,9999,9999,9999,9999,9999,9999,9999,9999,9999,9999,9999,9999,9999,9999,9999,9999,9999,9999,9999,9999,9999,9999,9999,9999,9999,9999,9999,9999,9999,9999,9999,9999],"card_choices":[{"not_picked":["Ghostly Armor","Battle Trance"],"picked":"True Grit","floor":1.0},{"not_picked":["Sword Boomerang","Ghostly Armor","Second Wind"],"picked":"SKIP","floor":2.0},{"not_picked":["Fire Breathing","Rupture"],"picked":"Berserk","floor":3.0},{"not_picked":["Pommel Strike","Flex"],"picked":"Shrug It Off","floor":3.0},{"not_picked":["Burning Pact","Headbutt"],"picked":"Impervious","floor":3.0},{"not_picked":["Battle Trance","Anger"],"picked":"True Grit","floor":7.0},{"not_picked":["Heavy Blade","Intimidate","Iron Wave"],"picked":"SKIP","floor":10.0},{"not_picked":["Spot Weakness","Iron Wave"],"picked":"Heavy Blade","floor":12.0},{"not_picked":["Iron Wave","Thunderclap"],"picked":"Clash","floor":14.0},{"not_picked":["Immolate","Juggernaut"],"picked":"Corruption","floor":16.0},{"not_picked":["Spot Weakness","Thunderclap","Iron Wave"],"picked":"SKIP","floor":18.0},{"not_picked":["Warcry+1","Body Slam+1"],"picked":"Heavy Blade+1","floor":20.0},{"not_picked":["Sword Boomerang+1","Flex+1"],"picked":"Clash","floor":21.0},{"not_picked":["Pommel Strike","Body Slam+1"],"picked":"Offering","floor":22.0},{"not_picked":["Whirlwind","Cleave"],"picked":"Double Tap","floor":24.0},{"not_picked":["Shrug It Off+1","Armaments"],"picked":"Headbutt+1","floor":28.0},{"not_picked":["Dual Wield","Seeing Red","Perfected Strike+1"],"picked":"SKIP","floor":30.0},{"not_picked":["Juggernaut","Offering"],"picked":"Berserk","floor":33.0},{"not_picked":["Iron Wave+1","Body Slam+1","Burning Pact+1"],"picked":"SKIP","floor":35.0},{"not_picked":["Warcry","Wild Strike+1"],"picked":"Heavy Blade+1","floor":37.0},{"not_picked":["Armaments+1","Iron Wave+1"],"picked":"Sword Boomerang+1","floor":38.0},{"not_picked":["Whirlwind+1","Fire Breathing"],"picked":"Dropkick+1","floor":40.0},{"not_picked":["Carnage+1","Second Wind+1","Twin Strike+1"],"picked":"SKIP","floor":44.0},{"not_picked":["Dagger Spray+1","Lockon+1","Compile Driver+1"],"picked":"SKIP","floor":45.0},{"not_picked":["Anger+1","Reboot"],"picked":"Dropkick+1","floor":46.0},{"not_picked":["Deflect+1","Jack Of All Trades","Bane+1"],"picked":"SKIP","floor":48.0}],"player_experience":111691,"relics_obtained":[{"floor":12.0,"key":"Turnip"},{"floor":14.0,"key":"Bottled Tornado"},{"floor":24.0,"key":"Gambling Chip"},{"floor":26.0,"key":"FossilizedHelix"},{"floor":36.0,"key":"Magic Flower"},{"floor":40.0,"key":"Calipers"},{"floor":43.0,"key":"Oddly Smooth Stone"},{"floor":44.0,"key":"Mercury Hourglass"},{"floor":46.0,"key":"Frozen Egg 2"}],"event_choices":[{"damage_healed":0.0,"max_hp_gain":0.0,"max_hp_loss":0.0,"gold_gain":0.0,"event_name":"Shining Light","player_choice":"Entered Light","floor":4.0,"gold_loss":0.0,"damage_taken":16.0,"cards_upgraded":["Strike_R","Berserk"]},{"damage_healed":0.0,"max_hp_gain":0.0,"max_hp_loss":6.0,"gold_gain":0.0,"event_name":"Golden Idol","player_choice":"Lose Max HP","floor":5.0,"gold_loss":0.0,"damage_taken":0.0,"relics_obtained":["Golden Idol"]},{"damage_healed":0.0,"max_hp_gain":0.0,"max_hp_loss":0.0,"gold_gain":100.0,"event_name":"Golden Shrine","player_choice":"Pray","floor":8.0,"gold_loss":0.0,"damage_taken":0.0},{"damage_healed":0.0,"max_hp_gain":0.0,"max_hp_loss":0.0,"gold_gain":0.0,"event_name":"Drug Dealer","player_choice":"Inject Mutagens","floor":31.0,"gold_loss":0.0,"damage_taken":0.0,"relics_obtained":["MutagenicStrength"]},{"damage_healed":0.0,"max_hp_gain":0.0,"max_hp_loss":0.0,"gold_gain":0.0,"event_name":"Mysterious Sphere","player_choice":"Fight","floor":36.0,"gold_loss":0.0,"damage_taken":0.0}],"is_beta":false,"boss_relics":[{"not_picked":["Busted Crown","Runic Pyramid"],"picked":"Philosopher\u0027s Stone"},{"not_picked":["Runic Cube","Cursed Key"],"picked":"Coffee Dripper"}],"items_purged_floors":[3,11,19,25,39,41],"is_endless":false,"potions_floor_spawned":[1,10,18,28,33,36,37,44],"ascension_level":9}}