{"host":"yxwl91n21ge0donf","time":1610764965,"event":{"mods":["100% Spire Juice","AlwaysNeverKeys","Arknights The Spire","BaseMod","Custom Start","Decade(王小明)","Gold Saver","HololiveMod","Minty Spire (QoL Compilation)","Permanent Neow","Poor People Problems","Prisma Mod","Relic Filter","Remove Card Discount Mod","StSLib","Swap Starting Deck Mod","The Alterego","The Dragon Tamer","The Marked","UnlockEverythingMod","【遗物卡牌】REMEMod","篝火指南"],"gold_per_floor":[119,136,156,75,91,91,118,118,118,118,128,162,162,174,174,274,274,288,307,307,307,322,357,357,101,127,155,170,170,229,289,289,434,434,465,465,525,297,297,366,366,290,290,310,336,361,361,383,383,407,407,407,405,456,501],"floor_reached":56,"language":"ZHS","playtime":4956,"items_purged":["FormRideDragon","Blade_Beat","Hibiki_Attack2","Blade_Beat","UnarmedAttack3"],"score":1379,"play_id":"d13c701a-1cce-4263-9b64-702415267e11","local_time":"20210116104245","is_ascension_mode":false,"campfire_choices":[{"data":"RideBooker_Skill_2","floor":6.0,"key":"SMITH"},{"data":"KamenRideKiva","floor":8.0,"key":"SMITH"},{"data":"RideBooker_Skill_2","floor":13.0,"key":"SMITH"},{"data":"AttackRide","floor":15.0,"key":"SMITH"},{"data":"KamenRideRyuki","floor":24.0,"key":"SMITH"},{"data":"KamenRideDenO","floor":32.0,"key":"SMITH"},{"data":"1","floor":41,"key":"LIFT"},{"data":"2","floor":47,"key":"LIFT"},{"floor":49,"key":"REST"},{"data":"3","floor":52,"key":"LIFT"}],"circlet_count":0,"master_deck":["UnarmedAttack5","Decade_Dash2","Hibiki_Attack1","Decade_Defend2","Kiva_Bats","KamenRideBlade","RideBooker_Skill_2+1","KamenRideKiva+1","RideBooker_Skill_2+1","AttackRide+1","KamenRideKabuto","KamenRideRyuki+1","REME_FirmDetermination","FormRideAxel","Blade_Metal+1","KamenRideDenO+1","Blade_Mach+1","KamenRideKuuga","KamenRideDecade","DenO_Gun+1","Kabuto_ClockUp"],"relics":["Decadriver","TOEIDeficitBill","REME_ComplimentaryCards","swapstartingdeckmod:DeadBlossom","Pantograph","Bird Faced Urn","Tiny Chest","REME_ChargedStone","Ancient Tea Set","Dream Catcher","HornCleat","REME_ArchaeologicalTools","Sozu","Girya","Toolbox","Bottled Lightning","Bag of Marbles","Ornamental Fan","Anchor"],"acts_visited":["Exordium","TheCity","TheBeyond","TheEnding"],"potions_floor_usage":[],"damage_taken":[{"damage":0.0,"enemies":"Jaw Worm","floor":1.0,"turns":3.0},{"damage":0.0,"enemies":"2 Louse","floor":2.0,"turns":3.0},{"damage":7.0,"enemies":"Small Slimes","floor":3.0,"turns":4.0},{"damage":4.0,"enemies":"Blue Slaver","floor":5.0,"turns":3.0},{"damage":0.0,"enemies":"Lagavulin","floor":7.0,"turns":4.0},{"damage":0.0,"enemies":"2 Fungi Beasts","floor":11.0,"turns":1.0},{"damage":4.0,"enemies":"3 Sentries","floor":12.0,"turns":4.0},{"damage":0.0,"enemies":"Exordium Thugs","floor":14.0,"turns":2.0},{"damage":17.0,"enemies":"Hexaghost","floor":16.0,"turns":5.0},{"damage":0.0,"enemies":"3 Byrds","floor":18.0,"turns":2.0},{"damage":0.0,"enemies":"Chosen","floor":19.0,"turns":3.0},{"damage":12.0,"enemies":"Snake Plant","floor":22.0,"turns":2.0},{"damage":32.0,"enemies":"Slavers","floor":23.0,"turns":3.0},{"damage":0.0,"enemies":"Book of Stabbing","floor":27.0,"turns":4.0},{"damage":0.0,"enemies":"3 Cultists","floor":28.0,"turns":3.0},{"damage":0.0,"enemies":"Centurion and Healer","floor":30.0,"turns":2.0},{"damage":26.0,"enemies":"Shelled Parasite and Fungi","floor":31.0,"turns":3.0},{"damage":48.0,"enemies":"Automaton","floor":33.0,"turns":7.0},{"damage":0,"enemies":"3 Darklings","floor":35,"turns":3},{"damage":5,"enemies":"2 Orb Walkers","floor":37,"turns":3},{"damage":0,"enemies":"Nemesis","floor":40,"turns":2},{"damage":0,"enemies":"3 Shapes","floor":44,"turns":2},{"damage":1,"enemies":"Sphere and 2 Shapes","floor":45,"turns":3},{"damage":0,"enemies":"Maw","floor":46,"turns":5},{"damage":30,"enemies":"4 Shapes","floor":48,"turns":2},{"damage":8,"enemies":"Donu and Deca","floor":50,"turns":5},{"damage":8,"enemies":"Shield and Spear","floor":54,"turns":4},{"damage":88,"enemies":"The Heart","floor":55,"turns":9}],"seed_played":"-5473957676248731666","potions_obtained":[{"floor":7.0,"key":"Weak Potion"},{"floor":11.0,"key":"Weak Potion"},{"floor":14.0,"key":"EssenceOfSteel"},{"floor":16.0,"key":"SteroidPotion"},{"floor":18.0,"key":"Energy Potion"},{"floor":22.0,"key":"EssenceOfSteel"},{"floor":33.0,"key":"AttackPotion"}],"is_trial":false,"path_per_floor":["M","M","M","$","M","R","E","R","T","?","M","E","R","M","R","B",null,"M","M","?","?","M","E","R","$","T","E","M","T","M","M","R","B",null,"M","?","?","$","T","E","R","$","T","M","M","M","R","M","R","B",null,"R","$","E","B",null],"character_chosen":"Decade","items_purchased":["RideBooker_Skill_2","REME_FirmDetermination","FormRideAxel","KamenRideKuuga","Toolbox","FormRidePegasus","KamenRideDecade"],"campfire_rested":1,"item_purchase_floors":[4,25,25,38,38,42,42],"current_hp_per_floor":[70,70,63,63,59,59,59,59,59,52,53,55,55,57,57,64,70,70,70,70,70,67,47,47,47,47,54,57,57,66,51,51,29,69,74,74,80,80,80,80,80,80,80,80,79,80,80,52,64,80,80,80,80,73,4],"gold":501,"neow_bonus":"","is_daily":false,"chose_seed":false,"campfire_upgraded":6,"win_rate":0.0,"timestamp":1610764965,"path_taken":["M","M","M","$","M","R","E","R","T","?","M","E","R","M","R","BOSS","M","M","?","?","M","E","R","?","T","E","M","?","M","M","R","BOSS","M","?","?","?","?","E","R","$","T","?","M","M","R","M","R","BOSS","R","$","E","BOSS"],"items_purchased_type":["Card","Card","Card","Card","Relic","Card","Card"],"build_version":"2020-12-22","purchased_purges":5,"victory":true,"max_hp_per_floor":[70,70,70,70,70,70,70,70,70,70,70,70,70,70,70,70,70,70,70,70,70,70,70,70,70,70,70,70,70,80,80,80,80,80,80,80,80,80,80,80,80,80,80,80,80,80,80,80,80,80,80,80,80,80,80],"card_choices":[{"not_picked":["FormRidePegasus","Decade_Defend2"],"picked":"Kiva_Bats","floor":2.0},{"not_picked":["FormRideJack","Decade_Invisible"],"picked":"KamenRideBlade","floor":3.0},{"not_picked":["Kuuga_GouramAttack","DenO_Climax"],"picked":"KamenRideKiva","floor":7.0},{"not_picked":["Dragreder","FormRideStorm"],"picked":"RideBooker_Skill_2","floor":12.0},{"not_picked":["Hibiki_Attack3","MirrorWorld"],"picked":"AttackRide","floor":14.0},{"not_picked":["FormRideDogga+1","PrometheusPower"],"picked":"KamenRideKabuto","floor":18.0},{"not_picked":["PrometheusPower+1","FormRideDragon"],"picked":"KamenRideRyuki","floor":22.0},{"not_picked":["FormRideDragon","UnarmedAttack3"],"picked":"Blade_Metal+1","floor":27.0},{"not_picked":["Decade_Defend3","UnarmedAttack7"],"picked":"KamenRideDenO","floor":28.0},{"not_picked":["UnarmedAttack1+1","KamenRideFaiz"],"picked":"Blade_Mach+1","floor":35},{"not_picked":["Hibiki_Attack2","Decade_Defend2"],"picked":"DenO_Gun+1","floor":48},{"not_picked":["FormRideFlame","DragShield"],"picked":"Kabuto_ClockUp","floor":49}],"player_experience":121557,"relics_obtained":[{"floor":7.0,"key":"Pantograph"},{"floor":9.0,"key":"Bird Faced Urn"},{"floor":12.0,"key":"Tiny Chest"},{"floor":23.0,"key":"Ancient Tea Set"},{"floor":26.0,"key":"Dream Catcher"},{"floor":27.0,"key":"HornCleat"},{"floor":29.0,"key":"REME_ArchaeologicalTools"},{"floor":37,"key":"Girya"},{"floor":39,"key":"Bottled Lightning"},{"floor":40,"key":"Bag of Marbles"},{"floor":43,"key":"Ornamental Fan"},{"floor":54,"key":"Anchor"}],"event_choices":[{"cards_removed":["Hibiki_FEVER"],"damage_healed":0.0,"max_hp_gain":0.0,"max_hp_loss":0.0,"gold_gain":0.0,"event_name":"Golden Wing","player_choice":"Card Removal","floor":10.0,"gold_loss":0.0,"damage_taken":7.0},{"damage_healed":0.0,"max_hp_gain":0.0,"max_hp_loss":0.0,"gold_gain":0.0,"event_name":"Ghosts","player_choice":"Ignored","floor":20.0,"gold_loss":0.0,"damage_taken":0.0},{"cards_removed":["DenO_Sword"],"damage_healed":0.0,"max_hp_gain":0.0,"max_hp_loss":0.0,"gold_gain":0.0,"event_name":"Back to Basics","player_choice":"Elegance","floor":21.0,"gold_loss":0.0,"damage_taken":0.0},{"damage_healed":0,"gold_gain":0,"player_choice":"Ignored","damage_taken":0,"max_hp_gain":0,"max_hp_loss":0,"event_name":"Tomb of Lord Red Mask","floor":36,"gold_loss":0},{"damage_healed":0,"gold_gain":0,"player_choice":"Fight","damage_taken":0,"max_hp_gain":0,"max_hp_loss":0,"event_name":"Mysterious Sphere","floor":37,"gold_loss":0}],"is_beta":false,"boss_relics":[{"not_picked":["Empty Cage","Astrolabe"],"picked":"REME_ChargedStone"},{"not_picked":["Hololive_TopUpMoneyS","Hololive_ChaosS"],"picked":"Sozu"}],"items_purged_floors":[4,4,4,4,53],"is_endless":false,"potions_floor_spawned":[7,11,14,16,18,22,27,28,33,37,44,48],"ascension_level":0}}