{"host":"x2bb8tnu3h3a650h","time":1610822235,"event":{"mods":["AchievementEnabler","Aspiration","BaseMod","BetterRewards","Colored Map","Conspire","Defuse TimeMaze Blight","Energized Spire","Halation","Hermit","Hubris","Infinite Spire","Mimic Mod","Minty Spire (QoL Compilation)","Rare Cards Sparkle","Replay The Spire","Shop Mod","Spicy Shops","StSLib","The Jungle","The Servant 0.9.4","Wandering Minibosses","vexMod"],"gold_per_floor":[117,217,43,61,76,111,111,124,149,166,166,198,198,183,183,278,278,288,306,84,84,84,84,116,116,116,116,116,116,116],"floor_reached":29,"language":"ENG","playtime":1608,"items_purged":["hermit:Strike_Hermit"],"score":264,"play_id":"279f1635-5af9-487c-ac7d-f5f0a848a728","local_time":"20210116183715","is_ascension_mode":true,"campfire_choices":[{"data":"hermit:Showdown","floor":7,"key":"SMITH"},{"floor":11,"key":"REST"},{"data":"hermit:EyeOfTheStorm","floor":13,"key":"SMITH"},{"floor":15,"key":"REST"},{"data":"RitualDagger","floor":23,"key":"SMITH"}],"circlet_count":0,"master_deck":["hermit:Strike_Hermit","hermit:Strike_Hermit","hermit:Strike_Hermit","hermit:Defend_Hermit","hermit:Defend_Hermit","hermit:Defend_Hermit","hermit:Defend_Hermit","hermit:Snapshot","hermit:Covet","hermit:GhostlyPresence","hermit:EyeOfTheStorm+1","hermit:Showdown+1","hermit:PistolWhip","hermit:Enervate","hermit:GoldenBullet","RitualDagger+1","hermit:Glare+1"],"relics":["hermit:Momento","MerchantsRug","hubris:TinFlute","hermit:Spyglass","Potion Belt","halation:EternalFortune","Toxic Egg 2"],"acts_visited":["Exordium","TheCity"],"potions_floor_usage":[16,16,24,24,24,29],"damage_taken":[{"damage":2,"enemies":"2 Louse","floor":1,"turns":3},{"damage":0,"enemies":"Cultist","floor":4,"turns":4},{"damage":0,"enemies":"Small Slimes","floor":5,"turns":4},{"damage":28,"enemies":"Gremlin Nob","floor":6,"turns":4},{"damage":2,"enemies":"Blue Slaver","floor":8,"turns":4},{"damage":12,"enemies":"Large Slime","floor":10,"turns":4},{"damage":11,"enemies":"Replay:BlueRogue","floor":12,"turns":8},{"damage":14,"enemies":"3 Louse","floor":14,"turns":5},{"damage":23,"enemies":"Hexaghost","floor":16,"turns":11},{"damage":4,"enemies":"Chosen","floor":18,"turns":4},{"damage":17,"enemies":"Shell Parasite","floor":19,"turns":6},{"damage":49,"enemies":"Slavers","floor":24,"turns":10},{"damage":21,"enemies":"Colosseum Slavers","floor":28,"turns":5},{"damage":8,"enemies":"Chosen and Byrds","floor":29,"turns":4}],"seed_played":"-6185643053086748514","potions_obtained":[{"floor":1,"key":"Elixir"},{"floor":8,"key":"Reflective Coating"},{"floor":14,"key":"Toxic Potion"},{"floor":16,"key":"PowerPotion"},{"floor":18,"key":"LiquidMemories"},{"floor":19,"key":"SkillPotion"},{"floor":24,"key":"FearPotion"}],"is_trial":false,"path_per_floor":["M","?","$","M","M","E","R","M","T","M","R","E","R","M","R","B",null,"M","M","$","?","?","R","E","?","T","$","?","M"],"character_chosen":"HERMIT","items_purchased":["MerchantsRug","hermit:EyeOfTheStorm","Potion Belt"],"campfire_rested":2,"item_purchase_floors":[3,3,20],"current_hp_per_floor":[73,73,73,73,73,45,45,43,43,31,53,42,42,28,50,27,75,71,54,54,48,51,51,2,28,28,28,7,0,0],"gold":116,"neow_bonus":"RANDOM_COMMON_RELIC","is_daily":false,"chose_seed":false,"campfire_upgraded":3,"win_rate":0.0,"timestamp":1610822235,"path_taken":["M","?","$","M","M","E","R","?","T","M","R","E","R","M","R","BOSS","M","M","$","?","?","R","E","?","T","?","?","M"],"items_purchased_type":["Relic","Card","Relic"],"build_version":"2020-12-22","purchased_purges":1,"victory":false,"max_hp_per_floor":[75,75,75,75,75,75,75,75,75,75,75,75,75,75,75,75,75,75,75,75,75,78,78,78,78,78,78,78,78,78],"card_choices":[{"not_picked":["hermit:DeadMansHand","hermit:BigShot"],"picked":"hermit:GhostlyPresence","floor":1},{"not_picked":["hermit:HoleUp","hermit:Coalescence"],"picked":"hermit:Showdown","floor":4},{"not_picked":["hermit:LowProfile","hermit:DeadMansHand"],"picked":"hermit:PistolWhip","floor":5},{"not_picked":["hermit:HoleUp","hermit:Manifest","hermit:Gestalt"],"picked":"SKIP","floor":6},{"not_picked":["hermit:DeadMansHand","hermit:Roulette"],"picked":"hermit:Enervate","floor":8},{"not_picked":["hermit:Coalescence","hermit:Shortfuse","hermit:Spite"],"picked":"SKIP","floor":10},{"not_picked":["hermit:Feint","hermit:Roulette","hermit:FatalDesire"],"picked":"SKIP","floor":12},{"not_picked":["hermit:Grudge","hermit:Feint","hermit:Glare"],"picked":"SKIP","floor":14},{"not_picked":["hermit:SprayPray","hermit:Roulette"],"picked":"hermit:GoldenBullet","floor":18},{"not_picked":["hermit:Grudge","hermit:HoleUp+1","hermit:ItchyTrigger+1"],"picked":"SKIP","floor":19},{"not_picked":["hermit:BodyArmor+1","hermit:Midnight+1"],"picked":"hermit:Glare+1","floor":24}],"player_experience":578325,"relics_obtained":[{"floor":6,"key":"hubris:TinFlute"},{"floor":9,"key":"Ancient Tea Set"},{"floor":12,"key":"hermit:Spyglass"},{"floor":24,"key":"Toxic Egg 2"}],"event_choices":[{"damage_healed":0,"gold_gain":100,"player_choice":"Pray","damage_taken":0,"max_hp_gain":0,"max_hp_loss":0,"event_name":"Golden Shrine","floor":2,"gold_loss":0},{"damage_healed":0,"gold_gain":0,"player_choice":"Joined the Cult","damage_taken":6,"max_hp_gain":0,"max_hp_loss":0,"event_name":"Nest","floor":21,"gold_loss":0,"cards_obtained":["RitualDagger"]},{"damage_healed":26,"gold_gain":0,"player_choice":"Heal","damage_taken":0,"max_hp_gain":0,"max_hp_loss":0,"event_name":"The Library","floor":25,"gold_loss":0},{"damage_healed":0,"gold_gain":0,"player_choice":"Fight","damage_taken":0,"max_hp_gain":0,"max_hp_loss":0,"event_name":"Colosseum","floor":28,"gold_loss":0},{"damage_healed":0,"gold_gain":0,"player_choice":"Fled From Nobs","damage_taken":0,"max_hp_gain":0,"max_hp_loss":0,"event_name":"Colosseum","floor":28,"gold_loss":0}],"is_beta":false,"boss_relics":[{"not_picked":["Replay:Ancient Bell","energizedSpire:HugeHouse","Snecko Eye"]}],"items_purged_floors":[20],"is_endless":false,"potions_floor_spawned":[1,8,14,16,18,19,24],"killed_by":"Chosen and Byrds","ascension_level":1}}