{"host":"6eswuwtz6j8isipc","time":1610815010,"event":{"mods":["BaseMod","Better Third Choice","BetterRewards","Conspire","Hubris","Infinite Spire","Minty Spire (QoL Compilation)","Replay The Spire","Spicy Shops","StSLib","The Cursed"],"gold_per_floor":[117,23,40,40,40,72,72,82,82,82,82],"floor_reached":10,"language":"ENG","playtime":1113,"items_purged":["TheCursedMod:Defend_TheCursed","TheCursedMod:Strike_TheCursed"],"score":69,"play_id":"72a02d9a-4381-47b0-9c83-f25a8a563655","local_time":"20210116113650","is_ascension_mode":true,"campfire_choices":[{"data":"TheCursedMod:UltimatePain","floor":7,"key":"SMITH"}],"circlet_count":0,"master_deck":["TheCursedMod:Strike_TheCursed","TheCursedMod:Strike_TheCursed","TheCursedMod:Strike_TheCursed","TheCursedMod:Defend_TheCursed","TheCursedMod:Defend_TheCursed","TheCursedMod:Defend_TheCursed","TheCursedMod:CursedWand","TheCursedMod:CleanUpWorkshop","TheCursedMod:Dregs","TheCursedMod:UltimatePain+1","ReplayTheSpireMod:Splinters","TheCursedMod:Hemoplague","TheCursedMod:CursedSpellbook"],"relics":["TheCursedMod:BlackMagic101","ReplayTheSpireMod:CursedCoin","conspire:InfiniteJournal","conspire:Dentures"],"acts_visited":["Exordium"],"potions_floor_usage":[],"damage_taken":[{"damage":3,"enemies":"Small Slimes","floor":1,"turns":3},{"damage":6,"enemies":"Jaw Worm","floor":3,"turns":4},{"damage":42,"enemies":"Gremlin Nob","floor":6,"turns":5},{"damage":8,"enemies":"Cultist","floor":8,"turns":5},{"damage":22,"enemies":"3 Sentries","floor":10,"turns":5}],"seed_played":"-1625129160415994974","potions_obtained":[{"floor":6,"key":"FearPotion"}],"is_trial":false,"path_per_floor":["M","$","M","?","?","E","R","M","T","E"],"character_chosen":"THE_CURSED","items_purchased":["ReplayTheSpireMod:CursedCoin","TheCursedMod:Hemoplague"],"campfire_rested":0,"item_purchase_floors":[2,2],"current_hp_per_floor":[72,72,66,66,66,24,24,16,16,0,0],"gold":82,"neow_bonus":"ONE_RANDOM_RARE_CARD","is_daily":false,"chose_seed":false,"campfire_upgraded":1,"win_rate":0.0,"timestamp":1610815010,"path_taken":["M","$","M","?","?","E","R","M","T","E"],"items_purchased_type":["Relic","Card"],"build_version":"2020-12-22","purchased_purges":2,"victory":false,"max_hp_per_floor":[75,75,75,75,75,75,75,75,75,75,75],"card_choices":[{"not_picked":["TheCursedMod:TroublousMinions","TheCursedMod:SmokeScreen","TheCursedMod:CircleOfWindfury"],"picked":"SKIP","floor":1},{"not_picked":["TheCursedMod:CursedAmulet","TheCursedMod:WearCloak"],"picked":"TheCursedMod:CursedSpellbook","floor":3},{"not_picked":["TheCursedMod:TacticalStrike","TheCursedMod:Wield","TheCursedMod:Stigma"],"picked":"SKIP","floor":6},{"not_picked":["TheCursedMod:CursedMace","TheCursedMod:CursedBlade","TheCursedMod:CursedStaff"],"picked":"SKIP","floor":8}],"player_experience":1362517,"relics_obtained":[{"floor":6,"key":"conspire:InfiniteJournal"},{"floor":9,"key":"conspire:Dentures"}],"event_choices":[{"damage_healed":0,"gold_gain":0,"player_choice":"Leave","damage_taken":0,"max_hp_gain":0,"max_hp_loss":0,"event_name":"The Cleric","floor":5,"gold_loss":0}],"is_beta":false,"boss_relics":[],"items_purged_floors":[2,2],"is_endless":false,"potions_floor_spawned":[6],"killed_by":"3 Sentries","ascension_level":1}}