{"host":"0v07cr0k93jhgkpm","time":1610772033,"event":{"mods":["BaseMod","Colored Map","DeckTracker","Minty Spire (QoL Compilation)","Quick Restart","SuperFastMode"],"gold_per_floor":[115,135,135,115,132,132,143,163,163,163,163],"floor_reached":10,"language":"KOR","playtime":334,"items_purged":[],"score":120,"play_id":"d5bbb0f5-fd8a-44f3-901b-1543fe3472e8","local_time":"20210116134033","is_ascension_mode":true,"campfire_choices":[{"data":"Body Slam","floor":6.0,"key":"SMITH"}],"circlet_count":0,"master_deck":["AscendersBane","Strike_R","Strike_R","Strike_R","Strike_R","Strike_R","Defend_R","Defend_R","Defend_R","Defend_R","Bash","Evolve","Body Slam+1","Shrug It Off","Shrug It Off","Pummel"],"relics":["Burning Blood","MealTicket","Kunai"],"acts_visited":["Exordium"],"potions_floor_usage":[10,10],"damage_taken":[{"damage":7.0,"enemies":"Small Slimes","floor":1.0,"turns":5.0},{"damage":18.0,"enemies":"Cultist","floor":2.0,"turns":5.0},{"damage":9.0,"enemies":"Jaw Worm","floor":5.0,"turns":4.0},{"damage":4.0,"enemies":"Looter","floor":7.0,"turns":4.0},{"damage":14.0,"enemies":"3 Louse","floor":8.0,"turns":5.0},{"damage":34,"enemies":"Gremlin Nob","floor":10,"turns":3}],"seed_played":"8566321640959263734","potions_obtained":[{"floor":4.0,"key":"Fire Potion"},{"floor":5.0,"key":"ColorlessPotion"},{"floor":7.0,"key":"DuplicationPotion"}],"is_trial":false,"path_per_floor":["M","M","?","?","M","R","M","M","T","E"],"character_chosen":"IRONCLAD","items_purchased":[],"campfire_rested":0,"item_purchase_floors":[],"current_hp_per_floor":[63,51,33,33,30,30,32,24,24,0,0],"gold":163,"neow_bonus":"TWENTY_PERCENT_HP_BONUS","is_daily":false,"chose_seed":false,"campfire_upgraded":1,"win_rate":0.0,"timestamp":1610772033,"path_taken":["M","M","?","?","M","R","?","M","T","E"],"items_purchased_type":[],"build_version":"2020-12-22","purchased_purges":0,"victory":false,"max_hp_per_floor":[89,89,89,89,89,89,89,89,89,89,89],"card_choices":[{"not_picked":["Armaments","Sword Boomerang"],"picked":"Evolve","floor":1.0},{"not_picked":["Headbutt","Heavy Blade"],"picked":"Body Slam","floor":2.0},{"not_picked":["True Grit","Perfected Strike"],"picked":"Shrug It Off","floor":5.0},{"not_picked":["Perfected Strike","Body Slam"],"picked":"Shrug It Off","floor":7.0},{"not_picked":["True Grit","Rage"],"picked":"Pummel","floor":8.0}],"player_experience":2499118,"relics_obtained":[{"floor":9.0,"key":"Kunai"}],"event_choices":[{"damage_healed":0.0,"max_hp_gain":0.0,"max_hp_loss":0.0,"gold_gain":0.0,"event_name":"Scrap Ooze","player_choice":"Success","floor":3.0,"gold_loss":0.0,"damage_taken":18.0,"relics_obtained":["MealTicket"]},{"damage_healed":0.0,"max_hp_gain":0.0,"max_hp_loss":0.0,"gold_gain":0.0,"event_name":"The Woman in Blue","player_choice":"Bought 1 Potion","floor":4.0,"gold_loss":0.0,"damage_taken":0.0}],"is_beta":false,"boss_relics":[],"items_purged_floors":[],"is_endless":false,"potions_floor_spawned":[5,7,8],"killed_by":"Gremlin Nob","ascension_level":20}}