{"host":"by3dnjj711vo194a","time":1610824138,"event":{"mods":["2.2 Compatiblity","AchievementEnabler","BaseMod","Colored Map","DeckTracker","KOR Keyword Fix","Keyboard Shortcuts","Minty Spire (QoL Compilation)","Permanent Neow","Quick Restart","StSLib","SuperFastMode","everything is the same but u backflip on backflip"],"gold_per_floor":[187,187,275,275,288],"floor_reached":6,"language":"KOR","playtime":48,"items_purged":[],"score":633,"play_id":"9631e6bd-cc6e-429f-8016-f4ab8d8b3aa9","local_time":"20210117040858","is_ascension_mode":true,"campfire_choices":[],"circlet_count":0,"master_deck":["AscendersBane","Strike_P","Strike_P","Strike_P","Strike_P","Defend_P","Defend_P","Defend_P","Defend_P","Eruption","Vigilance","PathToVictory","Alpha","ReachHeaven","Ragnarok","Prostrate+1"],"relics":["HolyWater","Sozu"],"acts_visited":["Exordium","TheCity","TheBeyond"],"potions_floor_usage":[],"damage_taken":[{"damage":0,"enemies":"Small Slimes","floor":1,"turns":1},{"damage":0,"enemies":"The Guardian","floor":1,"turns":1},{"damage":0,"enemies":"Chosen","floor":3,"turns":1},{"damage":0,"enemies":"Champ","floor":3,"turns":1},{"damage":0,"enemies":"Orb Walker","floor":5,"turns":1},{"damage":0,"enemies":"Donu and Deca","floor":5,"turns":1}],"seed_played":"8133817373261129764","potions_obtained":[{"floor":1,"key":"SneckoOil"},{"floor":3,"key":"LiquidMemories"}],"is_trial":false,"path_per_floor":["M",null,"M",null,"M",null],"character_chosen":"WATCHER","items_purchased":[],"campfire_rested":0,"item_purchase_floors":[],"current_hp_per_floor":[61,66,66,68,68],"gold":288,"neow_bonus":"THREE_CARDS","is_daily":false,"chose_seed":false,"campfire_upgraded":0,"win_rate":0.0,"timestamp":1610824138,"path_taken":["M","BOSS","M","BOSS","M","BOSS"],"items_purchased_type":[],"build_version":"2020-12-22","purchased_purges":0,"victory":true,"max_hp_per_floor":[68,68,68,68,68],"card_choices":[{"not_picked":["Study","FollowUp"],"picked":"PathToVictory","floor":1},{"not_picked":["ConjureBlade","Omniscience"],"picked":"Alpha","floor":1},{"not_picked":["Vengeance","FlurryOfBlows"],"picked":"ReachHeaven","floor":3},{"not_picked":["Devotion","Vault"],"picked":"Ragnarok","floor":3},{"not_picked":["EmptyBody+1","CarveReality"],"picked":"Prostrate+1","floor":5}],"player_experience":179599,"relics_obtained":[],"event_choices":[],"is_beta":false,"boss_relics":[{"not_picked":["Calling Bell","SacredBark"],"picked":"HolyWater"},{"not_picked":["Black Star","Cursed Key"],"picked":"Sozu"}],"items_purged_floors":[],"is_endless":false,"potions_floor_spawned":[1,3,3,5],"ascension_level":17}}