{"host":"oehe2dxjvdgux73m","time":1610798056,"event":{"mods":["AchievementEnabler","BaseMod","Colored Map","Colored Powertips","DeckTracker","Keyboard Shortcuts","Minty Spire (QoL Compilation)","Permanent Neow","Quick Restart","StSLib","SuperFastMode"],"gold_per_floor":[367,377,392,60,76,76,111,36,112,112,112,122,122,132,132,204,204,221,136,151,151,171,171,189,258,282,282,282,282],"floor_reached":28,"language":"KOR","playtime":863,"items_purged":["Strike_G"],"score":407,"play_id":"2bde474d-7838-4bdf-8e5f-728492491673","local_time":"20210116205416","is_ascension_mode":true,"campfire_choices":[{"data":"Dagger Spray","floor":6.0,"key":"SMITH"},{"floor":10.0,"key":"REST"},{"data":"Neutralize","floor":13.0,"key":"SMITH"},{"data":"Footwork","floor":15.0,"key":"SMITH"},{"floor":23.0,"key":"REST"},{"data":"Bullet Time","floor":27,"key":"SMITH"}],"circlet_count":0,"master_deck":["AscendersBane","Survivor","Neutralize+1","Dash","Dagger Spray+1","Footwork+1","Acrobatics","Noxious Fumes","Cloak And Dagger","Dagger Spray","Adrenaline","Unload","Tools of the Trade","Endless Agony","Dagger Spray","Tools of the Trade","PiercingWail","A Thousand Cuts","Unload","Bullet Time+1","Concentrate"],"relics":["Ring of the Snake","Oddly Smooth Stone","Girya","Kunai","Pandora\u0027s Box","MealTicket","Matryoshka","Omamori","PreservedInsect"],"acts_visited":["Exordium","TheCity"],"potions_floor_usage":[],"damage_taken":[{"damage":6.0,"enemies":"Jaw Worm","floor":1.0,"turns":6.0},{"damage":3.0,"enemies":"2 Louse","floor":2.0,"turns":3.0},{"damage":0.0,"enemies":"Small Slimes","floor":3.0,"turns":3.0},{"damage":0.0,"enemies":"2 Fungi Beasts","floor":5.0,"turns":4.0},{"damage":22.0,"enemies":"Gremlin Nob","floor":7.0,"turns":5.0},{"damage":5.0,"enemies":"Blue Slaver","floor":12.0,"turns":6.0},{"damage":1.0,"enemies":"Looter","floor":14.0,"turns":3.0},{"damage":4.0,"enemies":"Hexaghost","floor":16.0,"turns":12.0},{"damage":7.0,"enemies":"Chosen","floor":18.0,"turns":5.0},{"damage":14.0,"enemies":"2 Thieves","floor":20.0,"turns":4.0},{"damage":30.0,"enemies":"Snake Plant","floor":22.0,"turns":5.0},{"damage":3,"enemies":"Centurion and Healer","floor":24,"turns":6},{"damage":27,"enemies":"Sentry and Sphere","floor":28,"turns":5}],"seed_played":"1651566332093985219","potions_obtained":[{"floor":1.0,"key":"LiquidBronze"},{"floor":12.0,"key":"Explosive Potion"},{"floor":20.0,"key":"AttackPotion"}],"is_trial":false,"path_per_floor":["M","M","M","$","M","R","E","?","T","R","?","M","R","M","R","B",null,"M","?","M","?","M","R","M","T","T","R","M"],"character_chosen":"THE_SILENT","items_purchased":["Footwork","Oddly Smooth Stone","Strength Potion"],"campfire_rested":2,"item_purchase_floors":[4,4,4],"current_hp_per_floor":[38,35,35,35,35,35,13,13,13,32,37,32,32,31,31,27,60,53,53,39,39,9,30,27,27,27,27,0,0],"gold":282,"neow_bonus":"TWO_FIFTY_GOLD","is_daily":false,"chose_seed":false,"campfire_upgraded":4,"win_rate":0.0,"timestamp":1610798056,"path_taken":["M","M","M","$","M","R","E","?","T","R","?","M","R","M","R","BOSS","M","?","M","?","M","R","M","?","T","R","M"],"items_purchased_type":["Card","Relic","Potion"],"build_version":"2020-12-22","purchased_purges":1,"victory":false,"max_hp_per_floor":[66,66,66,66,66,66,66,66,66,66,71,71,71,71,71,71,71,71,71,71,71,71,71,71,71,71,71,71,71],"card_choices":[{"not_picked":["Accuracy","Dagger Throw"],"picked":"Dash","floor":1.0},{"not_picked":["Prepared","Acrobatics"],"picked":"Dagger Spray","floor":2.0},{"not_picked":["Setup","Sucker Punch","Skewer"],"picked":"SKIP","floor":3.0},{"not_picked":["Quick Slash","All Out Attack"],"picked":"Acrobatics","floor":5.0},{"not_picked":["Poisoned Stab","Bane"],"picked":"Noxious Fumes","floor":7.0},{"not_picked":["Dagger Throw","Sucker Punch"],"picked":"Cloak And Dagger","floor":12.0},{"not_picked":["Leg Sweep","Eviscerate"],"picked":"Dagger Spray","floor":14.0},{"not_picked":["Die Die Die","Wraith Form v2"],"picked":"Adrenaline","floor":16.0},{"not_picked":["Deflect","Dagger Spray"],"picked":"Concentrate","floor":18.0},{"not_picked":["Expertise","Flying Knee+1","Outmaneuver"],"picked":"SKIP","floor":20.0},{"not_picked":["Dagger Throw","Catalyst+1","Outmaneuver"],"picked":"SKIP","floor":22.0},{"not_picked":["Dash","Acrobatics","Eviscerate"],"picked":"SKIP","floor":24}],"player_experience":231644,"relics_obtained":[{"floor":7.0,"key":"Girya"},{"floor":9.0,"key":"Kunai"},{"floor":25,"key":"Matryoshka"},{"floor":26,"key":"Omamori"},{"floor":26,"key":"PreservedInsect"}],"event_choices":[{"damage_healed":0.0,"max_hp_gain":0.0,"max_hp_loss":0.0,"gold_gain":0.0,"event_name":"World of Goop","player_choice":"Left Gold","floor":8.0,"gold_loss":75.0,"damage_taken":0.0},{"damage_healed":0.0,"max_hp_gain":5.0,"max_hp_loss":0.0,"gold_gain":0.0,"event_name":"Big Fish","player_choice":"Donut","floor":11.0,"gold_loss":0.0,"damage_taken":0.0},{"damage_healed":0.0,"max_hp_gain":0.0,"max_hp_loss":0.0,"gold_gain":0.0,"event_name":"Addict","player_choice":"Obtained Relic","floor":19.0,"gold_loss":85.0,"damage_taken":0.0,"relics_obtained":["MealTicket"]},{"damage_healed":0.0,"max_hp_gain":0.0,"max_hp_loss":0.0,"gold_gain":0.0,"event_name":"Cursed Tome","player_choice":"Ignored","floor":21.0,"gold_loss":0.0,"damage_taken":0.0}],"is_beta":false,"boss_relics":[{"not_picked":["Coffee Dripper","Empty Cage"],"picked":"Pandora\u0027s Box"}],"items_purged_floors":[4],"is_endless":false,"potions_floor_spawned":[1,5,12,20],"killed_by":"Sentry and Sphere","ascension_level":17}}