{"host":"wkcoec525dnrk4jw","time":1610809835,"event":{"mods":["ATMod(阿瑾Mod)","Aspiration","BaseMod","Challenge The Spire","Conspire","Energized Spire","Minty Spire (QoL Compilation)","Quick Restart","Replay The Spire","Shop Mod","Spicy Shops","StSLib","TestMod","[IsaacMod]以撒尖塔","vexMod","【遗物卡牌】REMEMod"],"gold_per_floor":[114,125,125,125,145,170,170,18,69,89,89,117,130,164,164,269,269,286,301,317,25,25,25,57,57,103,131,150,150,179,189,189,286,286,300,91,491,491,491],"floor_reached":38,"language":"ZHS","playtime":1675,"items_purged":["Strike_P"],"score":627,"play_id":"bc0219d3-fc67-46fb-8af5-3eeeba16cf34","local_time":"20210116231035","is_ascension_mode":true,"campfire_choices":[{"data":"Glass Knife","floor":7.0,"key":"SMITH"},{"data":"Vault","floor":23.0,"key":"SMITH"},{"data":"Crow Ritual","floor":25.0,"key":"SMITH"},{"floor":29.0,"key":"REST"},{"floor":32.0,"key":"REST"}],"circlet_count":0,"master_deck":["Strike_P","Strike_P","Strike_P","Defend_P","Defend_P","Defend_P","Defend_P","Eruption","Vigilance","Glass Knife+1","AT_CaressingTears+1","AT_DivineConfetti","REME_Repentance","CutThroughFate+1","PathToVictory","Blasphemy","FollowUp+1","EmptyBody","Vault+1","AbeCurse","Worship","Replay:BluntJabs+1","Prostrate","Crow Ritual+1","Prostrate","Swivel","Brilliance","EmptyBody+1","CutThroughFate+1","Brilliance","LessonLearned","SignatureMove","JustLucky","Mind Blast"],"relics":["PureWater","AT_ATBox","testmod-TestBox","REME_ComplimentaryCards","testmod-InfectionSource","GuppysHead","NeowsBlessing","REME_HourglassOfDeath","Frozen Eye","AT_BladeRuinedKing","Mirror","ReplayTheSpireMod:Lightbulb","Abe\u0027s Treasure","vexMod:PlasmaPancake","vexMod:BarristanHead","Bag of Preparation","Whetstone","Juzu Bracelet","vexMod:BigBerry","GuppysTail","AT_SilvercatRing","GuppysTail"],"acts_visited":["Exordium","TheCity","TheBeyond"],"potions_floor_usage":[],"damage_taken":[{"damage":0.0,"enemies":"Cultist","floor":1.0,"turns":1.0},{"damage":0.0,"enemies":"Small Slimes","floor":2.0,"turns":1.0},{"damage":0.0,"enemies":"Jaw Worm","floor":5.0,"turns":1.0},{"damage":8.0,"enemies":"Gremlin Nob","floor":6.0,"turns":3.0},{"damage":11.0,"enemies":"Blue Slaver","floor":10.0,"turns":2.0},{"damage":0.0,"enemies":"Replay:BlueRogue","floor":12.0,"turns":2.0},{"damage":10.0,"enemies":"Gremlin Gang","floor":13.0,"turns":2.0},{"damage":7.0,"enemies":"3 Sentries","floor":14.0,"turns":4.0},{"damage":25.0,"enemies":"The Guardian","floor":16.0,"turns":3.0},{"damage":2.0,"enemies":"Shell Parasite","floor":18.0,"turns":3.0},{"damage":2.0,"enemies":"3 Byrds","floor":19.0,"turns":4.0},{"damage":17.0,"enemies":"3 Cultists","floor":20.0,"turns":5.0},{"damage":0.0,"enemies":"conspire:SneckoGhost","floor":24.0,"turns":4.0},{"damage":11.0,"enemies":"conspire:Head Lice","floor":27.0,"turns":3.0},{"damage":11.0,"enemies":"Cultist and Chosen","floor":28.0,"turns":4.0},{"damage":9.0,"enemies":"Slavers","floor":30.0,"turns":3.0},{"damage":14.0,"enemies":"Centurion and Healer","floor":31.0,"turns":3.0},{"damage":26.0,"enemies":"Champ","floor":33.0,"turns":4.0},{"damage":9,"enemies":"3 Darklings","floor":35,"turns":4},{"damage":0,"enemies":"Orb Walker","floor":38,"turns":1}],"seed_played":"1083886618362458528","potions_obtained":[{"floor":5.0,"key":"StancePotion"},{"floor":10.0,"key":"EssenceOfSteel"},{"floor":13.0,"key":"Ambrosia"},{"floor":14.0,"key":"SpeedPotion"},{"floor":18.0,"key":"BottledMiracle"},{"floor":19.0,"key":"ColorlessPotion"},{"floor":20.0,"key":"ColorlessPotion"},{"floor":24.0,"key":"Adrenaline Potion"},{"floor":33.0,"key":"BottledMiracle"}],"is_trial":false,"path_per_floor":["M","M","T","?","M","E","R","$","T","M","?","E","M","E","R","B",null,"M","M","M","$","?","R","E","R","T","E","M","R","E","M","R","B",null,"M","$","?","M"],"character_chosen":"WATCHER","items_purchased":["Frozen Eye","vexMod:PlasmaPancake","Fruit Juice","vexMod:BarristanHead","LessonLearned","SignatureMove","GuppysTail","Mind Blast","AT_SilvercatRing"],"campfire_rested":2,"item_purchase_floors":[8,21,21,21,34,34,34,36,36],"current_hp_per_floor":[72,72,72,72,72,64,64,64,64,53,53,53,43,42,63,38,72,70,68,51,64,64,64,64,64,64,53,44,69,60,46,71,45,98,89,89,89,89,89],"gold":491,"neow_bonus":"THREE_ENEMY_KILL","is_daily":false,"chose_seed":false,"campfire_upgraded":3,"win_rate":0.0,"timestamp":1610809835,"path_taken":["M","?","?","?","M","E","R","?","T","?","?","E","M","E","R","BOSS","M","M","M","$","?","R","E","R","T","E","M","R","E","M","R","BOSS","M","$","?","M"],"items_purchased_type":["Relic","Relic","Potion","Relic","Card","Card","Relic","Card","Relic"],"build_version":"2020-12-22","purchased_purges":1,"victory":false,"max_hp_per_floor":[72,72,72,72,72,72,72,72,72,72,72,72,72,72,72,72,72,72,72,72,85,85,85,85,85,85,85,85,85,85,85,85,85,98,98,98,98,98,98],"card_choices":[{"not_picked":[],"picked":"BloodyBrimstone","floor":0.0},{"not_picked":["TalkToTheHand","CrushJoints"],"picked":"AT_DivineConfetti","floor":1.0},{"not_picked":["Fasting2","EmptyBody","FlurryOfBlows"],"picked":"SKIP","floor":2.0},{"not_picked":["Replay:Battleflow","Sanctity"],"picked":"REME_Repentance","floor":5.0},{"not_picked":["BattleHymn","AT_ChampionStep"],"picked":"CutThroughFate","floor":6.0},{"not_picked":["FlurryOfBlows","SandsOfTime"],"picked":"PathToVictory","floor":10.0},{"not_picked":["Sanctity","PathToVictory"],"picked":"Blasphemy","floor":12.0},{"not_picked":["ClearTheMind","PathToVictory"],"picked":"FollowUp","floor":13.0},{"not_picked":["Indignation","Study"],"picked":"EmptyBody","floor":14.0},{"not_picked":["Ragnarok","MasterReality"],"picked":"Vault","floor":16.0},{"not_picked":["Replay:AtTheReady","FlurryOfBlows"],"picked":"Worship","floor":18.0},{"not_picked":["BowlingBash","InnerPeace"],"picked":"Replay:BluntJabs+1","floor":19.0},{"not_picked":["Nirvana","Protect+1"],"picked":"Prostrate","floor":20.0},{"not_picked":["CutThroughFate","Halt+1"],"picked":"Prostrate","floor":24.0},{"not_picked":["FollowUp","BowlingBash+1"],"picked":"Swivel","floor":27.0},{"not_picked":["EmptyBody","Prostrate+1"],"picked":"Brilliance","floor":28.0},{"not_picked":["ClearTheMind+1","WaveOfTheHand"],"picked":"EmptyBody+1","floor":30.0},{"not_picked":["ThirdEye","Replay:Battleflow"],"picked":"CutThroughFate+1","floor":31.0},{"not_picked":["Blasphemy","Omniscience"],"picked":"Brilliance","floor":33.0},{"not_picked":["MentalFortress","FlyingSleeves"],"picked":"JustLucky","floor":35}],"player_experience":224052,"relics_obtained":[{"floor":6.0,"key":"REME_HourglassOfDeath"},{"floor":9.0,"key":"AT_BladeRuinedKing"},{"floor":12.0,"key":"Mirror"},{"floor":14.0,"key":"ReplayTheSpireMod:Lightbulb"},{"floor":24.0,"key":"Diplopia"},{"floor":26.0,"key":"Bag of Preparation"},{"floor":27.0,"key":"Whetstone"},{"floor":30.0,"key":"Juzu Bracelet"}],"event_choices":[{"damage_healed":0.0,"max_hp_gain":0.0,"max_hp_loss":0.0,"gold_gain":0.0,"event_name":"给自己的盒子","player_choice":"Ignored","floor":4.0,"gold_loss":0.0,"damage_taken":0.0},{"damage_healed":0.0,"max_hp_gain":0.0,"max_hp_loss":0.0,"gold_gain":0.0,"cards_transformed":["BloodyBrimstone"],"event_name":"Transmorgrifier","player_choice":"Transformed","floor":22.0,"gold_loss":0.0,"damage_taken":0.0,"cards_obtained":["Crow Ritual"]},{"damage_healed":0,"gold_gain":400,"player_choice":"Sell","damage_taken":0,"max_hp_gain":0,"max_hp_loss":0,"event_name":"恩洛斯的盘子","floor":37,"relics_lost":["HushsDoor"],"gold_loss":0}],"is_beta":false,"boss_relics":[{"not_picked":["VioletLotus","REME_DuelDisc"],"picked":"Abe\u0027s Treasure"},{"not_picked":[]},{"not_picked":["aspiration:RandomNobGenerator","REME_ChargedStone"],"picked":"vexMod:BigBerry"},{"not_picked":[]}],"items_purged_floors":[8],"is_endless":false,"potions_floor_spawned":[5,10,13,14,18,19,20,24,33],"killed_by":"Orb Walker","ascension_level":3}}