{"host":"mydft8i2zzydgggw","time":1610830617,"event":{"mods":["AchievementEnabler","BaseMod","BetterRewards","Colored Map","Colored Powertips","DeckTracker","Keyboard Shortcuts","Minty Spire (QoL Compilation)","Rare Cards Sparkle","StSLib","SuperFastMode","everything is the same but u backflip on backflip"],"gold_per_floor":[109,126,126,126,142,169,169,194,249,262,289,289,69,83,83,182,182,122,142,67,67,67,67,67,67],"floor_reached":24,"language":"KOR","playtime":511,"items_purged":[],"score":297,"play_id":"f09dbe17-4ebe-4e75-8292-f0411543b4c7","local_time":"20210117055657","is_ascension_mode":true,"campfire_choices":[{"data":"Coolheaded","floor":7,"key":"SMITH"},{"floor":12,"key":"REST"},{"floor":15,"key":"REST"},{"data":"Zap","floor":23,"key":"SMITH"}],"circlet_count":0,"master_deck":["Strike_B","Strike_B","Strike_B","Defend_B","Defend_B","Defend_B","Defend_B","Zap+1","Dualcast","Streamline","Chill","Storm","Coolheaded+1","Electrodynamics","Cold Snap","Glacier","Defragment","Core Surge","Heatsinks"],"relics":["Cracked Core","Omamori","Du-Vu Doll","PreservedInsect","Nunchaku","Kunai","Runic Capacitor","Inserter","Oddly Smooth Stone"],"acts_visited":["Exordium","TheCity"],"potions_floor_usage":[6,6,8,14,16,18],"damage_taken":[{"damage":1,"enemies":"Cultist","floor":1,"turns":3},{"damage":0,"enemies":"2 Louse","floor":2,"turns":3},{"damage":0,"enemies":"Small Slimes","floor":5,"turns":3},{"damage":12,"enemies":"Gremlin Nob","floor":6,"turns":4},{"damage":17,"enemies":"3 Sentries","floor":8,"turns":5},{"damage":4,"enemies":"Looter","floor":10,"turns":4},{"damage":17,"enemies":"Lagavulin","floor":11,"turns":5},{"damage":11,"enemies":"Exordium Thugs","floor":14,"turns":4},{"damage":26,"enemies":"Hexaghost","floor":16,"turns":11},{"damage":14,"enemies":"2 Thieves","floor":18,"turns":4},{"damage":21,"enemies":"Shell Parasite","floor":19,"turns":6},{"damage":31,"enemies":"Slavers","floor":24,"turns":4}],"seed_played":"618627271699212312","potions_obtained":[{"floor":2,"key":"Explosive Potion"},{"floor":4,"key":"DistilledChaos"},{"floor":4,"key":"EssenceOfDarkness"},{"floor":5,"key":"Block Potion"},{"floor":6,"key":"GamblersBrew"},{"floor":11,"key":"Block Potion"},{"floor":16,"key":"Swift Potion"}],"is_trial":false,"path_per_floor":["M","M","T","?","M","E","R","E","T","M","E","R","$","M","R","B",null,"M","M","?","$","?","R","E"],"character_chosen":"DEFECT","items_purchased":["Runic Capacitor","Defragment"],"campfire_rested":2,"item_purchase_floors":[13,13],"current_hp_per_floor":[67,67,67,67,67,55,55,38,38,34,17,39,39,28,50,24,62,48,27,27,27,27,27,0,0],"gold":67,"neow_bonus":"THREE_CARDS","is_daily":false,"chose_seed":false,"campfire_upgraded":2,"win_rate":0.0,"timestamp":1610830617,"path_taken":["M","M","?","?","?","E","R","E","T","M","E","R","$","M","R","BOSS","M","M","?","$","?","R","E"],"items_purchased_type":["Relic","Card"],"build_version":"2020-12-22","purchased_purges":0,"victory":false,"max_hp_per_floor":[75,75,75,75,75,75,75,75,75,75,75,75,75,75,75,75,75,75,75,75,75,75,75,75,75],"card_choices":[{"not_picked":["Beam Cell","Go for the Eyes"],"picked":"Streamline","floor":0},{"not_picked":["Hologram","Leap"],"picked":"Chill","floor":1},{"not_picked":["Tempest","Force Field"],"picked":"Storm","floor":2},{"not_picked":["Barrage","Leap"],"picked":"Coolheaded","floor":5},{"not_picked":["Reprogram","Self Repair"],"picked":"Electrodynamics","floor":6},{"not_picked":["Rebound","Chill","Beam Cell"],"picked":"SKIP","floor":8},{"not_picked":["Capacitor","Recycle"],"picked":"Cold Snap","floor":10},{"not_picked":["Gash","Auto Shields"],"picked":"Glacier","floor":11},{"not_picked":["Ball Lightning","Rebound","Compile Driver"],"picked":"SKIP","floor":14},{"not_picked":["Electrodynamics","Buffer"],"picked":"Core Surge","floor":16},{"not_picked":["Chill","Ball Lightning"],"picked":"Heatsinks","floor":18},{"not_picked":["Ball Lightning","Beam Cell","Sunder"],"picked":"SKIP","floor":19}],"player_experience":167094,"relics_obtained":[{"floor":3,"key":"Omamori"},{"floor":6,"key":"Du-Vu Doll"},{"floor":8,"key":"PreservedInsect"},{"floor":9,"key":"Nunchaku"},{"floor":11,"key":"Kunai"}],"event_choices":[{"damage_healed":0,"gold_gain":0,"player_choice":"Got Potions","damage_taken":0,"max_hp_gain":0,"max_hp_loss":0,"event_name":"Lab","floor":4,"gold_loss":0},{"cards_removed":["Strike_B"],"damage_healed":0,"gold_gain":0,"player_choice":"Gave Gold","damage_taken":0,"max_hp_gain":0,"max_hp_loss":0,"event_name":"Beggar","floor":20,"gold_loss":75},{"damage_healed":0,"gold_gain":0,"player_choice":"Stole Relic","damage_taken":0,"relics_obtained":["Oddly Smooth Stone"],"max_hp_gain":0,"max_hp_loss":0,"event_name":"Addict","floor":22,"gold_loss":0,"cards_obtained":["Shame"]}],"is_beta":false,"boss_relics":[{"not_picked":["Philosopher\u0027s Stone","Runic Dome"],"picked":"Inserter"}],"items_purged_floors":[],"is_endless":false,"potions_floor_spawned":[2,5,6,11,16],"killed_by":"Slavers","ascension_level":8}}