{"host":"gkm149kh1ihaqy0o","time":1610756582,"event":{"mods":["AchievementEnabler","BaseMod","Colored Powertips","Googly Eyes","Key Reminder","Minty Spire (QoL Compilation)","Permanent Neow","Quick Restart","Random Character Button","Rare Cards Sparkle","Relic Sorter","Relic Stats","SuperFastMode","Unceasing Turn Reminder","everything is the same but u backflip on backflip"],"gold_per_floor":[113,38,48,48,48,48,48,48],"floor_reached":7,"language":"ENG","playtime":218,"items_purged":["Defend_P"],"score":53,"play_id":"34985b06-7ba3-4b1f-b575-bfd149700e1e","local_time":"20210115182302","is_ascension_mode":true,"campfire_choices":[{"data":"Vigilance","floor":6,"key":"SMITH"}],"circlet_count":0,"master_deck":["Strike_P","Strike_P","Strike_P","Strike_P","Defend_P","Defend_P","Defend_P","Eruption+1","Vigilance+1","Evaluate","EmptyBody"],"relics":["SacredBark"],"acts_visited":["Exordium"],"potions_floor_usage":[],"damage_taken":[{"damage":5,"enemies":"2 Louse","floor":1,"turns":4},{"damage":4,"enemies":"Jaw Worm","floor":3,"turns":3},{"damage":31,"enemies":"Lagavulin","floor":7,"turns":10}],"seed_played":"-4979622455405571620","potions_obtained":[],"is_trial":false,"path_per_floor":["M","$","M","?","?","R","E"],"character_chosen":"WATCHER","items_purchased":[],"campfire_rested":0,"item_purchase_floors":[],"current_hp_per_floor":[60,60,56,61,61,61,30,30],"gold":48,"neow_bonus":"BOSS_RELIC","is_daily":false,"chose_seed":false,"campfire_upgraded":1,"win_rate":0.0,"timestamp":1610756582,"path_taken":["M","$","M","?","?","R","E"],"items_purchased_type":[],"build_version":"2020-12-22","purchased_purges":1,"victory":false,"max_hp_per_floor":[72,72,72,77,77,77,77,77],"relic_stats":{"counters":[3,17],"obtain_stats":[{"SacredBark":0,"PureWater":0},{"SacredBark":0,"PureWater":0},{"SacredBark":0,"PureWater":0}]},"card_choices":[{"not_picked":["BowlingBash","FlurryOfBlows"],"picked":"Evaluate","floor":1},{"not_picked":["JustLucky","FlurryOfBlows"],"picked":"EmptyBody","floor":3}],"player_experience":626966,"relics_obtained":[],"event_choices":[{"damage_healed":0,"gold_gain":0,"player_choice":"Donut","damage_taken":0,"max_hp_gain":5,"max_hp_loss":0,"event_name":"Big Fish","floor":4,"gold_loss":0},{"damage_healed":0,"gold_gain":0,"player_choice":"Forge","damage_taken":0,"max_hp_gain":0,"max_hp_loss":0,"event_name":"Accursed Blacksmith","floor":5,"gold_loss":0,"cards_upgraded":["Eruption"]}],"is_beta":false,"boss_relics":[],"items_purged_floors":[2],"is_endless":false,"potions_floor_spawned":[],"killed_by":"Lagavulin","ascension_level":7}}