{"host":"t6r1isv2bex5ovch","time":1610781905,"event":{"mods":["AchievementEnabler","Act Like it!","Aspiration","BaseMod","Better Altar","Better Note","Better Sensory Stone","Better Skull","Better Third Choice","Better Vampires","Colored Powertips","Displayed Cursed Tome","Minty Spire (QoL Compilation)","StSLib","The Bug Knight","The Jungle"],"gold_per_floor":[20,33,43,54,72,105,105,134,134,153,78,112,112,126,126,224,224,236,253,253,272,289,289,33,50,77,77,112,112,130,157,157,252,252,268,285,4,21,21,52,52,52,52,64,114,147,147,147,147,147,147,147,2,35,35,35],"floor_reached":55,"language":"ENG","playtime":5701,"items_purged":["HollowMod:NailStrikeStart","HollowMod:NailStrikeStart","HollowMod:QuickDashStart"],"score":807,"play_id":"c923c9e4-6c2c-40ba-b936-4e437611d5a5","local_time":"20210116172505","is_ascension_mode":true,"campfire_choices":[{"floor":15.0,"key":"RECALL"},{"data":"HollowMod:SlysStrikes","floor":23.0,"key":"SMITH"},{"data":"HollowMod:CycloneSlash","floor":27.0,"key":"SMITH"},{"data":"HollowMod:PaleKingsBlessing","floor":32.0,"key":"SMITH"},{"data":"HollowMod:theNailsmith","floor":47.0,"key":"SMITH"},{"data":"HollowMod:CycloneSlash","floor":49.0,"key":"SMITH"},{"data":"HollowMod:PogoStrike","floor":52.0,"key":"SMITH"}],"circlet_count":0,"master_deck":["HollowMod:QuickDashStart","HollowMod:QuickDashStart","HollowMod:FocusHealStart","HollowMod:PogoStrike+1","HollowMod:SlysStrikes+1","HollowMod:NewLittleFool+1","HollowMod:CycloneSlash+1","HollowMod:CycloneSlash+1","HollowMod:PogoStrike+1","HollowMod:SlysStrikes+1","HollowMod:HuntersJournal+1","Bite","Bite","HollowMod:PaleKingsBlessing+1","HollowMod:theNailsmith+1","HollowMod:HuntersJournal+1","HollowMod:LuriensSpire+1"],"relics":["HollowMod:VesselMask","HollowMod:LifeEnderRelic","Kunai","Pantograph","Strawberry","SlaversCollar","DollysMirror","Anchor","Bag of Preparation","Coffee Dripper","Lantern","Whetstone","Toy Ornithopter","Bird Faced Urn","White Beast Statue","HollowMod:JonisBlessing","Art of War"],"acts_visited":["Exordium","TheCity","TheBeyond","TheEnding"],"potions_floor_usage":[55],"damage_taken":[{"damage":1.0,"enemies":"Cultist","floor":1.0,"turns":4.0},{"damage":1.0,"enemies":"Jaw Worm","floor":2.0,"turns":5.0},{"damage":7.0,"enemies":"Small Slimes","floor":3.0,"turns":4.0},{"damage":16.0,"enemies":"Gremlin Gang","floor":4.0,"turns":5.0},{"damage":11.0,"enemies":"Red Slaver","floor":5.0,"turns":3.0},{"damage":44.0,"enemies":"3 Sentries","floor":6.0,"turns":9.0},{"damage":24.0,"enemies":"Gremlin Nob","floor":8.0,"turns":4.0},{"damage":4.0,"enemies":"Blue Slaver","floor":10.0,"turns":4.0},{"damage":23.0,"enemies":"3 Sentries","floor":12.0,"turns":7.0},{"damage":2.0,"enemies":"Exordium Thugs","floor":14.0,"turns":4.0},{"damage":58.0,"enemies":"The Guardian","floor":16.0,"turns":10.0},{"damage":13.0,"enemies":"Shell Parasite","floor":18.0,"turns":11.0},{"damage":29.0,"enemies":"Spheric Guardian","floor":19.0,"turns":6.0},{"damage":29.0,"enemies":"Snake Plant","floor":21.0,"turns":6.0},{"damage":17.0,"enemies":"Centurion and Healer","floor":22.0,"turns":8.0},{"damage":17.0,"enemies":"Cultist and Chosen","floor":25.0,"turns":6.0},{"damage":12.0,"enemies":"Gremlin Leader","floor":28.0,"turns":5.0},{"damage":22.0,"enemies":"Snake Plant","floor":30.0,"turns":4.0},{"damage":25.0,"enemies":"Slavers","floor":31.0,"turns":3.0},{"damage":17.0,"enemies":"Automaton","floor":33.0,"turns":6.0},{"damage":9.0,"enemies":"3 Shapes","floor":35.0,"turns":4.0},{"damage":35.0,"enemies":"3 Darklings","floor":36.0,"turns":4.0},{"damage":23.0,"enemies":"Transient","floor":38.0,"turns":5.0},{"damage":16.0,"enemies":"Reptomancer","floor":40.0,"turns":5.0},{"damage":1.0,"enemies":"Nemesis","floor":42.0,"turns":2.0},{"damage":16.0,"enemies":"Maw","floor":44.0,"turns":6.0},{"damage":28.0,"enemies":"Mind Bloom Boss Battle","floor":45.0,"turns":6.0},{"damage":37.0,"enemies":"Giant Head","floor":46.0,"turns":7.0},{"damage":77.0,"enemies":"HollowMod:Radiance","floor":50.0,"turns":8.0},{"damage":33.0,"enemies":"Shield and Spear","floor":54.0,"turns":5.0},{"damage":46,"enemies":"The Heart","floor":55,"turns":5}],"seed_played":"-846416426097306263","potions_obtained":[{"floor":3.0,"key":"Strength Potion"},{"floor":6.0,"key":"DistilledChaos"},{"floor":8.0,"key":"Weak Potion"},{"floor":16.0,"key":"BlessingOfTheForge"},{"floor":18.0,"key":"SpeedPotion"},{"floor":19.0,"key":"SmokeBomb"},{"floor":28.0,"key":"Fire Potion"},{"floor":31.0,"key":"DuplicationPotion"},{"floor":35.0,"key":"Dexterity Potion"},{"floor":40.0,"key":"EssenceOfSteel"},{"floor":46.0,"key":"Explosive Potion"},{"floor":54.0,"key":"PowerPotion"}],"is_trial":false,"path_per_floor":["M","M","M","M","M","E","?","E","T","M","$","E","?","M","R","B",null,"M","M","?","M","M","R","$","M","T","R","E","?","M","E","R","B",null,"M","M","$","M","?","E","$","E","T","M","?","E","R","?","R","B",null,"R","$","E","B"],"character_chosen":"THE_BUGKNIGHT","items_purchased":["DollysMirror","Lantern","HollowMod:JonisBlessing"],"campfire_rested":0,"item_purchase_floors":[24,37,53],"current_hp_per_floor":[75,75,74,68,57,23,28,14,14,16,16,10,19,23,23,2,87,86,62,62,45,40,40,40,35,35,35,35,35,29,8,8,50,76,71,58,58,64,64,67,67,73,73,72,53,55,55,55,55,28,76,76,76,43,0,0],"gold":35,"neow_bonus":"THREE_RARE_CARDS","is_daily":false,"chose_seed":false,"campfire_upgraded":6,"win_rate":0.0,"timestamp":1610781905,"path_taken":["M","M","M","M","?","E","?","E","T","M","$","E","?","M","R","BOSS","M","M","?","M","?","R","$","M","T","R","E","?","M","E","R","BOSS","M","M","$","M","?","E","?","E","T","?","?","E","R","?","R","BOSS","R","$","E","BOSS"],"items_purchased_type":["Relic","Relic","Relic"],"build_version":"2020-12-22","purchased_purges":3,"victory":false,"max_hp_per_floor":[75,75,75,75,75,75,80,80,80,80,80,87,87,87,87,87,87,87,87,87,87,87,87,87,87,87,87,87,76,76,76,76,76,76,76,76,76,76,76,76,76,76,76,76,76,76,76,76,76,76,76,76,76,76,76,76],"card_choices":[{"not_picked":["HollowMod:WhiteLadysBlessing","HollowMod:PureVessel"],"picked":"HollowMod:SlysStrikes","floor":0.0},{"not_picked":["HollowMod:FallenFury","HollowMod:SharpenedNail"],"picked":"HollowMod:NewLittleFool","floor":1.0},{"not_picked":["HollowMod:NewJinnsSoul","HollowMod:SoulEater","HollowMod:ShapeofUnn"],"picked":"SKIP","floor":2.0},{"not_picked":["HollowMod:MothsMistake","HollowMod:CornifersMapStart","HollowMod:HeavyBlow"],"picked":"SKIP","floor":3.0},{"not_picked":["HollowMod:NewJinnsSoul","HollowMod:DoubleDash","HollowMod:NewLittleFool"],"picked":"SKIP","floor":4.0},{"not_picked":["HollowMod:CornifersMapStart","HollowMod:ShadowDash","HollowMod:DescendingDark"],"picked":"SKIP","floor":5.0},{"not_picked":["HollowMod:TaintedHusks","HollowMod:CloakDash","HollowMod:NewLittleFool"],"picked":"SKIP","floor":6.0},{"not_picked":["HollowMod:NewGlowingWomb","HollowMod:SoulStrike","HollowMod:GreatSlash"],"picked":"SKIP","floor":8.0},{"not_picked":["HollowMod:ChannelNail","HollowMod:VengefulSpirit"],"picked":"HollowMod:CycloneSlash","floor":10.0},{"not_picked":["HollowMod:ShapeofUnn","HollowMod:LuriensSpire"],"picked":"HollowMod:CycloneSlash","floor":12.0},{"not_picked":["HollowMod:SoulEater","HollowMod:MawleksShell","HollowMod:AbyssShriek"],"picked":"SKIP","floor":14.0},{"not_picked":["HollowMod:NewJinnsSoul","HollowMod:SoulShaman","HollowMod:SoulSplash"],"picked":"SKIP","floor":18.0},{"not_picked":["HollowMod:SiblingsSouls","HollowMod:VengefulVoid","HollowMod:SoulStrike"],"picked":"SKIP","floor":19.0},{"not_picked":["HollowMod:DoubleDash+1","HollowMod:BaldurShell+1","HollowMod:NewJinnsSoul"],"picked":"SKIP","floor":21.0},{"not_picked":["HollowMod:ShadowDash","HollowMod:CycloneSlash","HollowMod:Grubsong"],"picked":"SKIP","floor":22.0},{"not_picked":["HollowMod:MothsMistake+1","HollowMod:HowlingWraiths"],"picked":"HollowMod:HuntersJournal+1","floor":25.0},{"not_picked":["HollowMod:DescendingDark+1","HollowMod:RecoilStrike","HollowMod:AwokenDreamNail"],"picked":"SKIP","floor":28.0},{"not_picked":["HollowMod:CycloneSlash","HollowMod:VengefulVoid","HollowMod:ChannelNail"],"picked":"SKIP","floor":30.0},{"not_picked":["HollowMod:DungDefenderAura","HollowMod:CornifersMapStart"],"picked":"HollowMod:PaleKingsBlessing","floor":31.0},{"not_picked":["HollowMod:HornetsHelp","HollowMod:PaleKingsBlessing"],"picked":"HollowMod:theNailsmith","floor":33.0},{"not_picked":["HollowMod:MonarchWings+1","HollowMod:NewLittleFool","HollowMod:InfectedCysts+1"],"picked":"SKIP","floor":35.0},{"not_picked":["HollowMod:SharpenedNail+1","HollowMod:GoodIntentions+1","HollowMod:InfectedAttack+1"],"picked":"SKIP","floor":36.0},{"not_picked":["HollowMod:DoubleDash","HollowMod:MonomonsArchive","HollowMod:SoulSplash"],"picked":"SKIP","floor":38.0},{"not_picked":["HollowMod:VengefulSpirit+1","HollowMod:RadiancesLament","HollowMod:PerfectDash"],"picked":"SKIP","floor":40.0},{"not_picked":["HollowMod:LifebloodCocoon","HollowMod:SiblingsShadow","HollowMod:CoiledNail"],"picked":"SKIP","floor":44.0},{"not_picked":["HollowMod:DescendingDark+1","HollowMod:HeavyBlow+1"],"picked":"HollowMod:HuntersJournal+1","floor":46.0},{"not_picked":["HollowMod:CycloneSlash+1","HollowMod:DashSlash+1"],"picked":"HollowMod:LuriensSpire+1","floor":54.0}],"player_experience":426399,"relics_obtained":[{"floor":6.0,"key":"HollowMod:LifeEnderRelic"},{"floor":8.0,"key":"Kunai"},{"floor":9.0,"key":"Pantograph"},{"floor":12.0,"key":"Strawberry"},{"floor":28.0,"key":"Anchor"},{"floor":31.0,"key":"Bag of Preparation"},{"floor":40.0,"key":"Whetstone"},{"floor":43.0,"key":"Toy Ornithopter"},{"floor":45.0,"key":"Bird Faced Urn"},{"floor":46.0,"key":"White Beast Statue"},{"floor":54.0,"key":"Art of War"}],"event_choices":[{"damage_healed":0.0,"max_hp_gain":5.0,"max_hp_loss":0.0,"gold_gain":0.0,"event_name":"Big Fish","player_choice":"Donut","floor":7.0,"gold_loss":0.0,"damage_taken":0.0},{"cards_removed":["HollowMod:PogoStrike"],"damage_healed":0.0,"max_hp_gain":0.0,"max_hp_loss":0.0,"gold_gain":0.0,"event_name":"betterNote:BetterNote","player_choice":"Take \u0026 Give","floor":20.0,"gold_loss":0.0,"damage_taken":0.0,"cards_obtained":["HollowMod:PogoStrike"]},{"damage_healed":0.0,"max_hp_gain":0.0,"max_hp_loss":11.0,"gold_gain":0.0,"event_name":"Vampires","player_choice":"Became a vampire","floor":29.0,"gold_loss":0.0,"damage_taken":0.0,"cards_obtained":["Bite","Bite"]},{"damage_healed":0.0,"max_hp_gain":0.0,"max_hp_loss":0.0,"gold_gain":0.0,"event_name":"MindBloom","player_choice":"Fight","floor":45.0,"gold_loss":0.0,"damage_taken":0.0}],"is_beta":false,"boss_relics":[{"not_picked":["Busted Crown","SacredBark"],"picked":"SlaversCollar"},{"not_picked":["aspiration:RitualDagger","Philosopher\u0027s Stone"],"picked":"Coffee Dripper"}],"items_purged_floors":[11,24,37],"is_endless":false,"potions_floor_spawned":[3,6,8,16,18,19,28,31,35,40,42,46,54],"killed_by":"The Heart","ascension_level":1}}