{"host":"qgrlfjrqk9z96gfi","time":1610828819,"event":{"mods":["BaseMod","Block Reminder","Colored Map","Custom Start","DeckTracker","Minty Spire (QoL Compilation)"],"gold_per_floor":[110,120,120,139,155,155,155,184,184,184,184,218,218,242,242,242,242],"floor_reached":16,"language":"ENG","playtime":446,"items_purged":[],"score":220,"play_id":"199184b3-cfd7-4cad-bd59-79a309a7d499","local_time":"20210116102659","is_ascension_mode":true,"campfire_choices":[{"floor":6,"key":"REST"},{"floor":10,"key":"REST"},{"floor":15,"key":"REST"}],"circlet_count":0,"master_deck":["AscendersBane","Strike_G","Strike_G","Strike_G","Strike_G","Strike_G","Defend_G","Defend_G","Defend_G","Defend_G","Defend_G","Survivor","Neutralize+1","The Bomb","Bouncing Flask","Flying Knee","Footwork+1","PiercingWail","Slice","Cloak And Dagger"],"relics":["Ring of the Snake","Juzu Bracelet","White Beast Statue","Mummified Hand","Golden Idol"],"acts_visited":["Exordium"],"potions_floor_usage":[16],"damage_taken":[{"damage":0,"enemies":"Cultist","floor":1,"turns":4},{"damage":1,"enemies":"2 Louse","floor":2,"turns":3},{"damage":15,"enemies":"Small Slimes","floor":4,"turns":3},{"damage":40,"enemies":"Gremlin Gang","floor":5,"turns":4},{"damage":14,"enemies":"3 Sentries","floor":8,"turns":3},{"damage":30,"enemies":"Gremlin Nob","floor":12,"turns":4},{"damage":1,"enemies":"Large Slime","floor":14,"turns":6},{"damage":27,"enemies":"The Guardian","floor":16,"turns":11}],"seed_played":"-6280540947429056030","potions_obtained":[{"floor":1,"key":"Swift Potion"},{"floor":5,"key":"Ancient Potion"},{"floor":14,"key":"PowerPotion"}],"is_trial":false,"path_per_floor":["M","M","?","M","M","R","?","E","T","R","?","E","?","M","R","B"],"character_chosen":"THE_SILENT","items_purchased":[],"campfire_rested":3,"item_purchase_floors":[],"current_hp_per_floor":[44,43,65,50,10,29,29,15,15,34,34,4,4,3,21,0,0],"gold":242,"neow_bonus":"RANDOM_COLORLESS_2","is_daily":false,"chose_seed":false,"campfire_upgraded":0,"win_rate":0.0,"timestamp":1610828819,"path_taken":["M","M","?","M","M","R","?","E","T","R","?","E","?","M","R","BOSS"],"items_purchased_type":[],"build_version":"2020-12-22","purchased_purges":0,"victory":false,"max_hp_per_floor":[66,66,66,66,66,66,66,66,66,66,66,66,60,60,60,60,60],"card_choices":[{"not_picked":["Thinking Ahead","Metamorphosis"],"picked":"The Bomb","floor":0},{"not_picked":["Bane","PiercingWail"],"picked":"Bouncing Flask","floor":1},{"not_picked":["Deflect","Prepared"],"picked":"Flying Knee","floor":2},{"not_picked":["Deflect","Phantasmal Killer"],"picked":"Footwork","floor":4},{"not_picked":["Deflect","Underhanded Strike","Prepared"],"picked":"SKIP","floor":5},{"not_picked":["Bane","Deflect"],"picked":"PiercingWail","floor":8},{"not_picked":["Quick Slash","Caltrops"],"picked":"Slice","floor":12},{"not_picked":["Sucker Punch","Tactician"],"picked":"Cloak And Dagger","floor":14}],"player_experience":1015044,"relics_obtained":[{"floor":8,"key":"Juzu Bracelet"},{"floor":9,"key":"White Beast Statue"},{"floor":12,"key":"Mummified Hand"}],"event_choices":[{"damage_healed":22,"gold_gain":0,"player_choice":"Banana","damage_taken":0,"max_hp_gain":0,"max_hp_loss":0,"event_name":"Big Fish","floor":3,"gold_loss":0},{"damage_healed":0,"gold_gain":0,"player_choice":"Grow","damage_taken":0,"max_hp_gain":0,"max_hp_loss":0,"event_name":"Living Wall","floor":7,"gold_loss":0,"cards_upgraded":["Footwork"]},{"damage_healed":0,"gold_gain":0,"player_choice":"Upgraded","damage_taken":0,"max_hp_gain":0,"max_hp_loss":0,"event_name":"Upgrade Shrine","floor":11,"gold_loss":0,"cards_upgraded":["Neutralize"]},{"damage_healed":0,"gold_gain":0,"player_choice":"Lose Max HP","damage_taken":0,"relics_obtained":["Golden Idol"],"max_hp_gain":0,"max_hp_loss":6,"event_name":"Golden Idol","floor":13,"gold_loss":0}],"is_beta":false,"boss_relics":[],"items_purged_floors":[],"is_endless":false,"potions_floor_spawned":[1,5,8,12,14],"killed_by":"The Guardian","ascension_level":20}}