{"host":"kdt6w7ix8lwe69i9","time":1610810415,"event":{"mods":["100% Spire Juice","Bartender","BaseMod","ChefMod","Downfall","Fiend Mod","Jorbs\u0027s Wanderer Trilogy","Minty Spire (QoL Compilation)","Reimu（博丽灵梦）","Robot Space Explorer","Shade Mod","StSLib","The Caster","The Cursed","The Disciple","The Dragon Tamer","The Druid","The Fake Hero","The Forsaken","The Gatherer","The Marked","TheBandit","TheSwordswoman"],"gold_per_floor":[519,519,48,64,75,106,126,146,200,216,216,60,60,94,94,94,94],"floor_reached":16,"language":"ENG","playtime":889,"items_purged":[],"score":112,"play_id":"ab2a14d4-f93d-4867-afb2-4d36c448e5b9","local_time":"20210116102015","is_ascension_mode":false,"campfire_choices":[{"data":"Mayhem","floor":15,"key":"SMITH"}],"circlet_count":0,"master_deck":["luka_mod:StrikeLukaOne","luka_mod:StrikeLukaTwo","luka_mod:StrikeLukaThree","luka_mod:StrikeLukaFour","luka_mod:StrikeLukaFive","luka_mod:StrikeLukaSix","luka_mod:Salt","luka_mod:Guard","luka_mod:Edging","luka_mod:FlailWildly","luka_mod:Meditation","luka_mod:Surrender","Clumsy","luka_mod:FireSlash","luka_mod:UnusedPoison","luka_mod:StrikeLuka","luka_mod:Sara","Mayhem+1","luka_mod:Gnome","luka_mod:Calm","luka_mod:BladeOfStillWater","luka_mod:StrikeLuka","luka_mod:RestrictedStrike","luka_mod:Feel","luka_mod:Tamamo"],"relics":["luka_mod:KeepsakeRing","RuthlessExorcism:ReiMu","Lantern","Juzu Bracelet","Blue Candle"],"acts_visited":["Exordium"],"potions_floor_usage":[6,14],"damage_taken":[{"damage":5,"enemies":"2 Louse","floor":1,"turns":3},{"damage":0,"enemies":"Cultist","floor":4,"turns":2},{"damage":0,"enemies":"Small Slimes","floor":5,"turns":3},{"damage":33,"enemies":"Lagavulin","floor":6,"turns":7},{"damage":0,"enemies":"3 Louse","floor":7,"turns":1},{"damage":0,"enemies":"2 Fungi Beasts","floor":8,"turns":2},{"damage":3,"enemies":"Lots of Slimes","floor":10,"turns":2},{"damage":23,"enemies":"3 Sentries","floor":14,"turns":6},{"damage":8,"enemies":"Slime Boss","floor":16,"turns":4}],"seed_played":"-9202710700877995647","potions_obtained":[{"floor":1,"key":"MagicPotion:ReiMu"},{"floor":5,"key":"Block Potion"},{"floor":11,"key":"GamblersBrew"},{"floor":11,"key":"Energy Potion"}],"is_trial":false,"path_per_floor":["M","?","$","M","M","E","M","M","T","M","?","$","?","E","R","B"],"character_chosen":"LUKA_CLASS","items_purchased":["RuthlessExorcism:ReiMu","luka_mod:StrikeLuka","luka_mod:Sara","Mayhem","Juzu Bracelet"],"campfire_rested":0,"item_purchase_floors":[3,3,3,3,12],"current_hp_per_floor":[43,43,43,43,43,34,34,34,34,31,31,31,31,32,32,0,0],"gold":94,"neow_bonus":"TWENTY_PERCENT_HP_BONUS","is_daily":false,"chose_seed":false,"campfire_upgraded":1,"win_rate":0.0,"timestamp":1610810415,"path_taken":["M","?","?","M","M","E","M","M","T","M","?","$","?","E","R","BOSS"],"items_purchased_type":["Relic","Card","Card","Card","Relic"],"build_version":"2020-12-22","purchased_purges":0,"victory":false,"max_hp_per_floor":[48,48,48,48,48,48,48,48,48,48,48,48,48,48,48,48,48],"card_choices":[{"not_picked":["luka_mod:HeroicStrike","luka_mod:BladeOfHowlingWind"],"picked":"luka_mod:FireSlash","floor":1},{"not_picked":["luka_mod:AngryLuka","luka_mod:RestrictedStrike"],"picked":"luka_mod:Gnome","floor":4},{"not_picked":["luka_mod:Request","luka_mod:ThunderThrust"],"picked":"luka_mod:Calm","floor":5},{"not_picked":["luka_mod:Calm","luka_mod:Struggle"],"picked":"luka_mod:BladeOfStillWater","floor":6},{"not_picked":["luka_mod:Cutscene","luka_mod:Request"],"picked":"luka_mod:StrikeLuka","floor":7},{"not_picked":["luka_mod:HeroicStrike","luka_mod:Request"],"picked":"luka_mod:RestrictedStrike","floor":8},{"not_picked":["luka_mod:Calm","luka_mod:StressRelief"],"picked":"luka_mod:Feel","floor":10},{"not_picked":["luka_mod:FireSlash","luka_mod:Sylph"],"picked":"luka_mod:Tamamo","floor":14}],"player_experience":1837327,"relics_obtained":[{"floor":6,"key":"Lantern"},{"floor":14,"key":"Blue Candle"}],"event_choices":[{"damage_healed":0,"gold_gain":0,"cards_transformed":["luka_mod:Wait"],"player_choice":"Transformed","damage_taken":0,"max_hp_gain":0,"max_hp_loss":0,"event_name":"Transmorgrifier","floor":2,"gold_loss":0,"cards_obtained":["luka_mod:UnusedPoison"]},{"damage_healed":0,"gold_gain":0,"player_choice":"Got Potions","damage_taken":0,"max_hp_gain":0,"max_hp_loss":0,"event_name":"Lab","floor":11,"gold_loss":0},{"damage_healed":0,"gold_gain":0,"player_choice":"Bought 0 Potions","damage_taken":0,"max_hp_gain":0,"max_hp_loss":0,"event_name":"The Woman in Blue","floor":13,"gold_loss":0}],"is_beta":false,"boss_relics":[],"items_purged_floors":[],"is_endless":false,"potions_floor_spawned":[1,5],"killed_by":"Slime Boss","ascension_level":0}}