{"host":"szp1d6dso4pv7ddl","time":1610758997,"event":{"mods":["AchievementEnabler","Alarm Clock","BaseMod","Bestiary","Block Reminder","Colored Map","Colored Powertips","Curses Come First","Dark Map","Displayed Cursed Tome","Highlight Path","Minty Spire (QoL Compilation)","Permanent Neow","Quick Restart","Relic Sorter","Relic Stats","StSLib","Synergy Search"],"gold_per_floor":[119,119,119,65,140,140,169,37,110,123,123,143,143,163,163,263,263,282,39,39,59,59,59,59,59],"floor_reached":24,"language":"ENG","playtime":923,"items_purged":[],"score":282,"play_id":"252df2cd-029e-445a-9c5f-e23920f30860","local_time":"20210115170317","is_ascension_mode":true,"campfire_choices":[{"floor":6,"key":"REST"},{"data":"Redo","floor":11,"key":"SMITH"},{"data":"Redo","floor":13,"key":"SMITH"},{"floor":15,"key":"REST"},{"data":"Biased Cognition","floor":23,"key":"SMITH"}],"circlet_count":0,"master_deck":["Strike_B+1","Defend_B","Defend_B","Defend_B","Dualcast","Lockon+1","Undo","Darkness","Redo+1","Redo+1","Redo","FTL","Redo","Coolheaded","Biased Cognition+1","Multi-Cast","Doom and Gloom"],"relics":["Cracked Core","Whetstone","Matryoshka","Odd Mushroom","Empty Cage","Meat on the Bone"],"acts_visited":["Exordium","TheCity"],"potions_floor_usage":[12,16,16,24],"damage_taken":[{"damage":12,"enemies":"Small Slimes","floor":1,"turns":3},{"damage":14,"enemies":"Lagavulin","floor":7,"turns":6},{"damage":0,"enemies":"2 Louse","floor":10,"turns":2},{"damage":12,"enemies":"The Mushroom Lair","floor":12,"turns":4},{"damage":0,"enemies":"Jaw Worm","floor":14,"turns":3},{"damage":10,"enemies":"Hexaghost","floor":16,"turns":8},{"damage":6,"enemies":"Spheric Guardian","floor":18,"turns":4},{"damage":19,"enemies":"3 Byrds","floor":21,"turns":6},{"damage":54,"enemies":"Slavers","floor":24,"turns":4}],"seed_played":"-4738447697030569743","potions_obtained":[{"floor":1,"key":"ColorlessPotion"},{"floor":12,"key":"FocusPotion"},{"floor":14,"key":"EssenceOfSteel"},{"floor":21,"key":"Energy Potion"}],"is_trial":false,"path_per_floor":["M","?","?","$","?","R","E","$","T","M","R","?","R","M","R","B",null,"M","$","?","M","?","R","E"],"character_chosen":"DEFECT","items_purchased":["Redo","Redo","FTL","Meat on the Bone"],"campfire_rested":2,"item_purchase_floors":[4,8,8,19],"current_hp_per_floor":[38,31,36,36,25,49,35,35,35,35,35,23,23,23,47,37,69,63,63,57,50,50,50,0,0],"gold":59,"neow_bonus":"TRANSFORM_TWO_CARDS","is_daily":false,"chose_seed":false,"campfire_upgraded":3,"win_rate":0.0,"timestamp":1610758997,"path_taken":["M","?","?","$","?","R","E","$","T","?","R","?","R","M","R","BOSS","M","$","?","?","?","R","E"],"items_purchased_type":["Card","Card","Card","Relic"],"build_version":"2020-12-22","purchased_purges":0,"victory":false,"max_hp_per_floor":[75,75,80,80,80,80,80,80,80,80,80,80,80,80,80,80,80,80,80,80,80,80,80,80,80],"relic_stats":{"counters":[9,40],"Whetstone":["Strike_B","Lockon"],"obtain_stats":[{"Matryoshka":9,"Whetstone":7,"Odd Mushroom":12,"Cracked Core":0,"Empty Cage":17,"Meat on the Bone":19},{"Matryoshka":2,"Whetstone":2,"Odd Mushroom":4,"Cracked Core":0,"Empty Cage":6,"Meat on the Bone":7},{"Matryoshka":9,"Whetstone":9,"Odd Mushroom":15,"Cracked Core":0,"Empty Cage":26,"Meat on the Bone":30}],"Meat on the Bone":12},"card_choices":[{"not_picked":["Conserve Battery","Coolheaded"],"picked":"Darkness","floor":1},{"not_picked":["Melter","Coolheaded"],"picked":"Redo","floor":7},{"not_picked":["Steam","Darkness"],"picked":"Redo","floor":10},{"not_picked":["Undo","Cold Snap"],"picked":"Coolheaded","floor":12},{"not_picked":["Loop","Ball Lightning"],"picked":"Biased Cognition","floor":14},{"not_picked":["Electrodynamics","Creative AI"],"picked":"Multi-Cast","floor":16},{"not_picked":["Redo","Gash"],"picked":"Doom and Gloom","floor":18},{"not_picked":["Static Discharge","Compile Driver","Leap+1"],"picked":"SKIP","floor":21}],"player_experience":1177859,"relics_obtained":[{"floor":7,"key":"Whetstone"},{"floor":9,"key":"Matryoshka"},{"floor":12,"key":"Odd Mushroom"}],"event_choices":[{"cards_removed":["Strike_B"],"damage_healed":0,"gold_gain":0,"player_choice":"Card Removal","damage_taken":7,"max_hp_gain":0,"max_hp_loss":0,"event_name":"Golden Wing","floor":2,"gold_loss":0},{"damage_healed":0,"gold_gain":0,"player_choice":"Donut","damage_taken":0,"max_hp_gain":5,"max_hp_loss":0,"event_name":"Big Fish","floor":3,"gold_loss":0},{"damage_healed":0,"gold_gain":75,"player_choice":"Gather Gold","damage_taken":11,"max_hp_gain":0,"max_hp_loss":0,"event_name":"World of Goop","floor":5,"gold_loss":0},{"damage_healed":0,"gold_gain":0,"player_choice":"Fought Mushrooms","damage_taken":0,"max_hp_gain":0,"max_hp_loss":0,"event_name":"Mushrooms","floor":12,"gold_loss":0},{"damage_healed":0,"gold_gain":0,"player_choice":"","damage_taken":6,"max_hp_gain":0,"max_hp_loss":0,"event_name":"Knowing Skull","floor":20,"potions_obtained":[],"gold_loss":0,"cards_obtained":[]},{"damage_healed":0,"gold_gain":0,"player_choice":"Ignored","damage_taken":0,"max_hp_gain":0,"max_hp_loss":0,"event_name":"Vampires","floor":22,"gold_loss":0}],"is_beta":false,"boss_relics":[{"not_picked":["Inserter","Philosopher\u0027s Stone"],"picked":"Empty Cage"}],"items_purged_floors":[],"is_endless":false,"potions_floor_spawned":[1,12,14,21],"killed_by":"Slavers","ascension_level":7}}