{"host":"s7l2a3wroivred6i","time":1610770836,"event":{"mods":["AchievementEnabler","Aspiration","BaseMod","Better Altar","Better Match","Better Note","Better Sensory Stone","Better Skull","Better Synergies","Better Third Choice","BetterRewards","Conspire","GifTheSpireLib","Halation","Hubris","Infinite Spire","Marked Mod","Minty Spire (QoL Compilation)","Replay The Spire","Retaliation","StSLib","Stuff the Spire","The Blue Laboratory","The Construct"],"gold_per_floor":[116,116,132,189,68,93,93,121,121,121,69,86,86,98,161,257,257,268,268,285,210,210,210,210,225,225,53,53,53],"floor_reached":28,"language":"ENG","playtime":1672,"items_purged":["Shame"],"score":226,"play_id":"9e9b833a-e188-4f53-b63d-2dd180984c5a","local_time":"20210115232036","is_ascension_mode":false,"campfire_choices":[{"data":"construct:AttackMode","floor":7,"key":"SMITH"},{"floor":13,"key":"REST"},{"data":"construct:ClockworkEgg","floor":23,"key":"SMITH"}],"circlet_count":0,"master_deck":["construct:Strike_Gold","construct:Strike_Gold","construct:Strike_Gold","construct:Strike_Gold","construct:Strike_Gold","construct:Defend_Gold","construct:Defend_Gold","construct:Defend_Gold","construct:Defend_Gold","construct:Defend_Gold","construct:AttackMode+1","construct:DefenseMode","construct:Autoturret+1","construct:Autoturret","construct:PowerUp","construct:ModeShift","construct:GatlingGun","construct:Boost","construct:ClockworkEgg+1","construct:Isolate","construct:GuardCore"],"relics":["construct:Cogwheel","hubris:OldNail","Sundial","hubris:CrystalStatue","CaptainsWheel","conspire:DeflatedDodgeball","Replay:Kaleidoscope","ReplayTheSpireMod:CursedCoin","Ice Cream"],"acts_visited":["Exordium","TheCity"],"potions_floor_usage":[3,6,8,12,16,16,24,24,25,28,28],"damage_taken":[{"damage":0,"enemies":"2 Louse","floor":1,"turns":4},{"damage":0,"enemies":"Cultist","floor":3,"turns":2},{"damage":13,"enemies":"Lagavulin","floor":6,"turns":7},{"damage":16,"enemies":"Gremlin Nob","floor":8,"turns":3},{"damage":2,"enemies":"Small Slimes","floor":12,"turns":3},{"damage":2,"enemies":"Exordium Wildlife","floor":14,"turns":4},{"damage":17,"enemies":"Slime Boss","floor":16,"turns":7},{"damage":33,"enemies":"2 Thieves","floor":18,"turns":4},{"damage":15,"enemies":"Shell Parasite","floor":20,"turns":5},{"damage":0,"enemies":"Centurion and Healer","floor":24,"turns":1},{"damage":17,"enemies":"Snake Plant","floor":25,"turns":8},{"damage":18,"enemies":"3 Cultists","floor":28,"turns":6}],"seed_played":"-1510325640301170783","potions_obtained":[{"floor":1,"key":"blueLaboratory:FruitPunch"},{"floor":4,"key":"GamblersBrew"},{"floor":14,"key":"Explosive Potion"},{"floor":22,"key":"FearPotion"},{"floor":22,"key":"SmokeBomb"},{"floor":22,"key":"construct:MegaPotion"}],"is_trial":false,"path_per_floor":["M","?","M","?","$","E","R","E","T","?","$","M","R","M","R","B",null,"M","?","M","?","?","R","M","M","T","$","M"],"character_chosen":"THE_CONSTRUCT_MOD","items_purchased":["construct:PowerUp","PowerPotion","ReplayTheSpireMod:CursedCoin","Regen Potion","blueLaboratory:BubblePotion","blueLaboratory:BottleOfVodka","Explosive Potion","construct:GuardCore"],"campfire_rested":1,"item_purchase_floors":[5,5,11,11,11,27,27,27],"current_hp_per_floor":[85,85,87,66,66,53,53,37,37,19,19,17,43,41,41,38,87,54,54,39,39,39,39,39,22,22,22,4,4],"gold":53,"neow_bonus":"RANDOM_COMMON_RELIC","is_daily":false,"chose_seed":false,"campfire_upgraded":2,"win_rate":0.0,"timestamp":1610770836,"path_taken":["M","?","?","?","$","E","R","E","T","?","?","M","R","M","R","BOSS","M","?","M","?","?","R","M","M","T","$","?"],"items_purchased_type":["Card","Potion","Relic","Potion","Potion","Potion","Potion","Card"],"build_version":"2020-12-22","purchased_purges":1,"victory":false,"max_hp_per_floor":[85,85,87,87,87,87,87,87,87,87,87,87,87,87,87,87,87,87,87,87,87,87,87,87,87,87,87,87,87],"card_choices":[{"not_picked":["construct:FocusedBeam","construct:Stasis"],"picked":"construct:Autoturret","floor":1},{"not_picked":["construct:Accumulate","construct:HeavyBolt","construct:Anticipate"],"picked":"SKIP","floor":3},{"not_picked":["construct:ReactiveShield","construct:FierceBash"],"picked":"construct:Autoturret","floor":4},{"not_picked":["construct:Dampening","construct:Backup","construct:UnbalancingBlast"],"picked":"SKIP","floor":6},{"not_picked":["construct:HastyRepair","construct:Autoturret","construct:CriticalHit"],"picked":"SKIP","floor":8},{"not_picked":["construct:Boost","construct:Accumulate","construct:Reinforce"],"picked":"SKIP","floor":12},{"not_picked":["construct:Analyze","construct:HeavyBolt"],"picked":"construct:ModeShift","floor":14},{"not_picked":["construct:GoldenBullet","construct:HastyRepair"],"picked":"construct:GatlingGun","floor":16},{"not_picked":["construct:Electrocute+1","construct:VentSteam","construct:Disrupt"],"picked":"SKIP","floor":18},{"not_picked":["construct:ClusterMines","construct:BatteryAcid","construct:ModeShift+1"],"picked":"SKIP","floor":20},{"not_picked":["construct:Reinforce","construct:SyphonStrike"],"picked":"construct:Boost","floor":21},{"not_picked":["construct:SiegeForm","construct:ShiftingStance"],"picked":"construct:ClockworkEgg","floor":21},{"not_picked":["construct:Reinforce","construct:Forcefield"],"picked":"construct:Isolate","floor":25}],"player_experience":359620,"relics_obtained":[{"floor":4,"key":"Sundial"},{"floor":6,"key":"hubris:CrystalStatue"},{"floor":8,"key":"CaptainsWheel"},{"floor":9,"key":"conspire:DeflatedDodgeball"},{"floor":26,"key":"Ice Cream"}],"event_choices":[{"damage_healed":0,"gold_gain":0,"player_choice":"Upgraded","damage_taken":0,"max_hp_gain":0,"max_hp_loss":0,"event_name":"Upgrade Shrine","floor":2,"gold_loss":0,"cards_upgraded":["construct:Autoturret"]},{"damage_healed":0,"gold_gain":0,"player_choice":"Relic ","damage_taken":18,"max_hp_gain":0,"max_hp_loss":0,"event_name":"betterThird:BetterScrap","floor":10,"gold_loss":0,"cards_obtained":["hubris:SpecializedCircuitry"]},{"damage_healed":0,"gold_gain":0,"player_choice":"Ignored","damage_taken":0,"max_hp_gain":0,"max_hp_loss":0,"event_name":"Transmorgrifier","floor":19,"gold_loss":0},{"damage_healed":0,"gold_gain":0,"player_choice":"1","damage_taken":0,"max_hp_gain":0,"max_hp_loss":0,"event_name":"betterMatch:BetterMatch","floor":21,"gold_loss":0,"cards_obtained":["betterMatch:CommonCard","betterMatch:RareCard"]},{"damage_healed":0,"gold_gain":0,"player_choice":"Got Potions","damage_taken":0,"max_hp_gain":0,"max_hp_loss":0,"event_name":"Lab","floor":22,"gold_loss":0}],"is_beta":false,"boss_relics":[{"not_picked":["hubris:BlackHole","halation:PlatinumPhoenix","Ectoplasm"]}],"items_purged_floors":[11],"is_endless":false,"potions_floor_spawned":[1,14],"killed_by":"3 Cultists","ascension_level":0}}