{"host":"jwbw4f4imxd0v0b0","time":1610823978,"event":{"mods":["BaseMod","Colored Map","Highlight Path","Minty Spire (QoL Compilation)","Relic Stats","StSLib"],"gold_per_floor":[117,130,130,10,23,23,58,78,78,78,78,96,96,116,116,189,189,204,204,216,116,135,169,188,188,188,203,237,237,237,248,248,324,324,337,147,172,65,75,75,102,102,102,129,139,173,8,8,8,8],"floor_reached":51,"language":"ENG","playtime":4248,"items_purged":["Finisher","Pain","Pain"],"score":1345,"play_id":"2b1f99ed-9e95-4b46-8f6e-6f2f0d546290","local_time":"20210116130618","is_ascension_mode":true,"campfire_choices":[{"data":"Wraith Form v2","floor":6.0,"key":"SMITH"},{"data":"Night Terror","floor":15.0,"key":"SMITH"},{"floor":30.0,"key":"REST"},{"data":"Footwork","floor":32.0,"key":"SMITH"},{"data":"Wraith Form v2","floor":40,"key":"SMITH"},{"data":"Wraith Form v2","floor":42,"key":"SMITH"},{"data":"Well Laid Plans","floor":49,"key":"SMITH"}],"circlet_count":0,"master_deck":["AscendersBane","Survivor","Neutralize","After Image","Prepared","Quick Slash","Grand Finale+1","Crippling Poison","Night Terror+1","Wraith Form v2+1","Deflect","Backflip","Poisoned Stab","Deadly Poison","Backflip","PiercingWail","Crippling Poison","PiercingWail","After Image","Calculated Gamble","Venomology","Footwork+1","Bouncing Flask","Blur+1","Clumsy","Catalyst+1","Wraith Form v2+1","Wraith Form v2+1","Master of Strategy","Calculated Gamble+1","Footwork","PiercingWail","Well Laid Plans+1"],"relics":["Pandora\u0027s Box","Blood Vial","Akabeko","Cursed Key","WarpedTongs","Pear","Enchiridion","Regal Pillow","Ornamental Fan","Black Star","StoneCalendar","Bird Faced Urn","Darkstone Periapt","Bottled Tornado","Turnip","Nunchaku","Bottled Lightning","Smiling Mask"],"acts_visited":["Exordium","TheCity","TheBeyond"],"potions_floor_usage":[39,39,44,44,45,50],"damage_taken":[{"damage":3.0,"enemies":"Small Slimes","floor":1.0,"turns":3.0},{"damage":1.0,"enemies":"Cultist","floor":2.0,"turns":5.0},{"damage":8.0,"enemies":"Jaw Worm","floor":5.0,"turns":4.0},{"damage":19.0,"enemies":"3 Sentries","floor":7.0,"turns":11.0},{"damage":6.0,"enemies":"Looter","floor":8.0,"turns":4.0},{"damage":1.0,"enemies":"Red Slaver","floor":12.0,"turns":3.0},{"damage":1.0,"enemies":"Blue Slaver","floor":14.0,"turns":4.0},{"damage":13.0,"enemies":"Hexaghost","floor":16.0,"turns":12.0},{"damage":6.0,"enemies":"2 Thieves","floor":18.0,"turns":4.0},{"damage":4.0,"enemies":"3 Byrds","floor":20.0,"turns":6.0},{"damage":0.0,"enemies":"Sentry and Sphere","floor":22.0,"turns":6.0},{"damage":22.0,"enemies":"Book of Stabbing","floor":23.0,"turns":7.0},{"damage":4.0,"enemies":"3 Cultists","floor":24.0,"turns":5.0},{"damage":0.0,"enemies":"Centurion and Healer","floor":27.0,"turns":8.0},{"damage":14.0,"enemies":"Gremlin Leader","floor":28.0,"turns":8.0},{"damage":0.0,"enemies":"Snake Plant","floor":31.0,"turns":3.0},{"damage":0.0,"enemies":"Champ","floor":33.0,"turns":14.0},{"damage":12.0,"enemies":"3 Darklings","floor":35.0,"turns":5.0},{"damage":0.0,"enemies":"Mind Bloom Boss Battle","floor":37.0,"turns":8.0},{"damage":0,"enemies":"3 Shapes","floor":39,"turns":3},{"damage":7,"enemies":"Giant Head","floor":41,"turns":10},{"damage":15,"enemies":"Nemesis","floor":44,"turns":9},{"damage":5,"enemies":"Jaw Worm Horde","floor":45,"turns":6},{"damage":5,"enemies":"Reptomancer","floor":46,"turns":7},{"damage":12,"enemies":"Donu and Deca","floor":50,"turns":14}],"seed_played":"2557863579866666418","potions_obtained":[{"floor":2.0,"key":"SkillPotion"},{"floor":3.0,"key":"FairyPotion"},{"floor":5.0,"key":"PowerPotion"},{"floor":14.0,"key":"Poison Potion"},{"floor":23.0,"key":"Block Potion"},{"floor":39,"key":"Swift Potion"},{"floor":44,"key":"SkillPotion"}],"is_trial":false,"path_per_floor":["M","M","?","$","M","R","E","M","T","?","?","M","?","M","R","B",null,"M","?","M","$","M","E","M","?","T","M","E","?","R","M","R","B",null,"M","$","?","$","M","R","E","R","T","E","M","E","$","?","R","B",null],"character_chosen":"THE_SILENT","items_purchased":["Poisoned Stab","Master of Strategy","Footwork","PiercingWail","Well Laid Plans","Block Potion"],"campfire_rested":1,"item_purchase_floors":[4,36,38,38,47,47],"current_hp_per_floor":[60,59,59,59,51,51,32,28,28,14,14,15,15,16,16,5,54,50,50,48,48,65,55,53,37,37,39,27,12,52,54,54,56,78,68,68,70,70,72,72,67,67,73,76,85,91,91,91,91,91],"gold":8,"neow_bonus":"BOSS_RELIC","is_daily":false,"chose_seed":false,"campfire_upgraded":6,"win_rate":0.0,"timestamp":1610823978,"path_taken":["M","M","?","$","M","R","E","?","T","?","?","?","?","?","R","BOSS","M","?","?","$","M","E","M","?","T","M","E","?","R","M","R","BOSS","M","$","?","?","M","R","E","R","T","E","M","E","$","?","R","BOSS"],"items_purchased_type":["Card","Card","Card","Card","Card","Potion"],"build_version":"2020-12-22","purchased_purges":3,"victory":true,"max_hp_per_floor":[70,70,70,70,70,70,70,70,70,70,70,70,70,70,70,70,70,70,70,70,70,70,80,80,80,80,80,80,85,85,85,85,85,85,85,85,85,85,85,85,85,85,91,91,91,91,91,91,91,91],"relic_stats":{"Darkstone Periapt":6,"Regal Pillow":15,"counters":[25,169],"StoneCalendar":[257],"Cursed Key":2,"Smiling Mask":75,"WarpedTongs":[114],"Blood Vial":40,"Nunchaku":[1],"Ornamental Fan":[0],"Bird Faced Urn":[49],"Pandora\u0027s Box":["After Image","All Out Attack","Finisher","Prepared","Finisher","Quick Slash","Grand Finale","Crippling Poison","Night Terror","Wraith Form v2"],"Turnip":[0],"Black Star":3,"obtain_stats":[{"Darkstone Periapt":41,"Regal Pillow":26,"Pear":23,"Enchiridion":25,"StoneCalendar":37,"Bottled Tornado":43,"Cursed Key":17,"Smiling Mask":46,"Akabeko":9,"WarpedTongs":19,"Blood Vial":7,"Nunchaku":44,"Ornamental Fan":28,"Bird Faced Urn":41,"Pandora\u0027s Box":0,"Turnip":44,"Black Star":34,"Bottled Lightning":46,"Ring of the Snake":0},{"Darkstone Periapt":21,"Regal Pillow":13,"Pear":12,"Enchiridion":13,"StoneCalendar":19,"Bottled Tornado":21,"Cursed Key":8,"Smiling Mask":24,"Akabeko":5,"WarpedTongs":9,"Blood Vial":4,"Nunchaku":22,"Ornamental Fan":15,"Bird Faced Urn":21,"Pandora\u0027s Box":0,"Turnip":22,"Black Star":17,"Bottled Lightning":24,"Ring of the Snake":0},{"Darkstone Periapt":133,"Regal Pillow":74,"Pear":69,"Enchiridion":74,"StoneCalendar":120,"Bottled Tornado":133,"Cursed Key":46,"Smiling Mask":155,"Akabeko":27,"WarpedTongs":50,"Blood Vial":23,"Nunchaku":142,"Ornamental Fan":90,"Bird Faced Urn":133,"Pandora\u0027s Box":0,"Turnip":142,"Black Star":107,"Bottled Lightning":155,"Ring of the Snake":0}]},"card_choices":[{"not_picked":["Eviscerate","Underhanded Strike"],"picked":"Deflect","floor":1.0},{"not_picked":["Reflex","Dagger Throw"],"picked":"Backflip","floor":2.0},{"not_picked":["Dagger Throw","Slice"],"picked":"Deadly Poison","floor":5.0},{"not_picked":["Doppelganger","Concentrate"],"picked":"Backflip","floor":7.0},{"not_picked":["Poisoned Stab","Dodge and Roll"],"picked":"PiercingWail","floor":8.0},{"not_picked":["Sucker Punch","Dodge and Roll"],"picked":"PiercingWail","floor":12.0},{"not_picked":["Crippling Poison","Deflect"],"picked":"Calculated Gamble","floor":14.0},{"not_picked":["Envenom","Doppelganger"],"picked":"Venomology","floor":16.0},{"not_picked":["Outmaneuver","Sucker Punch","Cloak And Dagger"],"picked":"SKIP","floor":18.0},{"not_picked":["Dodge and Roll","Backflip","Heel Hook"],"picked":"SKIP","floor":20.0},{"not_picked":["Deadly Poison+1","Leg Sweep"],"picked":"Footwork","floor":22.0},{"not_picked":["Dagger Spray","Terror+1"],"picked":"Bouncing Flask","floor":23.0},{"not_picked":["Dodge and Roll","Dagger Throw"],"picked":"Blur+1","floor":24.0},{"not_picked":["Underhanded Strike","Dagger Throw"],"picked":"Catalyst+1","floor":27.0},{"not_picked":["Catalyst","Acrobatics+1"],"picked":"Wraith Form v2","floor":28.0},{"not_picked":["Underhanded Strike","Reflex","Deflect"],"picked":"SKIP","floor":31.0},{"not_picked":["Envenom","Glass Knife"],"picked":"Wraith Form v2","floor":33.0},{"not_picked":["Dagger Throw","Flying Knee","Poisoned Stab+1"],"picked":"SKIP","floor":35.0},{"not_picked":["Dash","Predator"],"picked":"Calculated Gamble+1","floor":37.0},{"not_picked":["Deadly Poison","Skewer","Finisher"],"picked":"SKIP","floor":39},{"not_picked":["Dagger Throw","Bullet Time","Prepared"],"picked":"SKIP","floor":41},{"not_picked":["Riddle With Holes+1","Cloak And Dagger","Sucker Punch+1"],"picked":"SKIP","floor":44},{"not_picked":["Poisoned Stab","Flechettes","Sucker Punch"],"picked":"SKIP","floor":45},{"not_picked":["Underhanded Strike+1","Sucker Punch","Malaise"],"picked":"SKIP","floor":46},{"not_picked":["Underhanded Strike+1","Sucker Punch","Malaise"],"picked":"SKIP","floor":46}],"player_experience":1073107,"relics_obtained":[{"floor":7.0,"key":"Blood Vial"},{"floor":9.0,"key":"Akabeko"},{"floor":23.0,"key":"Pear"},{"floor":25.0,"key":"Enchiridion"},{"floor":26.0,"key":"Regal Pillow"},{"floor":28.0,"key":"Ornamental Fan"},{"floor":37.0,"key":"StoneCalendar"},{"floor":41,"key":"Bird Faced Urn"},{"floor":41,"key":"Darkstone Periapt"},{"floor":43,"key":"Bottled Tornado"},{"floor":44,"key":"Turnip"},{"floor":44,"key":"Nunchaku"},{"floor":46,"key":"Bottled Lightning"},{"floor":46,"key":"Smiling Mask"}],"event_choices":[{"damage_healed":0.0,"max_hp_gain":0.0,"max_hp_loss":0.0,"gold_gain":0.0,"event_name":"Lab","player_choice":"Got Potions","floor":3.0,"gold_loss":0.0,"damage_taken":0.0},{"damage_healed":0.0,"max_hp_gain":0.0,"max_hp_loss":0.0,"gold_gain":0.0,"event_name":"Shining Light","player_choice":"Entered Light","floor":10.0,"gold_loss":0.0,"damage_taken":14.0,"cards_upgraded":["All Out Attack","Grand Finale"]},{"damage_healed":0.0,"max_hp_gain":0.0,"max_hp_loss":0.0,"gold_gain":0.0,"cards_transformed":["Finisher"],"event_name":"Transmorgrifier","player_choice":"Transformed","floor":11.0,"gold_loss":0.0,"damage_taken":0.0,"cards_obtained":["Crippling Poison"]},{"damage_healed":0.0,"max_hp_gain":0.0,"max_hp_loss":0.0,"gold_gain":0.0,"event_name":"Match and Keep!","player_choice":"1 cards matched","floor":13.0,"gold_loss":0.0,"damage_taken":0.0,"cards_obtained":["After Image"]},{"damage_healed":0.0,"max_hp_gain":0.0,"max_hp_loss":0.0,"gold_gain":0.0,"event_name":"Accursed Blacksmith","player_choice":"Rummage","floor":19.0,"gold_loss":0.0,"damage_taken":0.0,"relics_obtained":["WarpedTongs"],"cards_obtained":["Pain"]},{"damage_healed":0.0,"max_hp_gain":0.0,"max_hp_loss":0.0,"gold_gain":0.0,"event_name":"Cursed Tome","player_choice":"Obtained Book","floor":25.0,"gold_loss":0.0,"damage_taken":16.0},{"damage_healed":0.0,"max_hp_gain":5.0,"max_hp_loss":0.0,"gold_gain":0.0,"event_name":"Forgotten Altar","player_choice":"Shed Blood","floor":29.0,"gold_loss":0.0,"damage_taken":20.0},{"damage_healed":0.0,"max_hp_gain":0.0,"max_hp_loss":0.0,"gold_gain":0.0,"event_name":"MindBloom","player_choice":"Fight","floor":37.0,"gold_loss":0.0,"damage_taken":0.0},{"cards_removed":["All Out Attack"],"damage_healed":0,"gold_gain":0,"player_choice":"Removed Attack","damage_taken":0,"max_hp_gain":0,"max_hp_loss":0,"event_name":"Falling","floor":48,"gold_loss":0}],"is_beta":false,"boss_relics":[{"not_picked":["Sozu","Fusion Hammer"],"picked":"Cursed Key"},{"not_picked":["Velvet Choker","WristBlade"],"picked":"Black Star"}],"items_purged_floors":[4,21,47],"is_endless":false,"potions_floor_spawned":[2,5,14,20,23,24,37,39,41,44],"ascension_level":13}}