{"host":"pqs17sqrgflf4eqa","time":1610830540,"event":{"mods":["AchievementEnabler","BaseMod","Bestiary","Better Altar","Colored Map","Colored Powertips","Emptier Cage","Googly Eyes","Highlight Path","Minty Spire (QoL Compilation)","Quick Restart","StSLib","SuperFastMode","Transform Curses","slay the spire mod where everything is the same but ironclad has a cowboy hat"],"gold_per_floor":[113,93,111,128,4,4,34,34,34,51,63,74,150,179,179,282,282,296,296,396,407,407,407,440,440,440],"floor_reached":25,"language":"ENG","playtime":439,"items_purged":[],"score":337,"play_id":"abc25cce-71a8-48aa-b525-be2736011f30","local_time":"20210116155540","is_ascension_mode":true,"campfire_choices":[{"data":"Dualcast","floor":6,"key":"SMITH"},{"data":"Go for the Eyes","floor":8,"key":"SMITH"},{"data":"Gash","floor":15,"key":"SMITH"},{"data":"Hologram","floor":23,"key":"SMITH"}],"circlet_count":0,"master_deck":["Strike_B","Strike_B","Strike_B","Strike_B","Defend_B","Defend_B","Defend_B","Defend_B","Zap+1","Dualcast+1","Go for the Eyes+1","Conserve Battery","Sweeping Beam","Doom and Gloom","Conserve Battery","Leap","Gash+1","Leap","Electrodynamics","Compile Driver+1","Hologram+1","Defragment+1"],"relics":["Cracked Core","Symbiotic Virus","HornCleat","Question Card","Philosopher\u0027s Stone","Nilry\u0027s Codex","Kunai"],"acts_visited":["Exordium","TheCity"],"potions_floor_usage":[16,16,16],"damage_taken":[{"damage":1,"enemies":"Cultist","floor":1,"turns":3},{"damage":0,"enemies":"Small Slimes","floor":3,"turns":3},{"damage":5,"enemies":"Jaw Worm","floor":4,"turns":3},{"damage":16,"enemies":"Gremlin Nob","floor":7,"turns":4},{"damage":9,"enemies":"2 Fungi Beasts","floor":10,"turns":2},{"damage":0,"enemies":"Gremlin Gang","floor":11,"turns":2},{"damage":13,"enemies":"3 Louse","floor":12,"turns":3},{"damage":13,"enemies":"3 Sentries","floor":14,"turns":4},{"damage":0,"enemies":"Slime Boss","floor":16,"turns":6},{"damage":7,"enemies":"Chosen","floor":18,"turns":4},{"damage":17,"enemies":"3 Byrds","floor":21,"turns":3},{"damage":57,"enemies":"Gremlin Leader","floor":24,"turns":7},{"damage":7,"enemies":"Shelled Parasite and Fungi","floor":25,"turns":1}],"seed_played":"4896117259316466284","potions_obtained":[{"floor":1,"key":"Swift Potion"},{"floor":2,"key":"BlessingOfTheForge"},{"floor":11,"key":"LiquidMemories"},{"floor":21,"key":"FairyPotion"}],"is_trial":false,"path_per_floor":["M","?","M","M","$","R","E","R","T","M","M","M","?","E","R","B",null,"M","?","?","M","?","R","E","M"],"character_chosen":"DEFECT","items_purchased":["Doom and Gloom","Conserve Battery"],"campfire_rested":0,"item_purchase_floors":[5,5],"current_hp_per_floor":[74,74,74,69,69,69,53,53,53,44,44,31,31,18,18,18,75,68,52,52,35,35,35,6,0,0],"gold":440,"neow_bonus":"UPGRADE_CARD","is_daily":false,"chose_seed":false,"campfire_upgraded":4,"win_rate":0.0,"timestamp":1610830540,"path_taken":["M","?","?","M","$","R","E","R","T","M","?","M","?","E","R","BOSS","M","?","?","?","?","R","E","M"],"items_purchased_type":["Card","Card"],"build_version":"2020-12-22","purchased_purges":0,"victory":false,"max_hp_per_floor":[75,75,75,75,75,75,75,75,75,75,75,75,75,75,75,75,75,75,75,75,75,75,75,75,75,75],"card_choices":[{"not_picked":["Capacitor","Coolheaded"],"picked":"Go for the Eyes","floor":1},{"not_picked":["Go for the Eyes","Steam"],"picked":"Conserve Battery","floor":3},{"not_picked":["Beam Cell","Turbo"],"picked":"Sweeping Beam","floor":4},{"not_picked":["Steam Power","Fusion","Static Discharge"],"picked":"SKIP","floor":7},{"not_picked":["Melter","Reboot"],"picked":"Leap","floor":10},{"not_picked":["Rebound","Compile Driver"],"picked":"Gash","floor":11},{"not_picked":["Undo","Go for the Eyes"],"picked":"Leap","floor":12},{"not_picked":["Stack","Darkness","Chaos"],"picked":"SKIP","floor":14},{"not_picked":["Amplify","Hyperbeam","Seek"],"picked":"Electrodynamics","floor":16},{"not_picked":["White Noise","Hologram","Turbo"],"picked":"Compile Driver+1","floor":18},{"not_picked":["Conserve Battery+1","Chaos+1","Fission"],"picked":"Hologram","floor":21},{"not_picked":["Fusion","Stack","Rebound"],"picked":"Defragment+1","floor":24}],"player_experience":150237,"relics_obtained":[{"floor":7,"key":"Symbiotic Virus"},{"floor":9,"key":"HornCleat"},{"floor":14,"key":"Question Card"},{"floor":19,"key":"Nilry\u0027s Codex"},{"floor":24,"key":"Kunai"}],"event_choices":[{"damage_healed":0,"gold_gain":0,"player_choice":"Bought 1 Potion","damage_taken":0,"max_hp_gain":0,"max_hp_loss":0,"event_name":"The Woman in Blue","floor":2,"gold_loss":0},{"damage_healed":0,"gold_gain":76,"player_choice":"Gained Gold","damage_taken":0,"max_hp_gain":0,"max_hp_loss":0,"event_name":"Golden Wing","floor":13,"gold_loss":0},{"damage_healed":0,"gold_gain":0,"player_choice":"Obtained Book","damage_taken":16,"max_hp_gain":0,"max_hp_loss":0,"event_name":"Cursed Tome","floor":19,"gold_loss":0},{"damage_healed":0,"gold_gain":100,"player_choice":"Pray","damage_taken":0,"max_hp_gain":0,"max_hp_loss":0,"event_name":"Golden Shrine","floor":20,"gold_loss":0},{"damage_healed":0,"gold_gain":0,"player_choice":"Ignored","damage_taken":0,"max_hp_gain":0,"max_hp_loss":0,"event_name":"Ghosts","floor":22,"gold_loss":0}],"is_beta":false,"boss_relics":[{"not_picked":["Cursed Key","SlaversCollar"],"picked":"Philosopher\u0027s Stone"}],"items_purged_floors":[],"is_endless":false,"potions_floor_spawned":[1,11,12,21],"killed_by":"Shelled Parasite and Fungi","ascension_level":4}}