{"host":"s2ap0bnrs90y0f0j","time":1610775290,"event":{"mods":["BaseMod","Minty Spire (QoL Compilation)","StSLib","TheBandit"],"gold_per_floor":[115,115,115,132,132,132,82,82,82,100,100,135,153,169,169,272,272,292,292,292,311,326,326,326,326,326],"floor_reached":24,"language":"ENG","playtime":1378,"items_purged":[],"score":250,"play_id":"b9ae53b4-6f1e-45a2-be14-5a5f5b4f7c40","local_time":"20210116003450","is_ascension_mode":true,"campfire_choices":[{"data":"wariomod:BigUpgrade","floor":6,"key":"SMITH"},{"data":"wariomod:ChargeForth","floor":15,"key":"SMITH"},{"data":"wariomod:BigUpgrade","floor":23,"key":"SMITH"}],"circlet_count":0,"master_deck":["wariomod:Strike","wariomod:Strike","wariomod:Defend","wariomod:Defend","wariomod:Step","wariomod:Leap","wariomod:Leapslam","wariomod:BigUpgrade+1","wariomod:BodyBlock","wariomod:DeadlyDash","wariomod:ChargeForth+1","wariomod:WipeClean","wariomod:Hopshield+1","wariomod:WhirlwindBurst","wariomod:DoubleDip","wariomod:BigUpgrade+1"],"relics":["wariomod:PropellerHat","Happy Flower","Mango","Ice Cream","Philosopher\u0027s Stone"],"acts_visited":["Exordium","TheCity"],"potions_floor_usage":[12,16,22,24],"damage_taken":[{"damage":3,"enemies":"Small Slimes","floor":1,"turns":4},{"damage":0,"enemies":"Jaw Worm","floor":4,"turns":3},{"damage":0,"enemies":"2 Louse","floor":10,"turns":2},{"damage":7,"enemies":"3 Sentries","floor":12,"turns":5},{"damage":0,"enemies":"2 Fungi Beasts","floor":13,"turns":4},{"damage":6,"enemies":"Exordium Wildlife","floor":14,"turns":5},{"damage":62,"enemies":"Slime Boss","floor":16,"turns":11},{"damage":18,"enemies":"2 Thieves","floor":18,"turns":4},{"damage":19,"enemies":"Spheric Guardian","floor":21,"turns":5},{"damage":29,"enemies":"Shelled Parasite and Fungi","floor":22,"turns":7},{"damage":36,"enemies":"Book of Stabbing","floor":24,"turns":3}],"seed_played":"-5075035509351231667","potions_obtained":[{"floor":4,"key":"Block Potion"},{"floor":10,"key":"BlessingOfTheForge"},{"floor":12,"key":"SteroidPotion"},{"floor":21,"key":"SkillPotion"},{"floor":22,"key":"Swift Potion"}],"is_trial":false,"path_per_floor":["M","?","?","M","T","R","?","?","T","M","?","E","M","M","R","B",null,"M","?","?","M","M","R","E"],"character_chosen":"THE_BANDIT","items_purchased":[],"campfire_rested":0,"item_purchase_floors":[],"current_hp_per_floor":[77,82,82,82,82,82,82,82,96,96,96,89,89,83,83,21,99,81,81,81,62,33,33,0,0,0],"gold":326,"neow_bonus":"BOSS_RELIC","is_daily":false,"chose_seed":false,"campfire_upgraded":3,"win_rate":0.0,"timestamp":1610775290,"path_taken":["M","?","?","M","?","R","?","?","T","?","?","E","?","M","R","BOSS","M","?","?","?","M","R","E"],"items_purchased_type":[],"build_version":"2020-12-22","purchased_purges":0,"victory":false,"max_hp_per_floor":[80,85,85,85,85,85,85,85,99,99,99,99,99,99,99,99,99,99,99,99,99,99,99,99,99,99],"card_choices":[{"not_picked":["wariomod:Smackflip","wariomod:SimpleShield"],"picked":"wariomod:Leapslam","floor":1},{"not_picked":["wariomod:SimpleShield","wariomod:DisarmingMoves"],"picked":"wariomod:BigUpgrade","floor":4},{"not_picked":["wariomod:BoomBoom","wariomod:SpikeSlash"],"picked":"wariomod:BodyBlock","floor":10},{"not_picked":["wariomod:TreasureDig","wariomod:Leapslam"],"picked":"wariomod:DeadlyDash","floor":12},{"not_picked":["wariomod:BlastDash","wariomod:Goblast"],"picked":"wariomod:ChargeForth","floor":13},{"not_picked":["wariomod:PayItForwards","wariomod:Boomsmack","wariomod:Goblast"],"picked":"SKIP","floor":14},{"not_picked":["wariomod:AbandonGame","wariomod:DeadlyDash"],"picked":"wariomod:WipeClean","floor":16},{"not_picked":["wariomod:GreaterGuard","wariomod:SmallSprint"],"picked":"wariomod:Hopshield+1","floor":18},{"not_picked":["wariomod:Smackflip","wariomod:DisarmingMoves"],"picked":"wariomod:DoubleDip","floor":21},{"not_picked":["wariomod:DiceyMove","wariomod:SilenceBombs+1"],"picked":"wariomod:BigUpgrade","floor":22}],"player_experience":487734,"relics_obtained":[{"floor":5,"key":"Happy Flower"},{"floor":9,"key":"Mango"},{"floor":12,"key":"Ice Cream"}],"event_choices":[{"damage_healed":0,"gold_gain":0,"player_choice":"Donut","damage_taken":0,"max_hp_gain":5,"max_hp_loss":0,"event_name":"Big Fish","floor":2,"gold_loss":0},{"cards_removed":["wariomod:Defend"],"damage_healed":0,"gold_gain":0,"player_choice":"Forget","damage_taken":0,"max_hp_gain":0,"max_hp_loss":0,"event_name":"Living Wall","floor":3,"gold_loss":0},{"cards_removed":["wariomod:Strike"],"damage_healed":0,"gold_gain":0,"player_choice":"Card Removal","damage_taken":0,"max_hp_gain":0,"max_hp_loss":0,"event_name":"The Cleric","floor":7,"gold_loss":50},{"damage_healed":0,"gold_gain":0,"player_choice":"Ignored","damage_taken":0,"max_hp_gain":0,"max_hp_loss":0,"event_name":"Liars Game","floor":8,"gold_loss":0},{"cards_removed":["wariomod:Strike"],"damage_healed":0,"gold_gain":0,"player_choice":"Purged","damage_taken":0,"max_hp_gain":0,"max_hp_loss":0,"event_name":"Purifier","floor":11,"gold_loss":0},{"damage_healed":0,"gold_gain":0,"player_choice":"Read","damage_taken":0,"max_hp_gain":0,"max_hp_loss":0,"event_name":"The Library","floor":19,"gold_loss":0,"cards_obtained":["wariomod:WhirlwindBurst"]},{"cards_removed":["wariomod:Defend"],"damage_healed":0,"gold_gain":0,"player_choice":"Offered Basic","damage_taken":0,"max_hp_gain":0,"max_hp_loss":0,"event_name":"Bonfire Elementals","floor":20,"gold_loss":0}],"is_beta":false,"boss_relics":[{"not_picked":["Calling Bell","Ectoplasm"],"picked":"Philosopher\u0027s Stone"}],"items_purged_floors":[],"is_endless":false,"potions_floor_spawned":[4,10,12,21,22],"killed_by":"Book of Stabbing","ascension_level":3}}