{"host":"g2yp6paluzgljz05","time":1610807192,"event":{"mods":["BaseMod","Bestiary","Colored Powertips","DeckTracker","Highlight Path","Minty Spire (QoL Compilation)","Quick Restart"],"gold_per_floor":[112,63,63,82,46,74,74,101,101,111,111,122,122,134,134,134,134],"floor_reached":16,"language":"ENG","playtime":769,"items_purged":[],"score":142,"play_id":"9f0945b6-ee88-4adf-bd0b-55176eae7dff","local_time":"20210117012632","is_ascension_mode":true,"campfire_choices":[{"data":"Noxious Fumes","floor":7,"key":"SMITH"},{"data":"Crippling Poison","floor":11,"key":"SMITH"},{"data":"Calculated Gamble","floor":15,"key":"SMITH"}],"circlet_count":0,"master_deck":["Strike_G","Strike_G","Strike_G","Strike_G","Strike_G","Defend_G","Defend_G","Defend_G","Defend_G","Defend_G","Survivor","Neutralize","Crippling Poison+1","Noxious Fumes+1","Acrobatics","Prepared","Well Laid Plans","Calculated Gamble+1","Regret","Deadly Poison"],"relics":["Ring of the Snake","NeowsBlessing","Ninja Scroll","Vajra","Bottled Tornado","Blue Candle"],"acts_visited":["Exordium"],"potions_floor_usage":[16,16,16],"damage_taken":[{"damage":0,"enemies":"Jaw Worm","floor":1,"turns":1},{"damage":0,"enemies":"Cultist","floor":4,"turns":1},{"damage":0,"enemies":"3 Sentries","floor":6,"turns":2},{"damage":22,"enemies":"Gremlin Nob","floor":8,"turns":5},{"damage":0,"enemies":"2 Louse","floor":10,"turns":2},{"damage":6,"enemies":"Blue Slaver","floor":12,"turns":4},{"damage":0,"enemies":"3 Louse","floor":14,"turns":1},{"damage":42,"enemies":"Slime Boss","floor":16,"turns":8}],"seed_played":"8996946908771819296","potions_obtained":[{"floor":1,"key":"SkillPotion"},{"floor":6,"key":"FearPotion"},{"floor":14,"key":"Dexterity Potion"}],"is_trial":false,"path_per_floor":["M","$","?","M","$","E","R","E","T","M","R","M","?","M","R","B"],"character_chosen":"THE_SILENT","items_purchased":["Poisoned Stab","Noxious Fumes"],"campfire_rested":0,"item_purchase_floors":[2,5],"current_hp_per_floor":[70,70,70,70,70,70,70,48,48,48,48,42,42,42,42,0,0],"gold":134,"neow_bonus":"THREE_ENEMY_KILL","is_daily":false,"chose_seed":false,"campfire_upgraded":3,"win_rate":0.0,"timestamp":1610807192,"path_taken":["M","$","?","M","$","E","R","E","T","?","R","M","?","M","R","BOSS"],"items_purchased_type":["Card","Card"],"build_version":"2020-12-22","purchased_purges":0,"victory":false,"max_hp_per_floor":[70,70,70,70,70,70,70,70,70,70,70,70,70,70,70,70,70],"card_choices":[{"not_picked":["Expertise","Sucker Punch"],"picked":"Crippling Poison","floor":1},{"not_picked":["Escape Plan","Dagger Throw","Infinite Blades"],"picked":"SKIP","floor":4},{"not_picked":["Deflect","Night Terror"],"picked":"Acrobatics","floor":6},{"not_picked":["Expertise","Dagger Throw"],"picked":"Prepared","floor":8},{"not_picked":["Blur","Sucker Punch"],"picked":"Well Laid Plans","floor":10},{"not_picked":["Backflip","Cloak And Dagger"],"picked":"Calculated Gamble","floor":12},{"not_picked":["Flying Knee","Dagger Throw"],"picked":"Deadly Poison","floor":14}],"player_experience":205816,"relics_obtained":[{"floor":6,"key":"Ninja Scroll"},{"floor":8,"key":"Vajra"},{"floor":9,"key":"Bottled Tornado"}],"event_choices":[{"cards_removed":["Poisoned Stab"],"damage_healed":5,"gold_gain":0,"player_choice":"Offered Common","damage_taken":0,"max_hp_gain":0,"max_hp_loss":0,"event_name":"Bonfire Elementals","floor":3,"gold_loss":0},{"cards_removed":["Poisoned Stab"],"damage_healed":5,"gold_gain":0,"player_choice":"Offered Special","damage_taken":0,"max_hp_gain":0,"max_hp_loss":0,"event_name":"Bonfire Elementals","floor":3,"gold_loss":0},{"damage_healed":0,"gold_gain":0,"player_choice":"Box","damage_taken":0,"relics_obtained":["Blue Candle"],"max_hp_gain":0,"max_hp_loss":0,"event_name":"Big Fish","floor":13,"gold_loss":0,"cards_obtained":["Regret"]}],"is_beta":false,"boss_relics":[],"items_purged_floors":[],"is_endless":false,"potions_floor_spawned":[1,6,14],"killed_by":"Slime Boss","ascension_level":1}}