{"host":"jscggscbx0p7706o","time":1610805544,"event":{"mods":["AchievementEnabler","BaseMod","Block Reminder","Colored Powertips","Minty Spire (QoL Compilation)","Permanent Neow","Quick Restart","StSLib"],"gold_per_floor":[210,210,225,235,160,185,185,215,264,264,36,68,68,86,86,187,187,203,203,203,216,216,216,116,127,127,127,8,24,35,35,35,130,130,145,155,0,0,11,11,45,45,45,57,57,71,71,99,99,99],"floor_reached":51,"language":"ENG","playtime":2637,"items_purged":["Strike_G","Defend_G"],"score":1136,"play_id":"f17de852-8d0a-4c89-be01-dd93a80f0cf5","local_time":"20210116215904","is_ascension_mode":true,"campfire_choices":[{"data":"All Out Attack","floor":7.0,"key":"SMITH"},{"data":"Neutralize","floor":10.0,"key":"SMITH"},{"floor":15.0,"key":"REST"},{"data":"Noxious Fumes","floor":23.0,"key":"SMITH"},{"data":"Footwork","floor":27.0,"key":"SMITH"},{"data":"Dash","floor":32.0,"key":"SMITH"},{"floor":40.0,"key":"REST"},{"floor":42.0,"key":"REST"},{"floor":45.0,"key":"REST"},{"floor":47.0,"key":"REST"},{"floor":49.0,"key":"REST"}],"circlet_count":0,"master_deck":["AscendersBane","Defend_G","Defend_G","Defend_G","Defend_G","Survivor","Neutralize+1","Slice","Sucker Punch","All Out Attack+1","Dash+1","Crippling Poison","Deadly Poison","Noxious Fumes+1","Bite","Bite","Bite","Bite","Bite","Footwork+1","Well Laid Plans","Deadly Poison","Night Terror","Blur","Deflect","Acrobatics","Catalyst+1","Outmaneuver+1","Skewer+1"],"relics":["Ring of the Snake","Nunchaku","Bag of Preparation","Frozen Eye","Lizard Tail","SlaversCollar","Mercury Hourglass","Fusion Hammer","Red Mask","HornCleat","Pear","Boot"],"acts_visited":["Exordium","TheCity","TheBeyond"],"potions_floor_usage":[50,50],"damage_taken":[{"damage":7.0,"enemies":"Jaw Worm","floor":1.0,"turns":5.0},{"damage":0.0,"enemies":"2 Louse","floor":3.0,"turns":4.0},{"damage":1.0,"enemies":"Small Slimes","floor":4.0,"turns":3.0},{"damage":9.0,"enemies":"Gremlin Nob","floor":6.0,"turns":4.0},{"damage":15.0,"enemies":"3 Sentries","floor":12.0,"turns":6.0},{"damage":5.0,"enemies":"Exordium Thugs","floor":14.0,"turns":4.0},{"damage":32.0,"enemies":"The Guardian","floor":16.0,"turns":12.0},{"damage":9.0,"enemies":"Chosen","floor":18.0,"turns":4.0},{"damage":5.0,"enemies":"Shell Parasite","floor":21.0,"turns":6.0},{"damage":23.0,"enemies":"Cultist and Chosen","floor":25.0,"turns":7.0},{"damage":6.0,"enemies":"Snake Plant","floor":29.0,"turns":5.0},{"damage":21.0,"enemies":"Centurion and Healer","floor":30.0,"turns":6.0},{"damage":77.0,"enemies":"Collector","floor":33.0,"turns":11.0},{"damage":34.0,"enemies":"3 Darklings","floor":35.0,"turns":7.0},{"damage":2.0,"enemies":"Orb Walker","floor":36.0,"turns":4.0},{"damage":12.0,"enemies":"Maw","floor":39.0,"turns":8.0},{"damage":60.0,"enemies":"Reptomancer","floor":41.0,"turns":9.0},{"damage":12.0,"enemies":"Jaw Worm Horde","floor":44.0,"turns":5.0},{"damage":2.0,"enemies":"Sphere and 2 Shapes","floor":46.0,"turns":5.0},{"damage":42.0,"enemies":"Nemesis","floor":48.0,"turns":9.0},{"damage":44,"enemies":"Donu and Deca","floor":50,"turns":12}],"seed_played":"-954911282381993735","potions_obtained":[{"floor":1.0,"key":"FearPotion"},{"floor":14.0,"key":"Energy Potion"},{"floor":16.0,"key":"SteroidPotion"},{"floor":18.0,"key":"SkillPotion"},{"floor":29.0,"key":"Poison Potion"},{"floor":48.0,"key":"Energy Potion"}],"is_trial":false,"path_per_floor":["M","?","M","M","$","E","R","?","T","R","$","E","?","M","R","B",null,"M","?","?","M","?","R","$","M","T","R","$","M","M","?","R","B",null,"M","M","?","?","M","R","E","R","T","M","R","M","R","E","R","B",null],"character_chosen":"THE_SILENT","items_purchased":["Dash","Frozen Eye","Well Laid Plans","Deadly Poison"],"campfire_rested":6,"item_purchase_floors":[11,11,28,28],"current_hp_per_floor":[56,56,56,55,55,46,46,46,46,46,46,31,31,26,47,15,56,47,70,57,52,52,52,52,35,35,35,35,33,20,62,62,43,57,33,37,37,37,41,59,18,36,46,44,65,67,72,40,61,37],"gold":99,"neow_bonus":"HUNDRED_GOLD","is_daily":false,"chose_seed":false,"campfire_upgraded":5,"win_rate":0.0,"timestamp":1610805544,"path_taken":["M","?","M","M","$","E","R","?","T","R","$","E","?","M","R","BOSS","M","?","?","M","?","R","$","M","T","R","?","M","M","?","R","BOSS","M","M","?","?","M","R","E","R","T","M","R","M","R","E","R","BOSS"],"items_purchased_type":["Card","Relic","Card","Card"],"build_version":"2020-12-22","purchased_purges":2,"victory":true,"max_hp_per_floor":[70,70,70,70,70,70,70,70,70,70,70,70,70,70,70,70,70,70,70,75,75,52,52,52,52,52,52,52,52,52,62,62,62,62,62,62,62,62,62,62,62,62,72,72,72,72,72,72,72,72],"card_choices":[{"not_picked":["Masterful Stab","Backflip"],"picked":"Slice","floor":1.0},{"not_picked":["Dodge and Roll","PiercingWail"],"picked":"Sucker Punch","floor":3.0},{"not_picked":["Underhanded Strike","Setup"],"picked":"All Out Attack","floor":4.0},{"not_picked":["Eviscerate","Sucker Punch","Escape Plan"],"picked":"SKIP","floor":6.0},{"not_picked":["Wraith Form v2","Outmaneuver"],"picked":"Crippling Poison","floor":12.0},{"not_picked":["Sucker Punch","Eviscerate"],"picked":"Deadly Poison","floor":14.0},{"not_picked":["Venomology","Night Terror"],"picked":"Glass Knife","floor":16.0},{"not_picked":["Blade Dance","Expertise"],"picked":"Noxious Fumes","floor":18.0},{"not_picked":["Dagger Spray","Dagger Throw+1","Outmaneuver"],"picked":"SKIP","floor":21.0},{"not_picked":["Escape Plan","Underhanded Strike"],"picked":"Footwork","floor":25.0},{"not_picked":["Accuracy","Bane","Flying Knee"],"picked":"SKIP","floor":29.0},{"not_picked":["Bane","Heel Hook","Acrobatics"],"picked":"SKIP","floor":30.0},{"not_picked":["Grand Finale","A Thousand Cuts"],"picked":"Night Terror","floor":33.0},{"not_picked":["Flying Knee","Setup"],"picked":"Blur","floor":35.0},{"not_picked":["Bane","Crippling Poison+1"],"picked":"Deflect","floor":36.0},{"not_picked":["Outmaneuver","Slice"],"picked":"Acrobatics","floor":39.0},{"not_picked":["Sucker Punch","Dagger Spray","Poisoned Stab"],"picked":"SKIP","floor":41.0},{"not_picked":["Poisoned Stab","Outmaneuver"],"picked":"Catalyst+1","floor":44.0},{"not_picked":["Sucker Punch","Setup"],"picked":"Outmaneuver+1","floor":46.0},{"not_picked":["Infinite Blades","Quick Slash+1"],"picked":"Skewer+1","floor":48.0}],"player_experience":274424,"relics_obtained":[{"floor":6.0,"key":"Nunchaku"},{"floor":9.0,"key":"Bag of Preparation"},{"floor":12.0,"key":"Lizard Tail"},{"floor":26.0,"key":"Mercury Hourglass"},{"floor":41.0,"key":"HornCleat"},{"floor":43.0,"key":"Pear"},{"floor":48.0,"key":"Boot"}],"event_choices":[{"damage_healed":0.0,"max_hp_gain":0.0,"max_hp_loss":0.0,"gold_gain":0.0,"event_name":"Shining Light","player_choice":"Ignored","floor":2.0,"gold_loss":0.0,"damage_taken":0.0},{"damage_healed":0.0,"max_hp_gain":0.0,"max_hp_loss":0.0,"gold_gain":30.0,"event_name":"Dead Adventurer","player_choice":"Searched \u00271\u0027 times","floor":8.0,"gold_loss":0.0,"damage_taken":0.0},{"damage_healed":0.0,"max_hp_gain":0.0,"max_hp_loss":0.0,"gold_gain":0.0,"event_name":"Scrap Ooze","player_choice":"Fled","floor":13.0,"gold_loss":0.0,"damage_taken":0.0},{"damage_healed":23.0,"max_hp_gain":0.0,"max_hp_loss":0.0,"gold_gain":0.0,"event_name":"The Library","player_choice":"Heal","floor":19.0,"gold_loss":0.0,"damage_taken":0.0},{"damage_healed":0.0,"max_hp_gain":5.0,"max_hp_loss":0.0,"gold_gain":0.0,"event_name":"Forgotten Altar","player_choice":"Shed Blood","floor":20.0,"gold_loss":0.0,"damage_taken":18.0},{"damage_healed":0.0,"max_hp_gain":0.0,"max_hp_loss":23.0,"gold_gain":0.0,"event_name":"Vampires","player_choice":"Became a vampire","floor":22.0,"gold_loss":0.0,"damage_taken":0.0,"cards_obtained":["Bite","Bite","Bite","Bite","Bite"]},{"cards_removed":["Glass Knife"],"damage_healed":32.0,"max_hp_gain":10.0,"max_hp_loss":0.0,"gold_gain":0.0,"event_name":"Bonfire Elementals","player_choice":"Offered Rare","floor":31.0,"gold_loss":0.0,"damage_taken":0.0},{"damage_healed":0.0,"max_hp_gain":0.0,"max_hp_loss":0.0,"gold_gain":0.0,"event_name":"Tomb of Lord Red Mask","player_choice":"Paid","floor":37.0,"gold_loss":155.0,"damage_taken":0.0,"relics_obtained":["Red Mask"]},{"damage_healed":0.0,"max_hp_gain":0.0,"max_hp_loss":0.0,"gold_gain":0.0,"event_name":"SensoryStone","player_choice":"Memory 1","floor":38.0,"gold_loss":0.0,"damage_taken":0.0}],"is_beta":false,"boss_relics":[{"not_picked":["Black Star","HoveringKite"],"picked":"SlaversCollar"},{"not_picked":["Busted Crown","Runic Pyramid"],"picked":"Fusion Hammer"}],"items_purged_floors":[5,24],"is_endless":false,"potions_floor_spawned":[1,14,16,18,29,33,36,48],"ascension_level":12}}