{"host":"wbdly04l9mkn9nrc","time":1610774112,"event":{"mods":["AchievementEnabler","BaseMod","BetterRewards","Minty Spire (QoL Compilation)","Replay The Spire","StSLib","[IsaacMod]ÒÔÈö¼âËþ"],"gold_per_floor":[112,112,112,112,112,112,122,53,79,108,108,63,76,76,76,154,154,168,187,187,187,44,70,84,84,84,119,119,131,149,149,149,149,149],"floor_reached":33,"language":"ZHS","playtime":1455,"items_purged":["Strike_P"],"score":648,"play_id":"89affedb-2554-4db4-b991-733ef0acaf52","local_time":"20210116131512","is_ascension_mode":true,"campfire_choices":[{"data":"Eruption","floor":6.0,"key":"SMITH"},{"floor":25.0,"key":"REST"},{"floor":28.0,"key":"DIG"},{"floor":32.0,"key":"REST"}],"circlet_count":0,"master_deck":["AscendersBane","Strike_P","Strike_P","Strike_P","Defend_P","Defend_P","Defend_P","Eruption+1","Vigilance+1","Crescendo+1","TalkToTheHand+1","Collect+1","EmptyFist+1","ThirdEye","FearNoEvil","LessonLearned","Devotion","CutThroughFate","ReachHeaven+1","DeusExMachina+1","SashWhip+1"],"relics":["PureWater","HushsDoor","TheBible","PreservedInsect","Lee\u0027s Waffle","Orichalcum","Chemical X","Juzu Bracelet","Omamori","Damaru","Girya","Akabeko","Boot","Painkiller Herb","TheBean","Mirror","Replay:Multitool","BlankCard"],"acts_visited":["Exordium","TheCity"],"potions_floor_usage":[],"damage_taken":[{"damage":0.0,"enemies":"2 Louse","floor":1.0,"turns":2.0},{"damage":7.0,"enemies":"Small Slimes","floor":7.0,"turns":2.0},{"damage":14.0,"enemies":"Lagavulin","floor":10.0,"turns":4.0},{"damage":0.0,"enemies":"Cultist","floor":13.0,"turns":2.0},{"damage":10.0,"enemies":"The Guardian","floor":16.0,"turns":7.0},{"damage":0.0,"enemies":"Chosen","floor":18.0,"turns":3.0},{"damage":2.0,"enemies":"Shell Parasite","floor":19.0,"turns":3.0},{"damage":4.0,"enemies":"Book of Stabbing","floor":23.0,"turns":3.0},{"damage":36.0,"enemies":"Centurion and Healer","floor":24.0,"turns":4.0},{"damage":20.0,"enemies":"Replay:Snechameleon","floor":27.0,"turns":4.0},{"damage":12.0,"enemies":"Snake Plant","floor":29.0,"turns":4.0},{"damage":8.0,"enemies":"Cultist and Chosen","floor":30.0,"turns":4.0},{"damage":54,"enemies":"Pondfish","floor":33,"turns":9}],"seed_played":"6800537650678929987","potions_obtained":[{"floor":13.0,"key":"Energy Potion"},{"floor":14.0,"key":"FairyPotion"}],"is_trial":false,"path_per_floor":["M","?","?","?","?","R","M","$","T","E","?","$","M","?","R","B",null,"?","?","T","?","T","E","?","T","T","E","T","?","?","?","T","B"],"character_chosen":"WATCHER","items_purchased":["PreservedInsect","Crescendo","Lee\u0027s Waffle","TalkToTheHand","Orichalcum","Chemical X","Juzu Bracelet","Omamori","Collect","EmptyFist","LessonLearned","CutThroughFate","TheBean"],"campfire_rested":2,"item_purchase_floors":[0,0,0,0,0,0,0,0,0,0,8,12,22],"current_hp_per_floor":[75,75,60,53,35,35,28,28,28,14,14,14,14,14,36,26,63,63,61,61,61,61,57,21,43,43,23,23,11,3,3,25,0,0],"gold":149,"neow_bonus":"","is_daily":false,"chose_seed":false,"campfire_upgraded":1,"win_rate":0.0,"timestamp":1610774112,"path_taken":["M","?","?","?","?","R","M","$","T","E","?","?","M","?","R","BOSS","?","?","T","?","T","E","?","T","T","E","T","?","?","?","T","BOSS"],"items_purchased_type":["Relic","Card","Relic","Card","Relic","Relic","Relic","Relic","Card","Card","Card","Card","Relic"],"build_version":"2020-12-22","purchased_purges":1,"victory":false,"max_hp_per_floor":[75,75,75,75,75,75,75,75,75,75,75,75,75,75,75,75,75,75,75,75,75,75,75,75,75,75,75,75,75,75,75,75,75,75],"card_choices":[{"not_picked":["FollowUp","SandsOfTime"],"picked":"ThirdEye","floor":1.0},{"not_picked":["Replay:AtTheReady","Study"],"picked":"FearNoEvil","floor":7.0},{"not_picked":["Replay:ManipulateFuture","Replay:AtTheReady"],"picked":"Devotion","floor":10.0},{"not_picked":["FlyingSleeves","Halt"],"picked":"ReachHeaven","floor":13.0},{"not_picked":["Blasphemy","Replay:LoomingThreat"],"picked":"DeusExMachina","floor":16.0},{"not_picked":["MentalFortress","CutThroughFate","Replay:AtTheReady"],"picked":"SKIP","floor":18.0},{"not_picked":["FlyingSleeves+1","BowlingBash"],"picked":"SashWhip+1","floor":19.0},{"not_picked":["SignatureMove","Replay:Cycle","Tantrum"],"picked":"SKIP","floor":23.0},{"not_picked":["CrushJoints","EmptyFist","BowlingBash"],"picked":"SKIP","floor":24.0},{"not_picked":["Halt","Swivel","FlyingSleeves+1"],"picked":"SKIP","floor":27.0},{"not_picked":["Vengeance","PathToVictory+1","Establishment"],"picked":"SKIP","floor":29.0},{"not_picked":["ThirdEye","FollowUp","FlyingSleeves"],"picked":"SKIP","floor":30.0}],"player_experience":248983,"relics_obtained":[{"floor":9.0,"key":"Akabeko"},{"floor":10.0,"key":"Boot"},{"floor":26.0,"key":"Mirror"},{"floor":27.0,"key":"Replay:Multitool"},{"floor":28.0,"key":"BlankCard"}],"event_choices":[{"cards_removed":["Defend_P"],"damage_healed":0.0,"max_hp_gain":0.0,"max_hp_loss":0.0,"gold_gain":0.0,"event_name":"Golden Wing","player_choice":"Card Removal","floor":4.0,"gold_loss":0.0,"damage_taken":7.0},{"damage_healed":0.0,"max_hp_gain":0.0,"max_hp_loss":0.0,"gold_gain":0.0,"event_name":"Scrap Ooze","player_choice":"Success","floor":5.0,"gold_loss":0.0,"damage_taken":18.0,"relics_obtained":["Girya"]},{"damage_healed":0.0,"max_hp_gain":0.0,"max_hp_loss":0.0,"gold_gain":0.0,"event_name":"Upgrade Shrine","player_choice":"Upgraded","floor":11.0,"gold_loss":0.0,"damage_taken":0.0,"cards_upgraded":["TalkToTheHand"]},{"damage_healed":0.0,"max_hp_gain":0.0,"max_hp_loss":0.0,"gold_gain":0.0,"event_name":"Lab","player_choice":"Got Potions","floor":14.0,"gold_loss":0.0,"damage_taken":0.0},{"damage_healed":0.0,"max_hp_gain":0.0,"max_hp_loss":0.0,"gold_gain":0.0,"event_name":"N\u0027loth","player_choice":"Ignored","floor":31.0,"gold_loss":0.0,"damage_taken":0.0}],"is_beta":false,"boss_relics":[{"not_picked":["Ring of Chaos","Tiny House"],"picked":"Painkiller Herb"},{"not_picked":[]}],"items_purged_floors":[0],"is_endless":false,"potions_floor_spawned":[13,16,23,30],"killed_by":"Pondfish","ascension_level":14}}