{"host":"359hz4210ybch7ku","time":1610786801,"event":{"mods":["BaseMod","Block Reminder","Colored Map","Colored Powertips","Highlight Path","Minty Spire (QoL Compilation)","Slay the Relics Exporter","StSLib"],"gold_per_floor":[212,230,160,176,193,193,368,368,392,419,419,435,450,481,481,576,576,596,596,32,49,69,69,89,99,99,17,31,31,31],"floor_reached":29,"language":"ENG","playtime":2549,"items_purged":["Doubt"],"score":263,"play_id":"2e3c506b-6b3b-47a1-bad5-d4003462d752","local_time":"20210116004641","is_ascension_mode":true,"campfire_choices":[{"data":"Caltrops","floor":6,"key":"SMITH"},{"data":"Backstab","floor":8,"key":"SMITH"},{"floor":11,"key":"REST"},{"floor":15,"key":"REST"},{"floor":23,"key":"REST"}],"circlet_count":0,"master_deck":["Strike_G","Strike_G","Strike_G","Strike_G","Strike_G","Defend_G","Defend_G+1","Defend_G","Defend_G","Defend_G","Survivor","Neutralize","Acrobatics","Well Laid Plans","Caltrops+1","Backstab+1","PiercingWail","Accuracy","Infinite Blades","Tactician","Prepared+1","Storm of Steel","Blade Dance","Footwork","Calculated Gamble+1","Blur+1","Tactician","Cloak And Dagger+1","Envenom","Caltrops"],"relics":["Ring of the Snake","Blood Vial","Dream Catcher","Mummified Hand","Black Star","Unceasing Top","Happy Flower","War Paint"],"acts_visited":["TheCity"],"potions_floor_usage":[16,16,16],"damage_taken":[{"damage":0,"enemies":"2 Louse","floor":1,"turns":4},{"damage":0,"enemies":"Jaw Worm","floor":2,"turns":5},{"damage":1,"enemies":"Cultist","floor":4,"turns":5},{"damage":3,"enemies":"2 Fungi Beasts","floor":5,"turns":4},{"damage":31,"enemies":"Gremlin Nob","floor":10,"turns":6},{"damage":6,"enemies":"Exordium Wildlife","floor":12,"turns":4},{"damage":1,"enemies":"Looter","floor":13,"turns":4},{"damage":24,"enemies":"3 Sentries","floor":14,"turns":6},{"damage":40,"enemies":"The Guardian","floor":16,"turns":15},{"damage":28,"enemies":"Chosen","floor":18,"turns":5},{"damage":20,"enemies":"2 Thieves","floor":21,"turns":3},{"damage":9,"enemies":"Centurion and Healer","floor":22,"turns":5},{"damage":0,"enemies":"Snake Plant","floor":24,"turns":4},{"damage":16,"enemies":"Shelled Parasite and Fungi","floor":25,"turns":5},{"damage":13,"enemies":"Centurion and Healer","floor":28,"turns":5},{"damage":9,"enemies":"Snake Plant","floor":29,"turns":1}],"seed_played":"-9117699023833413977","potions_obtained":[{"floor":5,"key":"Dexterity Potion"},{"floor":12,"key":"Swift Potion"},{"floor":13,"key":"EssenceOfSteel"},{"floor":14,"key":"Block Potion"},{"floor":18,"key":"Ancient Potion"},{"floor":25,"key":"LiquidBronze"}],"is_trial":false,"path_per_floor":["M","M","$","M","M","R","?","R","T","E","R","M","M","E","R","B",null,"M","?","$","M","M","R","M","M","T","$","M","M"],"character_chosen":"THE_SILENT","items_purchased":["Caltrops","Unceasing Top","Happy Flower","Footwork","Caltrops"],"campfire_rested":3,"item_purchase_floors":[3,20,20,20,27],"current_hp_per_floor":[70,70,70,69,66,66,66,66,66,37,58,54,55,33,54,16,70,42,29,29,11,4,26,28,14,14,14,3,0,0],"gold":31,"neow_bonus":"HUNDRED_GOLD","is_daily":false,"chose_seed":false,"campfire_upgraded":2,"win_rate":0.0,"timestamp":1610786801,"path_taken":["M","M","$","M","M","R","?","R","T","E","R","M","M","E","R","BOSS","M","?","$","M","M","R","M","M","T","$","M","M"],"items_purchased_type":["Card","Relic","Relic","Card","Card"],"build_version":"2020-12-22","purchased_purges":1,"victory":false,"max_hp_per_floor":[70,70,70,70,70,70,70,70,70,70,70,70,70,70,70,70,70,70,75,75,75,75,75,75,75,75,75,75,75,75],"card_choices":[{"not_picked":["Poisoned Stab","Endless Agony"],"picked":"Acrobatics","floor":1},{"not_picked":["Quick Slash","Dagger Spray"],"picked":"Well Laid Plans","floor":2},{"not_picked":["Escape Plan","Masterful Stab"],"picked":"Backstab","floor":4},{"not_picked":["Distraction","Outmaneuver"],"picked":"PiercingWail","floor":5},{"not_picked":["Poisoned Stab","Crippling Poison","Underhanded Strike"],"picked":"SKIP","floor":10},{"not_picked":["PiercingWail","Endless Agony"],"picked":"Accuracy","floor":11},{"not_picked":["Distraction","Choke"],"picked":"Infinite Blades","floor":12},{"not_picked":["Expertise","Dagger Throw","Prepared"],"picked":"SKIP","floor":13},{"not_picked":["Predator","Acrobatics"],"picked":"Tactician","floor":14},{"not_picked":["Tactician","Wraith Form v2"],"picked":"Prepared","floor":15},{"not_picked":["Wraith Form v2","Adrenaline"],"picked":"Storm of Steel","floor":16},{"not_picked":["Poisoned Stab","Cloak And Dagger"],"picked":"Blade Dance","floor":18},{"not_picked":["Deflect","Acrobatics"],"picked":"Calculated Gamble+1","floor":21},{"not_picked":["Catalyst","Eviscerate"],"picked":"Blur+1","floor":22},{"not_picked":["Flechettes","Deflect"],"picked":"Tactician","floor":23},{"not_picked":["Well Laid Plans","Tactician"],"picked":"Cloak And Dagger+1","floor":24},{"not_picked":["Underhanded Strike","Flechettes"],"picked":"Envenom","floor":25},{"not_picked":["Slice","Dodge and Roll","Predator"],"picked":"SKIP","floor":28}],"player_experience":224773,"relics_obtained":[{"floor":9,"key":"Blood Vial"},{"floor":10,"key":"Dream Catcher"},{"floor":14,"key":"Mummified Hand"},{"floor":26,"key":"War Paint"}],"event_choices":[{"damage_healed":0,"gold_gain":175,"player_choice":"AGREE","damage_taken":0,"max_hp_gain":0,"max_hp_loss":0,"event_name":"Liars Game","floor":7,"gold_loss":0,"cards_obtained":["Doubt"]},{"damage_healed":0,"gold_gain":0,"player_choice":"Shed Blood","damage_taken":18,"max_hp_gain":5,"max_hp_loss":0,"event_name":"Forgotten Altar","floor":19,"gold_loss":0}],"is_beta":false,"boss_relics":[{"not_picked":["SacredBark","Velvet Choker"],"picked":"Black Star"}],"items_purged_floors":[20],"is_endless":false,"potions_floor_spawned":[5,12,13,14,18,25],"killed_by":"Snake Plant","ascension_level":2}}