{"host":"qrt7o4dq2qslzw13","time":1610812338,"event":{"mods":["AchievementEnabler","BaseMod","Colored Map","Colored Powertips","Minty Spire (QoL Compilation)","Quick Restart","StSLib","SuperFastMode"],"gold_per_floor":[113,124,124,299,0,28,28,42,69,95,95,105,55,55,55,175,175,193,268,291,306,341,341,341,341],"floor_reached":24,"language":"ENG","playtime":752,"items_purged":[],"score":219,"play_id":"07784dfb-ffe1-4cee-b898-8565a4e25670","local_time":"20210116105218","is_ascension_mode":false,"campfire_choices":[{"data":"Eruption","floor":7.0,"key":"SMITH"},{"data":"WindmillStrike","floor":11.0,"key":"SMITH"},{"data":"ReachHeaven","floor":15.0,"key":"SMITH"},{"data":"DeceiveReality","floor":23,"key":"SMITH"}],"circlet_count":0,"master_deck":["Strike_P","Strike_P","Strike_P","Strike_P","Defend_P","Defend_P","Defend_P","Defend_P","Eruption+1","Vigilance","Wallop","Worship","WindmillStrike+1","DeceiveReality+1","FlyingSleeves","ReachHeaven+1","Injury","DeusExMachina","ClearTheMind","Worship+1"],"relics":["PureWater","NeowsBlessing","The Courier","Incense Burner","Tiny Chest","Vajra","Damaru","Golden Idol","Busted Crown","Toxic Egg 2","Red Mask"],"acts_visited":["Exordium","TheCity"],"potions_floor_usage":[22,22,22],"damage_taken":[{"damage":0.0,"enemies":"Cultist","floor":1.0,"turns":1.0},{"damage":0.0,"enemies":"Small Slimes","floor":2.0,"turns":2.0},{"damage":0.0,"enemies":"Gremlin Nob","floor":6.0,"turns":1.0},{"damage":0.0,"enemies":"Jaw Worm","floor":8.0,"turns":3.0},{"damage":0.0,"enemies":"2 Fungi Beasts","floor":12.0,"turns":3.0},{"damage":32.0,"enemies":"The Guardian","floor":16.0,"turns":7.0},{"damage":0.0,"enemies":"Spheric Guardian","floor":18.0,"turns":1.0},{"damage":16.0,"enemies":"2 Thieves","floor":20.0,"turns":5.0},{"damage":9,"enemies":"Cultist and Chosen","floor":21,"turns":5},{"damage":12,"enemies":"Masked Bandits","floor":22,"turns":5},{"damage":50,"enemies":"Gremlin Leader","floor":24,"turns":4}],"seed_played":"1850247122792706849","potions_obtained":[{"floor":1.0,"key":"LiquidMemories"},{"floor":2.0,"key":"Fire Potion"},{"floor":22,"key":"Fruit Juice"}],"is_trial":false,"path_per_floor":["M","M","T","?","$","E","R","M","T","T","R","M","?","?","R","B",null,"M","T","M","M","?","R","E"],"character_chosen":"WATCHER","items_purchased":["Incense Burner","WindmillStrike"],"campfire_rested":0,"item_purchase_floors":[5,5],"current_hp_per_floor":[72,72,72,72,72,72,72,72,72,72,72,72,72,72,72,40,72,72,72,56,47,40,40,0,0],"gold":341,"neow_bonus":"THREE_ENEMY_KILL","is_daily":false,"chose_seed":false,"campfire_upgraded":4,"win_rate":0.0,"timestamp":1610812338,"path_taken":["M","M","?","?","$","E","R","M","T","?","R","M","?","?","R","BOSS","M","?","M","M","?","R","E"],"items_purchased_type":["Relic","Card"],"build_version":"2020-12-22","purchased_purges":0,"victory":false,"max_hp_per_floor":[72,72,72,72,72,72,72,72,72,72,72,72,72,72,72,72,72,72,72,72,72,77,77,77,77],"card_choices":[{"not_picked":["Tantrum","Halt"],"picked":"Wallop","floor":1.0},{"not_picked":["TalkToTheHand","BowlingBash"],"picked":"Worship","floor":2.0},{"not_picked":["ThirdEye","Protect"],"picked":"DeceiveReality","floor":6.0},{"not_picked":["SashWhip","CutThroughFate"],"picked":"FlyingSleeves","floor":8.0},{"not_picked":["EmptyBody","CutThroughFate"],"picked":"ReachHeaven","floor":12.0},{"not_picked":["LessonLearned","Alpha"],"picked":"DeusExMachina","floor":16.0},{"not_picked":[],"picked":"ClearTheMind","floor":18.0},{"not_picked":[],"picked":"Worship+1","floor":20.0},{"not_picked":["PathToVictory+1"],"picked":"SKIP","floor":21}],"player_experience":567294,"relics_obtained":[{"floor":3.0,"key":"The Courier"},{"floor":6.0,"key":"Tiny Chest"},{"floor":9.0,"key":"Vajra"},{"floor":10.0,"key":"Damaru"},{"floor":19.0,"key":"Toxic Egg 2"},{"floor":22,"key":"Red Mask"}],"event_choices":[{"damage_healed":0.0,"max_hp_gain":0.0,"max_hp_loss":0.0,"gold_gain":175.0,"event_name":"Liars Game","player_choice":"AGREE","floor":4.0,"gold_loss":0.0,"damage_taken":0.0,"cards_obtained":["Doubt"]},{"cards_removed":["Doubt"],"damage_healed":0.0,"max_hp_gain":0.0,"max_hp_loss":0.0,"gold_gain":0.0,"event_name":"The Cleric","player_choice":"Card Removal","floor":13.0,"gold_loss":50.0,"damage_taken":0.0},{"damage_healed":0.0,"max_hp_gain":0.0,"max_hp_loss":0.0,"gold_gain":0.0,"event_name":"Golden Idol","player_choice":"Take Wound","floor":14.0,"gold_loss":0.0,"damage_taken":0.0,"relics_obtained":["Golden Idol"],"cards_obtained":["Injury"]},{"damage_healed":0,"gold_gain":0,"player_choice":"Fought Bandits","damage_taken":0,"max_hp_gain":0,"max_hp_loss":0,"event_name":"Masked Bandits","floor":22,"gold_loss":0}],"is_beta":false,"boss_relics":[{"not_picked":["Black Star","Tiny House"],"picked":"Busted Crown"}],"items_purged_floors":[],"is_endless":false,"potions_floor_spawned":[1,2,22],"killed_by":"Gremlin Leader","ascension_level":0}}