{"host":"tmk46lqetm74e6y6","time":1610814318,"event":{"mods":["100% Spire Juice","2.2 Compatiblity","Abigail Mod","AchievementEnabler","Act Like it!","BaseMod","Beaked The Cultist","Better Match","BetterRewards","CapriCore","ChefMod","Chen","Decade(â§è¨ñæ)","Friendly Minions","GifTheSpireLib","HololiveMod","KinomotoSakuraMod(ñÿîVñ{?)","KiyohimeÅiê¥?Åj","Koishi","KomeijiMod","Magitek Elite","MarisaÅiñ∂âJÅ@ñÇóùçπÅj","Minty Spire (QoL Compilation)","Onozuka Komachi Mod","Permanent Neow","Prisma Mod","Railgun Mod","Random Character Button","Remilia_Scarlet MoedÅiÂQïƒ‰ª?ÅEéz?óãì¡Åj3.3.5","SOSÅiézîb?îVéqÅj","Small Relic Pack","StSLib","SuperFastMode","The Administrix","The Alterego","The Animator","The Bladedancer","The Immortal","The Servant 0.9.4","The Wild Card","TheSwordswoman","Trackpad","Yakumo Yukari mod","YoumuÅiç∞ÈÆódöÎÅj","Yuri Mod"],"gold_per_floor":[110,110,129,20,33,33,50,69,69,69,82,102,102,102,102,207,207,225,242,242,224,204,204,35,47,47,47,47,47,36,21,21,117,117,137,35,0,0,13,13,24,24,24,24,37,87,87,77,77,47],"floor_reached":51,"language":"ENG","playtime":4569,"items_purged":["alterego_mod:Strike"],"score":643,"play_id":"f3099395-810d-47cf-8225-6366f1d8a192","local_time":"20210117002518","is_ascension_mode":false,"campfire_choices":[{"data":"alterego_mod:Undulate","floor":6,"key":"SMITH"},{"data":"alterego_mod:MaintainEyeContact","floor":10,"key":"SMITH"},{"data":"alterego_mod:ClassAdvantage","floor":15,"key":"SMITH"},{"floor":23,"key":"REST"},{"data":"Apotheosis","floor":32,"key":"SMITH"},{"data":"theWildCard:Metatron","floor":40,"key":"SMITH"},{"data":"alterego_mod:IndependentAction","floor":42,"key":"SMITH"},{"data":"alterego_mod:ChallengeComplete","floor":47,"key":"SMITH"},{"data":"alterego_mod:PainIsPleasure","floor":49,"key":"SMITH"}],"circlet_count":0,"master_deck":["alterego_mod:Strike","alterego_mod:Strike","alterego_mod:Strike","alterego_mod:Defend","alterego_mod:Defend","alterego_mod:Defend","alterego_mod:Defend","alterego_mod:Impale","alterego_mod:BigMeatyClaws","alterego_mod:BrynhildrsRune","alterego_mod:Undulate+1","alterego_mod:Complex","alterego_mod:ChallengeComplete+1","alterego_mod:BusterCard","alterego_mod:MagicResistance","alterego_mod:IndependentAction+1","alterego_mod:MaintainEyeContact+1","alterego_mod:1TonWallop","alterego_mod:ClassAdvantage+1","theWildCard:Metatron+1","alterego_mod:PainIsPleasure+1","CurseOfTheBell","alterego_mod:Maid","VitalstarM","alterego_mod:SakuraPetals","alterego_mod:Smother","Apotheosis+1","alterego_mod:STier","Panacea","alterego_mod:Collar","alterego_mod:BiFurious","alterego_mod:Weigh","alterego_mod:Skirt+1","alterego_mod:Mirror","alterego_mod:Undulate+1","alterego_mod:DiscoLights","Parasite","alterego_mod:Crossover","alterego_mod:GachaTicket","alterego_mod:TrickOrTreatment","alterego_mod:Schoolgirl+1"],"relics":["alterego_mod:MasochisticConstitution","relicPack:AllForOne","Ribbon","Calling Bell","Blood Vial","Ornamental Fan","Torii","Pantograph","Sozu","Red Mask","Shuriken","trackpad:SneckoScepter"],"acts_visited":["Exordium","TheCity","TheBeyond"],"potions_floor_usage":[0,7,16,16,16,21,31,45],"damage_taken":[{"damage":9,"enemies":"2 Louse","floor":1,"turns":5},{"damage":15,"enemies":"Jaw Worm","floor":3,"turns":6},{"damage":1,"enemies":"Small Slimes","floor":5,"turns":4},{"damage":14,"enemies":"2 Fungi Beasts","floor":7,"turns":6},{"damage":11,"enemies":"Exordium Thugs","floor":8,"turns":7},{"damage":0,"enemies":"Blue Slaver","floor":11,"turns":6},{"damage":0,"enemies":"3 Louse","floor":12,"turns":3},{"damage":14,"enemies":"Slime Boss","floor":16,"turns":8},{"damage":22,"enemies":"Spheric Guardian","floor":18,"turns":12},{"damage":11,"enemies":"Shell Parasite","floor":19,"turns":6},{"damage":60,"enemies":"3 Cultists","floor":21,"turns":6},{"damage":11,"enemies":"Snake Plant","floor":22,"turns":7},{"damage":6,"enemies":"Centurion and Healer","floor":25,"turns":12},{"damage":28,"enemies":"Shelled Parasite and Fungi","floor":30,"turns":12},{"damage":91,"enemies":"3 Cultists","floor":31,"turns":8},{"damage":73,"enemies":"Champ","floor":33,"turns":13},{"damage":10,"enemies":"3 Shapes","floor":35,"turns":6},{"damage":10,"enemies":"Orb Walker","floor":39,"turns":4},{"damage":13,"enemies":"Writhing Mass","floor":41,"turns":9},{"damage":11,"enemies":"Spire Growth","floor":45,"turns":7},{"damage":13,"enemies":"Mind Bloom Boss Battle","floor":46,"turns":7},{"damage":68,"enemies":"Maw","floor":48,"turns":12},{"damage":159,"enemies":"Awakened One","floor":50,"turns":20}],"seed_played":"-7278311504789182239","potions_obtained":[{"floor":0,"key":"ExcitationPotion"},{"floor":0,"key":"Fruit Juice"},{"floor":0,"key":"ColorlessPotion"},{"floor":5,"key":"EssenceOfSteel"},{"floor":7,"key":"BlessingOfTheForge"},{"floor":11,"key":"PowerPotion"},{"floor":18,"key":"SpeedPotion"},{"floor":22,"key":"LiquidBronze"},{"floor":33,"key":"Block Potion"}],"is_trial":false,"path_per_floor":["M","?","M","$","M","R","M","M","T","R","M","M","?","?","R","B",null,"M","M","?","M","M","R","$","M","T","$","?","?","M","M","R","B",null,"M","$","?","?","M","R","M","R","T","$","M","?","R","M","R","B",null],"character_chosen":"The_Alterego","items_purchased":["alterego_mod:ChallengeComplete","alterego_mod:BusterCard","Apotheosis","alterego_mod:Mirror"],"campfire_rested":1,"item_purchase_floors":[4,4,24,36],"current_hp_per_floor":[67,67,60,60,67,67,68,65,65,65,65,80,80,80,80,67,81,67,59,59,33,42,67,67,84,84,84,84,72,71,62,62,23,89,90,90,90,90,81,81,71,71,71,71,75,81,81,95,95,9],"gold":47,"neow_bonus":"THREE_SMALL_POTIONS","is_daily":false,"chose_seed":false,"campfire_upgraded":8,"win_rate":0.0,"timestamp":1610814318,"path_taken":["M","?","M","$","M","R","M","M","T","R","M","M","?","?","R","BOSS","M","M","?","M","M","R","$","M","T","?","?","?","M","M","R","BOSS","M","$","?","?","?","R","M","R","T","$","M","?","R","M","R","BOSS"],"items_purchased_type":["Card","Card","Card","Card"],"build_version":"2020-12-22","purchased_purges":1,"victory":true,"max_hp_per_floor":[76,76,77,77,78,78,79,80,80,80,80,80,80,80,80,81,81,82,83,83,84,85,85,85,86,86,86,86,86,87,88,88,89,89,90,90,90,90,91,91,92,92,92,92,93,94,94,95,95,96],"card_choices":[{"not_picked":["alterego_mod:MagicResistance","alterego_mod:TrashNCrash"],"picked":"alterego_mod:Undulate","floor":1},{"not_picked":["alterego_mod:Skirt","alterego_mod:TrashNCrash"],"picked":"alterego_mod:Complex","floor":3},{"not_picked":["alterego_mod:Clap","alterego_mod:Swimsuit"],"picked":"alterego_mod:MagicResistance","floor":5},{"not_picked":["alterego_mod:Jiggle","alterego_mod:Belts"],"picked":"alterego_mod:IndependentAction","floor":7},{"not_picked":["alterego_mod:Exercise","alterego_mod:Table"],"picked":"alterego_mod:MaintainEyeContact","floor":8},{"not_picked":["alterego_mod:DeftHands","alterego_mod:Maid"],"picked":"alterego_mod:1TonWallop","floor":11},{"not_picked":["alterego_mod:Clap","alterego_mod:BiFurious"],"picked":"alterego_mod:ClassAdvantage","floor":12},{"not_picked":["alterego_mod:VirginLaserPalladion","alterego_mod:STier"],"picked":"alterego_mod:PainIsPleasure","floor":16},{"not_picked":["alterego_mod:Birthday","alterego_mod:Bounce"],"picked":"alterego_mod:Maid","floor":18},{"not_picked":["alterego_mod:1TonWallop","alterego_mod:Cooking"],"picked":"alterego_mod:IndependentAction","floor":19},{"not_picked":["alterego_mod:DustData","alterego_mod:1TonWallop"],"picked":"alterego_mod:SakuraPetals","floor":21},{"not_picked":["alterego_mod:Complex","alterego_mod:Bloomers"],"picked":"alterego_mod:Smother","floor":22},{"not_picked":["alterego_mod:Rip","alterego_mod:DiscoLights"],"picked":"alterego_mod:STier","floor":25},{"not_picked":["alterego_mod:Complex","alterego_mod:1TonWallop"],"picked":"alterego_mod:Collar","floor":30},{"not_picked":["alterego_mod:PerceptionDisorder+1","alterego_mod:HighServant"],"picked":"alterego_mod:BiFurious","floor":31},{"not_picked":["alterego_mod:Antipathy","alterego_mod:IdEs"],"picked":"alterego_mod:Weigh","floor":33},{"not_picked":["alterego_mod:HighServant+1","alterego_mod:Complex+1"],"picked":"alterego_mod:Skirt+1","floor":35},{"not_picked":["alterego_mod:IdEs","alterego_mod:1TonWallop+1"],"picked":"alterego_mod:DiscoLights","floor":39},{"not_picked":["alterego_mod:Collar","alterego_mod:PerceptionDisorder+1"],"picked":"alterego_mod:Crossover","floor":41},{"not_picked":["alterego_mod:BeGentle+1","alterego_mod:Clones"],"picked":"alterego_mod:GachaTicket","floor":45},{"not_picked":["alterego_mod:Birthday+1","alterego_mod:Clap"],"picked":"alterego_mod:TrickOrTreatment","floor":46},{"not_picked":["alterego_mod:Belts","alterego_mod:Pet"],"picked":"alterego_mod:Schoolgirl+1","floor":48}],"player_experience":65647,"relics_obtained":[{"floor":9,"key":"Ribbon"},{"floor":17,"key":"Blood Vial"},{"floor":17,"key":"Ornamental Fan"},{"floor":17,"key":"Torii"},{"floor":26,"key":"Pantograph"},{"floor":43,"key":"Shuriken"},{"floor":46,"key":"trackpad:SneckoScepter"}],"event_choices":[{"damage_healed":0,"gold_gain":0,"player_choice":"Ignored","damage_taken":0,"max_hp_gain":0,"max_hp_loss":0,"event_name":"Golden Idol","floor":13,"gold_loss":0},{"cards_removed":["alterego_mod:IndependentAction"],"damage_healed":0,"gold_gain":0,"player_choice":"Took Card","damage_taken":0,"max_hp_gain":0,"max_hp_loss":0,"event_name":"NoteForYourself","floor":20,"gold_loss":0,"cards_obtained":["VitalstarM"]},{"damage_healed":0,"gold_gain":0,"player_choice":"CARD ","damage_taken":12,"max_hp_gain":0,"max_hp_loss":0,"event_name":"Knowing Skull","floor":29,"potions_obtained":[],"gold_loss":0,"cards_obtained":["Panacea"]},{"damage_healed":0,"gold_gain":0,"player_choice":"Paid","damage_taken":0,"relics_obtained":["Red Mask"],"max_hp_gain":0,"max_hp_loss":0,"event_name":"Tomb of Lord Red Mask","floor":37,"gold_loss":35},{"damage_healed":0,"gold_gain":0,"player_choice":"Copied","damage_taken":0,"max_hp_gain":0,"max_hp_loss":0,"event_name":"Duplicator","floor":38,"gold_loss":0,"cards_obtained":["alterego_mod:Undulate"]},{"damage_healed":0,"gold_gain":0,"player_choice":"Fight","damage_taken":0,"max_hp_gain":0,"max_hp_loss":0,"event_name":"MindBloom","floor":46,"gold_loss":0}],"is_beta":false,"boss_relics":[{"not_picked":["relicPack:ShieldShield","relicPack:KazumaCape"],"picked":"Calling Bell"},{"not_picked":["Busted Crown","SacredBark"],"picked":"Sozu"}],"items_purged_floors":[36],"is_endless":false,"potions_floor_spawned":[5,7,8,11,18,22,33,45,46,48],"ascension_level":0}}