{"host":"4qkvkh7pd9qr2mca","time":1610833744,"event":{"mods":["AchievementEnabler","Act Like it!","BaseMod","Colored Map","Colored Powertips","Highlight Path","Minty Spire (QoL Compilation)","Pale of the Ancients","Permanent Neow","Quick Restart","Relic Stats","StSLib","SuperFastMode"],"gold_per_floor":[116,131,206,171,55,83,83,115,141,141,210,221,251,251,251,251,251],"floor_reached":16,"language":"ENG","playtime":576,"items_purged":["Strike_G"],"score":282,"play_id":"7d741696-c438-4d04-945d-54fe1ccc416e","local_time":"20210116224904","is_ascension_mode":true,"campfire_choices":[{"floor":7.0,"key":"REST"},{"floor":15,"key":"REST"}],"circlet_count":0,"master_deck":["AscendersBane","Strike_G","Strike_G","Strike_G","Defend_G","Defend_G","Defend_G","Defend_G","Survivor","Neutralize","Unload","Backflip","Footwork","Skewer","Bouncing Flask","All Out Attack","Finisher","Dodge and Roll","After Image"],"relics":["Ring of the Snake","Pen Nib","Dead Branch","Lantern","Blue Candle","Tough Bandages","Golden Idol"],"acts_visited":["Exordium"],"potions_floor_usage":[13,13],"damage_taken":[{"damage":3.0,"enemies":"2 Louse","floor":1.0,"turns":3.0},{"damage":0.0,"enemies":"Jaw Worm","floor":2.0,"turns":5.0},{"damage":22.0,"enemies":"3 Sentries","floor":6.0,"turns":15.0},{"damage":34.0,"enemies":"Gremlin Nob","floor":8.0,"turns":4.0},{"damage":0,"enemies":"Cultist","floor":12,"turns":3},{"damage":0,"enemies":"3 Sentries","floor":13,"turns":4},{"damage":22,"enemies":"Slime Boss","floor":16,"turns":6}],"seed_played":"7916692536336019090","potions_obtained":[{"floor":1.0,"key":"DistilledChaos"},{"floor":6.0,"key":"Explosive Potion"},{"floor":8.0,"key":"SkillPotion"},{"floor":13,"key":"Strength Potion"}],"is_trial":false,"path_per_floor":["M","M","?","?","$","E","R","E","T","?","T","M","E","?","R","B"],"character_chosen":"THE_SILENT","items_purchased":["Bouncing Flask"],"campfire_rested":2,"item_purchase_floors":[5],"current_hp_per_floor":[56,56,45,60,60,38,56,22,22,22,22,22,22,22,38,16,16],"gold":251,"neow_bonus":"TRANSFORM_TWO_CARDS","is_daily":false,"chose_seed":false,"campfire_upgraded":0,"win_rate":0.0,"timestamp":1610833744,"path_taken":["M","M","?","?","$","E","R","E","T","?","?","?","E","?","R","BOSS"],"items_purchased_type":["Card"],"build_version":"2020-12-22","purchased_purges":1,"victory":false,"max_hp_per_floor":[60,60,60,60,60,60,60,60,60,60,60,60,60,54,54,54,54],"relic_stats":{"Tough Bandages":[9],"counters":[7,40],"Golden Idol":0,"Dead Branch":[4],"Blue Candle":[0],"Pen Nib":[1],"obtain_stats":[{"Lantern":9,"Tough Bandages":13,"Golden Idol":14,"Dead Branch":8,"Blue Candle":11,"Pen Nib":6,"Ring of the Snake":0},{"Lantern":4,"Tough Bandages":6,"Golden Idol":6,"Dead Branch":4,"Blue Candle":4,"Pen Nib":3,"Ring of the Snake":0},{"Lantern":27,"Tough Bandages":34,"Golden Idol":34,"Dead Branch":27,"Blue Candle":27,"Pen Nib":23,"Ring of the Snake":0}],"Ring of the Snake":[14]},"card_choices":[{"not_picked":["Masterful Stab","Outmaneuver"],"picked":"Footwork","floor":1.0},{"not_picked":["Sucker Punch","Cloak And Dagger"],"picked":"Skewer","floor":2.0},{"not_picked":["Setup","Riddle With Holes"],"picked":"All Out Attack","floor":6.0},{"not_picked":["Setup","Predator"],"picked":"Finisher","floor":8.0},{"not_picked":["Riddle With Holes","Backflip"],"picked":"Dodge and Roll","floor":12},{"not_picked":["Blade Dance","Quick Slash"],"picked":"After Image","floor":13}],"player_experience":571710,"relics_obtained":[{"floor":6.0,"key":"Pen Nib"},{"floor":8.0,"key":"Dead Branch"},{"floor":9.0,"key":"Lantern"},{"floor":11.0,"key":"Blue Candle"},{"floor":13,"key":"Tough Bandages"}],"event_choices":[{"damage_healed":0.0,"max_hp_gain":0.0,"max_hp_loss":0.0,"gold_gain":75.0,"event_name":"World of Goop","player_choice":"Gather Gold","floor":3.0,"gold_loss":0.0,"damage_taken":11.0},{"damage_healed":15.0,"max_hp_gain":0.0,"max_hp_loss":0.0,"gold_gain":0.0,"event_name":"The Cleric","player_choice":"Healed","floor":4.0,"gold_loss":35.0,"damage_taken":0.0},{"damage_healed":0.0,"max_hp_gain":0.0,"max_hp_loss":0.0,"gold_gain":0.0,"event_name":"Scrap Ooze","player_choice":"Fled","floor":10.0,"gold_loss":0.0,"damage_taken":0.0},{"damage_healed":0,"gold_gain":0,"player_choice":"Lose Max HP","damage_taken":0,"relics_obtained":["Golden Idol"],"max_hp_gain":0,"max_hp_loss":6,"event_name":"Golden Idol","floor":14,"gold_loss":0}],"is_beta":false,"boss_relics":[],"items_purged_floors":[5],"is_endless":false,"potions_floor_spawned":[1,6,8,13],"killed_by":"Slime Boss","ascension_level":20}}