{"host":"78azdv0oxplymbah","time":1610806979,"event":{"mods":["Aspiration","BaseMod","BetterRewards","Challenge The Spire","Highlight Path","Minty Spire (QoL Compilation)","MostiFishMod","Quick Restart","Relic Stats","Remove Card Discount Mod","Replay The Spire","Spicy Shops","StSLib","The Servant 0.9.4","vexMod","°æπ¶ƒ‹Mod°øªÏ„Á÷Æª∑–ﬁ∏¥≤π∂°","°æ“≈ŒÔø®≈∆°øREMEMod"],"gold_per_floor":[114,94,109,109,284,284,314,8,33,33,33],"floor_reached":10,"language":"ZHS","playtime":269,"items_purged":["MostiFishMod:StoryBook","REME_FirmDetermination","Strike_B","Strike_B","Strike_B","Defend_B","Strike_B","Defend_B","Defend_B","Survey Options","Defend_B+1","Replay:Sssssssssstrike","vexMod:EmailVexCard+1"],"score":89,"play_id":"133aa2a8-abca-4339-a605-12777d90f3cd","local_time":"20210116222259","daily_mods":["Allstar","Flight","Night Terrors"],"is_ascension_mode":false,"campfire_choices":[{"data":"aspiration:Polymerization","floor":6,"key":"SMITH"}],"circlet_count":0,"master_deck":["Zap","Dualcast","aspiration:Polymerization+1","Ball Lightning","Doubt","MostiFishMod:StrandedSiren"],"relics":["Cracked Core","DaveBox","REME_ComplimentaryCards","Civilization","SynthV:TestCard","vexMod:MemoryStick","aspiration:EnhancedActuators","REME_PuzzleBoxRelic","Replay:Antivirus Software"],"acts_visited":["Exordium"],"potions_floor_usage":[],"damage_taken":[{"damage":0,"enemies":"2 Louse","floor":1,"turns":2},{"damage":0,"enemies":"Small Slimes","floor":3,"turns":2},{"damage":0,"enemies":"Gremlin Nob","floor":7,"turns":2},{"damage":99999,"enemies":"Lagavulin","floor":10,"turns":2}],"seed_played":"2700428786693623746","potions_obtained":[{"floor":3,"key":"SmokeBomb"},{"floor":7,"key":"SmokeBomb"}],"is_trial":false,"path_per_floor":["M","$","M","?","?","R","E","$","T","E"],"character_chosen":"DEFECT","items_purchased":["aspiration:EnhancedActuators","REME_PuzzleBoxRelic"],"campfire_rested":0,"item_purchase_floors":[8,8],"current_hp_per_floor":[77,77,81,65,65,65,70,70,70,0,0],"gold":33,"neow_bonus":"","is_daily":true,"chose_seed":false,"campfire_upgraded":1,"win_rate":0.0,"timestamp":1610806979,"path_taken":["M","$","M","?","?","R","E","?","T","E"],"items_purchased_type":["Relic","Relic"],"build_version":"2020-12-22","purchased_purges":13,"victory":false,"max_hp_per_floor":[77,77,81,81,81,81,86,86,86,86,86],"relic_stats":{"counters":[4,7],"obtain_stats":[{"Civilization":0,"vexMod:MemoryStick":7,"SynthV:TestCard":1,"DaveBox":0,"aspiration:EnhancedActuators":8,"REME_PuzzleBoxRelic":8,"Replay:Antivirus Software":9,"Cracked Core":0,"REME_ComplimentaryCards":0},{"Civilization":0,"vexMod:MemoryStick":3,"SynthV:TestCard":1,"DaveBox":0,"aspiration:EnhancedActuators":3,"REME_PuzzleBoxRelic":3,"Replay:Antivirus Software":3,"Cracked Core":0,"REME_ComplimentaryCards":0},{"Civilization":0,"vexMod:MemoryStick":6,"SynthV:TestCard":2,"DaveBox":0,"aspiration:EnhancedActuators":6,"REME_PuzzleBoxRelic":6,"Replay:Antivirus Software":6,"Cracked Core":0,"REME_ComplimentaryCards":0}]},"card_choices":[{"not_picked":["Stack","Panic Button"],"picked":"aspiration:Polymerization","floor":1},{"not_picked":["Cold Snap","Rebound","ReplaySolidLightProjector","Conserve Battery"],"picked":"Ball Lightning","floor":3},{"not_picked":["Recycle","MostiFishMod:PushDownKick","Crystallizer","MostiFishMod:FluxCapactior"],"picked":"MostiFishMod:StrandedSiren","floor":7}],"player_experience":33361,"relics_obtained":[{"floor":1,"key":"SynthV:TestCard"},{"floor":7,"key":"vexMod:MemoryStick"},{"floor":9,"key":"Replay:Antivirus Software"}],"event_choices":[{"damage_healed":0,"gold_gain":0,"player_choice":"Entered Light","damage_taken":16,"max_hp_gain":0,"max_hp_loss":0,"event_name":"Shining Light","floor":4,"gold_loss":0,"cards_upgraded":["Defend_B","vexMod:EmailVexCard"]},{"damage_healed":0,"gold_gain":175,"player_choice":"AGREE","damage_taken":0,"max_hp_gain":0,"max_hp_loss":0,"event_name":"Liars Game","floor":5,"gold_loss":0,"cards_obtained":["Doubt"]}],"is_beta":false,"boss_relics":[],"items_purged_floors":[2,2,2,2,2,2,2,2,2,2,8,8,8],"is_endless":false,"potions_floor_spawned":[3,7],"killed_by":"Lagavulin","ascension_level":0}}