{"host":"3eao3znc71vovznr","time":1610811674,"event":{"mods":["BaseMod","Minty Spire (QoL Compilation)","StSLib","The Marked"],"gold_per_floor":[110,120,80,9,23,38,70,70,147,147,147,147,172,184,184,287,287,299,299,314,274,287,287,302,333,333,365,280,299,328,328,328,438,438,455,469,533,542,557,584,584,584,584,37,53,78,116,116,116,116,116,116,27,61,61],"floor_reached":56,"language":"ENG","playtime":2438,"items_purged":[],"score":1479,"play_id":"9482f402-7179-4062-b7fd-d7f74ea856cf","local_time":"20210116164114","is_ascension_mode":true,"campfire_choices":[{"floor":8,"key":"REST"},{"data":"Sadistic Nature","floor":12,"key":"SMITH"},{"floor":15,"key":"REST"},{"data":"Adrenaline","floor":23,"key":"SMITH"},{"floor":32,"key":"DIG"},{"floor":42,"key":"RECALL"},{"floor":49,"key":"DIG"},{"floor":52,"key":"DIG"}],"circlet_count":0,"master_deck":["Strike_G","Strike_G","Strike_G","Strike_G","Strike_G","Defend_G","Defend_G","Defend_G","Defend_G+1","Defend_G+1","Survivor","Neutralize","Sadistic Nature+1","Bane","Sucker Punch","Bouncing Flask","Envenom+1","Bouncing Flask","Bouncing Flask","Dodge and Roll","Adrenaline+1","Acrobatics+1","Escape Plan","Bane","PiercingWail+1","Catalyst","A Thousand Cuts","Crippling Poison+1","Writhe","Calculated Gamble+1","Caltrops","PiercingWail+1","Terror+1"],"relics":["Ring of the Snake","Thread and Needle","Snake Skull","Coffee Dripper","The Courier","Darkstone Periapt","Shovel","Toy Ornithopter","CeramicFish","Bottled Tornado","Tiny Chest","SacredBark","Torii","Sundial","Bottled Flame","Tingsha","Bronze Scales","Vajra","Bag of Preparation","White Beast Statue","Toxic Egg 2","Blue Candle","Letter Opener","StrikeDummy"],"acts_visited":["Exordium","TheCity","TheBeyond","TheEnding"],"potions_floor_usage":[6,13,16,24,30,37,37,39,50,50,55,55],"damage_taken":[{"damage":2,"enemies":"Cultist","floor":1,"turns":5},{"damage":0,"enemies":"Jaw Worm","floor":2,"turns":5},{"damage":0,"enemies":"2 Louse","floor":5,"turns":2},{"damage":0,"enemies":"2 Fungi Beasts","floor":6,"turns":2},{"damage":20,"enemies":"Gremlin Nob","floor":7,"turns":4},{"damage":3,"enemies":"3 Sentries","floor":13,"turns":6},{"damage":0,"enemies":"Blue Slaver","floor":14,"turns":4},{"damage":0,"enemies":"Slime Boss","floor":16,"turns":4},{"damage":0,"enemies":"3 Byrds","floor":18,"turns":3},{"damage":0,"enemies":"Chosen","floor":20,"turns":3},{"damage":0,"enemies":"Snecko","floor":22,"turns":2},{"damage":1,"enemies":"Shelled Parasite and Fungi","floor":24,"turns":4},{"damage":10,"enemies":"Slavers","floor":25,"turns":4},{"damage":0,"enemies":"Gremlin Leader","floor":27,"turns":3},{"damage":11,"enemies":"Centurion and Healer","floor":29,"turns":2},{"damage":23,"enemies":"Slavers","floor":30,"turns":4},{"damage":3,"enemies":"Automaton","floor":33,"turns":6},{"damage":0,"enemies":"Orb Walker","floor":35,"turns":2},{"damage":11,"enemies":"3 Shapes","floor":36,"turns":4},{"damage":22,"enemies":"2 Orb Walkers","floor":37,"turns":3},{"damage":0,"enemies":"Jaw Worm Horde","floor":39,"turns":3},{"damage":23,"enemies":"Giant Head","floor":40,"turns":6},{"damage":17,"enemies":"Maw","floor":45,"turns":5},{"damage":7,"enemies":"Spire Growth","floor":46,"turns":3},{"damage":20,"enemies":"Nemesis","floor":47,"turns":5},{"damage":41,"enemies":"Time Eater","floor":50,"turns":8},{"damage":24,"enemies":"Shield and Spear","floor":54,"turns":5},{"damage":94,"enemies":"The Heart","floor":55,"turns":7}],"seed_played":"-8253160350836140712","potions_obtained":[{"floor":3,"key":"Fire Potion"},{"floor":3,"key":"Energy Potion"},{"floor":3,"key":"LiquidMemories"},{"floor":13,"key":"SkillPotion"},{"floor":14,"key":"LiquidMemories"},{"floor":18,"key":"LiquidMemories"},{"floor":29,"key":"Regen Potion"},{"floor":30,"key":"Dexterity Potion"},{"floor":36,"key":"PowerPotion"},{"floor":37,"key":"SkillPotion"},{"floor":45,"key":"FearPotion"},{"floor":46,"key":"Block Potion"},{"floor":54,"key":"FearPotion"}],"is_trial":false,"path_per_floor":["M","M","?","$","M","M","E","R","T","?","?","R","E","M","R","B",null,"M","?","M","?","M","R","M","E","T","E","?","M","E","T","R","B",null,"M","M","?","?","M","E","T","R","T","$","M","M","E","?","R","B",null,"R","$","E","B",null],"character_chosen":"THE_SILENT","items_purchased":["Bouncing Flask","Bronze Scales","Vajra","Bag of Preparation","White Beast Statue","PiercingWail+1","FairyPotion"],"campfire_rested":2,"item_purchase_floors":[4,44,44,44,44,53,53],"current_hp_per_floor":[47,47,47,47,47,47,27,48,48,48,48,48,45,45,66,66,70,70,70,70,70,70,70,69,59,59,59,59,48,39,39,39,36,70,70,59,47,71,76,53,53,53,53,53,36,29,9,66,66,30,66,66,66,42,25],"gold":61,"neow_bonus":"RANDOM_COLORLESS_2","is_daily":false,"chose_seed":false,"campfire_upgraded":2,"win_rate":0.0,"timestamp":1610811674,"path_taken":["M","M","?","$","?","M","E","R","T","?","?","R","E","M","R","BOSS","M","?","M","?","M","R","?","E","T","E","?","M","E","?","R","BOSS","M","?","?","?","M","E","?","R","T","$","M","M","E","?","R","BOSS","R","$","E","BOSS"],"items_purchased_type":["Card","Relic","Relic","Relic","Relic","Card","Potion"],"build_version":"2020-12-22","purchased_purges":0,"victory":true,"max_hp_per_floor":[70,70,70,70,70,70,70,70,70,70,70,70,70,70,70,70,70,70,70,70,70,70,70,70,70,70,70,70,70,70,70,70,70,70,70,70,70,76,76,76,76,76,76,76,76,76,76,66,66,66,66,66,66,66,66],"card_choices":[{"not_picked":["Magnetism","The Bomb"],"picked":"Sadistic Nature","floor":0},{"not_picked":["Dagger Spray","Backflip"],"picked":"Bane","floor":1},{"not_picked":["Outmaneuver","Dagger Throw"],"picked":"Sucker Punch","floor":2},{"not_picked":["Masterful Stab","Underhanded Strike","Bane"],"picked":"SKIP","floor":5},{"not_picked":["Dodge and Roll","Infinite Blades"],"picked":"Envenom","floor":6},{"not_picked":["Accuracy","Catalyst"],"picked":"Bouncing Flask","floor":7},{"not_picked":["Blade Dance","Dagger Throw"],"picked":"Bouncing Flask","floor":13},{"not_picked":["Masterful Stab","Cloak And Dagger"],"picked":"Dodge and Roll","floor":14},{"not_picked":["Malaise","Burst"],"picked":"Adrenaline","floor":16},{"not_picked":["Bane","Poisoned Stab+1"],"picked":"Acrobatics+1","floor":18},{"not_picked":["Deflect+1","Choke"],"picked":"Escape Plan","floor":20},{"not_picked":["Masterful Stab","Poisoned Stab","Dagger Throw"],"picked":"SKIP","floor":22},{"not_picked":["Dagger Throw","Slice+1"],"picked":"Bane","floor":24},{"not_picked":["Bane","Predator","Acrobatics"],"picked":"SKIP","floor":25},{"not_picked":["Cloak And Dagger","Flechettes"],"picked":"PiercingWail+1","floor":27},{"not_picked":["Choke","Masterful Stab"],"picked":"Catalyst","floor":29},{"not_picked":["Bouncing Flask","Deflect","Expertise+1"],"picked":"SKIP","floor":30},{"not_picked":["After Image","Die Die Die"],"picked":"A Thousand Cuts","floor":33},{"not_picked":["Slice","Finisher+1","Bane+1"],"picked":"SKIP","floor":35},{"not_picked":["Dagger Throw+1","Bane","Acrobatics+1"],"picked":"SKIP","floor":36},{"not_picked":["Footwork+1","Sucker Punch+1"],"picked":"Crippling Poison+1","floor":37},{"not_picked":["Deflect+1","Burst","Skewer"],"picked":"SKIP","floor":39},{"not_picked":["Deflect","Outmaneuver","Night Terror"],"picked":"SKIP","floor":40},{"not_picked":["Choke","Dagger Throw","Endless Agony"],"picked":"SKIP","floor":45},{"not_picked":["Masterful Stab+1","Expertise+1"],"picked":"Calculated Gamble+1","floor":46},{"not_picked":["A Thousand Cuts","Bane"],"picked":"Caltrops","floor":47},{"not_picked":["Crippling Poison+1","Grand Finale"],"picked":"Terror+1","floor":54}],"player_experience":401475,"relics_obtained":[{"floor":7,"key":"Thread and Needle"},{"floor":13,"key":"Snake Skull"},{"floor":25,"key":"The Courier"},{"floor":26,"key":"Darkstone Periapt"},{"floor":27,"key":"Shovel"},{"floor":30,"key":"CeramicFish"},{"floor":31,"key":"Bottled Tornado"},{"floor":32,"key":"Tiny Chest"},{"floor":37,"key":"Torii"},{"floor":40,"key":"Sundial"},{"floor":41,"key":"Bottled Flame"},{"floor":43,"key":"Tingsha"},{"floor":47,"key":"Toxic Egg 2"},{"floor":49,"key":"Blue Candle"},{"floor":52,"key":"Letter Opener"},{"floor":54,"key":"StrikeDummy"}],"event_choices":[{"damage_healed":0,"gold_gain":0,"player_choice":"Bought 3 Potions","damage_taken":0,"max_hp_gain":0,"max_hp_loss":0,"event_name":"The Woman in Blue","floor":3,"gold_loss":0},{"damage_healed":0,"gold_gain":0,"player_choice":"Grow","damage_taken":0,"max_hp_gain":0,"max_hp_loss":0,"event_name":"Living Wall","floor":10,"gold_loss":0,"cards_upgraded":["Envenom"]},{"damage_healed":0,"gold_gain":0,"player_choice":"Ignored","damage_taken":0,"max_hp_gain":0,"max_hp_loss":0,"event_name":"Liars Game","floor":11,"gold_loss":0},{"damage_healed":0,"gold_gain":0,"player_choice":"Ignored","damage_taken":0,"max_hp_gain":0,"max_hp_loss":0,"event_name":"Ghosts","floor":19,"gold_loss":0},{"damage_healed":0,"gold_gain":0,"player_choice":"Upgraded Two","damage_taken":0,"max_hp_gain":0,"max_hp_loss":0,"event_name":"Designer","floor":21,"gold_loss":40,"cards_upgraded":["Defend_G","Defend_G"]},{"damage_healed":0,"gold_gain":0,"player_choice":"Obtained Relic","damage_taken":0,"relics_obtained":["Toy Ornithopter"],"max_hp_gain":0,"max_hp_loss":0,"event_name":"Addict","floor":28,"gold_loss":85},{"damage_healed":0,"gold_gain":0,"player_choice":"Fight","damage_taken":0,"max_hp_gain":0,"max_hp_loss":0,"event_name":"Mysterious Sphere","floor":37,"gold_loss":0},{"damage_healed":18,"gold_gain":0,"player_choice":"Writhe","damage_taken":0,"max_hp_gain":0,"max_hp_loss":0,"event_name":"Winding Halls","floor":38,"gold_loss":0,"cards_obtained":["Writhe"]},{"damage_healed":66,"gold_gain":0,"player_choice":"Heal","damage_taken":0,"max_hp_gain":0,"max_hp_loss":10,"event_name":"The Moai Head","floor":48,"gold_loss":0}],"is_beta":false,"boss_relics":[{"not_picked":["Empty Cage","Black Star"],"picked":"Coffee Dripper"},{"not_picked":["Cursed Key","Snecko Eye"],"picked":"SacredBark"}],"items_purged_floors":[],"is_endless":false,"potions_floor_spawned":[5,13,14,18,20,29,30,33,35,36,37,45,46,47,54],"ascension_level":3}}