{"host":"7bzprrpqr2usgpra","time":1610803956,"event":{"mods":["ATMod(阿瑾Mod)","BaseMod","BetterRewards","Downfall","Energized Spire","HololiveMod","Lobotomy","Minty Spire (QoL Compilation)","MostiFishMod","Quick Restart","Spicy Shops","StSLib","TestMod","[IsaacMod]以撒尖塔"],"gold_per_floor":[110,160,160,180,191,191,226,243,243,276,276,302,317,343,343,421,421,439,439,439,245,245,271,281,311,335,335,365,765,776,776,776,850,850,864,277,346,346,346,346,346,15,40,40],"floor_reached":45,"language":"ZHS","playtime":1149,"items_purged":[],"score":2670,"play_id":"bb40561d-844d-41ae-9bef-a90745287134","local_time":"20210116213236","is_ascension_mode":true,"campfire_choices":[{"floor":6,"key":"REST"},{"floor":15,"key":"REST"},{"floor":27,"key":"RECALL"},{"data":"MostiFishMod:FlyOverUtopia","floor":32,"key":"SMITH"},{"data":"Limit Break","floor":41,"key":"SMITH"}],"circlet_count":0,"master_deck":["AscendersBane","Strike_R","Strike_R","Strike_R","Strike_R","Strike_R","Defend_R","Defend_R","Defend_R","Defend_R","Bash","AT_FamilyPortrait","AT_DrawKnifeCut","Pummel","downfall:Icky","CurseOfTheBell","Double Tap","Burning Pact","Whirlwind","Thunderclap","Juggernaut","MostiFishMod:FlyOverUtopia+1","Barricade","Sword Boomerang+1","testmod-RepeatForm","AT_ManFootWork","AT_BodySlamDance","Spot Weakness","Writhe","Limit Break+1","Heavy Blade+1","testmod-SelfRegulatingSystem","Heavy Blade"],"relics":["AT_ATBox","HushsDoor","RhineSuit","PillsDrop","testmod-CasingShield","BloodWine","SynthV:TestCard","Mercury Hourglass","AT_BellDemon","Calling Bell","AT_GuinsooRageblade","Bag of Marbles","Pocketwatch","GnawedLeaf","testmod-ObsoleteBoomerang","Tiny Chest","testmod-IntensifyImprint","Self Forming Clay","Happy Flower","MagicMushroom","DaveBox","RhineSuit","Leech","Red Skull","Juzu Bracelet","testmod-Antiphasic","AT_ChloranthyRing","testmod-Nine","Shuriken","Dead Branch","TheBible"],"acts_visited":["Exordium","TheCity","TheBeyond","TheEnding"],"potions_floor_usage":[44],"damage_taken":[{"damage":18,"enemies":"Small Slimes","floor":1,"turns":3},{"damage":19,"enemies":"Hiden Room Battle","floor":2,"turns":3},{"damage":0,"enemies":"Cultist","floor":4,"turns":2},{"damage":8,"enemies":"Jaw Worm","floor":5,"turns":1},{"damage":0,"enemies":"Gremlin Nob","floor":7,"turns":2},{"damage":0,"enemies":"Lots of Slimes","floor":8,"turns":2},{"damage":0,"enemies":"Lagavulin","floor":10,"turns":2},{"damage":0,"enemies":"Gremlin Nob","floor":12,"turns":1},{"damage":0,"enemies":"3 Louse","floor":13,"turns":1},{"damage":0,"enemies":"The Guardian","floor":16,"turns":2},{"damage":0,"enemies":"2 Thieves","floor":18,"turns":1},{"damage":0,"enemies":"Gremlin Leader","floor":23,"turns":1},{"damage":0,"enemies":"Spheric Guardian","floor":24,"turns":1},{"damage":0,"enemies":"Book of Stabbing","floor":25,"turns":1},{"damage":0,"enemies":"Slavers","floor":28,"turns":1},{"damage":0,"enemies":"Centurion and Healer","floor":30,"turns":1},{"damage":0,"enemies":"Automaton","floor":33,"turns":2},{"damage":21,"enemies":"3 Shapes","floor":35,"turns":1},{"damage":4,"enemies":"Donu and Deca","floor":39,"turns":2},{"damage":4,"enemies":"Shield and Spear","floor":43,"turns":2},{"damage":7,"enemies":"The Heart","floor":44,"turns":2}],"seed_played":"6449562297287757287","potions_obtained":[{"floor":4,"key":"Fire Potion"},{"floor":8,"key":"FairyPotion"}],"is_trial":false,"path_per_floor":["M","?","?","M","M","R","E","M","T","E","?","E","M","T","R","B",null,"M","?","T","$","?","E","M","E","T","R","E","?","M","?","R","B",null,"M","$","T","?","B",null,"R","$","E","B",null],"character_chosen":"IRONCLAD","items_purchased":["testmod-RepeatForm","testmod-SelfRegulatingSystem","Dead Branch"],"campfire_rested":2,"item_purchase_floors":[21,36,42],"current_hp_per_floor":[50,31,31,31,23,45,50,50,50,50,24,24,27,27,50,55,79,80,80,80,80,80,80,80,83,83,83,78,78,78,78,78,81,81,60,60,60,60,58,75,75,75,78,73],"gold":40,"neow_bonus":"BOSS_RELIC","is_daily":false,"chose_seed":false,"campfire_upgraded":2,"win_rate":0.0,"timestamp":1610803956,"path_taken":["M","?","?","?","M","R","E","M","T","E","?","E","M","?","R","BOSS","M","?","?","$","?","E","M","E","T","R","E","?","M","?","R","BOSS","M","$","?","?","BOSS","R","$","E","BOSS"],"items_purchased_type":["Card","Card","Relic"],"build_version":"2020-12-22","purchased_purges":0,"victory":true,"max_hp_per_floor":[75,75,75,75,75,75,75,75,75,75,75,75,78,78,78,78,85,80,80,80,80,80,80,80,83,83,83,78,78,78,78,78,81,81,81,81,81,81,81,81,81,81,81,81],"card_choices":[{"not_picked":[],"picked":"Bomb","floor":0},{"not_picked":["True Grit","Havoc"],"picked":"AT_DrawKnifeCut","floor":1},{"not_picked":["Shrug It Off","Thunderclap","Headbutt","Dropkick"],"picked":"Pummel","floor":2},{"not_picked":["Sentinel","AT_BodySlamDance","Armaments","Clothesline"],"picked":"Double Tap","floor":4},{"not_picked":["Wild Strike","True Grit","Flex","Bomb"],"picked":"Burning Pact","floor":5},{"not_picked":["Clothesline","AT_CaressingTears","Dropkick","Metallicize"],"picked":"Whirlwind","floor":7},{"not_picked":["Feel No Pain","Bomb","Iron Wave","Cleave"],"picked":"Thunderclap","floor":8},{"not_picked":["Combust","AT_GerminateFire","Clothesline","Spot Weakness"],"picked":"Juggernaut","floor":10},{"not_picked":["Armaments","AT_GerminateFire","Shrug It Off","Entrench","Wild Strike"],"picked":"SKIP","floor":12},{"not_picked":["AT_DrawKnifeCut","Perfected Strike","Disarm","True Grit"],"picked":"MostiFishMod:FlyOverUtopia","floor":13},{"not_picked":["MostiFishMod:404NotFound","MostiFishMod:Mania","MostiFishMod:DarkDeal","Brutality"],"picked":"Barricade","floor":16},{"not_picked":["Combust","Thunderclap","Perfected Strike","Hemokinesis+1"],"picked":"Sword Boomerang+1","floor":18},{"not_picked":["AT_IchimonjiDouble+1","Sentinel","Rupture","Twin Strike"],"picked":"AT_ManFootWork","floor":23},{"not_picked":["Blood for Blood","Dual Wield","Evolve+1","Rage"],"picked":"AT_BodySlamDance","floor":24},{"not_picked":["Pommel Strike","AT_BodySlamDance","Feel No Pain","Fire Breathing"],"picked":"Spot Weakness","floor":25},{"not_picked":["Perfected Strike","Heavy Blade","Thunderclap","Cleave","AT_IchimonjiDouble"],"picked":"SKIP","floor":28},{"not_picked":["Perfected Strike","Entrench","Pommel Strike","Sentinel","Armaments"],"picked":"SKIP","floor":30},{"not_picked":["MostiFishMod:DarkDeal","MostiFishMod:PerfectStrikeMKII","MostiFishMod:RainCloud","MostiFishMod:Mania"],"picked":"Limit Break","floor":33},{"not_picked":["Clothesline+1","True Grit","AT_IchimonjiDouble+1","Second Wind"],"picked":"Heavy Blade+1","floor":35},{"not_picked":["Shrug It Off","Flex","Pommel Strike","Clash"],"picked":"Heavy Blade","floor":43}],"player_experience":274490,"relics_obtained":[{"floor":1,"key":"SynthV:TestCard"},{"floor":2,"key":"Mercury Hourglass"},{"floor":2,"key":"AT_BellDemon"},{"floor":3,"key":"AT_GuinsooRageblade"},{"floor":3,"key":"Bag of Marbles"},{"floor":3,"key":"Pocketwatch"},{"floor":7,"key":"GnawedLeaf"},{"floor":9,"key":"testmod-ObsoleteBoomerang"},{"floor":10,"key":"Tiny Chest"},{"floor":12,"key":"Self Forming Clay"},{"floor":14,"key":"Happy Flower"},{"floor":23,"key":"Leech"},{"floor":25,"key":"Red Skull"},{"floor":26,"key":"Juzu Bracelet"},{"floor":28,"key":"testmod-Antiphasic"},{"floor":37,"key":"Shuriken"},{"floor":43,"key":"TheBible"}],"event_choices":[{"damage_healed":0,"gold_gain":0,"player_choice":"Fight","damage_taken":0,"max_hp_gain":0,"max_hp_loss":0,"event_name":"HidenRoomEvent","floor":2,"gold_loss":0},{"damage_healed":0,"gold_gain":0,"player_choice":"Success","damage_taken":26,"relics_obtained":["testmod-IntensifyImprint"],"max_hp_gain":0,"max_hp_loss":0,"event_name":"Scrap Ooze","floor":11,"gold_loss":0},{"damage_healed":0,"gold_gain":0,"player_choice":"Ignored","damage_taken":0,"max_hp_gain":0,"max_hp_loss":0,"event_name":"Ghosts","floor":19,"gold_loss":0},{"damage_healed":0,"gold_gain":0,"player_choice":"Swap Relic","damage_taken":0,"relics_obtained":["DaveBox"],"max_hp_gain":0,"max_hp_loss":0,"event_name":"给自己的盒子","floor":22,"relics_lost":["DaveBox"],"gold_loss":0},{"damage_healed":0,"gold_gain":400,"player_choice":"Sell","damage_taken":0,"max_hp_gain":0,"max_hp_loss":0,"event_name":"恩洛斯的盘子","floor":29,"relics_lost":["testmod-TestBox"],"gold_loss":0},{"damage_healed":0,"gold_gain":0,"player_choice":"Opened","damage_taken":0,"relics_obtained":["AT_ChloranthyRing"],"max_hp_gain":0,"max_hp_loss":0,"event_name":"The Mausoleum","floor":31,"gold_loss":0,"cards_obtained":["Writhe"]},{"damage_healed":0,"gold_gain":0,"player_choice":"Took Portal","damage_taken":0,"max_hp_gain":0,"max_hp_loss":0,"event_name":"SecretPortal","floor":38,"gold_loss":0}],"is_beta":false,"boss_relics":[{"not_picked":["Coffee Dripper","Runic Cube"],"picked":"MagicMushroom"},{"not_picked":[]},{"not_picked":["testmod-EnergyCheck","OneHitWonderSystem"],"picked":"testmod-Nine"},{"not_picked":[]}],"items_purged_floors":[],"is_endless":false,"potions_floor_spawned":[4,8,10,12,16,23,28,30,35],"ascension_level":18}}