{"host":"u1dfzl6o6mfmauc3","time":1610771583,"event":{"mods":["100% Spire Juice","2.2 Compatiblity","AchievementEnabler","BaseMod","Block Reminder","Challenge The Spire","Dark Map","Hermit","Minty Spire (QoL Compilation)","Relic Stats","Robot Space Explorer","StSLib","The Disciple","The Marked"],"gold_per_floor":[159,173,173,248,3,38,38,54,125,150,150,150,150,215,215,312,312,324,334,334,344,45,70,70,86,112,40,72,72,100,110,110,212,212,222,238,285,161,175,175,201,201,225,225,260,275,301,321,321,321,321,321,17,50,50],"floor_reached":56,"language":"ENG","playtime":3867,"items_purged":["Strike_G","Strike_G"],"score":1456,"play_id":"7348fd56-ca0d-4ea8-bfcf-a8c9087832c1","local_time":"20210115233303","is_ascension_mode":true,"campfire_choices":[{"floor":7,"key":"REST"},{"data":"Apotheosis","floor":13,"key":"SMITH"},{"floor":15,"key":"REST"},{"data":"1","floor":24,"key":"LIFT"},{"data":"2","floor":32,"key":"LIFT"},{"data":"3","floor":40,"key":"LIFT"},{"floor":42,"key":"RECALL"},{"floor":44,"key":"REST"},{"floor":49,"key":"REST"},{"data":"After Image","floor":52,"key":"SMITH"}],"circlet_count":0,"master_deck":["Strike_G+1","Strike_G+1","Strike_G","Defend_G","Defend_G+1","Defend_G+1","Defend_G","Defend_G","Survivor","Neutralize","Blade Dance","Blade Dance+1","Infinite Blades","Finisher","Apotheosis+1","Crippling Poison","Dagger Spray","After Image+1","Cloak And Dagger+1","Die Die Die","Blur+1","Acrobatics+1","Calculated Gamble+1","Backflip+1","Blur+1","Blade Dance+1","Finisher+1","Cloak And Dagger+1","Corpse Explosion+1","A Thousand Cuts","Backflip+1","Well Laid Plans+1","Prepared+1","Caltrops+1"],"relics":["Tiny House","Potion Belt","Letter Opener","Meat on the Bone","Toxic Egg 2","Kunai","SacredBark","Lee\u0027s Waffle","Happy Flower","Girya","War Paint","Shuriken","InkBottle","WristBlade","Unceasing Top","Paper Crane","Gremlin Horn","Bag of Preparation","Anchor","Toy Ornithopter"],"acts_visited":["Exordium","TheCity","TheBeyond","TheEnding"],"potions_floor_usage":[6,10,21,23,23,28,36,37,41,55,55,55,55,55],"damage_taken":[{"damage":6,"enemies":"2 Louse","floor":1,"turns":2},{"damage":0,"enemies":"Jaw Worm","floor":2,"turns":3},{"damage":25,"enemies":"Gremlin Nob","floor":6,"turns":4},{"damage":0,"enemies":"Small Slimes","floor":8,"turns":2},{"damage":18,"enemies":"3 Sentries","floor":10,"turns":4},{"damage":18,"enemies":"Gremlin Nob","floor":14,"turns":4},{"damage":27,"enemies":"The Guardian","floor":16,"turns":8},{"damage":17,"enemies":"2 Thieves","floor":18,"turns":4},{"damage":0,"enemies":"Spheric Guardian","floor":19,"turns":3},{"damage":21,"enemies":"Shelled Parasite and Fungi","floor":21,"turns":6},{"damage":19,"enemies":"Slavers","floor":23,"turns":6},{"damage":22,"enemies":"Centurion and Healer","floor":25,"turns":5},{"damage":4,"enemies":"Gremlin Leader","floor":28,"turns":7},{"damage":15,"enemies":"Slavers","floor":30,"turns":4},{"damage":0,"enemies":"Snecko","floor":31,"turns":3},{"damage":24,"enemies":"Collector","floor":33,"turns":8},{"damage":14,"enemies":"Orb Walker","floor":35,"turns":4},{"damage":0,"enemies":"3 Shapes","floor":36,"turns":2},{"damage":16,"enemies":"2 Orb Walkers","floor":37,"turns":2},{"damage":0,"enemies":"3 Darklings","floor":39,"turns":4},{"damage":0,"enemies":"Reptomancer","floor":41,"turns":4},{"damage":0,"enemies":"Nemesis","floor":45,"turns":3},{"damage":8,"enemies":"Sphere and 2 Shapes","floor":46,"turns":6},{"damage":0,"enemies":"Giant Head","floor":47,"turns":6},{"damage":11,"enemies":"Maw","floor":48,"turns":6},{"damage":23,"enemies":"Awakened One","floor":50,"turns":8},{"damage":11,"enemies":"Shield and Spear","floor":54,"turns":5},{"damage":39,"enemies":"The Heart","floor":55,"turns":8}],"seed_played":"2266885344572407771","potions_obtained":[{"floor":0,"key":"EntropicBrew"},{"floor":6,"key":"Regen Potion"},{"floor":8,"key":"Fire Potion"},{"floor":14,"key":"SneckoOil"},{"floor":18,"key":"PowerPotion"},{"floor":21,"key":"Explosive Potion"},{"floor":25,"key":"SkillPotion"},{"floor":33,"key":"CunningPotion"},{"floor":36,"key":"Fruit Juice"},{"floor":37,"key":"ColorlessPotion"},{"floor":45,"key":"DuplicationPotion"}],"is_trial":false,"path_per_floor":["M","M","?","?","$","E","R","M","T","E","T","?","R","?","R","B",null,"M","M","?","M","$","E","R","M","T","$","E","?","E","M","R","B",null,"M","M","?","$","M","R","E","R","T","R","E","M","E","M","R","B",null,"R","$","E","B",null],"character_chosen":"THE_SILENT","items_purchased":["Finisher","Apotheosis","Lee\u0027s Waffle","Happy Flower","Blade Dance+1","Explosive Potion","Swift Potion","Anchor","SteroidPotion"],"campfire_rested":4,"item_purchase_floors":[5,5,22,22,27,27,38,53,53],"current_hp_per_floor":[69,69,54,43,43,18,40,40,40,34,34,59,59,41,63,48,75,58,58,58,49,82,63,63,53,53,53,49,76,61,61,61,49,82,68,78,62,62,62,62,62,62,62,89,89,81,81,70,92,69,92,92,92,81,59],"gold":50,"neow_bonus":"BOSS_RELIC","is_daily":false,"chose_seed":false,"campfire_upgraded":2,"win_rate":0.0,"timestamp":1610771583,"path_taken":["M","M","?","?","$","E","R","M","T","E","?","?","R","?","R","BOSS","M","M","?","M","$","E","R","M","T","?","E","?","E","M","R","BOSS","M","M","?","$","M","R","E","R","T","R","E","M","E","M","R","BOSS","R","$","E","BOSS"],"items_purchased_type":["Card","Card","Relic","Relic","Card","Potion","Potion","Relic","Potion"],"build_version":"2020-12-22","purchased_purges":2,"victory":true,"max_hp_per_floor":[75,75,75,75,75,75,75,75,75,75,75,75,75,75,75,75,75,75,75,75,75,82,82,82,82,82,82,82,82,82,82,82,82,82,82,92,92,92,92,92,92,92,92,92,92,92,92,92,92,92,92,92,92,92,92],"relic_stats":{"Lee\u0027s Waffle":33,"Happy Flower":[30],"Gremlin Horn":[6,6],"counters":[28,131],"Bag of Preparation":[8],"Letter Opener":[268],"War Paint":["Blade Dance","Defend_G"],"Shuriken":[69],"Kunai":[108],"obtain_stats":[{"Potion Belt":6,"Girya":23,"Lee\u0027s Waffle":22,"Tiny House":0,"Happy Flower":22,"Gremlin Horn":45,"SacredBark":17,"Bag of Preparation":47,"Letter Opener":9,"War Paint":26,"Paper Crane":41,"Anchor":53,"WristBlade":34,"Shuriken":28,"Kunai":14,"Toxic Egg 2":11,"InkBottle":30,"Unceasing Top":37,"Toy Ornithopter":54,"Ring of the Snake":0,"Meat on the Bone":10},{"Potion Belt":3,"Girya":11,"Lee\u0027s Waffle":10,"Tiny House":0,"Happy Flower":10,"Gremlin Horn":22,"SacredBark":7,"Bag of Preparation":24,"Letter Opener":4,"War Paint":12,"Paper Crane":21,"Anchor":26,"WristBlade":16,"Shuriken":13,"Kunai":6,"Toxic Egg 2":5,"InkBottle":14,"Unceasing Top":19,"Toy Ornithopter":27,"Ring of the Snake":0,"Meat on the Bone":5},{"Potion Belt":9,"Girya":46,"Lee\u0027s Waffle":40,"Tiny House":0,"Happy Flower":40,"Gremlin Horn":92,"SacredBark":27,"Bag of Preparation":104,"Letter Opener":11,"War Paint":51,"Paper Crane":89,"Anchor":118,"WristBlade":73,"Shuriken":58,"Kunai":19,"Toxic Egg 2":15,"InkBottle":62,"Unceasing Top":81,"Toy Ornithopter":123,"Ring of the Snake":0,"Meat on the Bone":15}],"InkBottle":[42],"Unceasing Top":[0],"Toy Ornithopter":17,"Meat on the Bone":48},"card_choices":[{"not_picked":["Acrobatics","Dodge and Roll"],"picked":"Blade Dance","floor":0},{"not_picked":["Slice","Bouncing Flask"],"picked":"Blade Dance","floor":1},{"not_picked":["Deadly Poison","PiercingWail"],"picked":"Infinite Blades","floor":2},{"not_picked":["Adrenaline","Underhanded Strike"],"picked":"Crippling Poison","floor":6},{"not_picked":["Quick Slash","Sucker Punch"],"picked":"Dagger Spray","floor":8},{"not_picked":["Infinite Blades","Bouncing Flask"],"picked":"After Image","floor":10},{"not_picked":["Distraction+1","Bane"],"picked":"Cloak And Dagger+1","floor":14},{"not_picked":["Night Terror+1","Tools of the Trade"],"picked":"Die Die Die","floor":16},{"not_picked":["Riddle With Holes+1","Flying Knee"],"picked":"Blur+1","floor":18},{"not_picked":["Underhanded Strike","Blur+1"],"picked":"Acrobatics+1","floor":19},{"not_picked":["Acrobatics+1","Dagger Spray"],"picked":"Calculated Gamble+1","floor":21},{"not_picked":["Heel Hook","Venomology+1"],"picked":"Backflip+1","floor":23},{"not_picked":["Acrobatics+1","Heel Hook"],"picked":"Blur+1","floor":25},{"not_picked":["Catalyst+1","Distraction+1"],"picked":"Finisher+1","floor":28},{"not_picked":["Underhanded Strike","Terror+1"],"picked":"Cloak And Dagger+1","floor":30},{"not_picked":["Deadly Poison+1","Reflex+1"],"picked":"Corpse Explosion+1","floor":31},{"not_picked":["Unload","Venomology+1"],"picked":"A Thousand Cuts","floor":33},{"not_picked":["Bouncing Flask+1","Distraction+1"],"picked":"Backflip+1","floor":35},{"not_picked":["Flying Knee","Deflect+1"],"picked":"Well Laid Plans+1","floor":36},{"not_picked":["Blade Dance+1","Eviscerate+1","Masterful Stab"],"picked":"SKIP","floor":39},{"not_picked":["Deadly Poison+1","Bouncing Flask+1","Outmaneuver+1"],"picked":"SKIP","floor":41},{"not_picked":["Bouncing Flask+1","Dash","Backstab"],"picked":"SKIP","floor":45},{"not_picked":["Bouncing Flask+1","Dash+1","A Thousand Cuts"],"picked":"SKIP","floor":46},{"not_picked":["Cloak And Dagger+1","Dagger Throw","After Image"],"picked":"SKIP","floor":47},{"not_picked":["Flying Knee","Poisoned Stab+1"],"picked":"Prepared+1","floor":48},{"not_picked":["Noxious Fumes+1","Bane"],"picked":"Caltrops+1","floor":54}],"player_experience":79537,"relics_obtained":[{"floor":6,"key":"Potion Belt"},{"floor":9,"key":"Letter Opener"},{"floor":10,"key":"Meat on the Bone"},{"floor":11,"key":"Toxic Egg 2"},{"floor":14,"key":"Kunai"},{"floor":23,"key":"Girya"},{"floor":26,"key":"War Paint"},{"floor":28,"key":"Shuriken"},{"floor":30,"key":"InkBottle"},{"floor":37,"key":"Unceasing Top"},{"floor":41,"key":"Paper Crane"},{"floor":45,"key":"Gremlin Horn"},{"floor":47,"key":"Bag of Preparation"},{"floor":54,"key":"Toy Ornithopter"}],"event_choices":[{"damage_healed":0,"gold_gain":0,"player_choice":"Entered Light","damage_taken":15,"max_hp_gain":0,"max_hp_loss":0,"event_name":"Shining Light","floor":3,"gold_loss":0,"cards_upgraded":["Defend_G","Strike_G"]},{"damage_healed":0,"gold_gain":75,"player_choice":"Gather Gold","damage_taken":11,"max_hp_gain":0,"max_hp_loss":0,"event_name":"World of Goop","floor":4,"gold_loss":0},{"damage_healed":25,"gold_gain":0,"player_choice":"Banana","damage_taken":0,"max_hp_gain":0,"max_hp_loss":0,"event_name":"Big Fish","floor":12,"gold_loss":0},{"damage_healed":0,"gold_gain":30,"player_choice":"Searched \u00272\u0027 times","damage_taken":0,"max_hp_gain":0,"max_hp_loss":0,"event_name":"Dead Adventurer","floor":14,"gold_loss":0},{"damage_healed":0,"gold_gain":0,"player_choice":"Bought 0 Potions","damage_taken":0,"max_hp_gain":0,"max_hp_loss":0,"event_name":"The Woman in Blue","floor":20,"gold_loss":0},{"damage_healed":27,"gold_gain":0,"player_choice":"Heal","damage_taken":0,"max_hp_gain":0,"max_hp_loss":0,"event_name":"The Library","floor":29,"gold_loss":0},{"damage_healed":0,"gold_gain":0,"player_choice":"Fight","damage_taken":0,"max_hp_gain":0,"max_hp_loss":0,"event_name":"Mysterious Sphere","floor":37,"gold_loss":0}],"is_beta":false,"boss_relics":[{"not_picked":["Empty Cage","Runic Dome"],"picked":"SacredBark"},{"not_picked":["SlaversCollar","Astrolabe"],"picked":"WristBlade"}],"items_purged_floors":[38,53],"is_endless":false,"potions_floor_spawned":[6,8,14,18,19,21,25,33,36,37,45,48],"ascension_level":2}}