{"host":"jksa5rawk3m4gilz","time":1610809860,"event":{"mods":["BaseMod","Colored Map","Highlight Path","Minty Spire (QoL Compilation)","Quick Restart"],"gold_per_floor":[110,110,129,103,103,103,130,130,130,157,157,157,157],"floor_reached":12,"language":"ENG","playtime":218,"items_purged":[],"score":180,"play_id":"aca9d27e-7367-494f-8c8b-a9db6268a250","local_time":"20210116161100","is_ascension_mode":true,"campfire_choices":[{"data":"Eruption","floor":6,"key":"SMITH"}],"circlet_count":0,"master_deck":["AscendersBane","Strike_P","Strike_P","Defend_P","Defend_P","Defend_P","Defend_P+1","Eruption+1","Vigilance+1","Prostrate","BowlingBash","Consecrate","Pray","Vengeance","WaveOfTheHand"],"relics":["PureWater","NeowsBlessing","War Paint","Juzu Bracelet","The Courier","Bottled Flame"],"acts_visited":["Exordium"],"potions_floor_usage":[],"damage_taken":[{"damage":0,"enemies":"Small Slimes","floor":1,"turns":1},{"damage":0,"enemies":"2 Louse","floor":3,"turns":2},{"damage":0,"enemies":"Gremlin Nob","floor":7,"turns":1},{"damage":43,"enemies":"3 Sentries","floor":10,"turns":5},{"damage":20,"enemies":"Lagavulin","floor":12,"turns":4}],"seed_played":"-3082320397530095777","potions_obtained":[{"floor":7,"key":"Ancient Potion"}],"is_trial":false,"path_per_floor":["M","?","M","$","?","R","E","?","T","E","?","E"],"character_chosen":"WATCHER","items_purchased":["Consecrate"],"campfire_rested":0,"item_purchase_floors":[4],"current_hp_per_floor":[65,58,58,58,63,63,63,63,63,20,20,0,0],"gold":157,"neow_bonus":"THREE_ENEMY_KILL","is_daily":false,"chose_seed":false,"campfire_upgraded":1,"win_rate":0.0,"timestamp":1610809860,"path_taken":["M","?","M","$","?","R","E","?","T","E","?","E"],"items_purchased_type":["Card"],"build_version":"2020-12-22","purchased_purges":0,"victory":false,"max_hp_per_floor":[72,72,72,72,77,77,77,77,77,77,77,77,77],"card_choices":[{"not_picked":["Evaluate","JustLucky"],"picked":"Prostrate","floor":1},{"not_picked":["CrushJoints","FlurryOfBlows"],"picked":"BowlingBash","floor":3},{"not_picked":["Wireheading","FollowUp"],"picked":"Pray","floor":7},{"not_picked":["CutThroughFate","Consecrate"],"picked":"Vengeance","floor":10}],"player_experience":2127302,"relics_obtained":[{"floor":7,"key":"War Paint"},{"floor":9,"key":"The Courier"},{"floor":10,"key":"Bottled Flame"}],"event_choices":[{"cards_removed":["Strike_P"],"damage_healed":0,"gold_gain":0,"player_choice":"Card Removal","damage_taken":7,"max_hp_gain":0,"max_hp_loss":0,"event_name":"Golden Wing","floor":2,"gold_loss":0},{"damage_healed":0,"gold_gain":0,"player_choice":"Donut","damage_taken":0,"max_hp_gain":5,"max_hp_loss":0,"event_name":"Big Fish","floor":5,"gold_loss":0},{"damage_healed":0,"gold_gain":0,"player_choice":"Gave Potion","damage_taken":0,"relics_obtained":["Juzu Bracelet"],"max_hp_gain":0,"max_hp_loss":0,"event_name":"WeMeetAgain","floor":8,"gold_loss":0},{"damage_healed":0,"gold_gain":0,"cards_transformed":["Strike_P"],"player_choice":"Transformed","damage_taken":0,"max_hp_gain":0,"max_hp_loss":0,"event_name":"Transmorgrifier","floor":11,"gold_loss":0,"cards_obtained":["WaveOfTheHand"]}],"is_beta":false,"boss_relics":[],"items_purged_floors":[],"is_endless":false,"potions_floor_spawned":[7],"killed_by":"Lagavulin","ascension_level":13}}