{"host":"npubv26u89aif4fa","time":1610819217,"event":{"mods":["Astrologer","BaseMod","Better Vampires","Better-Laid Plans","Colored Powertips","GifTheSpireLib","GungeonMod","HornydragonMod","Hubris","Jedi Mod","Minty Spire (QoL Compilation)","Quick Restart","Remilia（蕾米莉亚）","Replay The Spire","StSLib","Td1madao Mod","The Administrix","The Alterego","The Bug Knight","The Cursed","The Runesmith","Yuri Mod","残留之物"],"gold_per_floor":[115,144,159,179,197,232,221,221,271,221,244,244,279,291,291,394,394,411,411,511,532,554,586,586,586,586],"floor_reached":25,"language":"ZHS","playtime":2095,"items_purged":[],"score":235,"play_id":"84706368-b133-4437-b243-50cc01fcb3d2","local_time":"20210117014657","is_ascension_mode":false,"campfire_choices":[{"data":"Alpha","floor":8.0,"key":"SMITH"},{"floor":15.0,"key":"REST"},{"floor":24,"key":"RECALL"}],"circlet_count":0,"master_deck":["Strike_P","Strike_P","Strike_P","Strike_P","Defend_P","Defend_P","Defend_P","Defend_P","Vigilance","Alpha+1","Evaluate","EmptyBody","ClearTheMind","Replay:ManipulateFuture","Protect","Replay:Cycle","Scrawl","Consecrate+1","SpiritShield","Collect","Prostrate+1","Evaluate+1"],"relics":["PureWater","StoneCalendar","Replay:Bandana","Bag of Marbles","hubris:Towel","Molten Egg 2","alterego_mod:SomeoneToFightFor","hubris:TenFootPole"],"acts_visited":["Exordium","TheCity"],"potions_floor_usage":[22],"damage_taken":[{"damage":4.0,"enemies":"Small Slimes","floor":1.0,"turns":5.0},{"damage":0.0,"enemies":"2 Louse","floor":3.0,"turns":2.0},{"damage":1.0,"enemies":"Jaw Worm","floor":4.0,"turns":4.0},{"damage":5.0,"enemies":"Looter","floor":5.0,"turns":4.0},{"damage":19.0,"enemies":"Lagavulin","floor":6.0,"turns":6.0},{"damage":7.0,"enemies":"Exordium Thugs","floor":7.0,"turns":6.0},{"damage":0.0,"enemies":"Exordium Wildlife","floor":11.0,"turns":4.0},{"damage":1.0,"enemies":"3 Sentries","floor":13.0,"turns":4.0},{"damage":0.0,"enemies":"Blue Slaver","floor":14.0,"turns":4.0},{"damage":5.0,"enemies":"Hexaghost","floor":16.0,"turns":7.0},{"damage":14.0,"enemies":"Spheric Guardian","floor":18.0,"turns":4.0},{"damage":0,"enemies":"Shell Parasite","floor":21,"turns":7},{"damage":23,"enemies":"Sentry and Sphere","floor":22,"turns":5},{"damage":24,"enemies":"Book of Stabbing","floor":23,"turns":6},{"damage":20,"enemies":"Slavers","floor":25,"turns":3}],"seed_played":"7464488842186484302","potions_obtained":[{"floor":3.0,"key":"SmokeBomb"},{"floor":5.0,"key":"Reflective Coating"},{"floor":6.0,"key":"Strength Potion"},{"floor":18.0,"key":"Energy Potion"},{"floor":21,"key":"Adrenaline Potion"}],"is_trial":false,"path_per_floor":["M","?","M","M","M","E","M","R","T","?","M","?","E","M","R","B",null,"M","?","?","M","M","E","R","E"],"character_chosen":"WATCHER","items_purchased":[],"campfire_rested":1,"item_purchase_floors":[],"current_hp_per_floor":[47,47,47,46,41,22,15,15,15,15,15,15,14,14,35,30,72,58,58,58,65,42,18,18,0,0],"gold":586,"neow_bonus":"THREE_RARE_CARDS","is_daily":false,"chose_seed":false,"campfire_upgraded":1,"win_rate":0.0,"timestamp":1610819217,"path_taken":["M","?","M","M","M","E","M","R","T","?","M","?","E","M","R","BOSS","M","?","?","M","M","E","R","E"],"items_purchased_type":[],"build_version":"2020-12-22","purchased_purges":0,"victory":false,"max_hp_per_floor":[72,72,72,72,72,72,72,72,72,72,72,72,72,72,72,72,72,72,72,72,72,72,72,72,72,72],"card_choices":[{"not_picked":["Brilliance","Replay:LoomingThreat"],"picked":"Alpha","floor":0.0},{"not_picked":["Replay:ManipulateFuture","BattleHymn"],"picked":"Evaluate","floor":1.0},{"not_picked":["EmptyFist","Study"],"picked":"EmptyBody","floor":2.0},{"not_picked":["Conclude","CrushJoints"],"picked":"ClearTheMind","floor":3.0},{"not_picked":["ThirdEye","Fasting2"],"picked":"Replay:ManipulateFuture","floor":4.0},{"not_picked":["MentalFortress","SashWhip","Replay:Cycle"],"picked":"SKIP","floor":5.0},{"not_picked":["ReachHeaven","Devotion"],"picked":"Protect","floor":6.0},{"not_picked":["Consecrate","Crescendo","WheelKick"],"picked":"SKIP","floor":7.0},{"not_picked":["Replay:DivineShield","EmptyFist"],"picked":"Replay:Cycle","floor":11.0},{"not_picked":["Devotion","ThirdEye"],"picked":"Scrawl","floor":13.0},{"not_picked":["Pray","CrushJoints+1"],"picked":"Consecrate+1","floor":14.0},{"not_picked":["Omniscience","Replay:AllIn"],"picked":"SpiritShield","floor":16.0},{"not_picked":["Replay:Vibes","TalkToTheHand+1"],"picked":"Collect","floor":18.0},{"not_picked":["Replay:BluntJabs+1","ClearTheMind+1"],"picked":"Prostrate+1","floor":21},{"not_picked":["WindmillStrike+1","Consecrate+1"],"picked":"Evaluate+1","floor":22},{"not_picked":["TalkToTheHand+1","Replay:BluntJabs+1","EmptyFist+1"],"picked":"SKIP","floor":23}],"player_experience":302144,"relics_obtained":[{"floor":2.0,"key":"StoneCalendar"},{"floor":6.0,"key":"Replay:Bandana"},{"floor":9.0,"key":"Bag of Marbles"},{"floor":13.0,"key":"Molten Egg 2"},{"floor":23,"key":"hubris:TenFootPole"}],"event_choices":[{"cards_removed":["Eruption"],"damage_healed":0.0,"max_hp_gain":0.0,"max_hp_loss":0.0,"gold_gain":0.0,"event_name":"The Cleric","player_choice":"Card Removal","floor":10.0,"gold_loss":50.0,"damage_taken":0.0},{"damage_healed":0.0,"max_hp_gain":0.0,"max_hp_loss":0.0,"gold_gain":0.0,"event_name":"爱的神圣花园","player_choice":"Choice 2","floor":19.0,"gold_loss":0.0,"damage_taken":0.0,"relics_obtained":["alterego_mod:SomeoneToFightFor"]},{"damage_healed":0,"gold_gain":100,"player_choice":"Pray","damage_taken":0,"max_hp_gain":0,"max_hp_loss":0,"event_name":"Golden Shrine","floor":20,"gold_loss":0}],"is_beta":false,"boss_relics":[{"not_picked":["ReplayTheSpireMod:DimensionalGlitch","Fusion Hammer","Runic Dome"]}],"items_purged_floors":[],"is_endless":false,"potions_floor_spawned":[3,5,6,18,21],"killed_by":"Slavers","ascension_level":0}}