{"host":"fxrgx7wt2cpkbhka","time":1610779315,"event":{"mods":["AchievementEnabler","BaseMod","Colored Powertips","Minty Spire (QoL Compilation)","Permanent Neow","Slay-I","StSLib","Waifu the Spire"],"gold_per_floor":[219,234,244,191,211,211,127,127,127,127,144,144,156,188,188,291,291,309,321,420,420,430,460,479,479,479,479,492,173,0,13,13,13,13],"floor_reached":33,"language":"ENG","playtime":940,"items_purged":[],"score":430,"play_id":"8b13acf9-2f3f-4a1a-9cd0-b82c6f391f67","local_time":"20210115224155","is_ascension_mode":true,"campfire_choices":[{"data":"Perfected Strike","floor":6,"key":"SMITH"},{"data":"Bandage Up","floor":8,"key":"SMITH"},{"data":"Metallicize","floor":10,"key":"SMITH"},{"data":"Flex","floor":12,"key":"SMITH"},{"data":"Disarm","floor":15,"key":"SMITH"},{"floor":25,"key":"REST"},{"floor":27,"key":"REST"},{"floor":32,"key":"REST"}],"circlet_count":0,"master_deck":["AscendersBane","Strike_R","Strike_R","Strike_R","Strike_R","Strike_R","Defend_R","Defend_R","Defend_R","Defend_R","Bash","Cleave","Perfected Strike+1","Metallicize+1","Flex+1","Twin Strike","Bandage Up+1","Wild Strike","Disarm+1","Spot Weakness","Feed+1","Spot Weakness","Clash","Inflame"],"relics":["Burning Blood","Calipers","Sozu","Oddly Smooth Stone","Singing Bowl","Bottled Flame"],"acts_visited":["Exordium","TheCity"],"potions_floor_usage":[23,23],"damage_taken":[{"damage":6,"enemies":"Cultist","floor":1,"turns":3},{"damage":7,"enemies":"Small Slimes","floor":2,"turns":4},{"damage":12,"enemies":"Jaw Worm","floor":3,"turns":3},{"damage":17,"enemies":"Lots of Slimes","floor":5,"turns":5},{"damage":14,"enemies":"Looter","floor":11,"turns":3},{"damage":0,"enemies":"Large Slime","floor":13,"turns":4},{"damage":16,"enemies":"Gremlin Nob","floor":14,"turns":4},{"damage":27,"enemies":"Hexaghost","floor":16,"turns":10},{"damage":7,"enemies":"3 Byrds","floor":18,"turns":5},{"damage":33,"enemies":"Shell Parasite","floor":19,"turns":5},{"damage":25,"enemies":"3 Cultists","floor":22,"turns":6},{"damage":59,"enemies":"Book of Stabbing","floor":23,"turns":5},{"damage":14,"enemies":"Centurion and Healer","floor":24,"turns":5},{"damage":48,"enemies":"Snake Plant","floor":28,"turns":4},{"damage":19,"enemies":"Snecko","floor":31,"turns":6},{"damage":76,"enemies":"Automaton","floor":33,"turns":6}],"seed_played":"2561114848141428688","potions_obtained":[{"floor":2,"key":"Regen Potion"},{"floor":11,"key":"LiquidBronze"}],"is_trial":false,"path_per_floor":["M","M","M","$","M","R","$","R","T","R","M","R","M","E","R","B",null,"M","M","?","?","M","E","M","R","T","R","M","$","?","M","R","B"],"character_chosen":"IRONCLAD","items_purchased":["Flex","Bandage Up","Inflame","Bottled Flame"],"campfire_rested":3,"item_purchase_floors":[4,7,29,29],"current_hp_per_floor":[72,71,65,65,54,54,54,54,54,54,52,52,64,54,54,39,70,78,59,59,59,46,14,16,43,43,70,36,36,36,31,59,0,0],"gold":13,"neow_bonus":"HUNDRED_GOLD","is_daily":false,"chose_seed":false,"campfire_upgraded":5,"win_rate":0.0,"timestamp":1610779315,"path_taken":["M","M","?","$","M","R","?","R","T","R","M","R","M","E","R","BOSS","M","M","?","?","?","E","M","R","T","R","M","$","?","M","R","BOSS"],"items_purchased_type":["Card","Card","Card","Relic"],"build_version":"2020-12-22","purchased_purges":0,"victory":false,"max_hp_per_floor":[80,80,80,80,80,80,80,80,80,80,80,80,80,80,80,80,80,83,86,86,86,86,86,90,90,90,90,92,92,92,94,94,94,94],"card_choices":[{"not_picked":["Thunderclap","Rupture"],"picked":"Cleave","floor":1},{"not_picked":["Havoc","Body Slam"],"picked":"Perfected Strike","floor":2},{"not_picked":["Cleave","Iron Wave"],"picked":"Metallicize","floor":3},{"not_picked":["Anger","Whirlwind"],"picked":"Twin Strike","floor":5},{"not_picked":["Whirlwind","Infernal Blade"],"picked":"Wild Strike","floor":11},{"not_picked":["Pommel Strike","Clothesline"],"picked":"Disarm","floor":13},{"not_picked":["Seeing Red","Rage"],"picked":"Spot Weakness","floor":14},{"not_picked":["Double Tap","Brutality"],"picked":"Feed","floor":16},{"not_picked":["Blood for Blood+1","Sword Boomerang","Power Through"],"picked":"SKIP","floor":18},{"not_picked":["Intimidate+1","Bloodletting","Flex"],"picked":"SKIP","floor":19},{"not_picked":["Blood for Blood+1","Body Slam"],"picked":"Spot Weakness","floor":22},{"not_picked":["Anger","Thunderclap","Havoc"],"picked":"SKIP","floor":23},{"not_picked":["Blood for Blood","Ghostly Armor+1"],"picked":"Clash","floor":24},{"not_picked":["Spot Weakness","Dark Embrace+1","Pummel"],"picked":"Singing Bowl","floor":28},{"not_picked":["Shockwave","Dark Embrace","Second Wind"],"picked":"Singing Bowl","floor":31}],"player_experience":710513,"relics_obtained":[{"floor":14,"key":"Calipers"},{"floor":23,"key":"Oddly Smooth Stone"},{"floor":26,"key":"Singing Bowl"}],"event_choices":[{"damage_healed":0,"gold_gain":99,"player_choice":"Stole From Cult","damage_taken":0,"max_hp_gain":0,"max_hp_loss":0,"event_name":"Nest","floor":20,"gold_loss":0},{"damage_healed":0,"gold_gain":0,"player_choice":"Forge","damage_taken":0,"max_hp_gain":0,"max_hp_loss":0,"event_name":"Accursed Blacksmith","floor":21,"gold_loss":0,"cards_upgraded":["Feed"]},{"damage_healed":0,"gold_gain":0,"player_choice":"Paid Fearfully","damage_taken":0,"max_hp_gain":0,"max_hp_loss":0,"event_name":"Masked Bandits","floor":30,"gold_loss":173}],"is_beta":false,"boss_relics":[{"not_picked":["Philosopher\u0027s Stone","Snecko Eye"],"picked":"Sozu"}],"items_purged_floors":[],"is_endless":false,"potions_floor_spawned":[2,11,13,16,22,23,28],"killed_by":"Automaton","ascension_level":12}}