{"host":"bpjv6cqpnmybtr57","time":1610763888,"event":{"mods":["BaseMod","Bestiary","Minty Spire (QoL Compilation)","Relic Stats"],"gold_per_floor":[109,19,19,39,50,76,90,90,90,118,118,128,155,172,172,172,172],"floor_reached":16,"language":"ENG","playtime":1833,"items_purged":[],"score":238,"play_id":"ebacce20-ef9a-4507-9a6d-614a9c5215c9","local_time":"20210115182448","is_ascension_mode":true,"campfire_choices":[{"floor":8,"key":"REST"},{"floor":11,"key":"REST"},{"floor":15,"key":"REST"}],"circlet_count":0,"master_deck":["AscendersBane","Strike_G","Strike_G","Strike_G","Strike_G","Defend_G","Defend_G","Defend_G","Defend_G","Defend_G","Survivor","Neutralize","Dodge and Roll","Caltrops","Bane","Flying Knee","Unload","Deadly Poison","Dagger Throw","Noxious Fumes","Deadly Poison"],"relics":["Ring of the Snake","Juzu Bracelet","Bronze Scales","InkBottle","Bottled Flame"],"acts_visited":["Exordium"],"potions_floor_usage":[6,10,12,13,16],"damage_taken":[{"damage":15,"enemies":"Jaw Worm","floor":1,"turns":8},{"damage":2,"enemies":"2 Louse","floor":4,"turns":4},{"damage":2,"enemies":"Cultist","floor":5,"turns":5},{"damage":23,"enemies":"3 Sentries","floor":6,"turns":7},{"damage":0,"enemies":"2 Fungi Beasts","floor":7,"turns":4},{"damage":26,"enemies":"Lagavulin","floor":10,"turns":5},{"damage":11,"enemies":"Exordium Wildlife","floor":12,"turns":4},{"damage":8,"enemies":"Gremlin Nob","floor":13,"turns":3},{"damage":16,"enemies":"Large Slime","floor":14,"turns":4},{"damage":35,"enemies":"Slime Boss","floor":16,"turns":7}],"seed_played":"5431894899994832454","potions_obtained":[{"floor":4,"key":"SkillPotion"},{"floor":5,"key":"ColorlessPotion"},{"floor":7,"key":"DuplicationPotion"},{"floor":10,"key":"EssenceOfSteel"},{"floor":12,"key":"Strength Potion"},{"floor":13,"key":"Weak Potion"}],"is_trial":false,"path_per_floor":["M","$","?","M","M","E","M","R","T","E","R","M","E","M","R","B"],"character_chosen":"THE_SILENT","items_purchased":["Caltrops"],"campfire_rested":3,"item_purchase_floors":[2],"current_hp_per_floor":[50,50,50,48,46,23,23,44,44,18,39,28,20,4,25,0,0],"gold":172,"neow_bonus":"TEN_PERCENT_HP_BONUS","is_daily":false,"chose_seed":false,"campfire_upgraded":0,"win_rate":0.0,"timestamp":1610763888,"path_taken":["M","$","?","M","M","E","M","R","T","E","R","M","E","M","R","BOSS"],"items_purchased_type":["Card"],"build_version":"2020-12-22","purchased_purges":0,"victory":false,"max_hp_per_floor":[72,72,72,72,72,72,72,72,72,72,72,72,72,72,72,72,72],"relic_stats":{"counters":[10,51],"Bronze Scales":[39],"Juzu Bracelet":0,"obtain_stats":[{"Bottled Flame":13,"Bronze Scales":9,"Juzu Bracelet":6,"InkBottle":10,"Ring of the Snake":0},{"Bottled Flame":8,"Bronze Scales":5,"Juzu Bracelet":4,"InkBottle":6,"Ring of the Snake":0},{"Bottled Flame":40,"Bronze Scales":28,"Juzu Bracelet":24,"InkBottle":33,"Ring of the Snake":0}],"InkBottle":[6],"Ring of the Snake":[20]},"card_choices":[{"not_picked":["Deflect","Prepared"],"picked":"Dodge and Roll","floor":1},{"not_picked":["Endless Agony","Dodge and Roll"],"picked":"Flying Knee","floor":4},{"not_picked":["Flying Knee","Underhanded Strike"],"picked":"Unload","floor":5},{"not_picked":["Slice","Riddle With Holes"],"picked":"Deadly Poison","floor":6},{"not_picked":["Blade Dance","Sucker Punch"],"picked":"Dagger Throw","floor":7},{"not_picked":["Footwork","Blur"],"picked":"Noxious Fumes","floor":10},{"not_picked":["Deflect","Acrobatics","Concentrate"],"picked":"SKIP","floor":12},{"not_picked":["Flying Knee","Deflect","Cloak And Dagger"],"picked":"SKIP","floor":13},{"not_picked":["Underhanded Strike","Acrobatics"],"picked":"Deadly Poison","floor":14}],"player_experience":70117,"relics_obtained":[{"floor":6,"key":"Juzu Bracelet"},{"floor":9,"key":"Bronze Scales"},{"floor":10,"key":"InkBottle"},{"floor":13,"key":"Bottled Flame"}],"event_choices":[{"damage_healed":0,"gold_gain":0,"cards_transformed":["Strike_G"],"player_choice":"Change","damage_taken":0,"max_hp_gain":0,"max_hp_loss":0,"event_name":"Living Wall","floor":3,"gold_loss":0,"cards_obtained":["Bane"]}],"is_beta":false,"boss_relics":[],"items_purged_floors":[],"is_endless":false,"potions_floor_spawned":[4,5,7,10,12,13],"killed_by":"Slime Boss","ascension_level":19}}