{"host":"l60rmjjsfi0fipmi","time":1610827952,"event":{"mods":["BaseMod","Colored Map","DeckTracker","Highlight Path","Minty Spire (QoL Compilation)","StSLib","The Cursed","The Servant 0.9.4"],"gold_per_floor":[116,130,150,165,92,92,105,72,72,72,72,84,109,125,125,222,222,211,49,59,69,87,87,113,113,113,131,0,0,11,24,24,24,24],"floor_reached":33,"language":"ENG","playtime":2217,"items_purged":["Strike_R"],"score":339,"play_id":"2d35930f-5455-4ab4-920e-b3a01ffa0338","local_time":"20210116151232","is_ascension_mode":true,"campfire_choices":[{"data":"Armaments","floor":6,"key":"SMITH"},{"data":"Iron Wave","floor":11,"key":"SMITH"},{"floor":15,"key":"REST"},{"floor":23,"key":"REST"},{"data":"Anger","floor":25,"key":"SMITH"},{"floor":29,"key":"REST"},{"floor":32,"key":"REST"}],"circlet_count":0,"master_deck":["Strike_R","Strike_R","Strike_R","Defend_R","Defend_R","Defend_R","Defend_R","Bash","Brutality","Hemokinesis","Thunderclap","Armaments+1","Feed","Flame Barrier","Iron Wave+1","Dark Embrace+1","Anger+1","Headbutt","Reaper","Cleave","Swift Strike","Intimidate+1","Rage"],"relics":["Burning Blood","Frozen Egg 2","Gremlin Horn","Runic Cube","Singing Bowl","Ornamental Fan"],"acts_visited":["Exordium","TheCity"],"potions_floor_usage":[18,22,24,31,33,33],"damage_taken":[{"damage":5,"enemies":"Cultist","floor":1,"turns":5},{"damage":4,"enemies":"Jaw Worm","floor":2,"turns":3},{"damage":2,"enemies":"2 Louse","floor":3,"turns":2},{"damage":16,"enemies":"Blue Slaver","floor":4,"turns":4},{"damage":20,"enemies":"Large Slime","floor":7,"turns":6},{"damage":10,"enemies":"3 Louse","floor":12,"turns":4},{"damage":45,"enemies":"Gremlin Nob","floor":13,"turns":5},{"damage":6,"enemies":"Looter","floor":14,"turns":3},{"damage":34,"enemies":"Slime Boss","floor":16,"turns":9},{"damage":21,"enemies":"2 Thieves","floor":18,"turns":4},{"damage":23,"enemies":"Shell Parasite","floor":20,"turns":6},{"damage":27,"enemies":"Chosen and Byrds","floor":21,"turns":6},{"damage":30,"enemies":"Snecko","floor":22,"turns":5},{"damage":43,"enemies":"Slavers","floor":24,"turns":13},{"damage":43,"enemies":"Snake Plant","floor":27,"turns":6},{"damage":19,"enemies":"Centurion and Healer","floor":30,"turns":6},{"damage":37,"enemies":"Shelled Parasite and Fungi","floor":31,"turns":7},{"damage":68,"enemies":"Collector","floor":33,"turns":9}],"seed_played":"-1008668954047857819","potions_obtained":[{"floor":1,"key":"EssenceOfSteel"},{"floor":3,"key":"Explosive Potion"},{"floor":13,"key":"BloodPotion"},{"floor":14,"key":"Block Potion"},{"floor":16,"key":"HeartOfIron"},{"floor":21,"key":"SteroidPotion"},{"floor":22,"key":"Dexterity Potion"},{"floor":27,"key":"Weak Potion"},{"floor":31,"key":"HeartOfIron"}],"is_trial":false,"path_per_floor":["M","M","M","M","$","R","M","?","T","?","R","M","E","M","R","B",null,"M","$","M","M","M","R","E","R","T","M","?","R","M","M","R","B"],"character_chosen":"IRONCLAD","items_purchased":["Flame Barrier","Swift Strike"],"campfire_rested":4,"item_purchase_floors":[5,19],"current_hp_per_floor":[80,80,80,70,70,70,59,59,59,59,59,58,22,22,48,20,89,74,74,61,47,48,75,55,55,55,20,20,50,51,22,52,0,0],"gold":24,"neow_bonus":"ONE_RANDOM_RARE_CARD","is_daily":false,"chose_seed":false,"campfire_upgraded":3,"win_rate":0.0,"timestamp":1610827952,"path_taken":["M","?","M","M","$","R","M","?","T","?","R","M","E","M","R","BOSS","M","$","?","?","M","R","E","R","T","?","?","R","M","M","R","BOSS"],"items_purchased_type":["Card","Card"],"build_version":"2020-12-22","purchased_purges":1,"victory":false,"max_hp_per_floor":[80,80,80,80,80,80,83,83,83,83,83,86,89,89,89,89,89,89,89,93,93,93,93,98,98,98,100,100,100,102,102,102,102,102],"card_choices":[{"not_picked":["Armaments","Reckless Charge"],"picked":"Hemokinesis","floor":1},{"not_picked":["Combust","Havoc"],"picked":"Thunderclap","floor":2},{"not_picked":["Sword Boomerang","Inflame"],"picked":"Armaments","floor":3},{"not_picked":["Hemokinesis","Havoc"],"picked":"Feed","floor":4},{"not_picked":["True Grit","Sword Boomerang"],"picked":"Iron Wave","floor":7},{"not_picked":["Infernal Blade","Thunderclap"],"picked":"Dark Embrace+1","floor":12},{"not_picked":["Feed","Heavy Blade"],"picked":"Anger","floor":13},{"not_picked":["Second Wind","Hemokinesis"],"picked":"Headbutt","floor":14},{"not_picked":["Limit Break","Barricade+1"],"picked":"Reaper","floor":16},{"not_picked":["Body Slam","Wild Strike"],"picked":"Cleave","floor":18},{"not_picked":["Sword Boomerang","Thunderclap","Cleave"],"picked":"SKIP","floor":20},{"not_picked":["Infernal Blade+1","Burning Pact"],"picked":"Intimidate+1","floor":21},{"not_picked":["Searing Blow+1","Sword Boomerang","Clash"],"picked":"SKIP","floor":22},{"not_picked":["Warcry","Perfected Strike","Juggernaut+1"],"picked":"Singing Bowl","floor":24},{"not_picked":["Disarm+1","Burning Pact","Iron Wave"],"picked":"Singing Bowl","floor":27},{"not_picked":["Intimidate","Headbutt","Flex"],"picked":"Singing Bowl","floor":30},{"not_picked":["Shrug It Off","Blood for Blood"],"picked":"Rage","floor":31}],"player_experience":433571,"relics_obtained":[{"floor":9,"key":"Frozen Egg 2"},{"floor":13,"key":"Gremlin Horn"},{"floor":24,"key":"Singing Bowl"},{"floor":26,"key":"Ornamental Fan"}],"event_choices":[{"damage_healed":0,"gold_gain":0,"player_choice":"Left Gold","damage_taken":0,"max_hp_gain":0,"max_hp_loss":0,"event_name":"World of Goop","floor":8,"gold_loss":33},{"cards_removed":["Strike_R"],"damage_healed":0,"gold_gain":0,"player_choice":"Purged","damage_taken":0,"max_hp_gain":0,"max_hp_loss":0,"event_name":"Purifier","floor":10,"gold_loss":0},{"damage_healed":0,"gold_gain":0,"player_choice":"Paid Fearfully","damage_taken":0,"max_hp_gain":0,"max_hp_loss":0,"event_name":"Masked Bandits","floor":28,"gold_loss":131}],"is_beta":false,"boss_relics":[{"not_picked":["Black Star","Snecko Eye"],"picked":"Runic Cube"}],"items_purged_floors":[19],"is_endless":false,"potions_floor_spawned":[1,3,13,14,16,21,22,27,31],"killed_by":"Collector","ascension_level":3}}