{"host":"0fmi5fguj5lvt8pf","time":1610790095,"event":{"mods":["BaseMod","Colored Map","Curses Come First","Downfall","Minty Spire (QoL Compilation)","Permanent Neow","StSLib"],"gold_per_floor":[99,114,114,129,139,158,158,158,183,201,201,89,89,123,134,239,239,239,256,273,373,373,373,373,373,173,173,173,173,191,191,205,309,309,309,321,336,389,408,408,408,408,308,323,373,373,373,393,406,406,406,437,133,133,133,133],"floor_reached":57,"language":"ENG","playtime":2332,"items_purged":["bronze:Strike","bronze:Strike"],"score":1535,"play_id":"3bec26ef-c84d-4ddd-8fdc-e5ab23b5cecd","local_time":"20210116014135","is_ascension_mode":false,"campfire_choices":[{"data":"bronze:Replicate","floor":1.0,"key":"SMITH"},{"data":"bronze:Boost","floor":11.0,"key":"SMITH"},{"data":"bronze:Goto","floor":13.0,"key":"SMITH"},{"floor":18.0,"key":"RECALL"},{"data":"bronze:ClassDefault","floor":23.0,"key":"SMITH"},{"data":"bronze:HardenedForm","floor":26.0,"key":"SMITH"},{"floor":29.0,"key":"REST"},{"data":"bronze:Assembly","floor":35.0,"key":"SMITH"},{"data":"bronze:FineTuning","floor":40.0,"key":"SMITH"},{"floor":43.0,"key":"REST"},{"floor":47.0,"key":"REST"},{"floor":54,"key":"REST"}],"circlet_count":0,"master_deck":["bronze:Defend","bronze:Defend","bronze:Replicate+1","bronze:Goto+1","bronze:DelayedSlice","bronze:Replicate+1","bronze:DelayedSlice","bronze:Boost+1","bronze:Backtrace","bronze:Iterate","bronze:Iterate","bronze:Overload","bronze:HardenedForm+1","bronze:NullPointer+1","bronze:WhirlingStrike+1","bronze:Repulsor+1","bronze:Iterate","bronze:ClassDefault+1","bronze:DecaBeam","bronze:FollowUp+1","bronze:Assembly+1","bronze:Backtrace+1","bronze:CloningBeam+1","bronze:FineTuning+1","bronze:Shell","bronze:FineTuning+1","bronze:ClassDefault+1","bronze:BronzeOrb","bronze:ItsAFeature"],"relics":["bronze:BronzeCore","Gremlin Horn","bronze:BottledCode","Sundial","bronze:ProtectiveGoggles","Astrolabe","Juzu Bracelet","hexamod:Sixitude","downfall:HeartBlessingRed","downfall:HeartBlessingGreen","Bottled Tornado","SlaversCollar","Bird Faced Urn","downfall:HeartBlessingBlue","Turnip","Mummified Hand","HandDrill"],"acts_visited":["Exordium","TheCity","TheBeyond","TheEnding"],"potions_floor_usage":[50],"damage_taken":[{"damage":1.0,"enemies":"Cultist","floor":2.0,"turns":3.0},{"damage":6.0,"enemies":"Jaw Worm","floor":4.0,"turns":2.0},{"damage":5.0,"enemies":"Small Slimes","floor":5.0,"turns":2.0},{"damage":2.0,"enemies":"Blue Slaver","floor":6.0,"turns":3.0},{"damage":3.0,"enemies":"Gremlin Nob","floor":9.0,"turns":3.0},{"damage":0.0,"enemies":"Exordium Thugs","floor":10.0,"turns":3.0},{"damage":5.0,"enemies":"downfall:FleeingMerchant","floor":12.0,"turns":4.0},{"damage":0.0,"enemies":"Lagavulin","floor":14.0,"turns":2.0},{"damage":0.0,"enemies":"Exordium Wildlife","floor":15.0,"turns":2.0},{"damage":42.0,"enemies":"DF_ARCHETYPE_STREAMLINE","floor":16.0,"turns":6.0},{"damage":0.0,"enemies":"Chosen","floor":19.0,"turns":2.0},{"damage":0.0,"enemies":"downfall:FleeingMerchant","floor":20.0,"turns":4.0},{"damage":8.0,"enemies":"downfall:FleeingMerchant","floor":21.0,"turns":3.0},{"damage":3.0,"enemies":"Shell Parasite","floor":30.0,"turns":2.0},{"damage":8.0,"enemies":"Snecko","floor":32.0,"turns":4.0},{"damage":3.0,"enemies":"SI_MIRROR_ARCHETYPE","floor":33.0,"turns":4.0},{"damage":1.0,"enemies":"Orb Walker","floor":36.0,"turns":2.0},{"damage":0.0,"enemies":"3 Shapes","floor":37.0,"turns":2.0},{"damage":36.0,"enemies":"2 Orb Walkers","floor":38.0,"turns":4.0},{"damage":11.0,"enemies":"Sphere and 2 Shapes","floor":39.0,"turns":3.0},{"damage":1.0,"enemies":"Spire Growth","floor":44.0,"turns":4.0},{"damage":0.0,"enemies":"Spire Growth","floor":45.0,"turns":3.0},{"damage":8.0,"enemies":"3 Darklings","floor":48.0,"turns":2.0},{"damage":4.0,"enemies":"4 Shapes","floor":49.0,"turns":3.0},{"damage":0,"enemies":"WA_ARCHETYPE_DIVINITY","floor":50,"turns":8},{"damage":26,"enemies":"downfall:CharBossMerchant","floor":52,"turns":6},{"damage":0,"enemies":"downfall:NeowBoss","floor":55,"turns":9},{"damage":25,"enemies":"downfall:NeowBossFinal","floor":56,"turns":7}],"seed_played":"-4305347554665187293","potions_obtained":[{"floor":10.0,"key":"ColorlessPotion"},{"floor":14.0,"key":"Block Potion"},{"floor":15.0,"key":"FairyPotion"},{"floor":16.0,"key":"champ:CounterPotion"},{"floor":32.0,"key":"EntropicBrew"}],"is_trial":false,"path_per_floor":["R","M","?","M","M","M","T","?","E","M","R","$","R","E","M","B",null,"R","M","$","?","$","R","T","?","R","?","?","R","M","T","M","B",null,"R","M","M","?","M","R","T","?","R","M","?","?","R","M","M","B",null,"E","$","R","B","B",null],"character_chosen":"THE_AUTOMATON","items_purchased":["bronze:Iterate","Juzu Bracelet","bronze:Iterate","bronze:BronzeOrb","HandDrill","bronze:ItsAFeature"],"campfire_rested":4,"item_purchase_floors":[12,20,20,53,53,53],"current_hp_per_floor":[70,69,69,63,58,56,56,56,53,53,53,48,48,48,48,6,60,60,60,60,52,52,52,52,52,52,52,42,61,58,58,50,47,65,65,64,64,28,21,21,21,21,53,54,58,58,75,67,67,75,75,49,49,71,75,54],"gold":133,"neow_bonus":"THREE_CARDS","is_daily":false,"chose_seed":false,"campfire_upgraded":7,"win_rate":0.0,"timestamp":1610790095,"path_taken":["R","?","?","M","?","M","T","?","E","M","R","$","R","E","M","BOSS","R","M","$","?","?","R","T","?","R","?","?","R","M","?","M","BOSS","R","M","M","?","M","R","T","?","R","M","?","?","R","M","M","BOSS","E","$","R","BOSS","BOSS"],"items_purchased_type":["Card","Relic","Card","Card","Relic","Card"],"build_version":"2020-12-22","purchased_purges":2,"victory":true,"max_hp_per_floor":[70,70,70,70,70,70,70,60,60,60,60,60,60,60,60,60,60,60,60,60,60,60,60,60,60,60,60,65,65,65,65,65,65,65,65,65,65,65,65,65,65,65,75,75,75,75,75,75,75,75,75,75,75,75,75,75],"card_choices":[{"not_picked":["bronze:Boost","bronze:Fortify"],"picked":"bronze:DelayedSlice","floor":0.0},{"not_picked":["bronze:Frontload","bronze:Deprecate","bronze:BuggyMess"],"picked":"SKIP","floor":2.0},{"not_picked":["bronze:Deprecate","bronze:Invalidate"],"picked":"bronze:DelayedSlice","floor":4.0},{"not_picked":["bronze:CutThrough","bronze:Allocate"],"picked":"bronze:Boost","floor":5.0},{"not_picked":["bronze:WildBeam","bronze:Invalidate"],"picked":"bronze:Backtrace","floor":6.0},{"not_picked":["bronze:BuggyMess","bronze:Mutator"],"picked":"bronze:Iterate","floor":9.0},{"not_picked":["bronze:OilSpill","bronze:ItsAFeature","bronze:Fortify"],"picked":"SKIP","floor":10.0},{"not_picked":["bronze:DelayedSlice","bronze:CutThrough","bronze:Shield"],"picked":"SKIP","floor":12.0},{"not_picked":["bronze:Repulsor","bronze:ChildClass"],"picked":"bronze:Overload","floor":14.0},{"not_picked":["bronze:Overheat","bronze:ChildClass","bronze:ItsAFeature"],"picked":"SKIP","floor":15.0},{"not_picked":["bronze:FindAndReplace","bronze:SpaghettiCode"],"picked":"bronze:HardenedForm","floor":16.0},{"not_picked":["bronze:DelayedGuard","bronze:Overheat+1","bronze:Turbo"],"picked":"SKIP","floor":19.0},{"not_picked":["bronze:Repulsor","bronze:GetLatest"],"picked":"bronze:Boost","floor":20.0},{"not_picked":["bronze:DelayedSlice+1","bronze:ItsAFeature"],"picked":"bronze:ClassDefault","floor":21.0},{"not_picked":[],"picked":"bronze:DecaBeam","floor":21.0},{"not_picked":["bronze:DelayedGuard","bronze:WhirlingStrike"],"picked":"bronze:FollowUp+1","floor":30.0},{"not_picked":["bronze:Invalidate","bronze:Shield+1"],"picked":"bronze:Assembly","floor":32.0},{"not_picked":["bronze:Iterate+1","bronze:OilSpill+1"],"picked":"bronze:Backtrace+1","floor":36.0},{"not_picked":["bronze:DelayedGuard+1","bronze:DelayedSlice+1"],"picked":"bronze:CloningBeam+1","floor":37.0},{"not_picked":["bronze:Frontload","bronze:DelayedSlice+1"],"picked":"bronze:FineTuning","floor":38.0},{"not_picked":["bronze:BugBarrage+1","bronze:CutThrough","bronze:Shell"],"picked":"SKIP","floor":39.0},{"not_picked":["bronze:BuggyMess","bronze:DigitalCarnage+1","bronze:Optimize"],"picked":"SKIP","floor":44.0},{"not_picked":["bronze:CutThrough+1","bronze:Shield+1"],"picked":"bronze:FineTuning+1","floor":45.0},{"not_picked":["bronze:CloningBeam","bronze:Turbo","bronze:FollowUp"],"picked":"SKIP","floor":48.0},{"not_picked":["bronze:ShipIt","bronze:Return+1"],"picked":"bronze:ClassDefault+1","floor":49.0},{"not_picked":["bronze:AlphaBuild","bronze:Overload","bronze:Deprecate+1"],"picked":"SKIP","floor":52}],"player_experience":1355334,"relics_obtained":[{"floor":7.0,"key":"Gremlin Horn"},{"floor":9.0,"key":"Sundial"},{"floor":14.0,"key":"bronze:ProtectiveGoggles"},{"floor":24.0,"key":"hexamod:Sixitude"},{"floor":31.0,"key":"Bottled Tornado"},{"floor":38.0,"key":"Bird Faced Urn"},{"floor":45.0,"key":"Turnip"},{"floor":52,"key":"Mummified Hand"}],"event_choices":[{"damage_healed":0.0,"max_hp_gain":0.0,"max_hp_loss":0.0,"gold_gain":0.0,"event_name":"Mysterious Sphere","player_choice":"Fight","floor":38.0,"gold_loss":0.0,"damage_taken":0.0},{"cards_removed":["bronze:Boost"],"damage_healed":0.0,"max_hp_gain":0.0,"max_hp_loss":0.0,"gold_gain":0.0,"event_name":"Falling","player_choice":"Removed Skill","floor":46.0,"gold_loss":0.0,"damage_taken":0.0}],"is_beta":false,"boss_relics":[{"not_picked":["Snecko Eye","Sozu"],"picked":"Astrolabe"},{"not_picked":["bronze:PlatinumCore","Runic Dome"],"picked":"SlaversCollar"}],"items_purged_floors":[12,20],"is_endless":false,"potions_floor_spawned":[10,14,15,16,19,30,32,44,49],"ascension_level":0}}