{"host":"tkinv8gv6hgcc58b","time":1610777277,"event":{"mods":["BaseMod","Colored Map","Downfall","Googly Eyes","Hermit","Minty Spire (QoL Compilation)","READ ME - Guardian Mod","StSLib","The Cursed","The Disciple"],"gold_per_floor":[99,113,113,24,24,24,24,24,124,24,24,44,59,93,112,212,212,112,125,110,122,136,136,136,168,184,184,84,84,158,174,194,194,194,194],"floor_reached":33,"language":"ENG","playtime":4735,"items_purged":[],"score":278,"play_id":"74a838eb-8095-442d-95d6-5414fadd9d16","local_time":"20210116010757","is_ascension_mode":true,"campfire_choices":[{"floor":1,"key":"RECALL"},{"data":"champ:ShieldWall","floor":6,"key":"SMITH"},{"data":"champ:DeathBlow","floor":8,"key":"SMITH"},{"data":"champ:Taunt","floor":10,"key":"SMITH"},{"data":"champ:Improvising","floor":18,"key":"SMITH"},{"floor":28,"key":"REST"}],"circlet_count":0,"master_deck":["champ:Strike","champ:Strike","champ:Strike","champ:Strike","champ:Defend","champ:Defend","champ:Defend","champ:Defend","champ:Execute","champ:Taunt+1","CurseOfTheBell","champ:DeathBlow+1","champ:MurderStrike+1","champ:ShieldWall+1","champ:RisingSlash","champ:StanceDance","champ:ArenaPreparation","champ:Improvising+1","champ:ArenaPreparation","champ:HeartStrike","champ:ShieldWall+1","champ:ShieldSigil","champ:ShieldSigil+1","Pride","champ:FaceSlap"],"relics":["Calling Bell","Art of War","Matryoshka","Thread and Needle","Boot","downfall:HeartBlessingRed","StrikeDummy","Pocketwatch","Black Star","downfall:HeartBlessingBlue","downfall:RedIOU","Frozen Egg 2","Kunai","Mummified Hand","Letter Opener","downfall:HeartBlessingGreen","Slimebound:PreparedRelic"],"acts_visited":["Exordium","TheCity"],"potions_floor_usage":[31,31,31,33],"damage_taken":[{"damage":10,"enemies":"2 Louse","floor":2,"turns":3},{"damage":20,"enemies":"downfall:FleeingMerchant","floor":4,"turns":4},{"damage":6,"enemies":"Small Slimes","floor":12,"turns":3},{"damage":22,"enemies":"Cultist","floor":13,"turns":3},{"damage":34,"enemies":"Lagavulin","floor":14,"turns":4},{"damage":15,"enemies":"2 Fungi Beasts","floor":15,"turns":2},{"damage":72,"enemies":"WA_ARCHETYPE_RETAIN","floor":16,"turns":5},{"damage":21,"enemies":"Spheric Guardian","floor":19,"turns":3},{"damage":63,"enemies":"downfall:FleeingMerchant","floor":20,"turns":4},{"damage":30,"enemies":"Chosen","floor":21,"turns":4},{"damage":26,"enemies":"Centurion and Healer","floor":22,"turns":4},{"damage":25,"enemies":"Book of Stabbing","floor":25,"turns":5},{"damage":64,"enemies":"Cultist and Chosen","floor":26,"turns":5},{"damage":84,"enemies":"Shelled Parasite and Fungi","floor":31,"turns":4},{"damage":25,"enemies":"3 Cultists","floor":32,"turns":4},{"damage":51,"enemies":"SI_MIRROR_ARCHETYPE","floor":33,"turns":4}],"seed_played":"-7715331327399672811","potions_obtained":[{"floor":2,"key":"SteroidPotion"},{"floor":12,"key":"Explosive Potion"},{"floor":14,"key":"champ:UltimateStancePotion"},{"floor":25,"key":"DuplicationPotion"},{"floor":31,"key":"FearPotion"}],"is_trial":false,"path_per_floor":["R","M","?","$","?","R","T","R","?","R","T","M","M","E","M","B",null,"R","M","$","M","M","?","T","E","M","?","R","?","T","M","M","B"],"character_chosen":"THE_CHAMP","items_purchased":["champ:ShieldWall"],"campfire_rested":1,"item_purchase_floors":[4],"current_hp_per_floor":[90,90,90,90,90,90,90,90,90,90,90,84,82,68,68,51,90,100,99,96,96,90,90,90,65,45,45,75,75,75,51,36,0,0,0],"gold":194,"neow_bonus":"BOSS_RELIC","is_daily":false,"chose_seed":false,"campfire_upgraded":4,"win_rate":0.0,"timestamp":1610777277,"path_taken":["R","M","?","$","?","R","T","R","?","R","?","?","M","E","M","BOSS","R","M","$","M","M","?","T","E","M","?","R","?","?","M","M","BOSS"],"items_purchased_type":["Card"],"build_version":"2020-12-22","purchased_purges":0,"victory":false,"max_hp_per_floor":[90,90,90,90,90,90,90,90,90,90,90,90,90,90,90,90,90,100,100,100,100,100,100,100,100,100,100,100,100,100,100,100,100,100,100],"card_choices":[{"not_picked":["champ:PerfectedStrike","champ:FanOfKnives"],"picked":"champ:DeathBlow","floor":2},{"not_picked":["champ:Backstep","champ:Haymaker"],"picked":"champ:MurderStrike","floor":4},{"not_picked":["champ:ShieldSlam","champ:EnGarde"],"picked":"champ:RisingSlash","floor":12},{"not_picked":["champ:RisingSlash","champ:PerfectedStrike"],"picked":"champ:StanceDance","floor":13},{"not_picked":["champ:Shatter","champ:Endure"],"picked":"champ:ArenaPreparation","floor":14},{"not_picked":["champ:RapidStrikes","champ:Endure","champ:PerfectedStrike"],"picked":"SKIP","floor":15},{"not_picked":["champ:UltimateStance","champ:Devastate"],"picked":"champ:Improvising","floor":16},{"not_picked":["champ:FlashCut","champ:Circumvent"],"picked":"champ:ArenaPreparation","floor":19},{"not_picked":["champ:Shatter","champ:FlashCut"],"picked":"champ:HeartStrike","floor":20},{"not_picked":["champ:Circumvent","champ:CalledShot"],"picked":"champ:ShieldWall+1","floor":21},{"not_picked":["champ:GladiatorStyle","champ:Circumvent","champ:FlashCut+1"],"picked":"SKIP","floor":22},{"not_picked":["champ:Endure","champ:Haymaker"],"picked":"champ:ShieldSigil","floor":25},{"not_picked":["champ:FancyFootwork","champ:EnragedBash+1"],"picked":"champ:ShieldSigil+1","floor":26},{"not_picked":["champ:Circumvent+1","champ:HeavySlash"],"picked":"champ:FaceSlap","floor":31},{"not_picked":["champ:EnGarde","champ:Shatter+1","champ:BerserkersShout"],"picked":"SKIP","floor":32}],"player_experience":1002012,"relics_obtained":[{"floor":0,"key":"Art of War"},{"floor":0,"key":"Matryoshka"},{"floor":0,"key":"Thread and Needle"},{"floor":7,"key":"Boot"},{"floor":11,"key":"StrikeDummy"},{"floor":11,"key":"Pocketwatch"},{"floor":14,"key":"Akabeko"},{"floor":24,"key":"Frozen Egg 2"},{"floor":25,"key":"Kunai"},{"floor":25,"key":"Mummified Hand"},{"floor":30,"key":"Slimebound:PreparedRelic"}],"event_choices":[{"damage_healed":0,"gold_gain":0,"player_choice":"Grow","damage_taken":0,"max_hp_gain":0,"max_hp_loss":0,"event_name":"Living Wall","floor":5,"gold_loss":0,"cards_upgraded":["champ:MurderStrike"]},{"damage_healed":0,"gold_gain":0,"player_choice":"Stole Relic","damage_taken":0,"relics_obtained":["Letter Opener"],"max_hp_gain":0,"max_hp_loss":0,"event_name":"Addict","floor":27,"gold_loss":0,"cards_obtained":["Pride"]},{"damage_healed":0,"gold_gain":0,"player_choice":"Ignored","damage_taken":0,"max_hp_gain":0,"max_hp_loss":0,"event_name":"Ghosts","floor":29,"gold_loss":0}],"is_beta":false,"boss_relics":[{"not_picked":["Sozu","Runic Pyramid"],"picked":"Black Star"}],"items_purged_floors":[],"is_endless":false,"potions_floor_spawned":[2,12,14,19,25,31],"killed_by":"SI_MIRROR_ARCHETYPE","ascension_level":1}}