{"host":"ojt9u6ra2d449odx","time":1610831697,"event":{"mods":["BaseMod","Curses Come First","Luminous","Minty Spire (QoL Compilation)","Relic Stats","Replay The Spire","Robot Space Explorer","StSLib","The Animator","The Bug Knight","The Dragon Tamer"],"gold_per_floor":[117,117,117,130,144,170,181,201,226,226,237,252,252,285,285,389,389,408,408,434,434,212,212,212,212,238,264,264,364,375,409,409,504,504,522,571,571,594,610,610,642,202,202,122,122,132,132,166,166,166,166,166,143,174,174],"floor_reached":56,"language":"ENG","playtime":11589,"items_purged":["RobotSpaceExplorer:Strike"],"score":1024,"play_id":"92416b9d-2d61-4cd9-8502-5b1d22ae2cf2","local_time":"20210116221457","is_ascension_mode":false,"campfire_choices":[{"floor":13.0,"key":"RECALL"},{"floor":15.0,"key":"REST"},{"floor":23.0,"key":"REST"},{"floor":25.0,"key":"REST"},{"floor":28.0,"key":"REST"},{"floor":40.0,"key":"REST"},{"floor":45,"key":"REST"},{"floor":47,"key":"REST"},{"floor":49,"key":"REST"},{"floor":52,"key":"REST"}],"circlet_count":0,"master_deck":["RobotSpaceExplorer:Defend+1","RobotSpaceExplorer:Scan","RobotSpaceExplorer:MiniLasers","RobotSpaceExplorer:ToxicBomb+1","RobotSpaceExplorer:Reload","RobotSpaceExplorer:MiniBoosters","RobotSpaceExplorer:Pulsar","RobotSpaceExplorer:MiniDrones","RobotSpaceExplorer:PowerGlove","RobotSpaceExplorer:ScrapMissile","RobotSpaceExplorer:Comet","RobotSpaceExplorer:Accelerator","RobotSpaceExplorer:IronShell","RobotSpaceExplorer:FranticSearch","Apotheosis","RobotSpaceExplorer:ScrapToss","RobotSpaceExplorer:ScrapShield+1","RobotSpaceExplorer:JunkDive","RobotSpaceExplorer:PlasmaMissile","RobotSpaceExplorer:Accelerator","RobotSpaceExplorer:Comet","RobotSpaceExplorer:MiniDrones+1","RobotSpaceExplorer:LaserBurst+1","RobotSpaceExplorer:Scanner+1","RobotSpaceExplorer:DualCore+1","RobotSpaceExplorer:MiniDrones","RobotSpaceExplorer:JunkDive","RobotSpaceExplorer:JunkDive","RobotSpaceExplorer:DualCore","RobotSpaceExplorer:FranticSearch","RobotSpaceExplorer:PowerGlove","RobotSpaceExplorer:JunkDive","RobotSpaceExplorer:SwiftStep","RobotSpaceExplorer:Autoloader"],"relics":["Fusion Hammer","War Paint","Pen Nib","SlaversCollar","Red Mask","Sling","HollowMod:PaleOreRelic","Tiny Chest","Mango","Replay:Bottled Steam","Orichalcum","Astrolabe","StoneCalendar","RobotSpaceExplorer:ClockworkSextant","Lizard Tail","BargainBundle","ReplayTheSpireMod:Ninjato","RobotSpaceExplorer:PlasmaHourglass","Replay:Baseball","Replay:Wax Seal"],"acts_visited":["Exordium","TheCity","TheBeyond","TheEnding"],"potions_floor_usage":[41,41,54,55,55],"damage_taken":[{"damage":0.0,"enemies":"Cultist","floor":1.0,"turns":3.0},{"damage":3.0,"enemies":"2 Louse","floor":4.0,"turns":3.0},{"damage":1.0,"enemies":"Jaw Worm","floor":5.0,"turns":4.0},{"damage":20.0,"enemies":"HollowMod:MossKnight","floor":6.0,"turns":12.0},{"damage":0.0,"enemies":"Looter","floor":7.0,"turns":3.0},{"damage":2.0,"enemies":"2 Fungi Beasts","floor":8.0,"turns":4.0},{"damage":1.0,"enemies":"3 Louse","floor":11.0,"turns":3.0},{"damage":0.0,"enemies":"Looter","floor":12.0,"turns":3.0},{"damage":9.0,"enemies":"Replay:BlueRogue","floor":14.0,"turns":4.0},{"damage":19.0,"enemies":"Fading Forest","floor":16.0,"turns":11.0},{"damage":0.0,"enemies":"3 Byrds","floor":18.0,"turns":3.0},{"damage":37.0,"enemies":"Masked Bandits","floor":20.0,"turns":4.0},{"damage":24.0,"enemies":"Book of Stabbing","floor":27.0,"turns":5.0},{"damage":9.0,"enemies":"Colosseum Slavers","floor":29.0,"turns":3.0},{"damage":18.0,"enemies":"Colosseum Nobs","floor":29.0,"turns":3.0},{"damage":3.0,"enemies":"Snecko","floor":30.0,"turns":4.0},{"damage":6.0,"enemies":"Replay:Snechameleon","floor":31.0,"turns":5.0},{"damage":16.0,"enemies":"Automaton","floor":33.0,"turns":8.0},{"damage":16.0,"enemies":"3 Shapes","floor":35.0,"turns":4.0},{"damage":30.0,"enemies":"2 Orb Walkers","floor":36.0,"turns":4.0},{"damage":34.0,"enemies":"3 Darklings","floor":39.0,"turns":3.0},{"damage":43,"enemies":"Nemesis","floor":41,"turns":5},{"damage":0,"enemies":"Spire Growth","floor":46,"turns":5},{"damage":10,"enemies":"Giant Head","floor":48,"turns":6},{"damage":44,"enemies":"Replay:Hell Engine","floor":50,"turns":8},{"damage":28,"enemies":"Shield and Spear","floor":54,"turns":3},{"damage":98,"enemies":"The Heart","floor":55,"turns":7}],"seed_played":"7663914253456903845","potions_obtained":[{"floor":5.0,"key":"champ:CounterPotion"},{"floor":6.0,"key":"Fire Potion"},{"floor":7.0,"key":"FearPotion"},{"floor":8.0,"key":"Explosive Potion"},{"floor":18.0,"key":"Weak Potion"},{"floor":20.0,"key":"Elixir"},{"floor":35.0,"key":"LiquidBronze"},{"floor":41,"key":"BlessingOfTheForge"},{"floor":48,"key":"Strength Potion"}],"is_trial":false,"path_per_floor":["M","?","?","M","M","E","M","M","T","?","M","M","R","E","R","B",null,"M","?","?","?","$","R","?","R","T","E","R","?","M","E","R","B",null,"M","?","?","T","M","R","E","$","T","$","R","M","R","E","R","B",null,"R","$","E","B",null],"character_chosen":"RobotSpaceExplorer","items_purchased":["Sling","RobotSpaceExplorer:ScrapToss","BargainBundle","RobotSpaceExplorer:JunkDive","RobotSpaceExplorer:DualCore","ReplayTheSpireMod:Ninjato","RobotSpaceExplorer:FranticSearch","DistilledChaos","Adrenaline Potion","RobotSpaceExplorer:PowerGlove","RobotSpaceExplorer:SwiftStep"],"campfire_rested":9,"item_purchase_floors":[22,22,42,42,42,42,42,42,42,44,53],"current_hp_per_floor":[75,75,80,77,76,56,56,54,54,47,46,46,46,37,61,64,80,80,80,43,43,43,67,52,77,77,53,78,65,62,56,56,40,99,83,53,53,53,19,48,5,5,5,5,34,34,63,53,82,38,99,99,99,71,31],"gold":174,"neow_bonus":"BOSS_RELIC","is_daily":false,"chose_seed":false,"campfire_upgraded":0,"win_rate":0.0,"timestamp":1610831697,"path_taken":["M","?","?","M","M","E","M","M","T","?","M","M","R","E","R","BOSS","M","?","?","?","$","R","?","R","T","E","R","?","M","E","R","BOSS","M","?","?","?","M","R","E","?","T","$","R","M","R","E","R","BOSS","R","$","E","BOSS"],"items_purchased_type":["Relic","Card","Relic","Card","Card","Relic","Card","Potion","Potion","Card","Card"],"build_version":"2020-12-22","purchased_purges":1,"victory":true,"max_hp_per_floor":[75,75,80,80,80,80,80,80,80,80,80,80,80,80,80,80,80,80,80,80,80,80,80,85,85,85,85,85,99,99,99,99,99,99,99,99,99,99,99,99,99,99,99,99,99,99,99,99,99,99,99,99,99,99,99],"relic_stats":{"Lizard Tail":49,"counters":[27,130],"Astrolabe":["RobotSpaceExplorer:MiniDrones","RobotSpaceExplorer:LaserBurst","RobotSpaceExplorer:Scanner"],"Tiny Chest":1,"StoneCalendar":[26],"Pen Nib":[21],"War Paint":["RobotSpaceExplorer:Defend","RobotSpaceExplorer:ToxicBomb"],"Orichalcum":[30],"obtain_stats":[{"RobotSpaceExplorer:ClockworkSextant":38,"BargainBundle":42,"ReplayTheSpireMod:Ninjato":42,"Astrolabe":34,"RobotSpaceExplorer:PlasmaHourglass":43,"RobotSpaceExplorer:RoboCore":0,"Mango":29,"StoneCalendar":36,"Pen Nib":14,"War Paint":6,"Orichalcum":31,"Sling":22,"SlaversCollar":17,"Lizard Tail":41,"Replay:Baseball":48,"Tiny Chest":27,"Fusion Hammer":0,"Red Mask":20,"HollowMod:PaleOreRelic":26,"Replay:Wax Seal":54,"Replay:Bottled Steam":29},{"RobotSpaceExplorer:ClockworkSextant":20,"BargainBundle":22,"ReplayTheSpireMod:Ninjato":22,"Astrolabe":18,"RobotSpaceExplorer:PlasmaHourglass":22,"RobotSpaceExplorer:RoboCore":0,"Mango":15,"StoneCalendar":20,"Pen Nib":9,"War Paint":4,"Orichalcum":17,"Sling":12,"SlaversCollar":10,"Lizard Tail":22,"Replay:Baseball":24,"Tiny Chest":13,"Fusion Hammer":0,"Red Mask":12,"HollowMod:PaleOreRelic":12,"Replay:Wax Seal":26,"Replay:Bottled Steam":15},{"RobotSpaceExplorer:ClockworkSextant":93,"BargainBundle":101,"ReplayTheSpireMod:Ninjato":101,"Astrolabe":85,"RobotSpaceExplorer:PlasmaHourglass":101,"RobotSpaceExplorer:RoboCore":0,"Mango":68,"StoneCalendar":93,"Pen Nib":39,"War Paint":22,"Orichalcum":77,"Sling":57,"SlaversCollar":50,"Lizard Tail":101,"Replay:Baseball":112,"Tiny Chest":62,"Fusion Hammer":0,"Red Mask":57,"HollowMod:PaleOreRelic":57,"Replay:Wax Seal":123,"Replay:Bottled Steam":68}]},"card_choices":[{"not_picked":["RobotSpaceExplorer:MiniDrones","RobotSpaceExplorer:SlimeMissile"],"picked":"RobotSpaceExplorer:ToxicBomb","floor":1.0},{"not_picked":["RobotSpaceExplorer:IronShell","RobotSpaceExplorer:ImprovisedAttack"],"picked":"RobotSpaceExplorer:Reload","floor":4.0},{"not_picked":["RobotSpaceExplorer:Electroshield","RobotSpaceExplorer:ImprovisedAttack"],"picked":"RobotSpaceExplorer:MiniBoosters","floor":5.0},{"not_picked":["RobotSpaceExplorer:SlimeMissile","RobotSpaceExplorer:Electroshield"],"picked":"RobotSpaceExplorer:Pulsar","floor":6.0},{"not_picked":["RobotSpaceExplorer:SlimeMissile","RobotSpaceExplorer:ScrapMissile"],"picked":"RobotSpaceExplorer:MiniDrones","floor":7.0},{"not_picked":["RobotSpaceExplorer:SwiftStep","RobotSpaceExplorer:Ammunition","RobotSpaceExplorer:Smokescreen"],"picked":"SKIP","floor":8.0},{"not_picked":["RobotSpaceExplorer:StunGrenade","RobotSpaceExplorer:ShovelStrike"],"picked":"RobotSpaceExplorer:PowerGlove","floor":11.0},{"not_picked":["RobotSpaceExplorer:ImprovisedAttack","RobotSpaceExplorer:Probe"],"picked":"RobotSpaceExplorer:ScrapMissile","floor":12.0},{"not_picked":["RobotSpaceExplorer:Calculate","RobotSpaceExplorer:TurboDodge"],"picked":"RobotSpaceExplorer:Comet","floor":14.0},{"not_picked":["RobotSpaceExplorer:Blaster","RobotSpaceExplorer:Scanner"],"picked":"RobotSpaceExplorer:Accelerator","floor":16.0},{"not_picked":["RobotSpaceExplorer:SlimeMissile","RobotSpaceExplorer:Pulsar"],"picked":"RobotSpaceExplorer:IronShell","floor":18.0},{"not_picked":["RobotSpaceExplorer:Jetpack","RobotSpaceExplorer:Pulsar"],"picked":"RobotSpaceExplorer:FranticSearch","floor":20.0},{"not_picked":["RobotSpaceExplorer:FrostMissile+1","RobotSpaceExplorer:Ammunition"],"picked":"RobotSpaceExplorer:ScrapShield+1","floor":27.0},{"not_picked":["RobotSpaceExplorer:SwiftStep+1","RobotSpaceExplorer:Ammunition+1"],"picked":"RobotSpaceExplorer:JunkDive","floor":29.0},{"not_picked":["RobotSpaceExplorer:ScrapMissile+1","RobotSpaceExplorer:MakeshiftVolley"],"picked":"RobotSpaceExplorer:ShockMissile","floor":30.0},{"not_picked":["RobotSpaceExplorer:Probe","RobotSpaceExplorer:BigMissile"],"picked":"RobotSpaceExplorer:PlasmaMissile","floor":31.0},{"not_picked":["RobotSpaceExplorer:Scanner","RobotSpaceExplorer:Accelerator"],"picked":"RobotSpaceExplorer:Comet","floor":33.0},{"not_picked":["RobotSpaceExplorer:ShockKick+1","RobotSpaceExplorer:Ammunition","RobotSpaceExplorer:GlueShot+1"],"picked":"SKIP","floor":35.0},{"not_picked":["RobotSpaceExplorer:ShockKick+1","RobotSpaceExplorer:Electroshield+1"],"picked":"RobotSpaceExplorer:DualCore+1","floor":36.0},{"not_picked":["RobotSpaceExplorer:ShovelStrike","RobotSpaceExplorer:DoubleBlock"],"picked":"RobotSpaceExplorer:MiniDrones","floor":39.0},{"not_picked":["RobotSpaceExplorer:StunGrenade+1","RobotSpaceExplorer:SlimeMissile+1","RobotSpaceExplorer:SelfCleaning"],"picked":"SKIP","floor":41},{"not_picked":["RobotSpaceExplorer:SelfCleaning+1","RobotSpaceExplorer:ShockKick","RobotSpaceExplorer:StarDust"],"picked":"SKIP","floor":46},{"not_picked":["RobotSpaceExplorer:BigMissile","RobotSpaceExplorer:FrostMissile"],"picked":"RobotSpaceExplorer:JunkDive","floor":48},{"not_picked":["RobotSpaceExplorer:SurgingShield+1","RobotSpaceExplorer:Ammunition+1"],"picked":"RobotSpaceExplorer:Autoloader","floor":54}],"player_experience":118983,"relics_obtained":[{"floor":6.0,"key":"War Paint"},{"floor":14.0,"key":"Pen Nib"},{"floor":20.0,"key":"Red Mask"},{"floor":26.0,"key":"HollowMod:PaleOreRelic"},{"floor":27.0,"key":"Tiny Chest"},{"floor":29.0,"key":"Mango"},{"floor":29.0,"key":"Replay:Bottled Steam"},{"floor":31.0,"key":"Orichalcum"},{"floor":36.0,"key":"StoneCalendar"},{"floor":38.0,"key":"RobotSpaceExplorer:ClockworkSextant"},{"floor":41,"key":"Lizard Tail"},{"floor":43,"key":"RobotSpaceExplorer:PlasmaHourglass"},{"floor":48,"key":"Replay:Baseball"},{"floor":54,"key":"Replay:Wax Seal"}],"event_choices":[{"damage_healed":0.0,"max_hp_gain":5.0,"max_hp_loss":0.0,"gold_gain":0.0,"event_name":"Big Fish","player_choice":"Donut","floor":3.0,"gold_loss":0.0,"damage_taken":0.0},{"cards_removed":["RobotSpaceExplorer:Strike"],"damage_healed":0.0,"max_hp_gain":0.0,"max_hp_loss":0.0,"gold_gain":0.0,"event_name":"Golden Wing","player_choice":"Card Removal","floor":10.0,"gold_loss":0.0,"damage_taken":7.0},{"damage_healed":0.0,"max_hp_gain":0.0,"max_hp_loss":0.0,"gold_gain":0.0,"event_name":"Ghosts","player_choice":"Ignored","floor":19.0,"gold_loss":0.0,"damage_taken":0.0},{"damage_healed":0.0,"max_hp_gain":0.0,"max_hp_loss":0.0,"gold_gain":0.0,"event_name":"Masked Bandits","player_choice":"Fought Bandits","floor":20.0,"gold_loss":0.0,"damage_taken":0.0},{"damage_healed":0.0,"max_hp_gain":5.0,"max_hp_loss":0.0,"gold_gain":0.0,"event_name":"Forgotten Altar","player_choice":"Shed Blood","floor":24.0,"gold_loss":0.0,"damage_taken":20.0},{"damage_healed":0.0,"max_hp_gain":0.0,"max_hp_loss":0.0,"gold_gain":0.0,"event_name":"Colosseum","player_choice":"Fight","floor":29.0,"gold_loss":0.0,"damage_taken":0.0},{"damage_healed":0.0,"max_hp_gain":0.0,"max_hp_loss":0.0,"gold_gain":0.0,"event_name":"Colosseum","player_choice":"Fought Nobs","floor":29.0,"gold_loss":0.0,"damage_taken":0.0},{"damage_healed":0.0,"max_hp_gain":0.0,"max_hp_loss":0.0,"gold_gain":0.0,"event_name":"Mysterious Sphere","player_choice":"Fight","floor":36.0,"gold_loss":0.0,"damage_taken":0.0},{"cards_removed":["RobotSpaceExplorer:ShockMissile"],"damage_healed":0.0,"max_hp_gain":0.0,"max_hp_loss":0.0,"gold_gain":0.0,"event_name":"Falling","player_choice":"Removed Attack","floor":37.0,"gold_loss":0.0,"damage_taken":0.0}],"is_beta":false,"boss_relics":[{"not_picked":["Honey Jar","Calling Bell"],"picked":"SlaversCollar"},{"not_picked":["Velvet Choker","Coffee Dripper"],"picked":"Astrolabe"}],"items_purged_floors":[42],"is_endless":false,"potions_floor_spawned":[5,6,7,8,14,18,20,30,35,41,48],"ascension_level":0}}