{"host":"ss2ocoam53r2lno0","time":1610816223,"event":{"mods":["Act Like it!","BaseMod","ChefMod","Clockwork Mod","Colored Powertips","Curses Come First","Displayed Cursed Tome","Downfall","Evolution","Googly Eyes","Hallownest","Highlight Path","Minty Spire (QoL Compilation)","Poor People Problems","Rare Cards Sparkle","Robot Space Explorer","Shade Mod","Shop Mod","Spicy Shops","StSLib","The Marked"],"gold_per_floor":[113,123,142,142,67,67,93,93,93,93,82,108,124,24,24,128,128,68,27,38,138,158,158,158],"floor_reached":23,"language":"ENG","playtime":1537,"items_purged":["Clockwork:Shield","Clockwork:Friction"],"score":314,"play_id":"4205e7e0-a5bb-4345-b3f6-b800c74628f6","local_time":"20210116175703","is_ascension_mode":true,"campfire_choices":[{"data":"Clockwork:ChargingShield","floor":6.0,"key":"SMITH"},{"data":"Clockwork:Tinker","floor":8.0,"key":"SMITH"},{"data":"Clockwork:WarmUp","floor":10.0,"key":"SMITH"},{"floor":15.0,"key":"REST"}],"circlet_count":0,"master_deck":["Clockwork:Friction","Clockwork:Shield","Clockwork:Tinker+1","Clockwork:WarmUp+1","Clockwork:OccamsRazor","Clockwork:ChargingShield+1","Clockwork:ChargingBlade","Clockwork:AssemblyLine+1","Clockwork:AssemblyLine+1","Clockwork:SystemHardening+1","Clockwork:Downsize"],"relics":["Clockwork:MomentumEngine","EVO:Axolotl","NeowsBlessing","Shuriken","Frozen Egg 2","Bird Faced Urn","Black Star"],"acts_visited":["Exordium","TheCity"],"potions_floor_usage":[23],"damage_taken":[{"damage":0.0,"enemies":"2 Louse","floor":1.0,"turns":1.0},{"damage":0.0,"enemies":"Cultist","floor":2.0,"turns":1.0},{"damage":0.0,"enemies":"Small Slimes","floor":3.0,"turns":2.0},{"damage":20.0,"enemies":"3 Sentries","floor":7.0,"turns":21.0},{"damage":0.0,"enemies":"Exordium Thugs","floor":11.0,"turns":9.0},{"damage":31.0,"enemies":"Lagavulin","floor":12.0,"turns":12.0},{"damage":5.0,"enemies":"Looter","floor":13.0,"turns":4.0},{"damage":42.0,"enemies":"Slime Boss","floor":16.0,"turns":7.0},{"damage":10.0,"enemies":"2 Thieves","floor":18.0,"turns":4.0},{"damage":14.0,"enemies":"Shell Parasite","floor":20.0,"turns":6.0},{"damage":28.0,"enemies":"Snake Plant","floor":22.0,"turns":6.0},{"damage":47,"enemies":"Slavers","floor":23,"turns":7}],"seed_played":"-5823859144068138627","potions_obtained":[{"floor":1.0,"key":"AttackPotion"},{"floor":7.0,"key":"Fruit Juice"},{"floor":12.0,"key":"sneckomod:MuddlingPotion"},{"floor":16.0,"key":"Fruit Juice"}],"is_trial":false,"path_per_floor":["M","M","M","?","$","R","E","R","T","R","M","E","M","$","R","B",null,"M","$","M","?","M","E"],"character_chosen":"CLOCKWORK","items_purchased":["Clockwork:AssemblyLine+1"],"campfire_rested":1,"item_purchase_floors":[19],"current_hp_per_floor":[77,77,77,77,77,77,62,62,62,62,62,31,30,30,57,24,77,69,69,61,61,39,0,0],"gold":158,"neow_bonus":"THREE_ENEMY_KILL","is_daily":false,"chose_seed":false,"campfire_upgraded":3,"win_rate":0.0,"timestamp":1610816223,"path_taken":["M","M","M","?","$","R","E","R","T","R","M","E","?","$","R","BOSS","M","?","?","?","M","E"],"items_purchased_type":["Card"],"build_version":"2020-12-22","purchased_purges":2,"victory":false,"max_hp_per_floor":[85,85,85,85,85,85,90,90,90,90,90,90,90,90,90,95,95,95,95,95,95,95,95,95],"card_choices":[{"not_picked":["Clockwork:Selectivity","Clockwork:AdaptiveCannon"],"picked":"Clockwork:OccamsRazor","floor":1.0},{"not_picked":["Clockwork:Improve","Clockwork:TimeOut"],"picked":"Clockwork:Downsize","floor":2.0},{"not_picked":["Clockwork:SystemHardening","Clockwork:Enhance"],"picked":"Clockwork:ChargingShield","floor":3.0},{"not_picked":["Clockwork:ChargingShield","Clockwork:TiltAWhirl","Clockwork:SystemScan"],"picked":"SKIP","floor":7.0},{"not_picked":["Clockwork:Friction","Clockwork:CraftVarja"],"picked":"Clockwork:ChargingBlade","floor":11.0},{"not_picked":["Clockwork:Redundancy","Clockwork:ChargingBlade"],"picked":"Clockwork:AssemblyLine+1","floor":12.0},{"not_picked":["Clockwork:Efficiency","Clockwork:CogBarrier","Clockwork:SnapKeep"],"picked":"SKIP","floor":13.0},{"not_picked":["Clockwork:AdaptiveShield+1","Clockwork:ChargingShield","Clockwork:ReserveSystems"],"picked":"SKIP","floor":18.0},{"not_picked":["Clockwork:CogToss","Clockwork:EnthusiasticStrike"],"picked":"Clockwork:SystemHardening+1","floor":20.0},{"not_picked":["Clockwork:HoardingStrike","Clockwork:CogBarrier+1"],"picked":"Clockwork:Downsize","floor":22.0}],"player_experience":749928,"relics_obtained":[{"floor":7.0,"key":"Shuriken"},{"floor":9.0,"key":"Frozen Egg 2"},{"floor":12.0,"key":"Bird Faced Urn"}],"event_choices":[{"cards_removed":["Clockwork:Strike"],"damage_healed":0.0,"max_hp_gain":0.0,"max_hp_loss":0.0,"gold_gain":0.0,"event_name":"Bonfire Elementals","player_choice":"Offered Basic","floor":4.0,"gold_loss":0.0,"damage_taken":0.0},{"damage_healed":0.0,"max_hp_gain":0.0,"max_hp_loss":0.0,"gold_gain":100.0,"event_name":"Golden Shrine","player_choice":"Pray","floor":21.0,"gold_loss":0.0,"damage_taken":0.0}],"is_beta":false,"boss_relics":[{"not_picked":["Clockwork:PerpetualMotionMachine","Tiny House"],"picked":"Black Star"}],"items_purged_floors":[5,14],"is_endless":false,"potions_floor_spawned":[1,7,12,16],"killed_by":"Slavers","ascension_level":8}}