{"host":"l84l8xigz5v5foa2","time":1610794165,"event":{"mods":["2.2 Compatiblity","AchievementEnabler","BaseMod","Better Note","Better Vampires","Card Filter","Colored Map","DeckTracker","Downfall","Gremlin Skip","Highlight Path","Keyboard Shortcuts","Minty Spire (QoL Compilation)","Permanent Neow","Quick Restart","Relic Filter","Relic Stats","StSLib","SuperFastMode","Transform Curses","Unknown Chances"],"gold_per_floor":[99,109,109,128,128,128,154,166,66,66,144,157,175,195,212,284,284,284,294,310,310,327,337,383,383,333,333,347,347,347,347,367,438,438,438,452,462,475,488,488,543,570,470,487,487,500,500,500,513,513,513,513],"floor_reached":50,"language":"ENG","playtime":3899,"items_purged":[],"score":1140,"play_id":"7dddb742-fdc2-4566-ac74-f8d9a8e55f00","local_time":"20210116194925","is_ascension_mode":true,"campfire_choices":[{"data":"Guardian:TwinSlam","floor":1.0,"key":"SMITH"},{"data":"Guardian:BodySlam","floor":9.0,"key":"SMITH"},{"data":"Guardian:FuturePlans","floor":18.0,"key":"SMITH"},{"data":"Guardian:Recover","floor":27.0,"key":"SMITH"},{"data":"Guardian:ConstructionForm","floor":35.0,"key":"SMITH"},{"data":"Guardian:Emergency","floor":43.0,"key":"SMITH"},{"data":"Guardian:Recover","floor":47.0,"key":"SMITH"}],"circlet_count":0,"master_deck":["AscendersBane","Guardian:Defend_Guardian","Guardian:Defend_Guardian","Guardian:Defend_Guardian","Guardian:CurlUp","Guardian:TwinSlam+1","Guardian:BodySlam+1","Guardian:Reroute","Guardian:Recover+1","Guardian:FuturePlans+1","Guardian:GemFinder","Guardian:SphericShield","Guardian:ExploitGems","Guardian:CrystalBeam+1","Guardian:ExploitGems","Guardian:Suspension+1","Guardian:StasisStrike","Guardian:SentryBeam","Guardian:Emergency+1","Guardian:ConstructionForm+1","Guardian:TimeCapacitor+1","Guardian:Repulse","Guardian:Clone","Guardian:Recover+1","Guardian:Recover","expansioncontent:PolyBeam","Guardian:PrimingBeam+1","Guardian:Recover"],"relics":["Guardian:ModeShifter","Thread and Needle","downfall:HeartBlessingBlue","bronze:DecasWashers","Philosopher\u0027s Stone","Oddly Smooth Stone","Coffee Dripper","Pen Nib","Eternal Feather","downfall:HeartBlessingGreen"],"acts_visited":["Exordium","TheCity","TheBeyond"],"potions_floor_usage":[50,50],"damage_taken":[{"damage":18.0,"enemies":"Small Slimes","floor":2.0,"turns":4.0},{"damage":0.0,"enemies":"Jaw Worm","floor":4.0,"turns":4.0},{"damage":5.0,"enemies":"2 Louse","floor":8.0,"turns":2.0},{"damage":4.0,"enemies":"Blue Slaver","floor":12.0,"turns":4.0},{"damage":0.0,"enemies":"Large Slime","floor":13.0,"turns":6.0},{"damage":5.0,"enemies":"3 Louse","floor":14.0,"turns":4.0},{"damage":0.0,"enemies":"2 Fungi Beasts","floor":15.0,"turns":4.0},{"damage":10.0,"enemies":"IC_STATUS_ARCHETYPE","floor":16.0,"turns":7.0},{"damage":2.0,"enemies":"Spheric Guardian","floor":19.0,"turns":4.0},{"damage":2.0,"enemies":"Shell Parasite","floor":20.0,"turns":4.0},{"damage":0.0,"enemies":"Centurion and Healer","floor":22.0,"turns":7.0},{"damage":15.0,"enemies":"Sentry and Sphere","floor":23.0,"turns":6.0},{"damage":0.0,"enemies":"Shelled Parasite and Fungi","floor":28.0,"turns":5.0},{"damage":0.0,"enemies":"Snake Plant","floor":32.0,"turns":3.0},{"damage":0.0,"enemies":"DF_ARCHETYPE_CLAW","floor":33.0,"turns":9.0},{"damage":0.0,"enemies":"3 Darklings","floor":36.0,"turns":6.0},{"damage":0.0,"enemies":"Orb Walker","floor":37.0,"turns":3.0},{"damage":22.0,"enemies":"Spire Growth","floor":38.0,"turns":4.0},{"damage":2.0,"enemies":"Sphere and 2 Shapes","floor":39.0,"turns":7.0},{"damage":38.0,"enemies":"Reptomancer","floor":42.0,"turns":6.0},{"damage":0.0,"enemies":"Writhing Mass","floor":44.0,"turns":4.0},{"damage":0.0,"enemies":"3 Darklings","floor":46.0,"turns":6.0},{"damage":0.0,"enemies":"Spire Growth","floor":49.0,"turns":7.0},{"damage":16,"enemies":"WA_ARCHETYPE_DIVINITY","floor":50,"turns":8}],"seed_played":"745840153493111291","potions_obtained":[{"floor":8.0,"key":"SpeedPotion"},{"floor":12.0,"key":"AttackPotion"},{"floor":14.0,"key":"Explosive Potion"},{"floor":16.0,"key":"EntropicBrew"},{"floor":23.0,"key":"SpeedPotion"},{"floor":33.0,"key":"Energy Potion"},{"floor":42.0,"key":"Guardian:AcceleratePotion"},{"floor":46.0,"key":"Guardian:BlockOnCardUsePotion"}],"is_trial":false,"path_per_floor":["R","M","?","M","?","?","T","M","R","?","T","M","M","M","M","B",null,"R","M","M","?","M","M","T","?","?","R","M","?","?","?","M","B",null,"R","M","M","M","M","?","T","E","R","M","?","M","R","?","M","B"],"character_chosen":"GUARDIAN","items_purchased":[],"campfire_rested":0,"item_purchase_floors":[],"current_hp_per_floor":[65,47,21,21,21,21,21,16,26,31,31,27,27,22,22,12,68,68,66,64,64,64,49,49,49,87,87,87,87,87,87,87,87,87,87,87,87,65,63,63,63,25,40,40,40,40,55,55,55,39,39,39],"gold":513,"neow_bonus":"TRANSFORM_CARD","is_daily":false,"chose_seed":false,"campfire_upgraded":7,"win_rate":0.0,"timestamp":1610794165,"path_taken":["R","M","?","M","?","?","T","?","R","?","?","M","M","M","M","BOSS","R","M","M","?","M","M","T","?","?","R","M","?","?","?","M","BOSS","R","M","M","M","M","?","T","E","R","M","?","M","R","?","M","BOSS"],"items_purchased_type":[],"build_version":"2020-12-22","purchased_purges":0,"victory":false,"max_hp_per_floor":[72,72,72,72,72,72,72,72,82,87,87,87,87,87,87,87,87,87,87,87,87,87,87,87,87,87,87,87,87,87,87,87,87,87,87,87,87,87,87,87,87,87,87,87,87,87,87,87,87,87,87,87],"relic_stats":{"counters":[24,124],"Eternal Feather":30,"Pen Nib":[5],"obtain_stats":[{"downfall:HeartBlessingBlue":9,"bronze:DecasWashers":11,"Guardian:ModeShifter":0,"Oddly Smooth Stone":24,"Thread and Needle":3,"Philosopher\u0027s Stone":17,"Eternal Feather":42,"downfall:HeartBlessingGreen":43,"Pen Nib":41,"Coffee Dripper":34},{"downfall:HeartBlessingBlue":3,"bronze:DecasWashers":3,"Guardian:ModeShifter":0,"Oddly Smooth Stone":12,"Thread and Needle":1,"Philosopher\u0027s Stone":8,"Eternal Feather":20,"downfall:HeartBlessingGreen":20,"Pen Nib":19,"Coffee Dripper":15},{"downfall:HeartBlessingBlue":10,"bronze:DecasWashers":10,"Guardian:ModeShifter":0,"Oddly Smooth Stone":56,"Thread and Needle":4,"Philosopher\u0027s Stone":35,"Eternal Feather":99,"downfall:HeartBlessingGreen":99,"Pen Nib":93,"Coffee Dripper":73}]},"card_choices":[{"not_picked":["Guardian:TemporalStrike","Guardian:Gem_Yellow"],"picked":"Guardian:BodySlam","floor":2.0},{"not_picked":["Guardian:WalkerClaw","Guardian:VentSteam"],"picked":"Guardian:Reroute","floor":4.0},{"not_picked":["Guardian:TimeBomb","Guardian:WalkerClaw"],"picked":"Guardian:FuturePlans","floor":8.0},{"not_picked":["Guardian:VentSteam","Guardian:SpikerProtocol"],"picked":"Guardian:GemFinder","floor":12.0},{"not_picked":["Guardian:Gem_Green","Guardian:Reroute","Guardian:Incinerate"],"picked":"SKIP","floor":13.0},{"not_picked":["Guardian:TemporalStrike","Guardian:WalkerClaw"],"picked":"Guardian:SphericShield","floor":14.0},{"not_picked":["Guardian:Planning","Guardian:VentSteam","Guardian:RollAttack"],"picked":"SKIP","floor":15.0},{"not_picked":["Guardian:AncientConstruct","Guardian:GemFinder"],"picked":"Guardian:ExploitGems","floor":16.0},{"not_picked":["Guardian:Gem_Red","Guardian:Gem_Lightblue"],"picked":"Guardian:Gem_Cyan","floor":16.0},{"not_picked":["Guardian:ChargeCore","Guardian:VentSteam"],"picked":"Guardian:CrystalBeam+1","floor":19.0},{"not_picked":["Guardian:Gem_Red","Guardian:Gem_Lightblue"],"picked":"Guardian:Gem_Green","floor":19.0},{"not_picked":["Guardian:Gem_Lightblue","Guardian:Gem_Red"],"picked":"Guardian:Gem_Cyan","floor":20.0},{"not_picked":["Guardian:SpikerProtocol","Guardian:Gem_Green","Guardian:TemporalStrike"],"picked":"SKIP","floor":20.0},{"not_picked":["Guardian:TemporalShield","Guardian:Gem_Cyan"],"picked":"Guardian:ExploitGems","floor":22.0},{"not_picked":["Guardian:Gem_Lightblue","Guardian:Gem_Green"],"picked":"Guardian:Gem_Cyan","floor":22.0},{"not_picked":["Guardian:FloatingOrbs","Guardian:CrystalBeam"],"picked":"Guardian:Suspension+1","floor":23.0},{"not_picked":["Guardian:Gem_Green","Guardian:Gem_Lightblue"],"picked":"Guardian:Gem_Cyan","floor":23.0},{"not_picked":["Guardian:Gem_Cyan","Guardian:TemporalStrike"],"picked":"Guardian:StasisStrike","floor":28.0},{"not_picked":["Guardian:TimeBomb","Guardian:Gem_Red"],"picked":"Guardian:Emergency","floor":32.0},{"not_picked":["Guardian:BaubleBeam","Guardian:SphericShield"],"picked":"Guardian:ConstructionForm","floor":33.0},{"not_picked":["Guardian:BodySlam","Guardian:Gem_Red"],"picked":"Guardian:TimeCapacitor+1","floor":36.0},{"not_picked":["Guardian:ChargeCore","Guardian:Gem_Green"],"picked":"Guardian:Repulse","floor":37.0},{"not_picked":["Guardian:ShieldSpikes","Guardian:TemporalShield"],"picked":"Guardian:Clone","floor":38.0},{"not_picked":["Guardian:TemporalShield","Guardian:BodySlam"],"picked":"Guardian:Recover","floor":39.0},{"not_picked":["Guardian:GuardianWhirl","Guardian:PolyBeam"],"picked":"Guardian:Recover","floor":42.0},{"not_picked":["Guardian:ArmoredProtocol+1","Guardian:Gem_Green","Guardian:ChargeUp+1"],"picked":"SKIP","floor":44.0},{"not_picked":["expansioncontent:LastStand","expansioncontent:YouAreMine"],"picked":"expansioncontent:PolyBeam","floor":45.0},{"not_picked":["Guardian:Gem_Lightblue","Guardian:Gem_Red"],"picked":"Guardian:Gem_Green","floor":46.0},{"not_picked":["Guardian:Gem_Cyan","Guardian:CrystalBeam+1"],"picked":"Guardian:PrimingBeam+1","floor":46.0},{"not_picked":["Guardian:MultiBeam","Guardian:WalkerClaw+1"],"picked":"Guardian:Recover","floor":49.0}],"player_experience":3273363,"relics_obtained":[{"floor":11.0,"key":"bronze:DecasWashers"},{"floor":24.0,"key":"Oddly Smooth Stone"},{"floor":41.0,"key":"Pen Nib"},{"floor":42.0,"key":"Eternal Feather"}],"event_choices":[{"damage_healed":0.0,"max_hp_gain":0.0,"max_hp_loss":0.0,"gold_gain":0.0,"event_name":"Scrap Ooze","player_choice":"Success","floor":3.0,"gold_loss":0.0,"damage_taken":26.0,"relics_obtained":["Thread and Needle"]},{"damage_healed":0.0,"max_hp_gain":0.0,"max_hp_loss":0.0,"gold_gain":0.0,"cards_transformed":["Guardian:Strike_Guardian"],"event_name":"Living Wall","player_choice":"Change","floor":6.0,"gold_loss":0.0,"damage_taken":0.0,"cards_obtained":["Guardian:Recover"]},{"damage_healed":0.0,"max_hp_gain":5.0,"max_hp_loss":0.0,"gold_gain":0.0,"event_name":"Big Fish","player_choice":"Donut","floor":10.0,"gold_loss":0.0,"damage_taken":0.0},{"damage_healed":0.0,"max_hp_gain":0.0,"max_hp_loss":0.0,"gold_gain":0.0,"event_name":"The Library","player_choice":"Read","floor":30.0,"gold_loss":0.0,"damage_taken":0.0,"cards_obtained":["Guardian:SentryBeam"]},{"cards_removed":["Guardian:Defend_Guardian"],"damage_healed":0.0,"max_hp_gain":0.0,"max_hp_loss":0.0,"gold_gain":0.0,"event_name":"Falling","player_choice":"Removed Skill","floor":48.0,"gold_loss":0.0,"damage_taken":0.0}],"is_beta":false,"boss_relics":[{"not_picked":["Astrolabe","Busted Crown"],"picked":"Philosopher\u0027s Stone"},{"not_picked":["Sozu","Guardian:StasisSlotReductionRelic"],"picked":"Coffee Dripper"}],"items_purged_floors":[],"is_endless":false,"potions_floor_spawned":[8,12,14,16,23,28,32,33,37,42,46,49],"killed_by":"WA_ARCHETYPE_DIVINITY","ascension_level":20}}