{"host":"mai03x2ekbjy4059","time":1610755807,"event":{"mods":["2.2 Compatiblity","BaseMod","DeckTracker","Highlight Path","Keyboard Shortcuts","Minty Spire (QoL Compilation)","Permanent Neow","Quick Restart","SuperFastMode","everything is the same but u backflip on backflip"],"gold_per_floor":[14,26,26,37,137,171,196,538,550,580,592,592],"floor_reached":11,"language":"KOR","playtime":511,"items_purged":[],"score":89,"play_id":"3a25dfef-9fd4-4126-b264-672c3c650142","local_time":"20210116091007","is_ascension_mode":true,"campfire_choices":[],"circlet_count":0,"master_deck":["Strike_G","Strike_G","Strike_G","Strike_G","Strike_G","Defend_G","Defend_G","Defend_G","Defend_G","Defend_G","Survivor","Neutralize","Deflect","Cloak And Dagger","Blade Dance"],"relics":["Ring of the Snake","Shovel","MawBank","Old Coin","TungstenRod"],"acts_visited":["Exordium"],"potions_floor_usage":[6,8,11,11,11],"damage_taken":[{"damage":0.0,"enemies":"Cultist","floor":1.0,"turns":4.0},{"damage":0.0,"enemies":"Jaw Worm","floor":2.0,"turns":8.0},{"damage":0,"enemies":"Small Slimes","floor":4,"turns":4},{"damage":7,"enemies":"3 Sentries","floor":6,"turns":17},{"damage":0,"enemies":"Gremlin Gang","floor":7,"turns":8},{"damage":46,"enemies":"Lagavulin","floor":8,"turns":10},{"damage":2,"enemies":"Exordium Thugs","floor":10,"turns":6},{"damage":26,"enemies":"Gremlin Nob","floor":11,"turns":4}],"seed_played":"-2602093323053695900","potions_obtained":[{"floor":1.0,"key":"EssenceOfSteel"},{"floor":2.0,"key":"SteroidPotion"},{"floor":7,"key":"Energy Potion"},{"floor":10,"key":"EntropicBrew"}],"is_trial":false,"path_per_floor":["M","M","?","M","?","E","M","E","T","M","E"],"character_chosen":"THE_SILENT","items_purchased":[],"campfire_rested":0,"item_purchase_floors":[],"current_hp_per_floor":[70,70,75,75,75,68,68,22,22,20,0,0],"gold":592,"neow_bonus":"ONE_RARE_RELIC","is_daily":false,"chose_seed":false,"campfire_upgraded":0,"win_rate":0.0,"timestamp":1610755807,"path_taken":["M","?","?","M","?","E","M","E","T","M","E"],"items_purchased_type":[],"build_version":"2020-12-22","purchased_purges":0,"victory":false,"max_hp_per_floor":[70,70,75,75,75,75,75,75,75,75,75,75],"card_choices":[{"not_picked":["Deadly Poison","Terror"],"picked":"Deflect","floor":1.0},{"not_picked":["Dagger Spray","Dagger Throw","Leg Sweep"],"picked":"SKIP","floor":2.0},{"not_picked":["Quick Slash","Calculated Gamble"],"picked":"Cloak And Dagger","floor":4},{"not_picked":["Calculated Gamble","Setup","Quick Slash"],"picked":"SKIP","floor":6},{"not_picked":["Flying Knee","Venomology","Poisoned Stab"],"picked":"SKIP","floor":7},{"not_picked":["Predator","Tactician"],"picked":"Blade Dance","floor":8},{"not_picked":["PiercingWail","Heel Hook","Dagger Spray"],"picked":"SKIP","floor":10}],"player_experience":1037375,"relics_obtained":[{"floor":6,"key":"MawBank"},{"floor":8,"key":"Old Coin"},{"floor":9,"key":"TungstenRod"}],"event_choices":[{"damage_healed":0,"gold_gain":0,"player_choice":"Donut","damage_taken":0,"max_hp_gain":5,"max_hp_loss":0,"event_name":"Big Fish","floor":3,"gold_loss":0},{"damage_healed":0,"gold_gain":100,"player_choice":"Pray","damage_taken":0,"max_hp_gain":0,"max_hp_loss":0,"event_name":"Golden Shrine","floor":5,"gold_loss":0}],"is_beta":false,"boss_relics":[],"items_purged_floors":[],"is_endless":false,"potions_floor_spawned":[1,2,7,10],"killed_by":"Gremlin Nob","ascension_level":1}}