{"host":"vyjryxuuuxkt43k4","time":1610825795,"event":{"mods":["AchievementEnabler","BaseMod","Colored Map","DeckTracker","Minty Spire (QoL Compilation)","Permanent Neow","Quick Restart","StSLib","SuperFastMode","everything is the same but u backflip on backflip"],"gold_per_floor":[14,14,89,108,108,142,162,178,178,178,178],"floor_reached":10,"language":"KOR","playtime":357,"items_purged":[],"score":95,"play_id":"eed6caaf-3c23-432f-b90d-28300515e04c","local_time":"20210117043635","is_ascension_mode":true,"campfire_choices":[],"circlet_count":0,"master_deck":["Strike_R","Strike_R","Strike_R","Defend_R","Defend_R","Defend_R","Defend_R","Bash","Shrug It Off","Spot Weakness","Body Slam","Carnage"],"relics":["Burning Blood","Blood Vial","Bronze Scales","Potion Belt"],"acts_visited":["Exordium"],"potions_floor_usage":[6,6,10],"damage_taken":[{"damage":11,"enemies":"Cultist","floor":1,"turns":4},{"damage":0,"enemies":"2 Louse","floor":4,"turns":4},{"damage":55,"enemies":"Lagavulin","floor":6,"turns":9},{"damage":7,"enemies":"Jaw Worm","floor":7,"turns":6},{"damage":10,"enemies":"Looter","floor":8,"turns":4},{"damage":19,"enemies":"3 Sentries","floor":10,"turns":5}],"seed_played":"-1433688375176521417","potions_obtained":[{"floor":1,"key":"Dexterity Potion"},{"floor":4,"key":"SpeedPotion"},{"floor":5,"key":"Energy Potion"},{"floor":5,"key":"GamblersBrew"},{"floor":5,"key":"Weak Potion"},{"floor":8,"key":"SmokeBomb"}],"is_trial":false,"path_per_floor":["M","T","?","M","?","E","M","M","T","E"],"character_chosen":"IRONCLAD","items_purchased":[],"campfire_rested":0,"item_purchase_floors":[],"current_hp_per_floor":[67,67,56,64,64,17,18,16,16,0,0],"gold":178,"neow_bonus":"REMOVE_TWO","is_daily":false,"chose_seed":false,"campfire_upgraded":0,"win_rate":0.0,"timestamp":1610825795,"path_taken":["M","?","?","M","?","E","?","M","T","E"],"items_purchased_type":[],"build_version":"2020-12-22","purchased_purges":0,"victory":false,"max_hp_per_floor":[80,80,80,80,80,80,80,80,80,80,80],"card_choices":[{"not_picked":["Disarm","Headbutt","Bloodletting"],"picked":"SKIP","floor":1},{"not_picked":["Cleave","Iron Wave"],"picked":"Shrug It Off","floor":4},{"not_picked":["Body Slam","Reaper"],"picked":"Spot Weakness","floor":6},{"not_picked":["Searing Blow","Bloodletting"],"picked":"Body Slam","floor":7},{"not_picked":["Combust","Flex"],"picked":"Carnage","floor":8}],"player_experience":386665,"relics_obtained":[{"floor":2,"key":"Blood Vial"},{"floor":6,"key":"Bronze Scales"},{"floor":9,"key":"Potion Belt"}],"event_choices":[{"damage_healed":0,"gold_gain":75,"player_choice":"Gather Gold","damage_taken":11,"max_hp_gain":0,"max_hp_loss":0,"event_name":"World of Goop","floor":3,"gold_loss":0},{"damage_healed":0,"gold_gain":0,"player_choice":"Got Potions","damage_taken":0,"max_hp_gain":0,"max_hp_loss":0,"event_name":"Lab","floor":5,"gold_loss":0}],"is_beta":false,"boss_relics":[],"items_purged_floors":[],"is_endless":false,"potions_floor_spawned":[1,4,8],"killed_by":"3 Sentries","ascension_level":8}}