{"host":"ga4s3hj9m6nkn6gp","time":1610798949,"event":{"mods":["AchievementEnabler","BaseMod","Bestiary","Colored Powertips","Highlight Path","Minty Spire (QoL Compilation)","Relic Stats","everything is the same but u backflip on backflip"],"gold_per_floor":[114,127,141,152,152,185,197,242,254,276,288,47,76,95,95,168,168,185,185,185,85,85,85],"floor_reached":22,"language":"ENG","playtime":831,"items_purged":["Strike_R","Writhe"],"score":340,"play_id":"23cac51c-208a-4aee-8580-177300dd5227","local_time":"20210116130909","is_ascension_mode":true,"campfire_choices":[{"data":"Twin Strike","floor":7.0,"key":"SMITH"},{"data":"Fire Breathing","floor":11.0,"key":"SMITH"},{"data":"Demon Form","floor":15,"key":"SMITH"}],"circlet_count":0,"master_deck":["AscendersBane","Strike_R","Strike_R","Strike_R","Defend_R","Defend_R","Defend_R","Bash","Shrug It Off","Twin Strike+1","Twin Strike+1","Fire Breathing+1","Reckless Charge","Wild Strike","Demon Form+1","Sword Boomerang","Reckless Charge","Berserk","Shrug It Off","Ghostly","Ghostly","Ghostly"],"relics":["Burning Blood","MawBank","White Beast Statue","Kunai","Odd Mushroom","Philosopher\u0027s Stone","Potion Belt"],"acts_visited":["Exordium","TheCity"],"potions_floor_usage":[16],"damage_taken":[{"damage":18.0,"enemies":"Small Slimes","floor":1.0,"turns":4.0},{"damage":3.0,"enemies":"Cultist","floor":2.0,"turns":4.0},{"damage":0.0,"enemies":"Jaw Worm","floor":3.0,"turns":3.0},{"damage":4.0,"enemies":"Large Slime","floor":4.0,"turns":6.0},{"damage":32.0,"enemies":"3 Sentries","floor":6.0,"turns":5.0},{"damage":17.0,"enemies":"Lagavulin","floor":8.0,"turns":7.0},{"damage":10.0,"enemies":"Exordium Wildlife","floor":10.0,"turns":3.0},{"damage":15.0,"enemies":"The Mushroom Lair","floor":13.0,"turns":4.0},{"damage":7,"enemies":"2 Fungi Beasts","floor":14,"turns":3},{"damage":12,"enemies":"Hexaghost","floor":16,"turns":5},{"damage":50,"enemies":"3 Byrds","floor":18,"turns":5},{"damage":11,"enemies":"Chosen","floor":22,"turns":1}],"seed_played":"9005709219533014964","potions_obtained":[{"floor":4.0,"key":"SteroidPotion"},{"floor":6.0,"key":"Fire Potion"},{"floor":8.0,"key":"LiquidMemories"},{"floor":13.0,"key":"PowerPotion"},{"floor":16,"key":"Block Potion"}],"is_trial":false,"path_per_floor":["M","M","M","M","?","E","R","E","T","M","R","$","?","M","R","B",null,"M","?","?","$","M"],"character_chosen":"IRONCLAD","items_purchased":["Demon Form","Sword Boomerang"],"campfire_rested":0,"item_purchase_floors":[12,12],"current_hp_per_floor":[56,59,65,67,67,41,41,30,30,26,26,26,17,16,16,10,54,10,10,10,10,0,0],"gold":85,"neow_bonus":"REMOVE_TWO","is_daily":false,"chose_seed":false,"campfire_upgraded":3,"win_rate":0.0,"timestamp":1610798949,"path_taken":["M","M","M","M","?","E","R","E","T","?","R","$","?","M","R","BOSS","M","?","?","$","M"],"items_purchased_type":["Card","Card"],"build_version":"2020-12-22","purchased_purges":2,"victory":false,"max_hp_per_floor":[68,68,68,68,68,68,68,68,68,68,68,68,68,68,68,68,68,68,34,34,34,34,34],"relic_stats":{"counters":[12,50],"Kunai":[9],"MawBank":72,"obtain_stats":[{"Potion Belt":20,"Philosopher\u0027s Stone":17,"Kunai":9,"Odd Mushroom":13,"MawBank":6,"Burning Blood":0,"White Beast Statue":8},{"Potion Belt":11,"Philosopher\u0027s Stone":10,"Kunai":6,"Odd Mushroom":8,"MawBank":5,"Burning Blood":0,"White Beast Statue":6},{"Potion Belt":49,"Philosopher\u0027s Stone":44,"Kunai":29,"Odd Mushroom":36,"MawBank":22,"Burning Blood":0,"White Beast Statue":29}],"Burning Blood":66},"card_choices":[{"not_picked":["Havoc","Warcry"],"picked":"Shrug It Off","floor":1.0},{"not_picked":["Headbutt","Infernal Blade"],"picked":"Twin Strike","floor":2.0},{"not_picked":["Body Slam","Perfected Strike"],"picked":"Twin Strike","floor":3.0},{"not_picked":["Carnage","Twin Strike"],"picked":"Fire Breathing","floor":4.0},{"not_picked":["Headbutt","Sword Boomerang","Bloodletting"],"picked":"SKIP","floor":6.0},{"not_picked":["Evolve","Exhume"],"picked":"Reckless Charge","floor":8.0},{"not_picked":["Blood for Blood","Rupture"],"picked":"Wild Strike","floor":10.0},{"not_picked":["Warcry","Flex"],"picked":"Reckless Charge","floor":13.0},{"not_picked":["Warcry","Sword Boomerang","Sentinel"],"picked":"SKIP","floor":14},{"not_picked":["Feed","Double Tap"],"picked":"Berserk","floor":16},{"not_picked":["Ghostly Armor","Dropkick"],"picked":"Shrug It Off","floor":18}],"player_experience":637065,"relics_obtained":[{"floor":6.0,"key":"MawBank"},{"floor":8.0,"key":"White Beast Statue"},{"floor":9.0,"key":"Kunai"},{"floor":13.0,"key":"Odd Mushroom"}],"event_choices":[{"damage_healed":0.0,"max_hp_gain":0.0,"max_hp_loss":0.0,"gold_gain":0.0,"event_name":"Upgrade Shrine","player_choice":"Upgraded","floor":5.0,"gold_loss":0.0,"damage_taken":0.0,"cards_upgraded":["Twin Strike"]},{"damage_healed":0.0,"max_hp_gain":0.0,"max_hp_loss":0.0,"gold_gain":0.0,"event_name":"Mushrooms","player_choice":"Fought Mushrooms","floor":13.0,"gold_loss":0.0,"damage_taken":0.0},{"damage_healed":0,"gold_gain":0,"player_choice":"Became a Ghost","damage_taken":0,"max_hp_gain":0,"max_hp_loss":34,"event_name":"Ghosts","floor":19,"gold_loss":0,"cards_obtained":["Ghostly","Ghostly","Ghostly"]},{"damage_healed":0,"gold_gain":0,"player_choice":"Opened","damage_taken":0,"relics_obtained":["Potion Belt"],"max_hp_gain":0,"max_hp_loss":0,"event_name":"The Mausoleum","floor":20,"gold_loss":0,"cards_obtained":["Writhe"]}],"is_beta":false,"boss_relics":[{"not_picked":["SacredBark","Sozu"],"picked":"Philosopher\u0027s Stone"}],"items_purged_floors":[12,21],"is_endless":false,"potions_floor_spawned":[4,6,8,10,13,14,16,18],"killed_by":"Chosen","ascension_level":15}}