{"host":"37zexulz95aemuse","time":1610777554,"event":{"mods":["2.2 Compatiblity","BaseMod","CapriCore","GungeonMod","Koishi","Marisa£¨Ùöéë¡¡Øª×âÞÞ£©","Minty Spire (QoL Compilation)","Prisma Mod","Replay The Spire","StSLib","The Bug Knight","The Cursed","The Gatherer","The Immortal","The Jungle","WarShipGirlsR/??á´Ò³R mod"],"gold_per_floor":[109,109,121,137,148,183,183,40,40,74,139,139,139,155,155,257,257,275,275,275,294,51,51,77,77,77,93,103,113,113,148,148,249,249,262,281,294,3,19,19,54,54,54,65,85,85,85,137,137,137],"floor_reached":51,"language":"KOR","playtime":3638,"items_purged":[],"score":1007,"play_id":"406bb7aa-40e6-469c-8143-2921a64c5b82","local_time":"20210116151234","is_ascension_mode":false,"campfire_choices":[{"floor":7,"key":"REST"},{"floor":13,"key":"REST"},{"data":"rmod:abidefaith","floor":15,"key":"SMITH"},{"floor":23,"key":"REST"},{"floor":30,"key":"REST"},{"floor":32,"key":"REST"},{"floor":40,"key":"REST"},{"floor":42,"key":"REST"},{"floor":49,"key":"REST"}],"circlet_count":0,"master_deck":["rmod:strick","rmod:strick","rmod:defend","rmod:defend","rmod:defend","rmod:defend","rmod:basicallowance","rmod:maingunfire","rmod:openingtorpedo","rmod:guardianhero","rmod:mineteam","rmod:wife","rmod:abidefaith+1","rmod:rockthrower","rmod:acesubmarine","rmod:ridicule","rmod:lonelyqueen+1","rmod:diaomin+1"],"relics":["rmod:firstchargereward","DemoMod:Bottle","Replay:Rubber Ducky","White Beast Statue","Mirror","DemoMod:GundromedaStrain","SlaversCollar","Shuriken","Letter Opener","Frozen Egg 2","Bottled Tornado","Vajra","HollowMod:StagPassRelic","ReplayTheSpireMod:Shallot","Mango","PreservedInsect","DemoMod:ChaffGrenade","CaptainsWheel","Chemical X","MealTicket"],"acts_visited":["Exordium","theJungle:Jungle","TheBeyond"],"potions_floor_usage":[6,6,18,18,19,21,24,24,24,29,31,31,33,37,39,41,48,50,50,50],"damage_taken":[{"damage":5,"enemies":"Jaw Worm","floor":1,"turns":2},{"damage":0,"enemies":"Cultist","floor":3,"turns":3},{"damage":0,"enemies":"2 Louse","floor":4,"turns":2},{"damage":0,"enemies":"Large Slime","floor":5,"turns":4},{"damage":14,"enemies":"3 Sentries","floor":6,"turns":9},{"damage":3,"enemies":"Gremlin Nob","floor":10,"turns":4},{"damage":0,"enemies":"Exordium Thugs","floor":14,"turns":2},{"damage":0,"enemies":"Slime Boss","floor":16,"turns":5},{"damage":13,"enemies":"theJungle:GiantWrat","floor":18,"turns":3},{"damage":23,"enemies":"JungleHuntersEvent","floor":19,"turns":5},{"damage":11,"enemies":"theJungle:5_Spyders","floor":21,"turns":5},{"damage":0,"enemies":"theJungle:MamaSnecko","floor":24,"turns":3},{"damage":0,"enemies":"theJungle:Lyon","floor":27,"turns":3},{"damage":0,"enemies":"theJungle:SlimyTreeVines","floor":28,"turns":3},{"damage":15,"enemies":"theJungle:2_Flameangoes","floor":29,"turns":5},{"damage":0,"enemies":"theJungle:Cassacara","floor":31,"turns":3},{"damage":0,"enemies":"theJungle:QueenSpyder","floor":33,"turns":8},{"damage":10,"enemies":"3 Darklings","floor":35,"turns":4},{"damage":11,"enemies":"3 Shapes","floor":36,"turns":6},{"damage":17,"enemies":"Sphere and 2 Shapes","floor":37,"turns":5},{"damage":38,"enemies":"Jaw Worm Horde","floor":39,"turns":4},{"damage":2,"enemies":"Reptomancer","floor":41,"turns":5},{"damage":3,"enemies":"4 Shapes","floor":44,"turns":6},{"damage":3,"enemies":"Sphere and 2 Shapes","floor":45,"turns":4},{"damage":0,"enemies":"R_Hoarder","floor":48,"turns":3},{"damage":30,"enemies":"Time Eater","floor":50,"turns":9}],"seed_played":"-6097742373233465146","potions_obtained":[{"floor":1,"key":"Block Potion"},{"floor":5,"key":"GamblersBrew"},{"floor":6,"key":"FearPotion"},{"floor":10,"key":"PowerPotion"},{"floor":11,"key":"Death Potion"},{"floor":11,"key":"Strength Potion"},{"floor":11,"key":"Adrenaline Potion"},{"floor":18,"key":"Ancient Potion"},{"floor":19,"key":"SpeedPotion"},{"floor":21,"key":"SteroidPotion"},{"floor":24,"key":"Weak Potion"},{"floor":27,"key":"FearPotion"},{"floor":28,"key":"Cursed Concoction"},{"floor":29,"key":"Adrenaline Potion"},{"floor":31,"key":"Explosive Potion"},{"floor":33,"key":"GamblersBrew"},{"floor":35,"key":"DemoMod:LeadSkinPotion"},{"floor":36,"key":"SpeedPotion"},{"floor":37,"key":"Languid Potion"},{"floor":39,"key":"SpeedPotion"},{"floor":41,"key":"Elixir"},{"floor":44,"key":"CultistPotion"},{"floor":48,"key":"Languid Potion"}],"is_trial":false,"path_per_floor":["M","?","M","M","M","E","R","$","T","E","?","?","R","M","R","B",null,"M","?","T","M","$","R","E","?","T","M","M","M","R","E","R","B",null,"M","M","M","$","M","R","E","R","T","M","M","?","$","E","R","B",null],"character_chosen":"PRAEFECT","items_purchased":["Replay:Rubber Ducky","Frozen Egg 2","Mango","CaptainsWheel","Chemical X"],"campfire_rested":8,"item_purchase_floors":[8,22,38,47,47],"current_hp_per_floor":[70,70,70,70,70,56,75,75,75,72,54,42,64,64,64,64,75,62,39,39,28,28,50,50,50,50,50,50,35,57,57,75,75,75,65,54,37,51,13,39,37,63,63,60,57,57,57,57,83,53],"gold":137,"neow_bonus":"RANDOM_EVENT","is_daily":false,"chose_seed":false,"campfire_upgraded":1,"win_rate":0.0,"timestamp":1610777554,"path_taken":["M","?","?","M","?","E","R","$","T","E","?","?","R","M","R","BOSS","M","?","?","M","$","R","E","?","T","?","?","?","R","E","R","BOSS","M","M","M","$","M","R","E","R","T","?","M","?","$","E","R","BOSS"],"items_purchased_type":["Relic","Relic","Relic","Relic","Relic"],"build_version":"2020-12-22","purchased_purges":0,"victory":true,"max_hp_per_floor":[75,75,75,75,75,75,75,75,75,75,75,75,75,75,75,75,75,75,75,75,75,75,75,75,75,75,75,75,75,75,75,75,75,75,75,75,75,89,89,89,89,89,89,89,89,89,89,89,89,89],"card_choices":[{"not_picked":["rmod:firesupport","rmod:supportescort"],"picked":"rmod:guardianhero","floor":1},{"not_picked":["rmod:advancebysurprise","rmod:shuttlebombing"],"picked":"rmod:mineteam","floor":3},{"not_picked":["rmod:supriseattacks","rmod:supportescort"],"picked":"rmod:garrisonisland","floor":4},{"not_picked":["rmod:intelligenceanalysis","rmod:steelsupply"],"picked":"rmod:wife","floor":5},{"not_picked":["rmod:aviationdawn","rmod:diamondstrike"],"picked":"rmod:abidefaith","floor":6},{"not_picked":["rmod:firesupport","rmod:intelligenceanalysis"],"picked":"rmod:rockthrower","floor":10},{"not_picked":["rmod:salvage","rmod:luckystar"],"picked":"rmod:acesubmarine","floor":14},{"not_picked":["rmod:intelligenceanalysis","rmod:fletcherpendant","rmod:shuttlebombing+1"],"picked":"SKIP","floor":18},{"not_picked":["rmod:aluminumsupply","rmod:ammunitionsupply","rmod:combined"],"picked":"SKIP","floor":21},{"not_picked":["rmod:firesupport","rmod:aluminumsupply","rmod:wife"],"picked":"SKIP","floor":24},{"not_picked":["rmod:spoils+1","rmod:combined+1","rmod:capitalist"],"picked":"SKIP","floor":27},{"not_picked":["rmod:aluminumsupply+1","rmod:fuelsupply","rmod:combined"],"picked":"SKIP","floor":28},{"not_picked":["rmod:unsinkable+1","rmod:rockthrower","rmod:seals+1"],"picked":"SKIP","floor":29},{"not_picked":["rmod:abidefaith+1","rmod:unsinkable","rmod:aluminumsupply"],"picked":"SKIP","floor":31},{"not_picked":["rmod:fletcher","rmod:desperatesituation+1"],"picked":"rmod:ridicule","floor":33},{"not_picked":["rmod:tearstotiara","rmod:victimresponsibility+1","rmod:combined"],"picked":"SKIP","floor":35},{"not_picked":["rmod:slowdown+1","rmod:aviationdawn","rmod:steelsupply"],"picked":"SKIP","floor":36},{"not_picked":["rmod:fletcherpendant+1","rmod:guardianhero+1","rmod:supportaircraftcarrier+1"],"picked":"SKIP","floor":37},{"not_picked":["rmod:robin","rmod:spoils"],"picked":"rmod:lonelyqueen+1","floor":39},{"not_picked":["rmod:goodsister+1","rmod:sl+1","rmod:steelsupply"],"picked":"SKIP","floor":41},{"not_picked":["rmod:combined+1","rmod:victimresponsibility"],"picked":"rmod:diaomin+1","floor":44},{"not_picked":["rmod:auspiciousomen","rmod:robin","rmod:ammunitionsupply"],"picked":"SKIP","floor":45},{"not_picked":["rmod:sl","rmod:openingtorpedo","rmod:ammunitionsupply+1"],"picked":"SKIP","floor":48}],"player_experience":88314,"relics_obtained":[{"floor":6,"key":"DemoMod:Bottle"},{"floor":9,"key":"White Beast Statue"},{"floor":10,"key":"Mirror"},{"floor":19,"key":"Shuriken"},{"floor":20,"key":"Letter Opener"},{"floor":24,"key":"Bottled Tornado"},{"floor":26,"key":"HollowMod:StagPassRelic"},{"floor":31,"key":"ReplayTheSpireMod:Shallot"},{"floor":41,"key":"PreservedInsect"},{"floor":43,"key":"DemoMod:ChaffGrenade"},{"floor":48,"key":"MealTicket"}],"event_choices":[{"damage_healed":0,"gold_gain":0,"cards_transformed":["rmod:strick"],"player_choice":"Change","damage_taken":0,"max_hp_gain":0,"max_hp_loss":0,"event_name":"Living Wall","floor":0,"gold_loss":0,"cards_obtained":["rmod:openingtorpedo"]},{"damage_healed":0,"gold_gain":0,"player_choice":"Bought 0 Potions","damage_taken":0,"max_hp_gain":0,"max_hp_loss":0,"event_name":"The Woman in Blue","floor":2,"gold_loss":0},{"damage_healed":0,"gold_gain":0,"player_choice":"Success","damage_taken":12,"relics_obtained":["DemoMod:GundromedaStrain"],"max_hp_gain":0,"max_hp_loss":0,"event_name":"Scrap Ooze","floor":12,"gold_loss":0},{"cards_removed":["rmod:garrisonisland"],"damage_healed":0,"gold_gain":0,"player_choice":"Gave Card","damage_taken":0,"relics_obtained":["Vajra"],"max_hp_gain":0,"max_hp_loss":0,"event_name":"WeMeetAgain","floor":25,"gold_loss":0},{"cards_removed":["rmod:strick"],"damage_healed":0,"gold_gain":0,"player_choice":"Removed Attack","damage_taken":0,"max_hp_gain":0,"max_hp_loss":0,"event_name":"Falling","floor":46,"gold_loss":0}],"is_beta":false,"boss_relics":[{"not_picked":["Painkiller Herb","Empty Cage"],"picked":"SlaversCollar"},{"not_picked":["Snecko Eye","Replay:Bronze Core","Astrolabe"]}],"items_purged_floors":[],"is_endless":false,"potions_floor_spawned":[1,5,6,10,14,16,18,19,21,24,27,28,29,31,33,35,36,37,39,41,44,45,48],"ascension_level":0}}