{"host":"t6r1isv2bex5ovch","time":1610772737,"event":{"mods":["AchievementEnabler","Act Like it!","Aspiration","BaseMod","Better Altar","Better Note","Better Sensory Stone","Better Skull","Better Third Choice","Better Vampires","Colored Powertips","Displayed Cursed Tome","Minty Spire (QoL Compilation)","StSLib","The Bug Knight","The Jungle"],"gold_per_floor":[115,115,40,60,60,91,109,109,109,135,135,135,155,174,174,274,274,286,286,486,502,516,516,547,547,620,639,667,681,710,728,728,831,831,841,841,841,854,306,306,133,133,133,162,162,217,217,242,242,242,242,242,39,65,65],"floor_reached":56,"language":"ENG","playtime":5358,"items_purged":["HollowMod:NailStrikeStart","HollowMod:QuickDashStart","HollowMod:NailStrikeStart","HollowMod:NailStrikeStart"],"score":1270,"play_id":"5ada5eda-20a5-40dd-b48a-3ca6575618fc","local_time":"20210116145217","is_ascension_mode":true,"campfire_choices":[{"floor":8.0,"key":"RECALL"},{"data":"HollowMod:ChannelNail","floor":11.0,"key":"SMITH"},{"data":"Good Instincts","floor":15.0,"key":"SMITH"},{"data":"HollowMod:SoulMaster","floor":23.0,"key":"SMITH"},{"data":"HollowMod:DesolateDive","floor":32.0,"key":"SMITH"},{"data":"HollowMod:AwokenDreamNail","floor":40,"key":"SMITH"},{"data":"HollowMod:SoulStrike","floor":42,"key":"SMITH"},{"data":"HollowMod:BaldurShell","floor":45,"key":"SMITH"},{"data":"HollowMod:MonarchWings","floor":47,"key":"SMITH"},{"data":"HollowMod:DesolateDive","floor":49,"key":"SMITH"},{"data":"HollowMod:DashSlash","floor":52,"key":"SMITH"}],"circlet_count":0,"master_deck":["HollowMod:NailStrikeStart","HollowMod:FocusHealStart","HollowMod:PogoStrike","Good Instincts+1","HollowMod:DashSlash+1","HollowMod:ChannelNail+1","HollowMod:MonarchWings+1","HollowMod:SoulMaster+1","HollowMod:HowlingWraiths","HollowMod:BaldurShell+1","HollowMod:DesolateDive+1","HollowMod:AwokenDreamNail+1","Madness+1","Madness+1","HollowMod:SoulStrike+1","HollowMod:CloakDash+1","HollowMod:DesolateDive+1","HollowMod:SoulSplash+1"],"relics":["HollowMod:VesselMask","Ginger","Lizard Tail","aspiration:PoetsPen_weak","Art of War","Toxic Egg 2","Boot","aspiration:DSix","Empty Cage","Unceasing Top","ClockworkSouvenir","Bird Faced Urn","Vajra","aspiration:AnachronicSnailShell","HollowMod:PaleOreRelic","aspiration:StickyExplosives_weak"],"acts_visited":["Exordium","TheCity","TheBeyond","TheEnding"],"potions_floor_usage":[33,44,50,55,55,55,55],"damage_taken":[{"damage":4.0,"enemies":"Jaw Worm","floor":1.0,"turns":5.0},{"damage":0.0,"enemies":"Small Slimes","floor":4.0,"turns":3.0},{"damage":51.0,"enemies":"Lagavulin","floor":6.0,"turns":8.0},{"damage":0.0,"enemies":"Cultist","floor":7.0,"turns":3.0},{"damage":25.0,"enemies":"3 Sentries","floor":10.0,"turns":13.0},{"damage":2.0,"enemies":"Blue Slaver","floor":13.0,"turns":3.0},{"damage":7.0,"enemies":"Large Slime","floor":14.0,"turns":4.0},{"damage":50.0,"enemies":"The Guardian","floor":16.0,"turns":18.0},{"damage":0.0,"enemies":"Chosen","floor":18.0,"turns":4.0},{"damage":2.0,"enemies":"Shell Parasite","floor":21.0,"turns":4.0},{"damage":6.0,"enemies":"Centurion and Healer","floor":22.0,"turns":6.0},{"damage":46.0,"enemies":"Book of Stabbing","floor":24.0,"turns":6.0},{"damage":16.0,"enemies":"Cultist and Chosen","floor":27.0,"turns":5.0},{"damage":31.0,"enemies":"Slavers","floor":28.0,"turns":5.0},{"damage":0.0,"enemies":"3 Cultists","floor":29.0,"turns":3.0},{"damage":22.0,"enemies":"Gremlin Leader","floor":30.0,"turns":6.0},{"damage":16.0,"enemies":"Snake Plant","floor":31.0,"turns":4.0},{"damage":19,"enemies":"Champ","floor":33,"turns":11},{"damage":0,"enemies":"3 Shapes","floor":35,"turns":2},{"damage":14,"enemies":"Orb Walker","floor":38,"turns":3},{"damage":8,"enemies":"Reptomancer","floor":44,"turns":4},{"damage":19,"enemies":"2 Orb Walkers","floor":46,"turns":4},{"damage":0,"enemies":"Giant Head","floor":48,"turns":4},{"damage":13,"enemies":"HollowMod:Radiance","floor":50,"turns":8},{"damage":14,"enemies":"Shield and Spear","floor":54,"turns":3},{"damage":92,"enemies":"The Heart","floor":55,"turns":9}],"seed_played":"-1534581673235250861","potions_obtained":[{"floor":7.0,"key":"Block Potion"},{"floor":10.0,"key":"SkillPotion"},{"floor":14.0,"key":"Ancient Potion"},{"floor":16.0,"key":"SkillPotion"},{"floor":21.0,"key":"FearPotion"},{"floor":22.0,"key":"Dexterity Potion"},{"floor":28.0,"key":"AttackPotion"},{"floor":30.0,"key":"BlessingOfTheForge"},{"floor":31.0,"key":"Dexterity Potion"},{"floor":38,"key":"Weak Potion"},{"floor":46,"key":"SmokeBomb"},{"floor":48,"key":"PowerPotion"},{"floor":54,"key":"EntropicBrew"}],"is_trial":false,"path_per_floor":["M","?","$","M","?","E","M","R","T","E","R","?","M","M","R","B",null,"M","?","?","M","M","R","E","R","T","M","E","M","E","M","R","B",null,"M","?","?","M","$","R","$","R","T","E","R","?","R","E","R","B",null,"R","$","E","B",null],"character_chosen":"THE_BUGKNIGHT","items_purchased":["Unceasing Top","ClockworkSouvenir","HollowMod:SoulStrike","HollowMod:SoulSplash+1"],"campfire_rested":0,"item_purchase_floors":[39,39,41,53],"current_hp_per_floor":[82,82,82,82,82,41,47,47,47,34,34,39,43,42,42,4,87,87,87,87,87,87,87,41,41,41,25,50,50,34,18,18,11,87,87,87,76,62,62,62,62,62,62,68,68,63,63,79,79,80,87,87,87,79,3],"gold":65,"neow_bonus":"TEN_PERCENT_HP_BONUS","is_daily":false,"chose_seed":false,"campfire_upgraded":10,"win_rate":0.0,"timestamp":1610772737,"path_taken":["M","?","$","M","?","E","?","R","T","E","R","?","M","M","R","BOSS","M","?","?","M","M","R","E","R","T","?","E","M","E","M","R","BOSS","M","?","?","M","$","R","$","R","T","E","R","?","R","E","R","BOSS","R","$","E","BOSS"],"items_purchased_type":["Relic","Relic","Card","Card"],"build_version":"2020-12-22","purchased_purges":4,"victory":true,"max_hp_per_floor":[82,82,82,82,82,82,82,82,82,82,82,87,87,87,87,87,87,87,87,87,87,87,87,87,87,87,87,87,87,87,87,87,87,87,87,87,87,87,87,87,87,87,87,87,87,87,87,87,87,87,87,87,87,87,87],"card_choices":[{"not_picked":["HollowMod:ShadowDash","HollowMod:InfectedAttack","HollowMod:WraithStrike"],"picked":"SKIP","floor":1.0},{"not_picked":["HollowMod:Weaversong","HollowMod:CornifersMapStart","HollowMod:FastStrike"],"picked":"SKIP","floor":4.0},{"not_picked":["Enlightenment","Mind Blast"],"picked":"Good Instincts","floor":5.0},{"not_picked":["HollowMod:SharpenedShadows","HollowMod:InfectedAttack"],"picked":"HollowMod:DashSlash","floor":6.0},{"not_picked":["HollowMod:InfectedCysts","HollowMod:TaintedHusks","HollowMod:SiblingsShadow"],"picked":"SKIP","floor":7.0},{"not_picked":["HollowMod:DungDefenderAura","HollowMod:BrokenVessel"],"picked":"HollowMod:ChannelNail","floor":10.0},{"not_picked":["HollowMod:WraithStrike","HollowMod:HeavyBlow"],"picked":"HollowMod:MonarchWings","floor":13.0},{"not_picked":["HollowMod:PaleKingsBlessing","HollowMod:MawleksShell","HollowMod:TaintedHusks"],"picked":"SKIP","floor":14.0},{"not_picked":["HollowMod:Hiveblood","HollowMod:ZotesMagnificence"],"picked":"HollowMod:SoulMaster","floor":16.0},{"not_picked":["HollowMod:TaintedHusks","HollowMod:ShadowDash+1"],"picked":"HollowMod:HowlingWraiths","floor":18.0},{"not_picked":["HollowMod:TaintedHusks","HollowMod:LifebloodCocoon","HollowMod:SharpenedNail"],"picked":"SKIP","floor":21.0},{"not_picked":["HollowMod:CrystalDash+1","HollowMod:HeavyBlow","HollowMod:AwokenDreamNail"],"picked":"SKIP","floor":22.0},{"not_picked":["HollowMod:InfectedCysts+1","HollowMod:MonarchWings"],"picked":"HollowMod:BaldurShell","floor":24.0},{"not_picked":["HollowMod:TaintedHusks+1","HollowMod:SharpenedNail","HollowMod:SiblingsSouls+1"],"picked":"SKIP","floor":27.0},{"not_picked":["HollowMod:SoulShaman+1","HollowMod:HornetsHelp"],"picked":"HollowMod:DesolateDive","floor":28.0},{"not_picked":["HollowMod:CycloneSlash+1","HollowMod:LifebloodCocoon+1","HollowMod:NewJinnsSoul+1"],"picked":"SKIP","floor":29.0},{"not_picked":["HollowMod:WraithStrike","HollowMod:VengefulSpirit","HollowMod:HeavyBlow+1"],"picked":"SKIP","floor":30.0},{"not_picked":["HollowMod:CornifersMapStart+1","HollowMod:BlackTendrils","HollowMod:SiblingsSouls+1"],"picked":"SKIP","floor":31.0},{"not_picked":["HollowMod:RadiancesLament+1","HollowMod:Hiveblood+1"],"picked":"HollowMod:AwokenDreamNail","floor":33},{"not_picked":["HollowMod:InfectedAttack","HollowMod:WraithStrike","HollowMod:VengefulSpirit+1"],"picked":"SKIP","floor":35},{"not_picked":["HollowMod:NewGlowingWomb+1","HollowMod:DashSlash+1","HollowMod:CornifersMapStart+1"],"picked":"SKIP","floor":38},{"not_picked":["HollowMod:InfectionAssault","HollowMod:VengefulVoid+1","HollowMod:SoulVessel"],"picked":"SKIP","floor":44},{"not_picked":["HollowMod:DungDefenderAura+1","HollowMod:CoiledNail"],"picked":"HollowMod:CloakDash+1","floor":46},{"not_picked":["HollowMod:CornifersMapStart+1","HollowMod:SoulStrike"],"picked":"HollowMod:DesolateDive","floor":48},{"not_picked":["HollowMod:SoulSplash+1","HollowMod:ShadowDash+1","HollowMod:LordofShades"],"picked":"SKIP","floor":54}],"player_experience":418966,"relics_obtained":[{"floor":6.0,"key":"Ginger"},{"floor":10.0,"key":"Lizard Tail"},{"floor":24.0,"key":"Art of War"},{"floor":26.0,"key":"Toxic Egg 2"},{"floor":28.0,"key":"Boot"},{"floor":30.0,"key":"aspiration:DSix"},{"floor":43,"key":"Bird Faced Urn"},{"floor":44,"key":"Vajra"},{"floor":46,"key":"aspiration:AnachronicSnailShell"},{"floor":48,"key":"HollowMod:PaleOreRelic"},{"floor":54,"key":"aspiration:StickyExplosives_weak"}],"event_choices":[{"damage_healed":0.0,"max_hp_gain":0.0,"max_hp_loss":0.0,"gold_gain":1.0,"event_name":"betterStone:BetterStone","player_choice":"1","floor":5.0,"gold_loss":0.0,"damage_taken":0.0},{"damage_healed":0.0,"max_hp_gain":5.0,"max_hp_loss":0.0,"gold_gain":0.0,"event_name":"Big Fish","player_choice":"Donut","floor":12.0,"gold_loss":0.0,"damage_taken":0.0},{"cards_removed":["HollowMod:PogoStrike"],"damage_healed":0.0,"max_hp_gain":0.0,"max_hp_loss":0.0,"gold_gain":0.0,"event_name":"betterNote:BetterNote","player_choice":"Give","floor":19.0,"gold_loss":0.0,"damage_taken":0.0,"cards_obtained":["None"]},{"damage_healed":0.0,"max_hp_gain":0.0,"max_hp_loss":0.0,"gold_gain":200.0,"event_name":"Wheel of Change","player_choice":"Gold","floor":20.0,"gold_loss":0.0,"damage_taken":0.0},{"damage_healed":0,"gold_gain":0,"player_choice":"Ignored","damage_taken":0,"max_hp_gain":0,"max_hp_loss":0,"event_name":"Tomb of Lord Red Mask","floor":36,"gold_loss":0},{"damage_healed":0,"gold_gain":0,"player_choice":"Embrace Madness","damage_taken":11,"max_hp_gain":0,"max_hp_loss":0,"event_name":"Winding Halls","floor":37,"gold_loss":0,"cards_obtained":["Madness","Madness"]},{"damage_healed":0,"gold_gain":0,"player_choice":"Fight","damage_taken":0,"max_hp_gain":0,"max_hp_loss":0,"event_name":"Mysterious Sphere","floor":46,"gold_loss":0}],"is_beta":false,"boss_relics":[{"not_picked":["Philosopher\u0027s Stone","Coffee Dripper"],"picked":"aspiration:PoetsPen_weak"},{"not_picked":["Runic Pyramid","HollowMod:VoidIdolRelic"],"picked":"Empty Cage"}],"items_purged_floors":[3,39,41,53],"is_endless":false,"potions_floor_spawned":[7,10,14,16,21,22,28,30,31,38,46,48,54],"ascension_level":1}}