{"host":"q6ff4ns2kep02ti6","time":1610839708,"event":{"mods":["AchievementEnabler","BaseMod","Minty Spire (QoL Compilation)","Relic Stats","StSLib","Unceasing Turn Reminder"],"gold_per_floor":[116,131,149,162,173,173,203,203,203,217,22,49,49,83,83,188,188,205,215,215,226,240,268,268,296,296,296,315,315,340,351,351,448,448,462,515,565,575,189,220,220,236,263,263,297,297,311,340,340,340,340,340,53,79,79],"floor_reached":56,"language":"ENG","playtime":7533,"items_purged":["EmptyFist+1","LessonLearned+1"],"score":2150,"play_id":"fa4d4c71-b3fc-48b3-acea-1eba0cb0b1aa","local_time":"20210117002828","is_ascension_mode":true,"campfire_choices":[{"floor":6.0,"key":"REST"},{"floor":8.0,"key":"REST"},{"floor":13,"key":"RECALL"},{"data":"Vault","floor":15,"key":"SMITH"},{"data":"LessonLearned","floor":24,"key":"SMITH"},{"data":"CutThroughFate","floor":27,"key":"SMITH"},{"floor":32,"key":"REST"},{"floor":41,"key":"REST"},{"floor":46,"key":"REST"},{"floor":49,"key":"REST"},{"floor":52,"key":"REST"}],"circlet_count":0,"master_deck":["Eruption+1","Vigilance+1","LikeWater+1","CarveReality+1","Establishment+1","SandsOfTime+1","Fasting2+1","Worship+1","Protect+1","SpiritShield+1","EmptyBody+1","Protect+1","CutThroughFate+1","DeusExMachina+1","ClearTheMind+1","ReachHeaven+1","Vault+1","Vault+1","Perseverance+1","CutThroughFate+1","Nirvana+1","Tantrum+1","Devotion+1","ThirdEye+1","Nirvana+1","DevaForm+1","Prostrate+1","Ragnarok","Wireheading"],"relics":["Pandora\u0027s Box","CloakClasp","Yang","ClockworkSouvenir","Strawberry","Mummified Hand","SlaversCollar","Incense Burner","Meat on the Bone","White Beast Statue","Nilry\u0027s Codex","Dream Catcher","Snecko Eye","Du-Vu Doll","Mango","Gambling Chip","Gremlin Horn","Ancient Tea Set","Orichalcum","Darkstone Periapt","FossilizedHelix"],"acts_visited":["Exordium","TheCity","TheBeyond","TheEnding"],"potions_floor_usage":[12,16,23,25,31,33,33,42,42,55,55,55],"damage_taken":[{"damage":0.0,"enemies":"Cultist","floor":1.0,"turns":3.0},{"damage":6.0,"enemies":"2 Louse","floor":2.0,"turns":3.0},{"damage":1.0,"enemies":"Small Slimes","floor":3.0,"turns":5.0},{"damage":14.0,"enemies":"Exordium Thugs","floor":4.0,"turns":3.0},{"damage":19.0,"enemies":"Blue Slaver","floor":5.0,"turns":4.0},{"damage":0.0,"enemies":"Lagavulin","floor":7.0,"turns":5.0},{"damage":0.0,"enemies":"Looter","floor":10.0,"turns":4.0},{"damage":0,"enemies":"Gremlin Nob","floor":12,"turns":3},{"damage":0,"enemies":"Lagavulin","floor":14,"turns":6},{"damage":0,"enemies":"The Guardian","floor":16,"turns":9},{"damage":0,"enemies":"Shell Parasite","floor":18,"turns":6},{"damage":12,"enemies":"Chosen","floor":19,"turns":8},{"damage":3,"enemies":"3 Cultists","floor":21,"turns":8},{"damage":0,"enemies":"Cultist and Chosen","floor":22,"turns":7},{"damage":0,"enemies":"Slavers","floor":23,"turns":9},{"damage":0,"enemies":"Gremlin Leader","floor":25,"turns":6},{"damage":0,"enemies":"Snake Plant","floor":28,"turns":9},{"damage":0,"enemies":"Book of Stabbing","floor":30,"turns":5},{"damage":0,"enemies":"Chosen and Byrds","floor":31,"turns":5},{"damage":0,"enemies":"Automaton","floor":33,"turns":10},{"damage":0,"enemies":"3 Darklings","floor":35,"turns":4},{"damage":0,"enemies":"2 Orb Walkers","floor":36,"turns":5},{"damage":0,"enemies":"Mind Bloom Boss Battle","floor":37,"turns":9},{"damage":0,"enemies":"Orb Walker","floor":38,"turns":2},{"damage":0,"enemies":"Nemesis","floor":40,"turns":5},{"damage":0,"enemies":"Transient","floor":42,"turns":7},{"damage":0,"enemies":"Reptomancer","floor":45,"turns":4},{"damage":0,"enemies":"Spire Growth","floor":47,"turns":4},{"damage":0,"enemies":"Nemesis","floor":48,"turns":5},{"damage":0,"enemies":"Donu and Deca","floor":50,"turns":4},{"damage":0,"enemies":"Shield and Spear","floor":54,"turns":5},{"damage":59,"enemies":"The Heart","floor":55,"turns":9}],"seed_played":"-3422735207916256973","potions_obtained":[{"floor":3.0,"key":"Energy Potion"},{"floor":4.0,"key":"DuplicationPotion"},{"floor":5.0,"key":"PowerPotion"},{"floor":7.0,"key":"PowerPotion"},{"floor":16,"key":"Ancient Potion"},{"floor":18,"key":"Weak Potion"},{"floor":23,"key":"StancePotion"},{"floor":25,"key":"StancePotion"},{"floor":31,"key":"Explosive Potion"},{"floor":33,"key":"Fire Potion"},{"floor":35,"key":"CultistPotion"},{"floor":36,"key":"StancePotion"},{"floor":37,"key":"GamblersBrew"},{"floor":42,"key":"Swift Potion"},{"floor":45,"key":"SpeedPotion"},{"floor":47,"key":"BottledMiracle"},{"floor":48,"key":"LiquidBronze"}],"is_trial":false,"path_per_floor":["M","M","M","M","M","R","E","R","T","M","$","E","R","E","R","B",null,"M","M","?","M","M","E","R","E","T","R","M","?","E","M","R","B",null,"M","?","?","M","$","E","R","M","T","?","E","R","M","E","R","B",null,"R","$","E","B",null],"character_chosen":"WATCHER","items_purchased":["ClockworkSouvenir","ClearTheMind","Gambling Chip","Ragnarok","Wireheading"],"campfire_rested":7,"item_purchase_floors":[11,11,39,53,53],"current_hp_per_floor":[65,59,58,44,25,46,46,67,67,67,67,74,74,74,74,74,78,78,66,66,63,63,63,63,63,63,63,63,47,47,47,70,70,77,77,77,91,91,91,91,93,93,93,93,93,93,93,93,93,93,93,93,93,93,46],"gold":79,"neow_bonus":"BOSS_RELIC","is_daily":false,"chose_seed":false,"campfire_upgraded":3,"win_rate":0.0,"timestamp":1610839708,"path_taken":["M","?","M","M","M","R","E","R","T","M","$","E","R","E","R","BOSS","M","M","?","M","M","E","R","E","T","R","M","?","E","M","R","BOSS","M","?","?","M","$","E","R","M","T","?","E","R","?","E","R","BOSS","R","$","E","BOSS"],"items_purchased_type":["Relic","Card","Relic","Card","Card"],"build_version":"2020-12-22","purchased_purges":2,"victory":true,"max_hp_per_floor":[72,72,72,72,72,72,72,72,72,72,72,79,79,79,79,79,79,79,79,79,79,79,79,79,79,79,79,79,79,79,79,79,79,79,79,79,93,93,93,93,93,93,93,93,93,93,93,93,93,93,93,93,93,93,93],"relic_stats":{"Darkstone Periapt":0,"Gremlin Horn":[4,5],"counters":[32,181],"Yang":[243],"CloakClasp":[691],"Orichalcum":[24],"Dream Catcher":5,"Mummified Hand":[188],"Gambling Chip":[13],"Snecko Eye":[108,99,104,108],"Pandora\u0027s Box":["LessonLearned","LikeWater","CarveReality","Establishment","SandsOfTime","Fasting2","Worship","Protect"],"obtain_stats":[{"Darkstone Periapt":48,"Gremlin Horn":40,"Nilry\u0027s Codex":29,"Yang":9,"Mango":37,"CloakClasp":7,"Incense Burner":23,"Orichalcum":45,"Ancient Tea Set":44,"White Beast Statue":26,"ClockworkSouvenir":11,"Du-Vu Doll":36,"SlaversCollar":17,"Dream Catcher":30,"Mummified Hand":14,"Strawberry":12,"Gambling Chip":39,"Snecko Eye":34,"Pandora\u0027s Box":0,"PureWater":0,"FossilizedHelix":54,"Meat on the Bone":25},{"Darkstone Periapt":29,"Gremlin Horn":25,"Nilry\u0027s Codex":17,"Yang":6,"Mango":23,"CloakClasp":6,"Incense Burner":15,"Orichalcum":27,"Ancient Tea Set":26,"White Beast Statue":16,"ClockworkSouvenir":7,"Du-Vu Doll":22,"SlaversCollar":10,"Dream Catcher":18,"Mummified Hand":9,"Strawberry":8,"Gambling Chip":24,"Snecko Eye":20,"Pandora\u0027s Box":0,"PureWater":0,"FossilizedHelix":31,"Meat on the Bone":16},{"Darkstone Periapt":163,"Gremlin Horn":143,"Nilry\u0027s Codex":98,"Yang":23,"Mango":136,"CloakClasp":23,"Incense Burner":83,"Orichalcum":154,"Ancient Tea Set":150,"White Beast Statue":89,"ClockworkSouvenir":27,"Du-Vu Doll":127,"SlaversCollar":45,"Dream Catcher":103,"Mummified Hand":36,"Strawberry":30,"Gambling Chip":138,"Snecko Eye":118,"Pandora\u0027s Box":0,"PureWater":0,"FossilizedHelix":172,"Meat on the Bone":89}],"Meat on the Bone":12},"card_choices":[{"not_picked":["Consecrate","FlyingSleeves"],"picked":"EmptyFist","floor":1.0},{"not_picked":["JustLucky","Protect"],"picked":"SpiritShield","floor":2.0},{"not_picked":["FlurryOfBlows","SashWhip","Crescendo"],"picked":"SKIP","floor":3.0},{"not_picked":["SignatureMove","BowlingBash"],"picked":"EmptyBody","floor":4.0},{"not_picked":["SandsOfTime","Collect"],"picked":"Protect","floor":5.0},{"not_picked":["BowlingBash","PathToVictory"],"picked":"CutThroughFate","floor":7.0},{"not_picked":["Halt","Consecrate"],"picked":"DeusExMachina","floor":10.0},{"not_picked":["JustLucky","EmptyFist"],"picked":"ReachHeaven","floor":12},{"not_picked":["WaveOfTheHand","Evaluate"],"picked":"Vault","floor":14},{"not_picked":["Blasphemy","Establishment"],"picked":"Vault","floor":16},{"not_picked":["Wallop","Consecrate","BowlingBash"],"picked":"SKIP","floor":18},{"not_picked":["FlyingSleeves","CrushJoints+1"],"picked":"Perseverance","floor":19},{"not_picked":["CrushJoints","ThirdEye","Consecrate"],"picked":"SKIP","floor":21},{"not_picked":["EmptyFist+1","Evaluate"],"picked":"CutThroughFate","floor":22},{"not_picked":["FollowUp","Weave"],"picked":"Nirvana","floor":23},{"not_picked":["FlyingSleeves","MentalFortress","EmptyBody"],"picked":"SKIP","floor":25},{"not_picked":["FollowUp","Wallop","Conclude"],"picked":"SKIP","floor":28},{"not_picked":["CrushJoints","CutThroughFate","Establishment"],"picked":"SKIP","floor":30},{"not_picked":["Prostrate+1","Pray"],"picked":"Tantrum","floor":31},{"not_picked":["Vault","MasterReality"],"picked":"Devotion","floor":33},{"not_picked":["EmptyBody+1","SashWhip+1"],"picked":"ThirdEye+1","floor":35},{"not_picked":["Prostrate","InnerPeace"],"picked":"Nirvana+1","floor":36},{"not_picked":["Swivel","SandsOfTime","Conclude"],"picked":"SKIP","floor":38},{"not_picked":["Swivel","SandsOfTime","Conclude"],"picked":"SKIP","floor":38},{"not_picked":["TalkToTheHand+1","ClearTheMind","WreathOfFlame"],"picked":"SKIP","floor":40},{"not_picked":["CarveReality+1","SandsOfTime+1"],"picked":"DevaForm","floor":42},{"not_picked":["Sanctity+1","Collect","Protect"],"picked":"SKIP","floor":45},{"not_picked":["Sanctity+1","Collect","Protect"],"picked":"SKIP","floor":45},{"not_picked":["FlurryOfBlows","Crescendo+1"],"picked":"Prostrate+1","floor":47},{"not_picked":["Wallop","FlyingSleeves","EmptyFist"],"picked":"SKIP","floor":48},{"not_picked":["FlyingSleeves","Protect","ThirdEye+1"],"picked":"SKIP","floor":54}],"player_experience":958267,"relics_obtained":[{"floor":7.0,"key":"CloakClasp"},{"floor":9.0,"key":"Yang"},{"floor":12,"key":"Strawberry"},{"floor":14,"key":"Mummified Hand"},{"floor":23,"key":"Incense Burner"},{"floor":25,"key":"Meat on the Bone"},{"floor":26,"key":"White Beast Statue"},{"floor":29,"key":"Nilry\u0027s Codex"},{"floor":30,"key":"Dream Catcher"},{"floor":36,"key":"Du-Vu Doll"},{"floor":37,"key":"Mango"},{"floor":40,"key":"Gremlin Horn"},{"floor":44,"key":"Ancient Tea Set"},{"floor":45,"key":"Orichalcum"},{"floor":48,"key":"Darkstone Periapt"},{"floor":54,"key":"FossilizedHelix"}],"event_choices":[{"damage_healed":0,"gold_gain":0,"player_choice":"Ignored","damage_taken":0,"max_hp_gain":0,"max_hp_loss":0,"event_name":"Vampires","floor":20,"gold_loss":0},{"damage_healed":0,"gold_gain":0,"player_choice":"Obtained Book","damage_taken":16,"max_hp_gain":0,"max_hp_loss":0,"event_name":"Cursed Tome","floor":29,"gold_loss":0},{"damage_healed":0,"gold_gain":0,"player_choice":"Fight","damage_taken":0,"max_hp_gain":0,"max_hp_loss":0,"event_name":"Mysterious Sphere","floor":36,"gold_loss":0},{"damage_healed":0,"gold_gain":0,"player_choice":"Fight","damage_taken":0,"max_hp_gain":0,"max_hp_loss":0,"event_name":"MindBloom","floor":37,"gold_loss":0},{"damage_healed":0,"gold_gain":0,"player_choice":"Relic","damage_taken":0,"max_hp_gain":0,"max_hp_loss":0,"event_name":"Wheel of Change","floor":44,"gold_loss":0}],"is_beta":false,"boss_relics":[{"not_picked":["Empty Cage","Velvet Choker"],"picked":"SlaversCollar"},{"not_picked":["Runic Dome","Philosopher\u0027s Stone"],"picked":"Snecko Eye"}],"items_purged_floors":[39,53],"is_endless":false,"potions_floor_spawned":[3,4,5,7,16,18,23,25,28,30,31,33,35,36,37,38,40,42,45,47,48,54],"ascension_level":6}}