{"host":"h4qgcirtxz6qax9j","time":1610821536,"event":{"mods":["AchievementEnabler","Astrologer","BaseMod","Colored Powertips","Minty Spire (QoL Compilation)","StSLib","SuperFastMode","The Cursed"],"gold_per_floor":[118,137,154,166,176,176,210,210,263,281,281,313,343,363,363,460,460,479,479,499,549,567,567,593,307,307,327,327,327,182,192,192,294,294,310,321,242,307,307,307],"floor_reached":39,"language":"KOR","playtime":1860,"items_purged":[],"score":415,"play_id":"67e39548-4446-4870-89e8-797e04ba798a","local_time":"20210117032536","is_ascension_mode":false,"campfire_choices":[{"data":"TheCursedMod:HellsGateOpen","floor":6.0,"key":"SMITH"},{"data":"TheCursedMod:HellfireBreathing","floor":8.0,"key":"SMITH"},{"floor":15.0,"key":"REST"},{"floor":23.0,"key":"REST"},{"floor":29,"key":"REST"},{"floor":32,"key":"REST"}],"circlet_count":0,"master_deck":["TheCursedMod:Strike_TheCursed","TheCursedMod:Strike_TheCursed","TheCursedMod:Strike_TheCursed","TheCursedMod:Strike_TheCursed","TheCursedMod:Defend_TheCursed","TheCursedMod:Defend_TheCursed","TheCursedMod:Defend_TheCursed","TheCursedMod:Defend_TheCursed","TheCursedMod:CursedWand","TheCursedMod:CleanUpWorkshop","TheCursedMod:Dregs","TheCursedMod:Grudge","TheCursedMod:SpitefulStrike+1","TheCursedMod:HellfireBreathing+1","TheCursedMod:HellsGateOpen+1","TheCursedMod:SaltUponWound","TheCursedMod:CursedShiv","TheCursedMod:RapidMovement","TheCursedMod:Stretching","TheCursedMod:WearCloak","TheCursedMod:VoidForm","TheCursedMod:AbyssShockwave","TheCursedMod:LuckyCharm","TheCursedMod:AbyssShockwave","TheCursedMod:RapidMovement","TheCursedMod:CollectTribute","TheCursedMod:HellfireBreathing"],"relics":["TheCursedMod:BlackMagic101","NeowsBlessing","Orichalcum","Regal Pillow","Ornamental Fan","Odd Mushroom","TheCursedMod:FourLeafCloverCharm","Enchiridion","Pen Nib","TheCursedMod:CrystalBall","Eternal Feather","SsserpentHead","Boot"],"acts_visited":["Exordium","TheCity","TheBeyond"],"potions_floor_usage":[24,24,27,38,38],"damage_taken":[{"damage":0.0,"enemies":"2 Louse","floor":1.0,"turns":1.0},{"damage":0.0,"enemies":"Small Slimes","floor":2.0,"turns":1.0},{"damage":0.0,"enemies":"Cultist","floor":3.0,"turns":1.0},{"damage":2.0,"enemies":"Exordium Wildlife","floor":4.0,"turns":4.0},{"damage":12.0,"enemies":"Gremlin Gang","floor":5.0,"turns":5.0},{"damage":9.0,"enemies":"Lagavulin","floor":7.0,"turns":9.0},{"damage":3.0,"enemies":"Red Slaver","floor":10.0,"turns":3.0},{"damage":3.0,"enemies":"3 Sentries","floor":12.0,"turns":8.0},{"damage":19.0,"enemies":"The Mushroom Lair","floor":13.0,"turns":5.0},{"damage":7.0,"enemies":"3 Louse","floor":14.0,"turns":3.0},{"damage":46.0,"enemies":"Hexaghost","floor":16.0,"turns":15.0},{"damage":29.0,"enemies":"3 Byrds","floor":18.0,"turns":6.0},{"damage":0.0,"enemies":"Spheric Guardian","floor":20.0,"turns":3.0},{"damage":13.0,"enemies":"Shelled Parasite and Fungi","floor":22.0,"turns":8.0},{"damage":34,"enemies":"Slavers","floor":24,"turns":4},{"damage":16,"enemies":"Snake Plant","floor":27,"turns":4},{"damage":0,"enemies":"Cultist and Chosen","floor":31,"turns":4},{"damage":37,"enemies":"Automaton","floor":33,"turns":10},{"damage":14,"enemies":"3 Shapes","floor":35,"turns":6},{"damage":25,"enemies":"3 Darklings","floor":36,"turns":5},{"damage":29,"enemies":"Transient","floor":38,"turns":5},{"damage":15,"enemies":"Jaw Worm Horde","floor":39,"turns":1}],"seed_played":"2692275596380277982","potions_obtained":[{"floor":1.0,"key":"GamblersBrew"},{"floor":2.0,"key":"PowerPotion"},{"floor":3.0,"key":"Explosive Potion"},{"floor":24,"key":"Fire Potion"},{"floor":31,"key":"Weak Potion"},{"floor":35,"key":"Energy Potion"}],"is_trial":false,"path_per_floor":["M","M","M","M","M","R","E","R","T","M","?","E","?","M","R","B",null,"M","?","M","?","M","R","E","$","T","M","?","R","$","M","R","B",null,"M","M","$","M","M"],"character_chosen":"THE_CURSED","items_purchased":["TheCursedMod:CrystalBall","Boot","TheCursedMod:HellfireBreathing"],"campfire_rested":4,"item_purchase_floors":[25,30,37],"current_hp_per_floor":[75,75,75,73,61,61,52,52,52,49,49,46,27,20,57,11,75,46,30,30,30,17,54,20,20,20,4,4,56,56,56,75,38,75,61,36,36,7,0,0],"gold":307,"neow_bonus":"THREE_ENEMY_KILL","is_daily":false,"chose_seed":false,"campfire_upgraded":2,"win_rate":0.0,"timestamp":1610821536,"path_taken":["M","M","M","M","M","R","E","R","T","M","?","E","?","M","R","BOSS","M","?","M","?","M","R","E","$","T","?","?","R","$","M","R","BOSS","M","M","$","?","M"],"items_purchased_type":["Relic","Relic","Card"],"build_version":"2020-12-22","purchased_purges":0,"victory":false,"max_hp_per_floor":[75,75,75,75,75,75,75,75,75,75,75,75,75,75,75,75,75,75,75,75,75,75,75,75,75,75,75,75,75,75,75,75,75,75,75,75,75,75,75,75],"card_choices":[{"not_picked":["TheCursedMod:DoubleShield","TheCursedMod:CircleOfFocus"],"picked":"TheCursedMod:Grudge","floor":1.0},{"not_picked":["TheCursedMod:Torture","TheCursedMod:DoubleShield"],"picked":"TheCursedMod:SpitefulStrike","floor":2.0},{"not_picked":["TheCursedMod:CursedBlade","TheCursedMod:SaltUponWound"],"picked":"TheCursedMod:HellfireBreathing","floor":3.0},{"not_picked":["TheCursedMod:SmokeScreen","TheCursedMod:Torture"],"picked":"TheCursedMod:HellsGateOpen","floor":4.0},{"not_picked":["TheCursedMod:CursedArmor","TheCursedMod:SurpriseAttack"],"picked":"TheCursedMod:SaltUponWound","floor":5.0},{"not_picked":["TheCursedMod:Obscuration","TheCursedMod:CircleOfCorruption"],"picked":"TheCursedMod:CursedShiv","floor":7.0},{"not_picked":["TheCursedMod:DoubleShield","TheCursedMod:CursedStaff"],"picked":"TheCursedMod:RapidMovement","floor":10.0},{"not_picked":["TheCursedMod:CircleOfFlame","TheCursedMod:VitalStrike"],"picked":"TheCursedMod:Stretching","floor":12.0},{"not_picked":["TheCursedMod:CircleOfFlame","TheCursedMod:SurpriseAttack"],"picked":"TheCursedMod:WearCloak","floor":14.0},{"not_picked":["TheCursedMod:DemonSword","TheCursedMod:CollectTribute"],"picked":"TheCursedMod:VoidForm","floor":16.0},{"not_picked":["TheCursedMod:CircleOfFocus","TheCursedMod:VitalStrike+1"],"picked":"TheCursedMod:AbyssShockwave","floor":18.0},{"not_picked":["TheCursedMod:TacticalStrike","TheCursedMod:CursedMace"],"picked":"TheCursedMod:LuckyCharm","floor":20.0},{"not_picked":["TheCursedMod:CircleOfBlood","TheCursedMod:FleshFromBone","TheCursedMod:SaltUponWound+1"],"picked":"SKIP","floor":22.0},{"not_picked":["TheCursedMod:UltimatePain","TheCursedMod:Torture+1"],"picked":"TheCursedMod:AbyssShockwave","floor":24},{"not_picked":["TheCursedMod:CursedStaff+1","TheCursedMod:CircleOfCorruption"],"picked":"TheCursedMod:RapidMovement","floor":27},{"not_picked":["TheCursedMod:BloodBarrier+1","TheCursedMod:SoulReap","TheCursedMod:Stigma"],"picked":"SKIP","floor":31},{"not_picked":["TheCursedMod:CursedRelics","TheCursedMod:ShockAndAwe"],"picked":"TheCursedMod:CollectTribute","floor":33},{"not_picked":["TheCursedMod:VitalStrike","TheCursedMod:Stigma","TheCursedMod:Torture+1"],"picked":"SKIP","floor":35},{"not_picked":["TheCursedMod:ReleasedKnowledge","TheCursedMod:CursedRelics","TheCursedMod:CircleOfWindfury"],"picked":"SKIP","floor":36},{"not_picked":["TheCursedMod:SoulReap","TheCursedMod:CursedArmor","TheCursedMod:AshesToAshes+1"],"picked":"SKIP","floor":38}],"player_experience":55769,"relics_obtained":[{"floor":7.0,"key":"Orichalcum"},{"floor":9.0,"key":"Regal Pillow"},{"floor":12.0,"key":"Ornamental Fan"},{"floor":13.0,"key":"Odd Mushroom"},{"floor":19.0,"key":"Enchiridion"},{"floor":24,"key":"Pen Nib"},{"floor":26,"key":"Eternal Feather"}],"event_choices":[{"damage_healed":0.0,"max_hp_gain":0.0,"max_hp_loss":0.0,"gold_gain":0.0,"event_name":"Living Wall","player_choice":"Grow","floor":11.0,"gold_loss":0.0,"damage_taken":0.0,"cards_upgraded":["TheCursedMod:SpitefulStrike"]},{"damage_healed":0.0,"max_hp_gain":0.0,"max_hp_loss":0.0,"gold_gain":0.0,"event_name":"Mushrooms","player_choice":"Fought Mushrooms","floor":13.0,"gold_loss":0.0,"damage_taken":0.0},{"damage_healed":0.0,"max_hp_gain":0.0,"max_hp_loss":0.0,"gold_gain":0.0,"event_name":"Cursed Tome","player_choice":"Obtained Book","floor":19.0,"gold_loss":0.0,"damage_taken":16.0},{"damage_healed":0.0,"max_hp_gain":0.0,"max_hp_loss":0.0,"gold_gain":100.0,"event_name":"The Joust","player_choice":"Bet on Murderer","floor":21.0,"gold_loss":50.0,"damage_taken":0.0},{"damage_healed":0,"gold_gain":0,"player_choice":"Trade","damage_taken":0,"relics_obtained":["SsserpentHead"],"max_hp_gain":0,"max_hp_loss":0,"event_name":"FaceTrader","floor":28,"gold_loss":0}],"is_beta":false,"boss_relics":[{"not_picked":["Pandora\u0027s Box","TheCursedMod:OminousMark"],"picked":"TheCursedMod:FourLeafCloverCharm"},{"not_picked":["Astrolabe","Busted Crown","Runic Dome"]}],"items_purged_floors":[],"is_endless":false,"potions_floor_spawned":[1,2,3,12,13,16,18,22,24,31,35],"killed_by":"Jaw Worm Horde","ascension_level":0}}