{"host":"BK","time":1610772899,"event":{"mods":["BaseMod","Highlight Path","Minty Spire (QoL Compilation)","StSLib"],"gold_per_floor":[112,124,135,135,148,148,177,177,204,249,261,283,313,337,349,361,361],"floor_reached":16,"language":"ENG","playtime":1466,"items_purged":[],"score":228,"play_id":"0f18a06b-f974-4214-adaa-df1c620fa09a","local_time":"20210115215459","is_ascension_mode":true,"campfire_choices":[{"data":"Adaptation","floor":6,"key":"SMITH"},{"floor":8,"key":"REST"},{"floor":11,"key":"REST"},{"data":"FearNoEvil","floor":15,"key":"SMITH"}],"circlet_count":0,"master_deck":["AscendersBane","Strike_P","Strike_P","Strike_P","Strike_P","Defend_P","Defend_P","Defend_P","Defend_P","Eruption","Vigilance","Adaptation+1","FlyingSleeves","EmptyFist+1","InnerPeace","SpiritShield","FlurryOfBlows","Perseverance","FearNoEvil+1"],"relics":["Philosopher\u0027s Stone","Dream Catcher","MawBank","Akabeko"],"acts_visited":["Exordium"],"potions_floor_usage":[7,16],"damage_taken":[{"damage":3,"enemies":"2 Louse","floor":1,"turns":3},{"damage":11,"enemies":"Small Slimes","floor":2,"turns":3},{"damage":2,"enemies":"Cultist","floor":3,"turns":4},{"damage":3,"enemies":"Large Slime","floor":5,"turns":4},{"damage":9,"enemies":"Gremlin Nob","floor":7,"turns":3},{"damage":36,"enemies":"3 Sentries","floor":10,"turns":9},{"damage":0,"enemies":"Lots of Slimes","floor":12,"turns":2},{"damage":2,"enemies":"Looter","floor":13,"turns":3},{"damage":0,"enemies":"Red Slaver","floor":14,"turns":1},{"damage":38,"enemies":"The Guardian","floor":16,"turns":13}],"seed_played":"8207135749795028732","potions_obtained":[{"floor":1,"key":"AttackPotion"},{"floor":2,"key":"Regen Potion"},{"floor":12,"key":"SteroidPotion"}],"is_trial":false,"path_per_floor":["M","M","M","?","M","R","E","R","T","E","R","M","M","M","R","B"],"character_chosen":"WATCHER","items_purchased":[],"campfire_rested":2,"item_purchase_floors":[],"current_hp_per_floor":[58,47,45,45,42,42,33,53,53,17,37,37,35,35,35,0,0],"gold":361,"neow_bonus":"BOSS_RELIC","is_daily":false,"chose_seed":false,"campfire_upgraded":2,"win_rate":0.0,"timestamp":1610772899,"path_taken":["M","M","M","?","M","R","E","R","T","E","R","M","M","M","R","BOSS"],"items_purchased_type":[],"build_version":"2020-12-18","purchased_purges":0,"victory":false,"max_hp_per_floor":[68,68,68,68,68,68,68,68,68,68,68,68,68,68,68,68,68],"card_choices":[{"not_picked":["EmptyBody","PathToVictory"],"picked":"Adaptation","floor":1},{"not_picked":["ThirdEye","Fasting2"],"picked":"FlyingSleeves","floor":2},{"not_picked":["Indignation","CrushJoints"],"picked":"EmptyFist","floor":3},{"not_picked":["WindmillStrike","Wireheading"],"picked":"InnerPeace","floor":5},{"not_picked":["Consecrate","Wish"],"picked":"SpiritShield","floor":7},{"not_picked":["Worship","Halt","Wish"],"picked":"SKIP","floor":10},{"not_picked":["FlyingSleeves","CutThroughFate"],"picked":"FlurryOfBlows","floor":11},{"not_picked":["Prostrate","SignatureMove","FlyingSleeves"],"picked":"SKIP","floor":12},{"not_picked":["Halt","FollowUp"],"picked":"Perseverance","floor":13},{"not_picked":["FlurryOfBlows","Pray"],"picked":"FearNoEvil","floor":14}],"player_experience":2503037,"relics_obtained":[{"floor":7,"key":"Dream Catcher"},{"floor":9,"key":"MawBank"},{"floor":10,"key":"Akabeko"}],"event_choices":[{"damage_healed":0,"gold_gain":0,"player_choice":"Grow","damage_taken":0,"max_hp_gain":0,"max_hp_loss":0,"event_name":"Living Wall","floor":4,"gold_loss":0,"cards_upgraded":["EmptyFist"]}],"is_beta":true,"boss_relics":[],"items_purged_floors":[],"is_endless":false,"potions_floor_spawned":[1,2,3,12],"killed_by":"The Guardian","ascension_level":20}}