{"host":"ee2njjf408o9d0kx","time":1610755478,"event":{"mods":["Act Like it!","Arknights The Spire","Bartender","BaseMod","Colored Powertips","Duelist Mod","GifTheSpireLib","Hallownest","Hermit","Melee Mod","Minty Spire (QoL Compilation)","Quick Restart","StSLib","Td1madao Mod","The Animator","The Bug Knight","The Necromancer","The Servant 0.9.4","The Wild Card"],"gold_per_floor":[114,183,201,201,217,217,217,217,217,229,127,143,157,157,157,157,157],"floor_reached":16,"language":"ENG","playtime":953,"items_purged":[],"score":117,"play_id":"7222f898-53d5-49e0-8b42-4ff204618561","local_time":"20210115160438","is_ascension_mode":false,"campfire_choices":[{"data":"HollowMod:FocusHealStart","floor":6,"key":"SMITH"},{"data":"HollowMod:MonarchWings","floor":8,"key":"SMITH"},{"data":"HollowMod:BlackTendrils","floor":15,"key":"SMITH"}],"circlet_count":0,"master_deck":["HollowMod:NailStrikeStart","HollowMod:NailStrikeStart","HollowMod:NailStrikeStart","HollowMod:NailStrikeStart","HollowMod:FocusHealStart+1","HollowMod:PogoStrike","HollowMod:SharpenedShadows","HollowMod:SiblingsShadow","Hallownest:skillLeafShield","Hallownest:skillLeafShield","Hallownest:skillLeafShield","Hallownest:skillLeafShield","Hallownest:skillLeafShield","HollowMod:MonarchWings+1","HollowMod:NewLittleFool","HollowMod:WraithStrike","HollowMod:BlackTendrils+1","HollowMod:SiblingsShadow","HollowMod:PerfectDash"],"relics":["HollowMod:VesselMask","NeowsBlessing","Hallownest:DreamNailRelic","Bird Faced Urn"],"acts_visited":["Hallownest:Greenpath"],"potions_floor_usage":[16,16],"damage_taken":[{"damage":3,"enemies":"Hallownest:2_Tiktiks_and_1_Crawlid","floor":1,"turns":2},{"damage":0,"enemies":"Hallownest:2_Baldur","floor":3,"turns":1},{"damage":0,"enemies":"Hallownest:2_MossCreeps","floor":5,"turns":1},{"damage":28,"enemies":"Hallownest:Guard_and_Warrior","floor":10,"turns":8},{"damage":15,"enemies":"Hallownest:monsterFoolEater","floor":12,"turns":5},{"damage":26,"enemies":"Hallownest:1_Ooma_and_2_Uuma","floor":13,"turns":5},{"damage":115,"enemies":"Hallownest:BossHornet","floor":16,"turns":11}],"seed_played":"1457497442020057978","potions_obtained":[{"floor":1,"key":"FairyPotion"},{"floor":3,"key":"BlessingOfTheForge"},{"floor":13,"key":"Strength Potion"}],"is_trial":false,"path_per_floor":["M","?","M","?","M","R","?","R","T","M","$","M","M","?","R","B"],"character_chosen":"THE_BUGKNIGHT","items_purchased":["HollowMod:WraithStrike","HollowMod:BlackTendrils"],"campfire_rested":0,"item_purchase_floors":[11,11],"current_hp_per_floor":[72,72,72,72,72,72,72,72,72,56,56,54,43,34,34,0,0],"gold":157,"neow_bonus":"THREE_ENEMY_KILL","is_daily":false,"chose_seed":false,"campfire_upgraded":3,"win_rate":0.0,"timestamp":1610755478,"path_taken":["M","?","M","?","M","R","?","R","T","M","$","?","M","?","R","BOSS"],"items_purchased_type":["Card","Card"],"build_version":"2020-12-22","purchased_purges":0,"victory":false,"max_hp_per_floor":[75,75,75,75,75,75,75,75,75,75,75,75,75,75,75,75,75],"card_choices":[{"not_picked":["HollowMod:MothsMistake","HollowMod:NewJinnsSoul"],"picked":"HollowMod:SharpenedShadows","floor":1},{"not_picked":["HollowMod:MantisMark","HollowMod:RecoilStrike"],"picked":"HollowMod:SiblingsShadow","floor":3},{"not_picked":["HollowMod:TaintedHusks","HollowMod:LifebloodCocoon"],"picked":"HollowMod:MonarchWings","floor":5},{"not_picked":["HollowMod:InfectedCysts","HollowMod:HeavyBlow"],"picked":"HollowMod:NewLittleFool","floor":10},{"not_picked":["HollowMod:ChannelNail","HollowMod:GrimmsGift"],"picked":"HollowMod:SiblingsShadow","floor":12},{"not_picked":["HollowMod:MawleksShell","HollowMod:ShapeofUnn"],"picked":"HollowMod:PerfectDash","floor":13}],"player_experience":40267,"relics_obtained":[{"floor":9,"key":"Bird Faced Urn"}],"event_choices":[],"is_beta":false,"boss_relics":[],"items_purged_floors":[],"is_endless":false,"potions_floor_spawned":[1,3,13],"killed_by":"Hallownest:BossHornet","ascension_level":0}}