{"host":"2tgyrzvaa7l04o2e","time":1610809118,"event":{"mods":["BaseMod","Highlight Path","Minty Spire (QoL Compilation)","Permanent Neow","Relic Stats"],"gold_per_floor":[362,377,206,224,242,267,288,320,346,372,410,422,453,497,509,616,628,660,476,494,494,506,532,532,562,588,688,721,721,394,394,394],"floor_reached":31,"language":"ENG","playtime":1902,"items_purged":["Defend_P","CarveReality","ForeignInfluence"],"score":630,"play_id":"26493ebb-3304-4798-9a81-39fc4bb51896","local_time":"20210116155838","is_ascension_mode":true,"campfire_choices":[{"data":"Eruption","floor":12,"key":"SMITH"},{"data":"Conclude","floor":15,"key":"SMITH"},{"data":"Vault","floor":24,"key":"SMITH"}],"circlet_count":0,"master_deck":["Eruption+1","Vigilance","Consecrate","EmptyMind","Dramatic Entrance","CrushJoints","CutThroughFate+1","EmptyBody","EmptyBody","Conclude+1","Evaluate","Halt","Vault+1","WheelKick","Evaluate","Tantrum","BowlingBash","Weave","MentalFortress+1","Wireheading","CutThroughFate","EmptyMind","ClearTheMind+1"],"relics":["PureWater","Du-Vu Doll","Odd Mushroom","Smiling Mask","MawBank","Whetstone","Prayer Wheel","Pandora\u0027s Box","Medical Kit","Nilry\u0027s Codex","Strawberry","Shuriken","Calipers","Pear","Eternal Feather","PrismaticShard"],"acts_visited":["Exordium","TheCity"],"potions_floor_usage":[8,8,11,16,25,25,25,28,31,31],"damage_taken":[{"damage":0,"enemies":"Cultist","floor":1,"turns":3},{"damage":0,"enemies":"Jaw Worm","floor":2,"turns":3},{"damage":0,"enemies":"Small Slimes","floor":4,"turns":2},{"damage":8,"enemies":"3 Louse","floor":5,"turns":2},{"damage":32,"enemies":"Gremlin Nob","floor":6,"turns":3},{"damage":0,"enemies":"The Mushroom Lair","floor":7,"turns":2},{"damage":2,"enemies":"3 Sentries","floor":8,"turns":6},{"damage":0,"enemies":"2 Fungi Beasts","floor":10,"turns":3},{"damage":33,"enemies":"Lagavulin","floor":11,"turns":8},{"damage":1,"enemies":"Blue Slaver","floor":13,"turns":2},{"damage":0,"enemies":"3 Sentries","floor":14,"turns":3},{"damage":0,"enemies":"Slime Boss","floor":16,"turns":6},{"damage":4,"enemies":"Shell Parasite","floor":18,"turns":4},{"damage":0,"enemies":"Chosen","floor":20,"turns":3},{"damage":0,"enemies":"3 Cultists","floor":22,"turns":2},{"damage":10,"enemies":"Gremlin Leader","floor":23,"turns":5},{"damage":0,"enemies":"Slavers","floor":25,"turns":5},{"damage":8,"enemies":"Colosseum Slavers","floor":27,"turns":3},{"damage":6,"enemies":"Colosseum Nobs","floor":27,"turns":3},{"damage":0,"enemies":"Gremlin Leader","floor":28,"turns":3},{"damage":16,"enemies":"Shelled Parasite and Fungi","floor":31,"turns":6}],"seed_played":"-1938651659537542244","potions_obtained":[{"floor":2,"key":"Regen Potion"},{"floor":4,"key":"Regen Potion"},{"floor":8,"key":"SpeedPotion"},{"floor":10,"key":"PowerPotion"},{"floor":14,"key":"SkillPotion"},{"floor":16,"key":"DuplicationPotion"},{"floor":22,"key":"AttackPotion"},{"floor":23,"key":"SkillPotion"},{"floor":27,"key":"PowerPotion"}],"is_trial":false,"path_per_floor":["M","M","$","M","M","E","?","E","T","M","E","R","M","E","R","B",null,"M","$","M","?","M","E","R","E","T","?","E","?","$","M"],"character_chosen":"WATCHER","items_purchased":["Dramatic Entrance","Medical Kit","PrismaticShard","DuplicationPotion","AttackPotion"],"campfire_rested":0,"item_purchase_floors":[3,19,30,30,30],"current_hp_per_floor":[65,65,65,65,57,25,25,63,63,63,30,30,29,29,29,29,56,52,52,52,36,36,33,33,33,33,29,29,13,13,0,0],"gold":394,"neow_bonus":"TWO_FIFTY_GOLD","is_daily":false,"chose_seed":false,"campfire_upgraded":3,"win_rate":0.0,"timestamp":1610809118,"path_taken":["M","M","$","?","M","E","?","E","T","M","E","R","M","E","R","BOSS","M","$","M","?","M","E","R","E","T","?","E","?","$","M"],"items_purchased_type":["Card","Relic","Relic","Potion","Potion"],"build_version":"2020-12-22","purchased_purges":3,"victory":false,"max_hp_per_floor":[65,65,65,65,65,65,65,65,65,65,65,65,65,65,65,65,65,65,65,65,65,65,72,72,72,72,82,82,87,87,87,87],"relic_stats":{"counters":[21,77],"Shuriken":[8],"Prayer Wheel":3,"Pandora\u0027s Box":["WheelKick","Evaluate","Tantrum","BowlingBash","CarveReality","ForeignInfluence","Weave"],"Eternal Feather":0,"Whetstone":["CutThroughFate","Strike_P"],"Smiling Mask":125,"MawBank":120,"Medical Kit":[0],"obtain_stats":[{"Calipers":27,"Pear":27,"Nilry\u0027s Codex":21,"Eternal Feather":28,"Whetstone":11,"Odd Mushroom":7,"Smiling Mask":8,"MawBank":9,"Medical Kit":19,"PrismaticShard":30,"Du-Vu Doll":6,"Shuriken":25,"Strawberry":23,"Prayer Wheel":14,"Pandora\u0027s Box":17,"PureWater":0},{"Calipers":19,"Pear":19,"Nilry\u0027s Codex":14,"Eternal Feather":20,"Whetstone":9,"Odd Mushroom":6,"Smiling Mask":7,"MawBank":7,"Medical Kit":13,"PrismaticShard":20,"Du-Vu Doll":5,"Shuriken":17,"Strawberry":16,"Prayer Wheel":11,"Pandora\u0027s Box":12,"PureWater":0},{"Calipers":68,"Pear":68,"Nilry\u0027s Codex":50,"Eternal Feather":71,"Whetstone":32,"Odd Mushroom":15,"Smiling Mask":21,"MawBank":21,"Medical Kit":47,"PrismaticShard":71,"Du-Vu Doll":13,"Shuriken":62,"Strawberry":57,"Prayer Wheel":37,"Pandora\u0027s Box":43,"PureWater":0}]},"card_choices":[{"not_picked":["FollowUp","JustLucky"],"picked":"Consecrate","floor":1},{"not_picked":["JustLucky","PathToVictory"],"picked":"EmptyMind","floor":2},{"not_picked":["Consecrate","Swivel"],"picked":"CrushJoints","floor":4},{"not_picked":["Consecrate","MasterReality"],"picked":"CutThroughFate","floor":5},{"not_picked":["JustLucky","CrushJoints"],"picked":"EmptyBody","floor":6},{"not_picked":["PathToVictory","Crescendo"],"picked":"EmptyBody","floor":7},{"not_picked":["CrushJoints","MasterReality"],"picked":"Conclude","floor":8},{"not_picked":["BowlingBash","CrushJoints"],"picked":"Evaluate","floor":10},{"not_picked":["BowlingBash","Alpha","Consecrate"],"picked":"SKIP","floor":11},{"not_picked":["SashWhip","ClearTheMind"],"picked":"Halt","floor":13},{"not_picked":["Prostrate","Alpha","JustLucky"],"picked":"SKIP","floor":14},{"not_picked":["Establishment","Blasphemy"],"picked":"Vault","floor":16},{"not_picked":["Evaluate+1","EmptyFist"],"picked":"MentalFortress+1","floor":18},{"not_picked":["Pray","WreathOfFlame"],"picked":"Wireheading","floor":18},{"not_picked":["SashWhip","Indignation"],"picked":"CutThroughFate","floor":20},{"not_picked":["FollowUp","Evaluate","Vengeance"],"picked":"SKIP","floor":20},{"not_picked":["Wireheading+1","InnerPeace"],"picked":"EmptyMind","floor":22},{"not_picked":["Blasphemy","PathToVictory"],"picked":"ClearTheMind+1","floor":22},{"not_picked":["Prostrate","Conclude","Study"],"picked":"SKIP","floor":23},{"not_picked":["EmptyMind","Halt","JustLucky"],"picked":"SKIP","floor":25},{"not_picked":["SashWhip","Pray","Worship+1"],"picked":"SKIP","floor":28}],"player_experience":598846,"relics_obtained":[{"floor":6,"key":"Du-Vu Doll"},{"floor":7,"key":"Odd Mushroom"},{"floor":8,"key":"Smiling Mask"},{"floor":9,"key":"MawBank"},{"floor":11,"key":"Whetstone"},{"floor":14,"key":"Prayer Wheel"},{"floor":21,"key":"Nilry\u0027s Codex"},{"floor":23,"key":"Strawberry"},{"floor":25,"key":"Shuriken"},{"floor":27,"key":"Calipers"},{"floor":27,"key":"Pear"},{"floor":28,"key":"Eternal Feather"}],"event_choices":[{"damage_healed":0,"gold_gain":0,"player_choice":"Fought Mushrooms","damage_taken":0,"max_hp_gain":0,"max_hp_loss":0,"event_name":"Mushrooms","floor":7,"gold_loss":0},{"damage_healed":0,"gold_gain":0,"player_choice":"Obtained Book","damage_taken":16,"max_hp_gain":0,"max_hp_loss":0,"event_name":"Cursed Tome","floor":21,"gold_loss":0},{"damage_healed":0,"gold_gain":0,"player_choice":"Fight","damage_taken":0,"max_hp_gain":0,"max_hp_loss":0,"event_name":"Colosseum","floor":27,"gold_loss":0},{"damage_healed":0,"gold_gain":0,"player_choice":"Fought Nobs","damage_taken":0,"max_hp_gain":0,"max_hp_loss":0,"event_name":"Colosseum","floor":27,"gold_loss":0},{"damage_healed":0,"gold_gain":0,"player_choice":"Shed Blood","damage_taken":21,"max_hp_gain":5,"max_hp_loss":0,"event_name":"Forgotten Altar","floor":29,"gold_loss":0}],"is_beta":false,"boss_relics":[{"not_picked":["Fusion Hammer","Runic Dome"],"picked":"Pandora\u0027s Box"}],"items_purged_floors":[3,19,30],"is_endless":false,"potions_floor_spawned":[2,4,8,10,14,16,22,23,27],"killed_by":"Shelled Parasite and Fungi","ascension_level":7}}