{"host":"6r3ioyv75hs1gp74","time":1610780794,"event":{"mods":["AchievementEnabler","Act Like it!","BaseMod","Better Sensory Stone","Better Third Choice","Block Reminder","Colored Map","Colored Powertips","Curses Come First","Minty Spire (QoL Compilation)","StSLib"],"gold_per_floor":[117,133,4,15,35,69,69,69,69,79,114,114,25,39,39,138,138,157,173,173,173,153,186,35,35,35,35,54,73,73,73,73,73,73],"floor_reached":33,"language":"ENG","playtime":2209,"items_purged":["Strike_R"],"score":303,"play_id":"570a7b58-83a7-4c22-b715-a20936f4c097","local_time":"20210116070634","is_ascension_mode":true,"campfire_choices":[{"data":"Whirlwind","floor":7,"key":"SMITH"},{"data":"Infernal Blade","floor":12,"key":"SMITH"},{"data":"Blood for Blood","floor":15,"key":"SMITH"},{"floor":25,"key":"REST"},{"floor":32,"key":"REST"}],"circlet_count":0,"master_deck":["Strike_R+1","Strike_R+1","Strike_R+1","Strike_R+1","Defend_R+1","Defend_R+1","Defend_R+1","Defend_R+1","Bash","Whirlwind+1","Armaments+1","Warcry","Shockwave","Infernal Blade+1","Inflame","Iron Wave","Anger","Blood for Blood+1","Evolve","Immolate","True Grit","Iron Wave+1","J.A.X.","Spot Weakness","Ghostly Armor+1","Shrug It Off","Shame"],"relics":["Burning Blood","Gambling Chip","Kunai","Bottled Lightning","Black Star","PreservedInsect","Strawberry","Bag of Marbles","Ginger","Paper Frog"],"acts_visited":["Exordium","TheCity"],"potions_floor_usage":[5,16,16,16,23,29,31,33,33],"damage_taken":[{"damage":3,"enemies":"Jaw Worm","floor":1,"turns":5},{"damage":0,"enemies":"2 Louse","floor":2,"turns":1},{"damage":0,"enemies":"Small Slimes","floor":4,"turns":3},{"damage":17,"enemies":"Gremlin Gang","floor":5,"turns":3},{"damage":27,"enemies":"Gremlin Nob","floor":6,"turns":5},{"damage":6,"enemies":"Looter","floor":10,"turns":3},{"damage":7,"enemies":"Lagavulin","floor":11,"turns":6},{"damage":3,"enemies":"Exordium Wildlife","floor":14,"turns":3},{"damage":19,"enemies":"The Guardian","floor":16,"turns":6},{"damage":7,"enemies":"Chosen","floor":18,"turns":4},{"damage":0,"enemies":"3 Byrds","floor":19,"turns":3},{"damage":67,"enemies":"Gremlin Leader","floor":23,"turns":7},{"damage":20,"enemies":"Snecko","floor":28,"turns":4},{"damage":26,"enemies":"Shelled Parasite and Fungi","floor":29,"turns":4},{"damage":16,"enemies":"Colosseum Slavers","floor":31,"turns":4},{"damage":62,"enemies":"Champ","floor":33,"turns":9}],"seed_played":"-7066680125031788078","potions_obtained":[{"floor":1,"key":"Swift Potion"},{"floor":10,"key":"LiquidBronze"},{"floor":11,"key":"ColorlessPotion"},{"floor":16,"key":"Strength Potion"},{"floor":19,"key":"AttackPotion"},{"floor":22,"key":"CultistPotion"},{"floor":28,"key":"Weak Potion"},{"floor":29,"key":"Swift Potion"}],"is_trial":false,"path_per_floor":["M","M","$","M","M","E","R","?","T","M","E","R","$","M","R","B",null,"M","M","?","?","?","E","$","R","T","$","M","M","?","?","R","B"],"character_chosen":"IRONCLAD","items_purchased":["Warcry","Blood for Blood","PowerPotion","Bag of Marbles"],"campfire_rested":2,"item_purchase_floors":[3,13,13,24],"current_hp_per_floor":[59,65,65,71,60,39,39,39,39,39,38,38,38,41,41,28,80,79,80,80,80,80,26,26,52,52,52,38,18,18,8,34,0,0],"gold":73,"neow_bonus":"ONE_RARE_RELIC","is_daily":false,"chose_seed":false,"campfire_upgraded":3,"win_rate":0.0,"timestamp":1610780794,"path_taken":["M","M","$","M","M","E","R","?","T","M","E","R","$","M","R","BOSS","M","M","?","?","?","E","$","R","T","$","?","M","?","?","R","BOSS"],"items_purchased_type":["Card","Card","Potion","Relic"],"build_version":"2020-12-22","purchased_purges":1,"victory":false,"max_hp_per_floor":[80,80,80,80,80,80,80,80,80,80,80,80,80,80,80,80,80,80,80,80,80,80,87,87,87,87,87,87,87,87,87,87,87,87],"card_choices":[{"not_picked":["Cleave","Warcry"],"picked":"Whirlwind","floor":1},{"not_picked":["Feel No Pain","Cleave"],"picked":"Armaments","floor":2},{"not_picked":["Battle Trance","Warcry"],"picked":"Shockwave","floor":4},{"not_picked":["Entrench","Flex"],"picked":"Infernal Blade","floor":5},{"not_picked":["Infernal Blade","Sword Boomerang"],"picked":"Inflame","floor":6},{"not_picked":["Wild Strike","Clash"],"picked":"Iron Wave","floor":10},{"not_picked":["Shockwave","Clash"],"picked":"Anger","floor":11},{"not_picked":["Warcry","Heavy Blade"],"picked":"Evolve","floor":14},{"not_picked":["Brutality","Impervious"],"picked":"Immolate","floor":16},{"not_picked":["Shockwave","Twin Strike"],"picked":"True Grit","floor":18},{"not_picked":["Uppercut","Perfected Strike+1"],"picked":"Iron Wave+1","floor":19},{"not_picked":["Twin Strike+1","Cleave"],"picked":"Spot Weakness","floor":23},{"not_picked":["Entrench","Intimidate"],"picked":"Ghostly Armor+1","floor":28},{"not_picked":["Sword Boomerang","Infernal Blade"],"picked":"Shrug It Off","floor":29}],"player_experience":81432,"relics_obtained":[{"floor":6,"key":"Kunai"},{"floor":11,"key":"Bottled Lightning"},{"floor":23,"key":"PreservedInsect"},{"floor":23,"key":"Strawberry"},{"floor":26,"key":"Ginger"}],"event_choices":[{"damage_healed":0,"gold_gain":0,"player_choice":"Grow","damage_taken":0,"max_hp_gain":0,"max_hp_loss":0,"event_name":"Living Wall","floor":8,"gold_loss":0,"cards_upgraded":["Armaments"]},{"damage_healed":0,"gold_gain":0,"player_choice":"Simplicity","damage_taken":0,"max_hp_gain":0,"max_hp_loss":8,"event_name":"betterThird:BetterWriting","floor":20,"gold_loss":0},{"damage_healed":0,"gold_gain":0,"player_choice":"Obtain J.A.X.","damage_taken":0,"max_hp_gain":0,"max_hp_loss":0,"event_name":"Drug Dealer","floor":21,"gold_loss":0,"cards_obtained":["J.A.X."]},{"damage_healed":0,"gold_gain":0,"player_choice":"Bought 1 Potion","damage_taken":0,"max_hp_gain":0,"max_hp_loss":0,"event_name":"The Woman in Blue","floor":22,"gold_loss":0},{"damage_healed":0,"gold_gain":0,"player_choice":"Stole Relic","damage_taken":0,"relics_obtained":["Paper Frog"],"max_hp_gain":0,"max_hp_loss":0,"event_name":"Addict","floor":30,"gold_loss":0,"cards_obtained":["Shame"]},{"damage_healed":0,"gold_gain":0,"player_choice":"Fight","damage_taken":0,"max_hp_gain":0,"max_hp_loss":0,"event_name":"Colosseum","floor":31,"gold_loss":0},{"damage_healed":0,"gold_gain":0,"player_choice":"Fled From Nobs","damage_taken":0,"max_hp_gain":0,"max_hp_loss":0,"event_name":"Colosseum","floor":31,"gold_loss":0}],"is_beta":false,"boss_relics":[{"not_picked":["Snecko Eye","Pandora\u0027s Box"],"picked":"Black Star"}],"items_purged_floors":[3],"is_endless":false,"potions_floor_spawned":[1,10,11,14,16,19,28,29,31],"killed_by":"Champ","ascension_level":2}}