{"host":"i7jfea87xc8lz16p","time":1610815796,"event":{"mods":["AchievementEnabler","BaseMod","Colored Powertips","Minty Spire (QoL Compilation)","Relic Stats"],"gold_per_floor":[113,126,138,156,156,156,184,184,184,194,194,214,242,260,260,338,338,351,276,276,296,296,296,58,71,71,18,18,43,67,67,67,139,139,159,159,159],"floor_reached":36,"language":"ENG","playtime":1293,"items_purged":["Strike_R"],"score":859,"play_id":"5072fc6b-aaf7-4421-80d9-f3268d826e88","local_time":"20210116174956","is_ascension_mode":true,"campfire_choices":[{"data":"Bash","floor":6,"key":"SMITH"},{"floor":8,"key":"REST"},{"data":"Carnage","floor":11,"key":"SMITH"},{"floor":15,"key":"REST"},{"data":"Disarm","floor":23,"key":"SMITH"},{"data":"Cleave","floor":28,"key":"SMITH"},{"floor":32,"key":"REST"}],"circlet_count":0,"master_deck":["AscendersBane","Defend_R","Defend_R","Defend_R","Defend_R","Bash+1","Cleave+1","Flame Barrier","Disarm+1","Carnage+1","Shrug It Off","True Grit","Impervious","Headbutt","Anger","Bite","Bite","Bite","Bite","Bite","Exhume"],"relics":["Philosopher\u0027s Stone","HornCleat","Ice Cream","Unceasing Top","Busted Crown","ClockworkSouvenir","Question Card","Tiny Chest","Ancient Tea Set","SacredBark"],"acts_visited":["Exordium","TheCity","TheBeyond"],"potions_floor_usage":[7,13,16,33],"damage_taken":[{"damage":7,"enemies":"2 Louse","floor":1,"turns":3},{"damage":6,"enemies":"Jaw Worm","floor":2,"turns":3},{"damage":0,"enemies":"Cultist","floor":3,"turns":3},{"damage":3,"enemies":"Large Slime","floor":4,"turns":7},{"damage":32,"enemies":"Lagavulin","floor":7,"turns":8},{"damage":6,"enemies":"Exordium Wildlife","floor":10,"turns":5},{"damage":0,"enemies":"3 Louse","floor":12,"turns":3},{"damage":0,"enemies":"Gremlin Nob","floor":13,"turns":3},{"damage":0,"enemies":"2 Fungi Beasts","floor":14,"turns":3},{"damage":15,"enemies":"Slime Boss","floor":16,"turns":7},{"damage":20,"enemies":"Shell Parasite","floor":18,"turns":4},{"damage":0,"enemies":"Spheric Guardian","floor":21,"turns":3},{"damage":5,"enemies":"Chosen and Byrds","floor":25,"turns":6},{"damage":7,"enemies":"Book of Stabbing","floor":29,"turns":5},{"damage":41,"enemies":"Collector","floor":33,"turns":10},{"damage":0,"enemies":"Orb Walker","floor":35,"turns":3},{"damage":61,"enemies":"3 Shapes","floor":36,"turns":11}],"seed_played":"8282166647040700824","potions_obtained":[{"floor":3,"key":"Block Potion"},{"floor":10,"key":"FairyPotion"},{"floor":12,"key":"Regen Potion"},{"floor":13,"key":"AttackPotion"},{"floor":21,"key":"FearPotion"},{"floor":33,"key":"Ancient Potion"}],"is_trial":false,"path_per_floor":["M","M","M","M","?","R","E","R","T","M","R","M","E","M","R","B",null,"M","?","?","M","?","R","$","M","T","$","R","E","T","?","R","B",null,"M","M"],"character_chosen":"IRONCLAD","items_purchased":["ClockworkSouvenir","BloodPotion"],"campfire_rested":3,"item_purchase_floors":[24,27],"current_hp_per_floor":[61,55,55,52,52,52,20,42,42,36,36,36,45,45,67,52,69,49,49,49,49,49,49,49,44,44,44,44,37,37,37,52,33,47,52,0,0],"gold":159,"neow_bonus":"BOSS_RELIC","is_daily":false,"chose_seed":false,"campfire_upgraded":4,"win_rate":0.0,"timestamp":1610815796,"path_taken":["M","M","M","M","?","R","E","R","T","M","R","M","E","M","R","BOSS","M","?","?","?","?","R","$","M","T","$","R","E","?","?","R","BOSS","M","M"],"items_purchased_type":["Relic","Potion"],"build_version":"2020-12-22","purchased_purges":1,"victory":false,"max_hp_per_floor":[75,75,75,75,75,75,75,75,75,75,75,75,75,75,75,75,75,75,75,75,75,75,75,75,75,75,75,75,75,75,52,52,52,52,52,52,52],"relic_stats":{"Busted Crown":12,"counters":[17,87],"Tiny Chest":0,"Question Card":3,"obtain_stats":[{"Ice Cream":9,"HornCleat":7,"Busted Crown":17,"SacredBark":34,"Philosopher\u0027s Stone":0,"Tiny Chest":29,"Question Card":26,"Ancient Tea Set":30,"Burning Blood":0,"Unceasing Top":13,"ClockworkSouvenir":24},{"Ice Cream":5,"HornCleat":5,"Busted Crown":10,"SacredBark":15,"Philosopher\u0027s Stone":0,"Tiny Chest":14,"Question Card":13,"Ancient Tea Set":14,"Burning Blood":0,"Unceasing Top":8,"ClockworkSouvenir":12},{"Ice Cream":24,"HornCleat":24,"Busted Crown":45,"SacredBark":73,"Philosopher\u0027s Stone":0,"Tiny Chest":63,"Question Card":58,"Ancient Tea Set":63,"Burning Blood":0,"Unceasing Top":35,"ClockworkSouvenir":52}],"Unceasing Top":[19]},"card_choices":[{"not_picked":["True Grit","Rampage"],"picked":"Cleave","floor":1},{"not_picked":["Disarm","Body Slam"],"picked":"Flame Barrier","floor":2},{"not_picked":["Sword Boomerang","Rupture","Havoc"],"picked":"SKIP","floor":3},{"not_picked":["Clash","Heavy Blade"],"picked":"Disarm","floor":4},{"not_picked":["Berserk","Dropkick","Wild Strike"],"picked":"SKIP","floor":7},{"not_picked":["Perfected Strike","Thunderclap"],"picked":"Carnage","floor":10},{"not_picked":["Heavy Blade","Dark Embrace","Armaments"],"picked":"SKIP","floor":12},{"not_picked":["Limit Break","Rage"],"picked":"Shrug It Off","floor":13},{"not_picked":["Searing Blow","Heavy Blade"],"picked":"True Grit","floor":14},{"not_picked":["Immolate","Corruption"],"picked":"Impervious","floor":16},{"not_picked":[],"picked":"Headbutt","floor":18},{"not_picked":["Flex"],"picked":"SKIP","floor":21},{"not_picked":["Warcry"],"picked":"SKIP","floor":25},{"not_picked":["Pummel","Perfected Strike"],"picked":"SKIP","floor":29},{"not_picked":["Impervious"],"picked":"Exhume","floor":33},{"not_picked":["Clash","Perfected Strike+1"],"picked":"SKIP","floor":35}],"player_experience":1782758,"relics_obtained":[{"floor":7,"key":"HornCleat"},{"floor":9,"key":"Ice Cream"},{"floor":13,"key":"Unceasing Top"},{"floor":26,"key":"Question Card"},{"floor":29,"key":"Tiny Chest"},{"floor":30,"key":"Ancient Tea Set"}],"event_choices":[{"damage_healed":0,"gold_gain":0,"player_choice":"Ignored","damage_taken":0,"max_hp_gain":0,"max_hp_loss":0,"event_name":"Shining Light","floor":5,"gold_loss":0},{"cards_removed":["Strike_R"],"damage_healed":0,"gold_gain":0,"player_choice":"Gave Gold","damage_taken":0,"max_hp_gain":0,"max_hp_loss":0,"event_name":"Beggar","floor":19,"gold_loss":75},{"damage_healed":0,"gold_gain":0,"player_choice":"Ignored","damage_taken":0,"max_hp_gain":0,"max_hp_loss":0,"event_name":"N\u0027loth","floor":20,"gold_loss":0},{"damage_healed":0,"gold_gain":0,"player_choice":"Read","damage_taken":0,"max_hp_gain":0,"max_hp_loss":0,"event_name":"The Library","floor":22,"gold_loss":0,"cards_obtained":["Anger"]},{"damage_healed":0,"gold_gain":0,"player_choice":"Became a vampire","damage_taken":0,"max_hp_gain":0,"max_hp_loss":23,"event_name":"Vampires","floor":31,"gold_loss":0,"cards_obtained":["Bite","Bite","Bite","Bite","Bite"]}],"is_beta":false,"boss_relics":[{"not_picked":["Empty Cage","Pandora\u0027s Box"],"picked":"Busted Crown"},{"not_picked":["Runic Cube","Astrolabe"],"picked":"SacredBark"}],"items_purged_floors":[24],"is_endless":false,"potions_floor_spawned":[3,10,12,13,14,21,33],"killed_by":"3 Shapes","ascension_level":20}}