{"host":"z9811rt50ti81n54","time":1610787557,"event":{"mods":["BaseMod","Better Match","Better Skull","Better Third Choice","Minty Spire (QoL Compilation)","Permanent Neow","StSLib","SuperFastMode"],"gold_per_floor":[111,286,298,14,14,14,31,45,45,9,9,9,29,82,82,181,181,195,210,26,26,26,26,36,36,60,95,108,138,38,38,38,137,137,149,24,43,56,56,88,88,102,102,102,102,114,114,128,128,128],"floor_reached":51,"language":"ENG","playtime":1515,"items_purged":["Doubt","Strike_P","Fasting2+1"],"score":830,"play_id":"da264721-549d-4231-acef-d5712d236edd","local_time":"20210116175917","is_ascension_mode":false,"campfire_choices":[{"data":"Eruption","floor":6,"key":"SMITH"},{"data":"Meditate","floor":12,"key":"SMITH"},{"data":"Wallop","floor":15,"key":"SMITH"},{"data":"Study","floor":23,"key":"SMITH"},{"data":"Adaptation","floor":25,"key":"SMITH"},{"floor":32,"key":"REST"},{"floor":41,"key":"REST"},{"floor":44,"key":"REST"},{"data":"InnerPeace","floor":47,"key":"SMITH"},{"data":"ThirdEye","floor":49,"key":"SMITH"}],"circlet_count":0,"master_deck":["Defend_P","Defend_P","Eruption+1","Vigilance","BowlingBash+1","Adaptation+1","Wallop+1","InnerPeace+1","ThirdEye+1","Meditate+1","TalkToTheHand+1","Brilliance+1","Protect+1","Study+1","Collect+1","ThirdEye+1","LessonLearned+1","Fasting2+1","Vengeance+1","Sanctity+1","ForeignInfluence+1"],"relics":["Busted Crown","Dead Branch","CloakClasp","Sozu","OrangePellets","PreservedInsect","Potion Belt","Shuriken","Astrolabe","Strawberry","Mummified Hand"],"acts_visited":["Exordium","TheCity","TheBeyond"],"potions_floor_usage":[50],"damage_taken":[{"damage":0,"enemies":"2 Louse","floor":1,"turns":2},{"damage":8,"enemies":"Jaw Worm","floor":3,"turns":4},{"damage":0,"enemies":"Small Slimes","floor":7,"turns":3},{"damage":1,"enemies":"2 Fungi Beasts","floor":8,"turns":2},{"damage":3,"enemies":"Blue Slaver","floor":13,"turns":3},{"damage":0,"enemies":"Slime Boss","floor":16,"turns":6},{"damage":0,"enemies":"2 Thieves","floor":18,"turns":3},{"damage":0,"enemies":"Chosen","floor":19,"turns":3},{"damage":18,"enemies":"Snake Plant","floor":24,"turns":3},{"damage":25,"enemies":"Slavers","floor":27,"turns":4},{"damage":0,"enemies":"Centurion and Healer","floor":28,"turns":5},{"damage":0,"enemies":"Book of Stabbing","floor":29,"turns":4},{"damage":0,"enemies":"Automaton","floor":33,"turns":5},{"damage":2,"enemies":"3 Darklings","floor":35,"turns":4},{"damage":0,"enemies":"3 Shapes","floor":37,"turns":4},{"damage":0,"enemies":"3 Darklings","floor":38,"turns":3},{"damage":20,"enemies":"Nemesis","floor":40,"turns":3},{"damage":19,"enemies":"Jaw Worm Horde","floor":42,"turns":2},{"damage":0,"enemies":"Maw","floor":46,"turns":3},{"damage":0,"enemies":"Writhing Mass","floor":48,"turns":4},{"damage":19,"enemies":"Time Eater","floor":50,"turns":5}],"seed_played":"1522896376873164483","potions_obtained":[{"floor":7,"key":"SpeedPotion"}],"is_trial":false,"path_per_floor":["M","?","M","$","?","R","M","M","T","$","?","R","M","?","R","B",null,"M","M","$","?","?","R","M","R","T","E","M","E","$","?","R","B",null,"M","$","M","M","?","E","R","M","T","R","?","M","R","M","R","B",null],"character_chosen":"WATCHER","items_purchased":["Wallop","InnerPeace","ThirdEye","Meditate","OrangePellets","Study"],"campfire_rested":3,"item_purchase_floors":[4,4,4,10,20,20],"current_hp_per_floor":[72,72,64,64,50,50,50,49,49,49,31,31,28,28,28,28,72,72,72,72,72,59,59,41,41,41,16,16,16,16,16,39,39,77,75,75,75,75,75,62,84,65,65,84,84,84,84,84,84,65],"gold":128,"neow_bonus":"BOSS_RELIC","is_daily":false,"chose_seed":false,"campfire_upgraded":7,"win_rate":0.0,"timestamp":1610787557,"path_taken":["M","?","M","$","?","R","M","M","T","$","?","R","M","?","R","BOSS","M","M","$","?","?","R","M","R","T","E","M","E","$","?","R","BOSS","M","$","M","M","?","E","R","M","T","R","?","M","R","?","R","BOSS"],"items_purchased_type":["Card","Card","Card","Card","Relic","Card"],"build_version":"2020-12-22","purchased_purges":3,"victory":true,"max_hp_per_floor":[72,72,72,72,72,72,72,72,72,72,72,72,72,72,72,72,72,72,72,72,72,77,77,77,77,77,77,77,77,77,77,77,77,77,77,77,77,77,77,84,84,84,84,84,84,84,84,84,84,84],"card_choices":[{"not_picked":[],"picked":"BowlingBash","floor":1},{"not_picked":[],"picked":"Adaptation","floor":3},{"not_picked":["Prostrate"],"picked":"SKIP","floor":7},{"not_picked":["Prostrate"],"picked":"SKIP","floor":8},{"not_picked":[],"picked":"TalkToTheHand","floor":13},{"not_picked":[],"picked":"Brilliance","floor":16},{"not_picked":["FollowUp"],"picked":"SKIP","floor":18},{"not_picked":[],"picked":"Protect+1","floor":19},{"not_picked":["SashWhip"],"picked":"SKIP","floor":24},{"not_picked":[],"picked":"Collect+1","floor":27},{"not_picked":["JustLucky+1"],"picked":"SKIP","floor":28},{"not_picked":["FlyingSleeves+1"],"picked":"SKIP","floor":29},{"not_picked":["FlurryOfBlows"],"picked":"SKIP","floor":35},{"not_picked":[],"picked":"Sanctity+1","floor":37},{"not_picked":["Nirvana+1"],"picked":"SKIP","floor":38},{"not_picked":[],"picked":"ForeignInfluence+1","floor":40},{"not_picked":["CrushJoints"],"picked":"SKIP","floor":42},{"not_picked":["Swivel+1"],"picked":"SKIP","floor":46},{"not_picked":["WindmillStrike+1"],"picked":"SKIP","floor":48}],"player_experience":386289,"relics_obtained":[{"floor":9,"key":"Dead Branch"},{"floor":26,"key":"PreservedInsect"},{"floor":27,"key":"Potion Belt"},{"floor":29,"key":"Shuriken"},{"floor":40,"key":"Strawberry"},{"floor":43,"key":"Mummified Hand"}],"event_choices":[{"damage_healed":0,"gold_gain":175,"player_choice":"AGREE","damage_taken":0,"max_hp_gain":0,"max_hp_loss":0,"event_name":"Liars Game","floor":2,"gold_loss":0,"cards_obtained":["Doubt"]},{"damage_healed":0,"gold_gain":0,"player_choice":"Entered Light","damage_taken":14,"max_hp_gain":0,"max_hp_loss":0,"event_name":"Shining Light","floor":5,"gold_loss":0,"cards_upgraded":["ThirdEye","BowlingBash"]},{"damage_healed":0,"gold_gain":0,"player_choice":"Success","damage_taken":18,"relics_obtained":["CloakClasp"],"max_hp_gain":0,"max_hp_loss":0,"event_name":"Scrap Ooze","floor":11,"gold_loss":0},{"damage_healed":0,"gold_gain":53,"player_choice":"Gained Gold","damage_taken":0,"max_hp_gain":0,"max_hp_loss":0,"event_name":"Golden Wing","floor":14,"gold_loss":0},{"damage_healed":0,"gold_gain":0,"player_choice":"Ignored","damage_taken":0,"max_hp_gain":0,"max_hp_loss":0,"event_name":"Vampires","floor":21,"gold_loss":0},{"damage_healed":0,"gold_gain":0,"player_choice":"Shed Blood","damage_taken":18,"max_hp_gain":5,"max_hp_loss":0,"event_name":"Forgotten Altar","floor":22,"gold_loss":0},{"damage_healed":0,"gold_gain":0,"cards_transformed":["Strike_P","Strike_P"],"player_choice":"Became Test Subject","damage_taken":0,"max_hp_gain":0,"max_hp_loss":0,"event_name":"Drug Dealer","floor":31,"gold_loss":0,"cards_obtained":["ThirdEye","LessonLearned"]},{"damage_healed":0,"gold_gain":0,"player_choice":"Ignored","damage_taken":0,"max_hp_gain":0,"max_hp_loss":0,"event_name":"Mysterious Sphere","floor":39,"gold_loss":0},{"damage_healed":0,"gold_gain":0,"player_choice":"Forge","damage_taken":0,"max_hp_gain":0,"max_hp_loss":0,"event_name":"Accursed Blacksmith","floor":45,"gold_loss":0,"cards_upgraded":["TalkToTheHand"]}],"is_beta":false,"boss_relics":[{"not_picked":["Ectoplasm","Coffee Dripper"],"picked":"Sozu"},{"not_picked":["Philosopher\u0027s Stone","Black Star"],"picked":"Astrolabe"}],"items_purged_floors":[4,30,36],"is_endless":false,"potions_floor_spawned":[7,18,19,35,42],"ascension_level":0}}