{"host":"rgyusf9batiqntnt","time":1610761385,"event":{"mods":["BaseMod","Colored Powertips","Downfall","Minty Spire (QoL Compilation)","Quick Restart","StSLib"],"gold_per_floor":[119,294,112,123,142,167,167,15,41,60,25,25,53,70,70,173,173,184,484,494,494,584,584,185,185,185,212,226,244,244,244],"floor_reached":30,"language":"ENG","playtime":2547,"items_purged":["Strike_P"],"score":308,"play_id":"0f3441e5-68c5-4e59-8430-3d5d32bcdfed","local_time":"20210116121305","is_ascension_mode":false,"campfire_choices":[{"floor":7,"key":"REST"},{"floor":15,"key":"REST"},{"floor":23,"key":"REST"},{"data":"DeusExMachina","floor":25,"key":"SMITH"}],"circlet_count":0,"master_deck":["Strike_P","Strike_P","Strike_P","Defend_P","Defend_P","Defend_P","Defend_P","Eruption","Vigilance","Halt","Doubt","ThirdEye","WheelKick","Halt","ClearTheMind","DeusExMachina+1","ReachHeaven","ReachHeaven","MasterReality","Consecrate","Writhe","BattleHymn","Swift Strike","CutThroughFate","EmptyBody","ReachHeaven","Fasting2"],"relics":["HolyWater","Lee\u0027s Waffle","PreservedInsect","Toolbox","Bronze Scales","Lantern","Old Coin","Mango","Strawberry","Regal Pillow"],"acts_visited":["Exordium","TheCity"],"potions_floor_usage":[6,16,16,16,20,27,29],"damage_taken":[{"damage":23,"enemies":"Jaw Worm","floor":1,"turns":5},{"damage":12,"enemies":"2 Louse","floor":4,"turns":4},{"damage":7,"enemies":"Small Slimes","floor":5,"turns":3},{"damage":31,"enemies":"3 Sentries","floor":6,"turns":6},{"damage":4,"enemies":"Gremlin Gang","floor":10,"turns":3},{"damage":11,"enemies":"Lagavulin","floor":13,"turns":4},{"damage":0,"enemies":"Large Slime","floor":14,"turns":4},{"damage":18,"enemies":"Hexaghost","floor":16,"turns":6},{"damage":12,"enemies":"Shell Parasite","floor":18,"turns":3},{"damage":11,"enemies":"Spheric Guardian","floor":20,"turns":7},{"damage":49,"enemies":"Slavers","floor":27,"turns":4},{"damage":19,"enemies":"Centurion and Healer","floor":28,"turns":6},{"damage":10,"enemies":"Snake Plant","floor":29,"turns":4},{"damage":13,"enemies":"Cultist and Chosen","floor":30,"turns":3}],"seed_played":"4766178685754200566","potions_obtained":[{"floor":4,"key":"PowerPotion"},{"floor":10,"key":"SneckoOil"},{"floor":13,"key":"ColorlessPotion"},{"floor":14,"key":"SpeedPotion"},{"floor":16,"key":"bronze:BurnAndBuffPotion"},{"floor":18,"key":"Block Potion"},{"floor":28,"key":"Weak Potion"}],"is_trial":false,"path_per_floor":["M","?","$","M","M","E","R","$","T","M","?","$","E","M","R","B",null,"M","?","M","?","?","R","$","R","T","E","M","M","M"],"character_chosen":"WATCHER","items_purchased":["Lee\u0027s Waffle","ThirdEye","Toolbox","Mango","CutThroughFate"],"campfire_rested":3,"item_purchase_floors":[3,3,8,24,24],"current_hp_per_floor":[56,56,86,74,67,36,61,61,61,57,78,78,67,67,86,68,86,74,74,63,63,45,70,84,84,91,42,23,13,0,0],"gold":244,"neow_bonus":"TEN_PERCENT_HP_BONUS","is_daily":false,"chose_seed":false,"campfire_upgraded":1,"win_rate":0.0,"timestamp":1610761385,"path_taken":["M","?","?","M","M","E","R","$","T","M","?","?","E","M","R","BOSS","M","?","M","?","?","R","$","R","T","E","M","M","?"],"items_purchased_type":["Relic","Card","Relic","Relic","Card"],"build_version":"2020-12-22","purchased_purges":1,"victory":false,"max_hp_per_floor":[79,79,86,86,86,86,86,86,86,86,86,86,86,86,86,86,86,86,86,86,86,86,86,100,100,107,107,107,107,107,107],"card_choices":[{"not_picked":["EmptyBody","SandsOfTime"],"picked":"Halt","floor":1},{"not_picked":["SashWhip","Conclude"],"picked":"WheelKick","floor":4},{"not_picked":["DeceiveReality","PathToVictory"],"picked":"Halt","floor":5},{"not_picked":["Consecrate","PathToVictory"],"picked":"ClearTheMind","floor":6},{"not_picked":["ThirdEye","PathToVictory"],"picked":"DeusExMachina","floor":10},{"not_picked":["Protect","Collect"],"picked":"ReachHeaven","floor":13},{"not_picked":["Halt","FlyingSleeves"],"picked":"ReachHeaven","floor":14},{"not_picked":["Establishment","Scrawl"],"picked":"MasterReality","floor":16},{"not_picked":["SashWhip","TalkToTheHand"],"picked":"Consecrate","floor":18},{"not_picked":["PathToVictory+1","EmptyFist"],"picked":"BattleHymn","floor":20},{"not_picked":["CrushJoints+1","ClearTheMind"],"picked":"EmptyBody","floor":27},{"not_picked":["FlyingSleeves","EmptyMind"],"picked":"ReachHeaven","floor":28},{"not_picked":["Pray","InnerPeace"],"picked":"Fasting2","floor":29}],"player_experience":81842,"relics_obtained":[{"floor":6,"key":"PreservedInsect"},{"floor":9,"key":"Bronze Scales"},{"floor":13,"key":"Lantern"},{"floor":26,"key":"Strawberry"},{"floor":27,"key":"Regal Pillow"}],"event_choices":[{"damage_healed":0,"gold_gain":175,"player_choice":"AGREE","damage_taken":0,"max_hp_gain":0,"max_hp_loss":0,"event_name":"Liars Game","floor":2,"gold_loss":0,"cards_obtained":["Doubt"]},{"damage_healed":21,"gold_gain":0,"player_choice":"Healed","damage_taken":0,"max_hp_gain":0,"max_hp_loss":0,"event_name":"The Cleric","floor":11,"gold_loss":35},{"damage_healed":0,"gold_gain":0,"player_choice":"Opened","damage_taken":0,"relics_obtained":["Old Coin"],"max_hp_gain":0,"max_hp_loss":0,"event_name":"The Mausoleum","floor":19,"gold_loss":0,"cards_obtained":["Writhe"]},{"damage_healed":0,"gold_gain":90,"player_choice":"GOLD CARD ","damage_taken":18,"max_hp_gain":0,"max_hp_loss":0,"event_name":"Knowing Skull","floor":22,"potions_obtained":[],"gold_loss":0,"cards_obtained":["Swift Strike"]}],"is_beta":false,"boss_relics":[{"not_picked":["Calling Bell","Snecko Eye"],"picked":"HolyWater"}],"items_purged_floors":[24],"is_endless":false,"potions_floor_spawned":[4,10,13,14,16,18,28],"killed_by":"Cultist and Chosen","ascension_level":0}}