{"host":"FirstDane","time":1610774649,"event":{"mods":["BaseMod","Bestiary","Highlight Path","Minty Spire (QoL Compilation)","Relic Stats","Slay the Relics Exporter"],"gold_per_floor":[115,134,134,151,162,187,187,187,187],"floor_reached":8,"language":"ENG","playtime":355,"items_purged":[],"score":116,"play_id":"921e4407-5bf7-4e45-b641-ad886d18fd39","local_time":"20210115232409","is_ascension_mode":true,"campfire_choices":[],"circlet_count":0,"master_deck":["AscendersBane","Strike_B","Strike_B","Strike_B","Defend_B","Defend_B","Defend_B","Defend_B","Zap","Dualcast","Sweeping Beam","Ball Lightning","Melter","Coolheaded"],"relics":["Nuclear Battery","TungstenRod","Shuriken"],"acts_visited":["Exordium"],"potions_floor_usage":[6,6],"damage_taken":[{"damage":7,"enemies":"Jaw Worm","floor":1,"turns":4},{"damage":0,"enemies":"Small Slimes","floor":2,"turns":3},{"damage":3,"enemies":"2 Louse","floor":4,"turns":2},{"damage":9,"enemies":"Lots of Slimes","floor":5,"turns":4},{"damage":32,"enemies":"Gremlin Nob","floor":6,"turns":4},{"damage":9,"enemies":"3 Sentries","floor":8,"turns":2}],"seed_played":"-5813829341512941257","potions_obtained":[{"floor":2,"key":"FearPotion"},{"floor":5,"key":"ColorlessPotion"}],"is_trial":false,"path_per_floor":["M","M","?","M","M","E","T","E"],"character_chosen":"DEFECT","items_purchased":[],"campfire_rested":0,"item_purchase_floors":[],"current_hp_per_floor":[57,57,50,47,38,6,6,0,0],"gold":187,"neow_bonus":"BOSS_RELIC","is_daily":false,"chose_seed":false,"campfire_upgraded":0,"win_rate":0.0,"timestamp":1610774649,"path_taken":["M","M","?","M","M","E","?","E"],"items_purchased_type":[],"build_version":"2020-12-18","purchased_purges":0,"victory":false,"max_hp_per_floor":[71,71,71,71,71,71,71,71,71],"relic_stats":{"counters":[6,19],"Shuriken":[0],"obtain_stats":[{"Shuriken":7,"Cracked Core":0,"TungstenRod":6,"Nuclear Battery":0},{"Shuriken":5,"Cracked Core":0,"TungstenRod":5,"Nuclear Battery":0},{"Shuriken":17,"Cracked Core":0,"TungstenRod":17,"Nuclear Battery":0}],"TungstenRod":1},"card_choices":[{"not_picked":["Gash","Fusion"],"picked":"Sweeping Beam","floor":1},{"not_picked":["Conserve Battery","Barrage"],"picked":"Ball Lightning","floor":2},{"not_picked":["Capacitor","Hello World"],"picked":"Melter","floor":4},{"not_picked":["Hello World","Steam"],"picked":"Coolheaded","floor":5},{"not_picked":["Sweeping Beam","Stack","Genetic Algorithm"],"picked":"SKIP","floor":6}],"player_experience":3929919,"relics_obtained":[{"floor":6,"key":"TungstenRod"},{"floor":7,"key":"Shuriken"}],"event_choices":[{"cards_removed":["Strike_B"],"damage_healed":0,"gold_gain":0,"player_choice":"Card Removal","damage_taken":7,"max_hp_gain":0,"max_hp_loss":0,"event_name":"Golden Wing","floor":3,"gold_loss":0}],"is_beta":true,"boss_relics":[],"items_purged_floors":[],"is_endless":false,"potions_floor_spawned":[2,5],"killed_by":"3 Sentries","ascension_level":20}}