{"host":"qy6st0zp32tctd9l","time":1610799542,"event":{"mods":["BaseMod","Colored Map","Downfall","GifTheSpireLib","Hermit","Marisa£®ÏF”Í°°ƒß¿Ì…≥£©","Minty Spire (QoL Compilation)","Remilia£®¿Ÿ√◊¿Ú—«£©","StSLib","The Cursed","The Servant 0.9.4","UnlockEverythingMod"],"gold_per_floor":[117,42,42,60,60,90,90,118,144,161,174,201,213,233,233,233,233],"floor_reached":16,"language":"ZHS","playtime":522,"items_purged":["Strike_MRS"],"score":279,"play_id":"fc847d7c-ece4-4441-b5ff-d5fee81d7f8c","local_time":"20210116201902","is_ascension_mode":true,"campfire_choices":[{"floor":7,"key":"RECALL"},{"data":"MillisecondPulsars","floor":15,"key":"SMITH"}],"circlet_count":0,"master_deck":["AscendersBane","Strike_MRS","Strike_MRS","Defend_MRS","Defend_MRS","Defend_MRS","Defend_MRS","MasterSpark","UpSweep","MagicChant","DragonMeteor","ShootTheMoon","MilkyWay","ShootingEcho","MaximisePower","Acceleration","MillisecondPulsars+1"],"relics":["MiniHakkero","NeowsBlessing","Orichalcum","ScarletDevilRocket","Blood Vial","Letter Opener"],"acts_visited":["Exordium"],"potions_floor_usage":[11,12],"damage_taken":[{"damage":0,"enemies":"Jaw Worm","floor":1,"turns":1},{"damage":0,"enemies":"Cultist","floor":4,"turns":1},{"damage":0,"enemies":"3 Sentries","floor":6,"turns":2},{"damage":39,"enemies":"Gremlin Nob","floor":8,"turns":6},{"damage":1,"enemies":"Small Slimes","floor":10,"turns":3},{"damage":0,"enemies":"Gremlin Gang","floor":11,"turns":4},{"damage":21,"enemies":"Lagavulin","floor":12,"turns":6},{"damage":5,"enemies":"Red Slaver","floor":13,"turns":5},{"damage":6,"enemies":"Large Slime","floor":14,"turns":6},{"damage":30,"enemies":"The Guardian","floor":16,"turns":9}],"seed_played":"-8878759011605195184","potions_obtained":[{"floor":10,"key":"Fire Potion"},{"floor":11,"key":"DuplicationPotion"},{"floor":14,"key":"FairyPotion"}],"is_trial":false,"path_per_floor":["M","$","?","M","?","E","R","E","T","M","M","E","M","M","R","B"],"character_chosen":"MARISA","items_purchased":[],"campfire_rested":0,"item_purchase_floors":[],"current_hp_per_floor":[63,63,70,70,70,70,70,31,31,32,34,15,12,8,8,2,2],"gold":233,"neow_bonus":"THREE_ENEMY_KILL","is_daily":false,"chose_seed":false,"campfire_upgraded":1,"win_rate":0.0,"timestamp":1610799542,"path_taken":["M","$","?","?","?","E","R","E","T","?","M","E","M","?","R","BOSS"],"items_purchased_type":[],"build_version":"2020-12-22","purchased_purges":1,"victory":false,"max_hp_per_floor":[70,70,70,70,70,70,70,70,70,70,70,70,70,70,70,70,70],"card_choices":[{"not_picked":["IllusionStar","EarthLightRay"],"picked":"MagicChant","floor":1},{"not_picked":["6A","WitchLeyline"],"picked":"DragonMeteor","floor":4},{"not_picked":["MeteoricShower","UnstableBomb"],"picked":"ShootTheMoon","floor":6},{"not_picked":["GalacticHalo","SuperPerseids"],"picked":"MilkyWay","floor":8},{"not_picked":["DragonMeteor","PowerUp"],"picked":"ShootingEcho","floor":10},{"not_picked":["EventHorizon","GalacticHalo"],"picked":"MaximisePower","floor":11},{"not_picked":["PowerUp","6A"],"picked":"Acceleration","floor":12},{"not_picked":["Robbery","NonDirectionalLaser"],"picked":"MillisecondPulsars","floor":13},{"not_picked":["WitchOfGreed","Acceleration","ChargeUpSpray"],"picked":"SKIP","floor":14}],"player_experience":154355,"relics_obtained":[{"floor":6,"key":"Orichalcum"},{"floor":8,"key":"ScarletDevilRocket"},{"floor":9,"key":"Blood Vial"},{"floor":12,"key":"Letter Opener"}],"event_choices":[{"damage_healed":7,"gold_gain":0,"player_choice":"Full Heal","damage_taken":0,"max_hp_gain":0,"max_hp_loss":0,"event_name":"Wheel of Change","floor":3,"gold_loss":0},{"cards_removed":["Strike_MRS"],"damage_healed":0,"gold_gain":0,"player_choice":"Offered Basic","damage_taken":0,"max_hp_gain":0,"max_hp_loss":0,"event_name":"Bonfire Elementals","floor":5,"gold_loss":0}],"is_beta":false,"boss_relics":[],"items_purged_floors":[2],"is_endless":false,"potions_floor_spawned":[10,11,14],"killed_by":"The Guardian","ascension_level":18}}