{"host":"Ruben","time":1610816358,"event":{"mods":["AchievementEnabler","Aspiration","BaseMod","Better Altar","Better Match","Better Note","Better Sensory Stone","Better Skull","Better Third Choice","BetterRewards","Colored Map","Conspire","Downfall","GifTheSpireLib","Googly Eyes","Highlight Path","Hubris","Minty Spire (QoL Compilation)","Permanent Neow","Shop Mod","Spicy Shops","StSLib","Stuff the Spire","The IronCluck","everything is the same but u backflip on backflip","slay the spire mod where everything is the same but ironclad has a cowboy hat"],"gold_per_floor":[112,37,56,56,56,84,97,132,201,201,234,254,154,166,166,271,271,288,288,307,13,13,13,41,55,80,480,55,81,81,81,81,179,179,192,117,135,154,154,154,189,189,213,213,230,241,269,288,288,288,288,288,17,42,42],"floor_reached":56,"language":"ENG","playtime":4064,"items_purged":["Bash","Strike_R","Strike_R","Strike_R"],"score":1365,"play_id":"7fc13f71-a9cd-4ebe-bc2d-eaa4d7ba598a","local_time":"20210116175918","is_ascension_mode":true,"campfire_choices":[{"floor":10.0,"key":"REST"},{"floor":15.0,"key":"RECALL"},{"data":"Barricade","floor":23.0,"key":"SMITH"},{"data":"Metallicize","floor":30,"key":"SMITH"},{"data":"Flex","floor":32,"key":"SMITH"},{"floor":40,"key":"REST"},{"data":"Limit Break","floor":42,"key":"SMITH"},{"floor":49,"key":"REST"},{"data":"Heavy Blade","floor":52,"key":"SMITH"}],"circlet_count":0,"master_deck":["Strike_R","Strike_R","Defend_R","Defend_R","Defend_R","Shrug It Off","Twin Strike","Barricade+1","Shrug It Off","Metallicize+1","Sword Boomerang","Inflame+1","Flex+1","Juggernaut","Ghostly Armor","Limit Break+1","Inflame+1","Heavy Blade+1","Reaper","Inflame","Heavy Blade"],"relics":["Burning Blood","NeowsBlessing","Vajra","StuffTheSpire:Mouthbags","Question Card","Red Skull","hubris:HollowSoul","aspiration:SeaSaltIceCream","FossilizedHelix","HornCleat","Pantograph","hubris:SlimyHat","Old Coin","aspiration:HummingbirdHeart","Sling","Lee\u0027s Waffle","Tiny Chest","SlaversCollar","StuffTheSpire:GreaterSneckoEye","Gambling Chip","Boot","hubris:Reverence","Pen Nib"],"acts_visited":["Exordium","TheCity","TheBeyond","TheEnding"],"potions_floor_usage":[24,24,27,29,41,55,55,55],"damage_taken":[{"damage":0.0,"enemies":"2 Louse","floor":1.0,"turns":1.0},{"damage":0.0,"enemies":"Cultist","floor":3.0,"turns":1.0},{"damage":0.0,"enemies":"3 Sentries","floor":6.0,"turns":2.0},{"damage":0.0,"enemies":"Small Slimes","floor":7.0,"turns":3.0},{"damage":28.0,"enemies":"Gremlin Nob","floor":8.0,"turns":4.0},{"damage":18.0,"enemies":"Lagavulin","floor":11.0,"turns":5.0},{"damage":8.0,"enemies":"Exordium Wildlife","floor":12.0,"turns":3.0},{"damage":8.0,"enemies":"Lots of Slimes","floor":14.0,"turns":3.0},{"damage":42.0,"enemies":"Hexaghost","floor":16.0,"turns":9.0},{"damage":2.0,"enemies":"Spheric Guardian","floor":18.0,"turns":3.0},{"damage":26.0,"enemies":"Shell Parasite","floor":20.0,"turns":5.0},{"damage":8,"enemies":"Book of Stabbing","floor":24,"turns":7},{"damage":22,"enemies":"Sentry and Sphere","floor":25,"turns":6},{"damage":41,"enemies":"Colosseum Slavers","floor":27,"turns":5},{"damage":4,"enemies":"Colosseum Nobs","floor":27,"turns":5},{"damage":36,"enemies":"Gremlin Leader","floor":29,"turns":8},{"damage":79,"enemies":"Automaton","floor":33,"turns":11},{"damage":0,"enemies":"Orb Walker","floor":35,"turns":4},{"damage":16,"enemies":"3 Darklings","floor":37,"turns":7},{"damage":26,"enemies":"Sphere and 2 Shapes","floor":38,"turns":8},{"damage":0,"enemies":"Nemesis","floor":41,"turns":9},{"damage":3,"enemies":"4 Shapes","floor":45,"turns":6},{"damage":0,"enemies":"Maw","floor":46,"turns":8},{"damage":21,"enemies":"Reptomancer","floor":47,"turns":7},{"damage":27,"enemies":"3 Darklings","floor":48,"turns":6},{"damage":20,"enemies":"hubris:GrandSnecko","floor":50,"turns":9},{"damage":0,"enemies":"Shield and Spear","floor":54,"turns":5},{"damage":43,"enemies":"The Heart","floor":55,"turns":8}],"seed_played":"4588771426382342172","potions_obtained":[{"floor":6.0,"key":"ElixirPotion"},{"floor":8.0,"key":"Guardian:BlockOnCardUsePotion"},{"floor":12.0,"key":"BloodPotion"},{"floor":14.0,"key":"sneckomod:MuddlingPotion"},{"floor":27,"key":"FearPotion"},{"floor":33,"key":"Strength Potion"},{"floor":38,"key":"Energy Potion"},{"floor":41,"key":"Dexterity Potion"},{"floor":46,"key":"ColorlessPotion"},{"floor":47,"key":"Block Potion"}],"is_trial":false,"path_per_floor":["M","$","M","?","$","E","M","E","T","R","E","M","$","M","R","B",null,"M","?","M","$","T","R","E","M","T","?","$","E","R","?","R","B",null,"M","$","M","M","?","R","E","R","T","T","M","M","E","M","R","B",null,"R","$","E","B",null],"character_chosen":"IRONCLAD","items_purchased":["Metallicize","aspiration:SeaSaltIceCream","Sling","Lee\u0027s Waffle","Ghostly Armor","Inflame","Heavy Blade"],"campfire_rested":3,"item_purchase_floors":[21,21,28,28,36,53,53],"current_hp_per_floor":[80,80,80,80,80,80,80,58,58,80,68,66,66,64,64,28,80,80,80,60,60,60,60,58,42,42,25,87,57,57,57,57,9,87,87,87,77,57,37,63,69,69,69,69,72,78,63,42,68,73,87,87,87,87,87],"gold":42,"neow_bonus":"THREE_ENEMY_KILL","is_daily":false,"chose_seed":false,"campfire_upgraded":5,"win_rate":0.0,"timestamp":1610816358,"path_taken":["M","$","M","?","?","E","?","E","T","R","E","M","$","M","R","BOSS","M","?","?","$","?","R","E","M","T","?","$","E","R","?","R","BOSS","M","$","M","?","?","R","E","R","T","?","M","?","E","?","R","BOSS","R","$","E","BOSS"],"items_purchased_type":["Card","Relic","Relic","Relic","Card","Card","Card"],"build_version":"2020-12-18","purchased_purges":4,"victory":true,"max_hp_per_floor":[80,80,80,80,80,80,80,80,80,80,80,80,80,80,80,80,80,80,80,80,80,80,80,80,80,80,80,87,87,87,87,87,87,87,87,87,87,87,87,87,87,87,87,87,87,87,87,87,87,87,87,87,87,87,87],"card_choices":[{"not_picked":["True Grit","Anger","StuffTheSpire:RockThrow"],"picked":"SKIP","floor":1.0},{"not_picked":["Dual Wield","Rage"],"picked":"Shrug It Off","floor":3.0},{"not_picked":["Twin Strike","Perfected Strike"],"picked":"Sword Boomerang","floor":6.0},{"not_picked":["Reckless Charge","Bloodletting","Blood for Blood"],"picked":"SKIP","floor":7.0},{"not_picked":["Thunderclap","Battle Trance","Havoc"],"picked":"SKIP","floor":8.0},{"not_picked":["Shrug It Off","Infernal Blade","Iron Wave"],"picked":"Twin Strike","floor":11.0},{"not_picked":["Pommel Strike","Shrug It Off","Carnage","Exhume"],"picked":"SKIP","floor":12.0},{"not_picked":["StuffTheSpire:Resist","Warcry","StuffTheSpire:RockThrow","Clothesline"],"picked":"SKIP","floor":14.0},{"not_picked":["Immolate","Offering","conspire:Purge"],"picked":"Barricade","floor":16.0},{"not_picked":["Uppercut","Thunderclap+1","Flame Barrier","StuffTheSpire:RockThrow+1"],"picked":"SKIP","floor":18.0},{"not_picked":["Heavy Blade","conspire:Charge+1","Infernal Blade+1"],"picked":"Shrug It Off","floor":20.0},{"not_picked":["StuffTheSpire:RockThrow","Wild Strike","Anger","Blood for Blood"],"picked":"SKIP","floor":24},{"not_picked":["Twin Strike","Fire Breathing","Sword Boomerang"],"picked":"Inflame","floor":25},{"not_picked":["Perfected Strike","Dark Embrace","StuffTheSpire:TitanForm"],"picked":"Flex","floor":29},{"not_picked":["Exhume","Impervious","Demon Form"],"picked":"Juggernaut","floor":33},{"not_picked":["Clash","Battle Trance","StuffTheSpire:RagingBull+1","Thunderclap"],"picked":"SKIP","floor":35},{"not_picked":["Dropkick","Clothesline","Havoc","Wild Strike+1"],"picked":"SKIP","floor":37},{"not_picked":["Flex","Anger","True Grit","Iron Wave"],"picked":"SKIP","floor":38},{"not_picked":["Sword Boomerang","Perfected Strike","StuffTheSpire:RockThrow+1"],"picked":"Limit Break","floor":41},{"not_picked":["Shrug It Off","Twin Strike+1","Clothesline"],"picked":"Inflame+1","floor":45},{"not_picked":["Blood for Blood+1","StuffTheSpire:Incineration","hubris:StunningStrike"],"picked":"Heavy Blade","floor":46},{"not_picked":["StuffTheSpire:Slingshot","Fiend Fire","Bludgeon"],"picked":"Reaper","floor":47},{"not_picked":["StuffTheSpire:Incineration+1","True Grit+1","Havoc","conspire:Charge"],"picked":"SKIP","floor":48},{"not_picked":["StuffTheSpire:Incineration+1","Perfected Strike+1","StuffTheSpire:RagingBull","Evolve"],"picked":"SKIP","floor":54}],"player_experience":282429,"relics_obtained":[{"floor":6.0,"key":"Vajra"},{"floor":8.0,"key":"StuffTheSpire:Mouthbags"},{"floor":9.0,"key":"Question Card"},{"floor":11.0,"key":"Red Skull"},{"floor":22.0,"key":"HornCleat"},{"floor":24,"key":"Pantograph"},{"floor":26,"key":"hubris:SlimyHat"},{"floor":27,"key":"Old Coin"},{"floor":27,"key":"aspiration:HummingbirdHeart"},{"floor":29,"key":"Tiny Chest"},{"floor":39,"key":"StuffTheSpire:GreaterSneckoEye"},{"floor":41,"key":"Gambling Chip"},{"floor":44,"key":"Boot"},{"floor":47,"key":"hubris:Reverence"},{"floor":54,"key":"Pen Nib"}],"event_choices":[{"cards_removed":["Defend_R"],"damage_healed":0.0,"max_hp_gain":0.0,"max_hp_loss":0.0,"gold_gain":0.0,"event_name":"Bonfire Elementals","player_choice":"Offered Basic","floor":4.0,"gold_loss":0.0,"damage_taken":0.0},{"damage_healed":0.0,"max_hp_gain":0.0,"max_hp_loss":0.0,"gold_gain":0.0,"event_name":"betterNote:BetterNote","player_choice":"Ignored","floor":19.0,"gold_loss":0.0,"damage_taken":0.0,"cards_obtained":["Worship"]},{"damage_healed":0,"gold_gain":0,"player_choice":"Fight","damage_taken":0,"max_hp_gain":0,"max_hp_loss":0,"event_name":"Colosseum","floor":27,"gold_loss":0},{"damage_healed":0,"gold_gain":0,"player_choice":"Fought Nobs","damage_taken":0,"max_hp_gain":0,"max_hp_loss":0,"event_name":"Colosseum","floor":27,"gold_loss":0},{"damage_healed":0,"gold_gain":0,"player_choice":"Upgraded","damage_taken":0,"max_hp_gain":0,"max_hp_loss":0,"event_name":"Upgrade Shrine","floor":31,"gold_loss":0,"cards_upgraded":["Inflame"]}],"is_beta":true,"boss_relics":[{"not_picked":["StuffTheSpire:ModemDavis","aspiration:RitualDagger"],"picked":"hubris:HollowSoul"},{"not_picked":["conspire:RunicOctahedron","conspire:RoyalGoblet"],"picked":"SlaversCollar"}],"items_purged_floors":[2,13,28,53],"is_endless":false,"potions_floor_spawned":[6,8,12,14,27,27,33,38,41,46,47],"ascension_level":1}}