{"host":"pgqkv8mh62pnrbci","time":1610763227,"event":{"mods":["2.2 Compatiblity","AchievementEnabler","BaseMod","Custom Start","DeckTracker","Minty Spire (QoL Compilation)","Replay The Spire","StSLib","SuperFastMode","¡¼?Úª?ø«¡½REMEMod"],"gold_per_floor":[112,112,125,150,174,174,189,213,213,213,138,152,176,176,176,266,266,281,331,349,369,387,387,412,174,224,224,343,370,370,370,370,388,388],"floor_reached":33,"language":"KOR","playtime":1162,"items_purged":["Looming Evil"],"score":571,"play_id":"273ddc3c-8197-41ca-ab7d-e8073d24577c","local_time":"20210116111347","is_ascension_mode":true,"campfire_choices":[{"floor":6.0,"key":"REST"},{"data":"Neutralize","floor":10.0,"key":"SMITH"},{"data":"Cloak And Dagger","floor":15.0,"key":"SMITH"},{"data":"REME_Flogging","floor":23.0,"key":"SMITH"},{"data":"A Thousand Cuts","floor":27.0,"key":"SMITH"},{"data":"Calculated Gamble","floor":32,"key":"SMITH"}],"circlet_count":0,"master_deck":["AscendersBane","Strike_G","Strike_G","Defend_G+1","Defend_G+1","Defend_G+1","Defend_G+1","Survivor","Neutralize+1","REME_Flogging+1","Hidden Blade","Masterful Stab","Cloak And Dagger+1","Blur","Unload","Accuracy","PiercingWail","Skewer","Poison Darts","REME_GreenPollution+1","Tactician","Hidden Blade+1","A Thousand Cuts+1","Deflect+1","Terror","Calculated Gamble+1"],"relics":["Ring of the Snake","REME_ComplimentaryCards","Golden Idol","Replay:Bottled Eggs","ReplayTheSpireMod:Ring of Exchange","Ring of Peace","ReplayTheSpireMod:DimensionalGlitch","PreservedInsect","Replay:Mystery Machine","Replay:Bandana"],"acts_visited":["Exordium","TheCity"],"potions_floor_usage":[33],"damage_taken":[{"damage":0.0,"enemies":"Small Slimes","floor":1.0,"turns":2.0},{"damage":4.0,"enemies":"Jaw Worm","floor":3.0,"turns":3.0},{"damage":0.0,"enemies":"Cultist","floor":4.0,"turns":3.0},{"damage":7.0,"enemies":"Large Slime","floor":5.0,"turns":4.0},{"damage":4.0,"enemies":"Blue Slaver","floor":7.0,"turns":3.0},{"damage":1.0,"enemies":"3 Louse","floor":8.0,"turns":3.0},{"damage":0.0,"enemies":"Looter","floor":12.0,"turns":2.0},{"damage":0.0,"enemies":"Blue Slaver","floor":13.0,"turns":2.0},{"damage":0.0,"enemies":"Hexaghost","floor":16.0,"turns":9.0},{"damage":1.0,"enemies":"Shell Parasite","floor":18.0,"turns":7.0},{"damage":0.0,"enemies":"Chosen","floor":20.0,"turns":6.0},{"damage":7.0,"enemies":"Shelled Parasite and Fungi","floor":21.0,"turns":8.0},{"damage":5.0,"enemies":"Snecko","floor":22.0,"turns":6.0},{"damage":0.0,"enemies":"Centurion and Healer","floor":24.0,"turns":8.0},{"damage":19.0,"enemies":"Sentry and Sphere","floor":29.0,"turns":5.0},{"damage":27,"enemies":"Champ","floor":33,"turns":9}],"seed_played":"-1167699746565235017","potions_obtained":[{"floor":1.0,"key":"Fire Potion"},{"floor":5.0,"key":"EssenceOfSteel"},{"floor":7.0,"key":"LiquidBronze"},{"floor":12.0,"key":"Adrenaline Potion"},{"floor":18.0,"key":"Explosive Potion"},{"floor":20.0,"key":"BlessingOfTheForge"},{"floor":24.0,"key":"ColorlessPotion"}],"is_trial":false,"path_per_floor":["M","?","M","M","M","R","M","M","T","R","?","M","M","?","R","B",null,"M","?","M","M","M","R","M","$","T","R","?","M","?","?","R","B"],"character_chosen":"THE_SILENT","items_purchased":["PreservedInsect"],"campfire_rested":1,"item_purchase_floors":[25],"current_hp_per_floor":[44,21,17,17,10,29,25,24,24,24,24,24,24,24,24,24,56,55,55,55,48,43,43,43,43,43,43,43,24,24,24,24,0,0],"gold":388,"neow_bonus":"REMOVE_TWO","is_daily":false,"chose_seed":false,"campfire_upgraded":5,"win_rate":0.0,"timestamp":1610763227,"path_taken":["M","?","M","M","M","R","M","M","T","R","?","?","M","?","R","BOSS","M","?","?","M","M","R","M","$","T","R","?","M","?","?","R","BOSS"],"items_purchased_type":["Relic"],"build_version":"2020-12-22","purchased_purges":1,"victory":false,"max_hp_per_floor":[66,66,66,66,66,66,66,66,66,66,66,66,66,66,66,66,66,66,66,66,66,66,66,66,66,66,66,66,66,66,66,66,66,66],"card_choices":[{"not_picked":["REME_GreenPollution","Bane"],"picked":"Hidden Blade","floor":1.0},{"not_picked":["Acrobatics","Outmaneuver"],"picked":"Masterful Stab","floor":3.0},{"not_picked":["Riddle With Holes","Quick Slash"],"picked":"Cloak And Dagger","floor":4.0},{"not_picked":["Flying Knee","Dodge and Roll"],"picked":"Blur","floor":5.0},{"not_picked":["Backflip","Prepared"],"picked":"Unload","floor":7.0},{"not_picked":["Acrobatics","REME_ShadowStrike"],"picked":"Accuracy","floor":8.0},{"not_picked":["Hidden Blade","Skewer"],"picked":"PiercingWail","floor":12.0},{"not_picked":["Setup","Quick Slash"],"picked":"Skewer","floor":13.0},{"not_picked":["Atom Bomb","Unload"],"picked":"Poison Darts","floor":16.0},{"not_picked":["Bane","Underhanded Strike","Outmaneuver+1"],"picked":"SKIP","floor":18.0},{"not_picked":["Slice","Cloak And Dagger"],"picked":"REME_GreenPollution+1","floor":20.0},{"not_picked":["Bane","Flying Knee"],"picked":"Tactician","floor":21.0},{"not_picked":["ReplayTheSpireMod:The Works","Cloak And Dagger"],"picked":"Hidden Blade+1","floor":22.0},{"not_picked":["Deadly Poison","Quick Slash"],"picked":"A Thousand Cuts","floor":24.0},{"not_picked":["Draining Mist","Quick Slash+1"],"picked":"Deflect+1","floor":28.0},{"not_picked":["Dagger Throw","Dagger Spray"],"picked":"Terror","floor":29.0}],"player_experience":630407,"relics_obtained":[{"floor":9.0,"key":"Replay:Bottled Eggs"},{"floor":14.0,"key":"ReplayTheSpireMod:Ring of Exchange"},{"floor":14.0,"key":"Ring of Peace"},{"floor":26.0,"key":"Replay:Mystery Machine"},{"floor":28.0,"key":"Replay:Bandana"}],"event_choices":[{"damage_healed":0.0,"max_hp_gain":0.0,"max_hp_loss":0.0,"gold_gain":0.0,"event_name":"Golden Idol","player_choice":"Take Damage","floor":2.0,"gold_loss":0.0,"damage_taken":23.0,"relics_obtained":["Golden Idol"]},{"cards_removed":["Strike_G"],"damage_healed":0.0,"max_hp_gain":0.0,"max_hp_loss":0.0,"gold_gain":0.0,"event_name":"The Cleric","player_choice":"Card Removal","floor":11.0,"gold_loss":75.0,"damage_taken":0.0},{"damage_healed":0.0,"max_hp_gain":0.0,"max_hp_loss":0.0,"gold_gain":50.0,"event_name":"Golden Shrine","player_choice":"Pray","floor":19.0,"gold_loss":0.0,"damage_taken":0.0},{"cards_removed":["Strike_G"],"damage_healed":0,"gold_gain":0,"player_choice":"Elegance","damage_taken":0,"max_hp_gain":0,"max_hp_loss":0,"event_name":"Back to Basics","floor":30,"gold_loss":0},{"damage_healed":0,"gold_gain":0,"player_choice":"Read","damage_taken":0,"max_hp_gain":0,"max_hp_loss":0,"event_name":"The Library","floor":31,"gold_loss":0,"cards_obtained":["Calculated Gamble"]}],"is_beta":false,"boss_relics":[{"not_picked":["Cauldron","Orrery"],"picked":"ReplayTheSpireMod:DimensionalGlitch"}],"items_purged_floors":[25],"is_endless":false,"potions_floor_spawned":[1,5,7,12,18,20,24],"killed_by":"Champ","ascension_level":19}}