{"host":"50per11302020","time":1610767228,"event":{"mods":["AchievementEnabler","BaseMod","Colored Map","Minty Spire (QoL Compilation)","Relic Stats","StSLib"],"gold_per_floor":[116,129,129,139,139,167,177,188,264,264,299,317,334,163,163,268,268,251,268,288,24,24,53,53,53,79,79,179,211,211,310,310,411,411,425,437,437,448,448,448,474,100,100,100,126,126,8,8,8,8,8,8,8,35,35],"floor_reached":56,"language":"ENG","playtime":5410,"items_purged":["Defend_B","Writhe"],"score":1685,"play_id":"610b45c0-69e9-4e05-8ddb-8ff319e2dc86","local_time":"20210115192028","is_ascension_mode":true,"campfire_choices":[{"data":"Blizzard","floor":10,"key":"SMITH"},{"data":"Go for the Eyes","floor":15,"key":"SMITH"},{"floor":24,"key":"REST"},{"data":"Defragment","floor":27,"key":"SMITH"},{"data":"BootSequence","floor":30,"key":"SMITH"},{"data":"Cold Snap","floor":32,"key":"SMITH"},{"floor":40,"key":"RECALL"},{"data":"Capacitor","floor":44,"key":"SMITH"},{"data":"Machine Learning","floor":46,"key":"SMITH"},{"data":"Creative AI","floor":49,"key":"SMITH"},{"data":"Panache","floor":52,"key":"SMITH"}],"circlet_count":0,"master_deck":["Strike_B","Strike_B","Strike_B","Defend_B+1","Defend_B","Defend_B","Zap+1","Dualcast","Mayhem+1","Go for the Eyes+1","BootSequence+1","Cold Snap+1","Cold Snap","Blizzard+1","Leap+1","Conserve Battery+1","Core Surge","Trip+1","Fission+1","CurseOfTheBell","Chill+1","Rebound+1","Cold Snap+1","Deep Breath+1","The Bomb+1","Defragment+1","Cold Snap+1","Recycle+1","Redo+1","Creative AI+1","Redo+1","Glacier+1","Consume+1","Capacitor+1","Injury","Machine Learning+1","Machine Learning+1","Enlightenment+1","Panacea+1","Panache+1"],"relics":["Cracked Core","Thread and Needle","CaptainsWheel","Toxic Egg 2","Nunchaku","Calling Bell","Lantern","The Courier","Emotion Chip","FossilizedHelix","DataDisk","Bird Faced Urn","Meat on the Bone","Oddly Smooth Stone","Cursed Key","War Paint","Sling","Vajra","Question Card","Pantograph","DollysMirror","Sundial"],"acts_visited":["Exordium","TheCity","TheBeyond","TheEnding"],"potions_floor_usage":[23,33,41,50,55],"damage_taken":[{"damage":1,"enemies":"Small Slimes","floor":1,"turns":4},{"damage":0,"enemies":"Jaw Worm","floor":2,"turns":3},{"damage":0,"enemies":"Cultist","floor":4,"turns":4},{"damage":24,"enemies":"Gremlin Nob","floor":6,"turns":5},{"damage":0,"enemies":"Large Slime","floor":7,"turns":6},{"damage":0,"enemies":"3 Louse","floor":8,"turns":3},{"damage":7,"enemies":"Lagavulin","floor":11,"turns":9},{"damage":0,"enemies":"Looter","floor":12,"turns":3},{"damage":0,"enemies":"Exordium Thugs","floor":13,"turns":5},{"damage":12,"enemies":"Slime Boss","floor":16,"turns":10},{"damage":0,"enemies":"2 Thieves","floor":18,"turns":4},{"damage":0,"enemies":"Spheric Guardian","floor":19,"turns":6},{"damage":0,"enemies":"Shelled Parasite and Fungi","floor":20,"turns":6},{"damage":13,"enemies":"Slavers","floor":23,"turns":4},{"damage":0,"enemies":"Colosseum Slavers","floor":28,"turns":4},{"damage":7,"enemies":"Colosseum Nobs","floor":28,"turns":5},{"damage":0,"enemies":"Gremlin Leader","floor":29,"turns":5},{"damage":31,"enemies":"Collector","floor":33,"turns":10},{"damage":0,"enemies":"3 Shapes","floor":35,"turns":9},{"damage":0,"enemies":"Orb Walker","floor":36,"turns":6},{"damage":0,"enemies":"Sphere and 2 Shapes","floor":38,"turns":7},{"damage":17,"enemies":"Reptomancer","floor":41,"turns":7},{"damage":0,"enemies":"Giant Head","floor":45,"turns":10},{"damage":0,"enemies":"Time Eater","floor":50,"turns":40},{"damage":28,"enemies":"Shield and Spear","floor":54,"turns":6},{"damage":67,"enemies":"The Heart","floor":55,"turns":15}],"seed_played":"-1556298897798031757","potions_obtained":[{"floor":2,"key":"Block Potion"},{"floor":8,"key":"FairyPotion"},{"floor":12,"key":"Weak Potion"},{"floor":20,"key":"GamblersBrew"},{"floor":28,"key":"Strength Potion"},{"floor":35,"key":"Dexterity Potion"},{"floor":45,"key":"Block Potion"}],"is_trial":false,"path_per_floor":["M","M","?","M","?","E","M","M","T","R","E","M","M","$","R","B",null,"M","M","M","$","?","E","R","?","T","R","?","E","R","?","R","B",null,"M","M","?","M","T","R","E","$","T","R","E","R","$","?","R","B",null,"R","$","E","B",null],"character_chosen":"DEFECT","items_purchased":["Trip+1","Deep Breath+1","The Bomb+1","Defragment","Capacitor","Sling","Vajra","DollysMirror"],"campfire_rested":1,"item_purchase_floors":[14,21,21,21,42,42,42,47],"current_hp_per_floor":[67,67,64,64,64,40,40,40,40,40,33,33,33,33,33,21,56,56,56,56,56,44,31,52,52,52,52,45,49,49,49,49,34,63,73,73,73,73,73,73,64,64,64,64,73,73,73,63,63,73,73,73,73,59,40],"gold":35,"neow_bonus":"RANDOM_COLORLESS_2","is_daily":false,"chose_seed":false,"campfire_upgraded":9,"win_rate":0.0,"timestamp":1610767228,"path_taken":["M","M","?","M","?","E","M","M","T","R","E","?","M","?","R","BOSS","M","M","M","$","?","E","R","?","T","R","?","E","R","?","R","BOSS","M","M","?","M","?","R","E","$","T","R","E","R","$","?","R","BOSS","R","$","E","BOSS"],"items_purchased_type":["Card","Card","Card","Card","Card","Relic","Relic","Relic"],"build_version":"2020-12-18","purchased_purges":2,"victory":true,"max_hp_per_floor":[68,68,68,68,68,68,68,68,68,68,68,68,68,68,68,68,68,68,68,68,68,73,73,73,73,73,73,73,73,73,73,73,73,73,73,73,73,73,73,73,73,73,73,73,73,73,73,73,73,73,73,73,73,73,73],"relic_stats":{"Nunchaku":[26],"Emotion Chip":[44,4,40,0,0],"counters":[26,196],"Sundial":[2],"Bird Faced Urn":[71],"Pantograph":24,"War Paint":["Defend_B","Zap"],"Cursed Key":2,"Question Card":5,"obtain_stats":[{"Lantern":17,"Oddly Smooth Stone":29,"Vajra":42,"Thread and Needle":3,"The Courier":17,"War Paint":41,"Cursed Key":34,"Sling":42,"Question Card":43,"Calling Bell":17,"CaptainsWheel":6,"Nunchaku":11,"Emotion Chip":17,"DataDisk":26,"DollysMirror":47,"Sundial":54,"Bird Faced Urn":28,"Pantograph":45,"Toxic Egg 2":9,"Cracked Core":0,"FossilizedHelix":23,"Meat on the Bone":28},{"Lantern":10,"Oddly Smooth Stone":17,"Vajra":22,"Thread and Needle":2,"The Courier":10,"War Paint":22,"Cursed Key":18,"Sling":22,"Question Card":22,"Calling Bell":10,"CaptainsWheel":4,"Nunchaku":7,"Emotion Chip":10,"DataDisk":14,"DollysMirror":23,"Sundial":25,"Bird Faced Urn":16,"Pantograph":23,"Toxic Egg 2":6,"Cracked Core":0,"FossilizedHelix":14,"Meat on the Bone":16},{"Lantern":52,"Oddly Smooth Stone":86,"Vajra":125,"Thread and Needle":7,"The Courier":52,"War Paint":125,"Cursed Key":96,"Sling":125,"Question Card":125,"Calling Bell":52,"CaptainsWheel":16,"Nunchaku":34,"Emotion Chip":52,"DataDisk":72,"DollysMirror":135,"Sundial":181,"Bird Faced Urn":81,"Pantograph":135,"Toxic Egg 2":25,"Cracked Core":0,"FossilizedHelix":72,"Meat on the Bone":81}],"Meat on the Bone":24},"card_choices":[{"not_picked":["Transmutation","Chrysalis"],"picked":"Mayhem","floor":0},{"not_picked":["Reprogram","Heatsinks"],"picked":"Go for the Eyes","floor":1},{"not_picked":["Hologram","Leap"],"picked":"BootSequence","floor":2},{"not_picked":["Chill","Barrage"],"picked":"Cold Snap","floor":4},{"not_picked":["Steam","Turbo"],"picked":"Cold Snap","floor":6},{"not_picked":["Sweeping Beam","Storm"],"picked":"Blizzard","floor":7},{"not_picked":["Ball Lightning","Leap","Aggregate"],"picked":"SKIP","floor":8},{"not_picked":["Reinforced Body+1","Auto Shields+1"],"picked":"Leap+1","floor":11},{"not_picked":["Force Field+1","Storm"],"picked":"Conserve Battery+1","floor":12},{"not_picked":["BootSequence+1","Reprogram+1"],"picked":"Core Surge","floor":13},{"not_picked":["All For One","Multi-Cast+1"],"picked":"Fission+1","floor":16},{"not_picked":["Rebound","Beam Cell"],"picked":"Chill+1","floor":18},{"not_picked":["BootSequence+1","Hologram+1"],"picked":"Rebound+1","floor":19},{"not_picked":["Streamline","Beam Cell"],"picked":"Cold Snap+1","floor":20},{"not_picked":["Buffer","FTL"],"picked":"Cold Snap+1","floor":23},{"not_picked":["Stack+1","Genetic Algorithm+1"],"picked":"Recycle+1","floor":28},{"not_picked":["Darkness+1","Skim+1"],"picked":"Redo+1","floor":29},{"not_picked":["Multi-Cast+1","Meteor Strike"],"picked":"Creative AI","floor":33},{"not_picked":["Compile Driver","Conserve Battery+1","Go for the Eyes+1"],"picked":"SKIP","floor":35},{"not_picked":["Conserve Battery+1","Reprogram+1"],"picked":"Redo+1","floor":36},{"not_picked":["Chaos+1","Conserve Battery+1"],"picked":"Glacier+1","floor":38},{"not_picked":["Scrape+1","White Noise+1"],"picked":"Consume+1","floor":41},{"not_picked":["Echo Form","Aggregate+1","Streamline+1"],"picked":"Machine Learning","floor":45},{"not_picked":["Chrysalis+1","Dark Shackles+1","Impatience+1"],"picked":"Enlightenment+1","floor":48},{"not_picked":["Finesse+1","Violence+1","Transmutation+1"],"picked":"Panacea+1","floor":48},{"not_picked":["Finesse+1","Jack Of All Trades+1","Thinking Ahead+1"],"picked":"Panache","floor":48},{"not_picked":["Sweeping Beam+1","Beam Cell","Turbo+1","BootSequence+1"],"picked":"SKIP","floor":54}],"player_experience":212987,"relics_obtained":[{"floor":6,"key":"CaptainsWheel"},{"floor":9,"key":"Toxic Egg 2"},{"floor":11,"key":"Nunchaku"},{"floor":17,"key":"Lantern"},{"floor":17,"key":"The Courier"},{"floor":17,"key":"Emotion Chip"},{"floor":23,"key":"FossilizedHelix"},{"floor":26,"key":"DataDisk"},{"floor":28,"key":"Bird Faced Urn"},{"floor":28,"key":"Meat on the Bone"},{"floor":29,"key":"Oddly Smooth Stone"},{"floor":41,"key":"War Paint"},{"floor":43,"key":"Question Card"},{"floor":45,"key":"Pantograph"},{"floor":54,"key":"Sundial"}],"event_choices":[{"damage_healed":0,"gold_gain":0,"player_choice":"Success","damage_taken":3,"relics_obtained":["Thread and Needle"],"max_hp_gain":0,"max_hp_loss":0,"event_name":"Scrap Ooze","floor":3,"gold_loss":0},{"damage_healed":0,"gold_gain":0,"player_choice":"Grow","damage_taken":0,"max_hp_gain":0,"max_hp_loss":0,"event_name":"Living Wall","floor":5,"gold_loss":0,"cards_upgraded":["Mayhem"]},{"damage_healed":0,"gold_gain":0,"player_choice":"Shed Blood","damage_taken":17,"max_hp_gain":5,"max_hp_loss":0,"event_name":"Forgotten Altar","floor":22,"gold_loss":0},{"damage_healed":0,"gold_gain":0,"player_choice":"Ignored","damage_taken":0,"max_hp_gain":0,"max_hp_loss":0,"event_name":"Ghosts","floor":25,"gold_loss":0},{"damage_healed":0,"gold_gain":0,"player_choice":"Fight","damage_taken":0,"max_hp_gain":0,"max_hp_loss":0,"event_name":"Colosseum","floor":28,"gold_loss":0},{"damage_healed":0,"gold_gain":0,"player_choice":"Fought Nobs","damage_taken":0,"max_hp_gain":0,"max_hp_loss":0,"event_name":"Colosseum","floor":28,"gold_loss":0},{"damage_healed":0,"gold_gain":99,"player_choice":"Stole From Cult","damage_taken":0,"max_hp_gain":0,"max_hp_loss":0,"event_name":"Nest","floor":31,"gold_loss":0},{"cards_removed":["Strike_B"],"damage_healed":0,"gold_gain":0,"player_choice":"Removed Attack","damage_taken":0,"max_hp_gain":0,"max_hp_loss":0,"event_name":"Falling","floor":37,"gold_loss":0},{"damage_healed":0,"gold_gain":0,"player_choice":"Memory 3","damage_taken":10,"max_hp_gain":0,"max_hp_loss":0,"event_name":"SensoryStone","floor":48,"gold_loss":0}],"is_beta":true,"boss_relics":[{"not_picked":["Ectoplasm","Astrolabe"],"picked":"Calling Bell"},{"not_picked":["Runic Dome","Velvet Choker"],"picked":"Cursed Key"}],"items_purged_floors":[14,42],"is_endless":false,"potions_floor_spawned":[2,8,12,20,28,28,35,36,45],"ascension_level":7}}