{"host":"7zdktqb5xjtif29d","time":1610813889,"event":{"mods":["AchievementEnabler","BaseMod","Colored Map","Colored Powertips","Dark Map","Highlight Path","Minty Spire (QoL Compilation)","Rare Cards Sparkle","SuperFastMode","Waifu the Spire","everything is the same but u backflip on backflip"],"gold_per_floor":[109,109,9,9,25,57,57,92,92,57,75,75,75,89,89,89,89],"floor_reached":16,"language":"ENG","playtime":413,"items_purged":["Strike_B"],"score":119,"play_id":"facdd5e2-4df1-4853-9027-0e1cb663fc64","local_time":"20210116161809","is_ascension_mode":true,"campfire_choices":[{"floor":7,"key":"REST"},{"floor":15,"key":"REST"}],"circlet_count":0,"master_deck":["Strike_B","Strike_B","Strike_B+1","Defend_B","Defend_B","Defend_B","Defend_B","Zap","Dualcast+1","Leap","Regret","Barrage","Electrodynamics","Conserve Battery","BootSequence"],"relics":["Cracked Core","DataDisk","Prayer Wheel","Pantograph","Girya","The Courier"],"acts_visited":["Exordium"],"potions_floor_usage":[8,16],"damage_taken":[{"damage":1,"enemies":"Cultist","floor":1,"turns":3},{"damage":10,"enemies":"2 Louse","floor":5,"turns":3},{"damage":46,"enemies":"Gremlin Nob","floor":6,"turns":5},{"damage":29,"enemies":"3 Sentries","floor":8,"turns":7},{"damage":2,"enemies":"Small Slimes","floor":11,"turns":3},{"damage":4,"enemies":"3 Louse","floor":14,"turns":2},{"damage":50,"enemies":"Hexaghost","floor":16,"turns":9}],"seed_played":"603070518181398771","potions_obtained":[{"floor":6,"key":"Fire Potion"},{"floor":11,"key":"AttackPotion"}],"is_trial":false,"path_per_floor":["M","?","$","?","M","E","R","E","T","?","M","?","T","M","R","B"],"character_chosen":"DEFECT","items_purchased":["Leap"],"campfire_rested":2,"item_purchase_floors":[3],"current_hp_per_floor":[74,67,67,67,57,11,33,4,4,22,20,5,5,1,23,0,0],"gold":89,"neow_bonus":"RANDOM_COMMON_RELIC","is_daily":false,"chose_seed":false,"campfire_upgraded":0,"win_rate":0.0,"timestamp":1610813889,"path_taken":["M","?","?","?","M","E","R","E","T","?","M","?","?","M","R","BOSS"],"items_purchased_type":["Card"],"build_version":"2020-12-22","purchased_purges":1,"victory":false,"max_hp_per_floor":[75,75,75,75,75,75,75,75,75,75,75,75,75,75,75,75,75],"card_choices":[{"not_picked":["Turbo","Leap","Streamline"],"picked":"SKIP","floor":1},{"not_picked":["Cold Snap","Reprogram","Rebound"],"picked":"SKIP","floor":5},{"not_picked":["Rebound","Stack","Tempest"],"picked":"SKIP","floor":5},{"not_picked":["Blizzard","Rebound"],"picked":"Barrage","floor":6},{"not_picked":["Darkness","Echo Form"],"picked":"Electrodynamics","floor":8},{"not_picked":["Gash","Steam"],"picked":"Conserve Battery","floor":11},{"not_picked":["Sweeping Beam","Rebound","Gash"],"picked":"SKIP","floor":11},{"not_picked":["Fusion","Cold Snap"],"picked":"BootSequence","floor":14},{"not_picked":["Hologram","Streamline","Hello World"],"picked":"SKIP","floor":14}],"player_experience":232541,"relics_obtained":[{"floor":6,"key":"Pantograph"},{"floor":8,"key":"Girya"},{"floor":9,"key":"The Courier"}],"event_choices":[{"damage_healed":0,"gold_gain":0,"player_choice":"Damaged","damage_taken":7,"max_hp_gain":0,"max_hp_loss":0,"event_name":"Wheel of Change","floor":2,"gold_loss":0},{"damage_healed":0,"gold_gain":0,"player_choice":"Box","damage_taken":0,"relics_obtained":["Prayer Wheel"],"max_hp_gain":0,"max_hp_loss":0,"event_name":"Big Fish","floor":4,"gold_loss":0,"cards_obtained":["Regret"]},{"damage_healed":18,"gold_gain":0,"player_choice":"Healed","damage_taken":0,"max_hp_gain":0,"max_hp_loss":0,"event_name":"The Cleric","floor":10,"gold_loss":35},{"damage_healed":0,"gold_gain":0,"player_choice":"Entered Light","damage_taken":15,"max_hp_gain":0,"max_hp_loss":0,"event_name":"Shining Light","floor":12,"gold_loss":0,"cards_upgraded":["Dualcast","Strike_B"]}],"is_beta":false,"boss_relics":[],"items_purged_floors":[3],"is_endless":false,"potions_floor_spawned":[6,11],"killed_by":"Hexaghost","ascension_level":2}}