{"host":"ga4s3hj9m6nkn6gp","time":1610802775,"event":{"mods":["AchievementEnabler","BaseMod","Bestiary","Colored Powertips","Highlight Path","Minty Spire (QoL Compilation)","Relic Stats","everything is the same but u backflip on backflip"],"gold_per_floor":[109,181,199,71,85,110,110,138,138,138,138],"floor_reached":10,"language":"ENG","playtime":211,"items_purged":["Strike_G"],"score":152,"play_id":"52fe8feb-e63b-4ffc-bf91-7be75eff00f8","local_time":"20210116141255","is_ascension_mode":true,"campfire_choices":[{"data":"Underhanded Strike","floor":7.0,"key":"SMITH"}],"circlet_count":0,"master_deck":["AscendersBane","Strike_G","Strike_G","Strike_G","Strike_G","Defend_G","Defend_G","Defend_G","Defend_G","Defend_G","Survivor","Neutralize","Slice","Dagger Throw","Blade Dance","Blade Dance","Underhanded Strike+1","After Image"],"relics":["Ring of the Snake","NeowsBlessing","Question Card","Blue Candle","Bottled Lightning"],"acts_visited":["Exordium"],"potions_floor_usage":[],"damage_taken":[{"damage":0.0,"enemies":"Cultist","floor":1.0,"turns":1.0},{"damage":0.0,"enemies":"Jaw Worm","floor":3.0,"turns":1.0},{"damage":0.0,"enemies":"Small Slimes","floor":5.0,"turns":1.0},{"damage":32.0,"enemies":"Gremlin Nob","floor":6.0,"turns":4.0},{"damage":25.0,"enemies":"3 Sentries","floor":8.0,"turns":8.0},{"damage":0,"enemies":"Lagavulin","floor":10,"turns":1}],"seed_played":"6120011688546439098","potions_obtained":[],"is_trial":false,"path_per_floor":["M","T","M","$","M","E","R","E","T","E"],"character_chosen":"THE_SILENT","items_purchased":["Blade Dance"],"campfire_rested":0,"item_purchase_floors":[4],"current_hp_per_floor":[59,59,59,59,59,27,27,2,2,2,2],"gold":138,"neow_bonus":"THREE_ENEMY_KILL","is_daily":false,"chose_seed":false,"campfire_upgraded":1,"win_rate":0.0,"timestamp":1610802775,"path_taken":["M","?","?","?","M","E","R","E","T","E"],"items_purchased_type":["Card"],"build_version":"2020-12-22","purchased_purges":1,"victory":false,"max_hp_per_floor":[66,66,66,66,66,66,66,66,66,66,66],"relic_stats":{"counters":[6,16],"Blue Candle":[1],"Question Card":4,"obtain_stats":[{"NeowsBlessing":0,"Blue Candle":6,"Bottled Lightning":8,"Question Card":2,"Ring of the Snake":0},{"NeowsBlessing":0,"Blue Candle":4,"Bottled Lightning":5,"Question Card":1,"Ring of the Snake":0},{"NeowsBlessing":0,"Blue Candle":7,"Bottled Lightning":15,"Question Card":1,"Ring of the Snake":0}],"Ring of the Snake":[12]},"card_choices":[{"not_picked":["Setup","Flechettes"],"picked":"Slice","floor":1.0},{"not_picked":["Cloak And Dagger","Slice","Quick Slash"],"picked":"Dagger Throw","floor":3.0},{"not_picked":["Slice","Deflect","Concentrate"],"picked":"Blade Dance","floor":5.0},{"not_picked":["Dagger Throw","Leg Sweep","Sucker Punch"],"picked":"Underhanded Strike","floor":6.0},{"not_picked":["Bane","Crippling Poison","Choke"],"picked":"After Image","floor":8.0}],"player_experience":641377,"relics_obtained":[{"floor":2.0,"key":"Question Card"},{"floor":6.0,"key":"Blue Candle"},{"floor":8.0,"key":"Bottled Lightning"}],"event_choices":[],"is_beta":false,"boss_relics":[],"items_purged_floors":[4],"is_endless":false,"potions_floor_spawned":[],"killed_by":"Lagavulin","ascension_level":20}}