{"host":"a5lz0e76zb3fcwkm","time":1610779851,"event":{"mods":["AchievementEnabler","BaseMod","Colored Map","Colored Powertips","Minty Spire (QoL Compilation)","StSLib","SuperFastMode"],"gold_per_floor":[111,131,131,45,62,91,106,106,106],"floor_reached":8,"language":"KOR","playtime":193,"items_purged":[],"score":116,"play_id":"49d283bf-4920-4fba-93dd-24b4b49be9da","local_time":"20210116155051","is_ascension_mode":true,"campfire_choices":[],"circlet_count":0,"master_deck":["AscendersBane","Strike_R","Strike_R","Strike_R","Strike_R","Defend_R","Defend_R","Defend_R","Defend_R","Bash","Wild Strike","Wild Strike","Evolve","Disarm"],"relics":["Burning Blood","Smiling Mask"],"acts_visited":["Exordium"],"potions_floor_usage":[6],"damage_taken":[{"damage":6.0,"enemies":"Cultist","floor":1.0,"turns":3.0},{"damage":3.0,"enemies":"2 Louse","floor":2.0,"turns":2.0},{"damage":2.0,"enemies":"Jaw Worm","floor":5.0,"turns":3.0},{"damage":30,"enemies":"3 Sentries","floor":6,"turns":8},{"damage":36,"enemies":"Large Slime","floor":7,"turns":7},{"damage":35,"enemies":"Lagavulin","floor":8,"turns":5}],"seed_played":"-7416688913242523198","potions_obtained":[{"floor":2.0,"key":"Dexterity Potion"},{"floor":5.0,"key":"FearPotion"}],"is_trial":false,"path_per_floor":["M","M","?","$","M","E","M","E"],"character_chosen":"IRONCLAD","items_purchased":["Evolve"],"campfire_rested":0,"item_purchase_floors":[4],"current_hp_per_floor":[64,67,67,67,71,47,17,0,0],"gold":106,"neow_bonus":"TWENTY_PERCENT_HP_BONUS","is_daily":false,"chose_seed":false,"campfire_upgraded":0,"win_rate":0.0,"timestamp":1610779851,"path_taken":["M","M","?","?","M","E","M","E"],"items_purchased_type":["Card"],"build_version":"2020-12-22","purchased_purges":0,"victory":false,"max_hp_per_floor":[89,89,89,89,89,89,89,89,89],"card_choices":[{"not_picked":["Havoc","Twin Strike"],"picked":"Wild Strike","floor":1.0},{"not_picked":["Anger","Whirlwind"],"picked":"Wild Strike","floor":2.0},{"not_picked":["Infernal Blade","Clash"],"picked":"Disarm","floor":5.0},{"not_picked":["Clothesline","Flame Barrier","Sever Soul"],"picked":"SKIP","floor":6},{"not_picked":["Dropkick","Searing Blow","Perfected Strike"],"picked":"SKIP","floor":7}],"player_experience":1750461,"relics_obtained":[{"floor":6,"key":"Smiling Mask"}],"event_choices":[{"cards_removed":["Strike_R"],"damage_healed":0.0,"max_hp_gain":0.0,"max_hp_loss":0.0,"gold_gain":0.0,"event_name":"Purifier","player_choice":"Purged","floor":3.0,"gold_loss":0.0,"damage_taken":0.0}],"is_beta":false,"boss_relics":[],"items_purged_floors":[],"is_endless":false,"potions_floor_spawned":[2,5],"killed_by":"Lagavulin","ascension_level":20}}