{"host":"78ng8b0jg92p48rp","time":1610817970,"event":{"mods":["Aspiration","BaseMod","Minty Spire (QoL Compilation)","Quick Restart","Replay The Spire","StSLib"],"gold_per_floor":[115,129,54,65,15,15,77,77,77,77,77],"floor_reached":10,"language":"ZHS","playtime":470,"items_purged":["Survivor"],"score":56,"play_id":"18e383e3-557d-42da-b34b-be5004e6c230","local_time":"20210117012610","is_ascension_mode":false,"campfire_choices":[{"data":"Corpse Explosion","floor":6,"key":"SMITH"}],"circlet_count":0,"master_deck":["Strike_G","Strike_G","Strike_G","Strike_G","Strike_G","Defend_G","Defend_G","Defend_G","Defend_G","Neutralize","Distraction","Backflip","Corpse Explosion+1","Well Laid Plans"],"relics":["Ring of the Snake","Vampiric Spirits","Ancient Tea Set","Golden Idol","CaptainsWheel"],"acts_visited":["Exordium"],"potions_floor_usage":[],"damage_taken":[{"damage":1,"enemies":"Jaw Worm","floor":1,"turns":6},{"damage":1,"enemies":"Small Slimes","floor":2,"turns":4},{"damage":1,"enemies":"2 Louse","floor":4,"turns":3},{"damage":21,"enemies":"3 Sentries","floor":7,"turns":5},{"damage":22,"enemies":"Gremlin Nob","floor":10,"turns":4}],"seed_played":"-1234148262665367751","potions_obtained":[{"floor":1,"key":"SteroidPotion"},{"floor":7,"key":"Block Potion"}],"is_trial":false,"path_per_floor":["M","M","$","M","?","R","?","?","T","E"],"character_chosen":"THE_SILENT","items_purchased":[],"campfire_rested":0,"item_purchase_floors":[],"current_hp_per_floor":[49,49,49,50,50,50,29,12,12,0,0],"gold":77,"neow_bonus":"ONE_RARE_RELIC","is_daily":false,"chose_seed":false,"campfire_upgraded":1,"win_rate":0.0,"timestamp":1610817970,"path_taken":["M","M","$","M","?","R","?","?","T","E"],"items_purchased_type":[],"build_version":"2020-12-22","purchased_purges":1,"victory":false,"max_hp_per_floor":[70,70,70,70,70,70,70,70,70,70,70],"card_choices":[{"not_picked":["Sneak Up","Quick Slash"],"picked":"Distraction","floor":1},{"not_picked":["Flying Knee","Outmaneuver"],"picked":"Backflip","floor":2},{"not_picked":["Bane","Predator"],"picked":"Corpse Explosion","floor":4},{"not_picked":["Hidden Blade","Prepared"],"picked":"Well Laid Plans","floor":7}],"player_experience":61228,"relics_obtained":[{"floor":7,"key":"Ancient Tea Set"},{"floor":9,"key":"CaptainsWheel"}],"event_choices":[{"cards_removed":["Defend_G"],"damage_healed":0,"gold_gain":0,"player_choice":"Card Removal","damage_taken":0,"max_hp_gain":0,"max_hp_loss":0,"event_name":"The Cleric","floor":5,"gold_loss":50},{"damage_healed":0,"gold_gain":30,"player_choice":"Searched \u00273\u0027 times","damage_taken":0,"max_hp_gain":0,"max_hp_loss":0,"event_name":"Dead Adventurer","floor":7,"gold_loss":0},{"damage_healed":0,"gold_gain":0,"player_choice":"Take Damage","damage_taken":17,"relics_obtained":["Golden Idol"],"max_hp_gain":0,"max_hp_loss":0,"event_name":"Golden Idol","floor":8,"gold_loss":0}],"is_beta":false,"boss_relics":[],"items_purged_floors":[3],"is_endless":false,"potions_floor_spawned":[1,7],"killed_by":"Gremlin Nob","ascension_level":0}}