{"host":"640uue19m79c7wbt","time":1610818482,"event":{"mods":["BaseMod","Colored Map","Googly Eyes","Highlight Path","Minty Spire (QoL Compilation)","Quick Restart","StSLib"],"gold_per_floor":[116,116,129,0,0,41,3,56,68,124,136,148,3,21,21,141,141,162,162,162,177,41,70,70,102,127,127,160,160,160,172,172,172,172],"floor_reached":33,"language":"ENG","playtime":1100,"items_purged":["Strike_G","Strike_G"],"score":496,"play_id":"193f57ce-9d85-4382-a538-2c2c413d8315","local_time":"20210116123442","is_ascension_mode":true,"campfire_choices":[{"floor":11,"key":"REST"},{"floor":15,"key":"REST"},{"floor":24,"key":"REST"},{"floor":27,"key":"REST"},{"floor":30,"key":"REST"},{"data":"A Thousand Cuts","floor":32,"key":"SMITH"}],"circlet_count":0,"master_deck":["Strike_G","Strike_G","Strike_G","Defend_G","Defend_G","Defend_G+1","Defend_G","Defend_G","Survivor","Neutralize","Underhanded Strike","Poisoned Stab","Storm of Steel+1","Prepared","Unload","Outmaneuver+1","Phantasmal Killer+1","Deep Breath+1","Distraction+1","A Thousand Cuts+1","Crippling Poison+1","Bouncing Flask+1","Distraction+1","Riddle With Holes","Well Laid Plans","Predator","Bouncing Flask+1","Necronomicurse","Crippling Poison+1"],"relics":["Ring of the Snake","NeowsBlessing","Bloody Idol","Toxic Egg 2","MawBank","Ice Cream","Bronze Scales","Snake Skull","War Paint","SacredBark","Toy Ornithopter","Ninja Scroll","Orichalcum","Bag of Preparation","Necronomicon"],"acts_visited":["Exordium","TheCity"],"potions_floor_usage":[10,14,14,28,33],"damage_taken":[{"damage":0.0,"enemies":"Jaw Worm","floor":1.0,"turns":1.0},{"damage":0.0,"enemies":"Small Slimes","floor":3.0,"turns":1.0},{"damage":5.0,"enemies":"3 Sentries","floor":6.0,"turns":2.0},{"damage":17.0,"enemies":"Lagavulin","floor":8.0,"turns":5.0},{"damage":12,"enemies":"Gremlin Nob","floor":10,"turns":3},{"damage":0,"enemies":"2 Louse","floor":14,"turns":1},{"damage":11,"enemies":"Hexaghost","floor":16,"turns":9},{"damage":12,"enemies":"Shell Parasite","floor":18,"turns":4},{"damage":5,"enemies":"Spheric Guardian","floor":21,"turns":3},{"damage":21,"enemies":"Gremlin Leader","floor":23,"turns":5},{"damage":40,"enemies":"Book of Stabbing","floor":25,"turns":4},{"damage":12,"enemies":"Gremlin Leader","floor":28,"turns":2},{"damage":2,"enemies":"3 Cultists","floor":31,"turns":4},{"damage":74,"enemies":"Champ","floor":33,"turns":7}],"seed_played":"-8098790450096678801","potions_obtained":[{"floor":3.0,"key":"Explosive Potion"},{"floor":6.0,"key":"PowerPotion"},{"floor":8.0,"key":"Energy Potion"},{"floor":10,"key":"SteroidPotion"},{"floor":25,"key":"Strength Potion"},{"floor":31,"key":"LiquidBronze"}],"is_trial":false,"path_per_floor":["M","?","M","$","?","E","?","E","T","E","R","?","$","M","R","B",null,"M","?","?","M","$","E","R","E","T","R","E","?","R","M","R","B"],"character_chosen":"THE_SILENT","items_purchased":["Storm of Steel","Prepared","Deep Breath+1","Riddle With Holes"],"campfire_rested":5,"item_purchase_floors":[4,4,13,22],"current_hp_per_floor":[63,46,46,46,46,41,41,24,24,12,33,30,30,30,51,40,63,51,51,51,51,51,35,56,21,26,47,45,29,50,53,53,0,0],"gold":172,"neow_bonus":"THREE_ENEMY_KILL","is_daily":false,"chose_seed":false,"campfire_upgraded":1,"win_rate":0.0,"timestamp":1610818482,"path_taken":["M","?","M","$","?","E","?","E","T","E","R","?","?","?","R","BOSS","M","?","?","M","$","E","R","E","T","R","E","?","R","M","R","BOSS"],"items_purchased_type":["Card","Card","Card","Card"],"build_version":"2020-12-22","purchased_purges":2,"victory":false,"max_hp_per_floor":[70,70,70,70,70,70,70,70,70,70,70,70,70,70,70,70,70,70,70,70,70,70,70,70,70,70,70,70,70,70,70,70,70,70],"card_choices":[{"not_picked":["Dodge and Roll","Backflip"],"picked":"Underhanded Strike","floor":1.0},{"not_picked":["Flying Knee","Flechettes"],"picked":"Poisoned Stab","floor":3.0},{"not_picked":["Deflect+1","Skewer"],"picked":"Unload","floor":6.0},{"not_picked":["Expertise+1","Slice"],"picked":"Outmaneuver+1","floor":8.0},{"not_picked":["Leg Sweep+1","Choke"],"picked":"Phantasmal Killer+1","floor":10},{"not_picked":["Sucker Punch","Deadly Poison+1"],"picked":"Distraction+1","floor":14},{"not_picked":["Unload","Glass Knife"],"picked":"A Thousand Cuts","floor":16},{"not_picked":["PiercingWail+1","Dagger Throw+1"],"picked":"Crippling Poison+1","floor":18},{"not_picked":["Flying Knee","All Out Attack+1"],"picked":"Distraction+1","floor":21},{"not_picked":["Finisher","Sucker Punch"],"picked":"Well Laid Plans","floor":23},{"not_picked":["Calculated Gamble+1","Flying Knee"],"picked":"Predator","floor":25},{"not_picked":["Poisoned Stab","Dash"],"picked":"Bouncing Flask+1","floor":28},{"not_picked":["Calculated Gamble+1","Sucker Punch"],"picked":"Crippling Poison+1","floor":31}],"player_experience":584859,"relics_obtained":[{"floor":6.0,"key":"MawBank"},{"floor":8.0,"key":"Ice Cream"},{"floor":9.0,"key":"Bronze Scales"},{"floor":10,"key":"Snake Skull"},{"floor":23,"key":"Toy Ornithopter"},{"floor":25,"key":"Ninja Scroll"},{"floor":26,"key":"Orichalcum"},{"floor":28,"key":"Bag of Preparation"},{"floor":29,"key":"Necronomicon"}],"event_choices":[{"damage_healed":0.0,"max_hp_gain":0.0,"max_hp_loss":0.0,"gold_gain":0.0,"event_name":"Golden Idol","player_choice":"Take Damage","floor":2.0,"gold_loss":0.0,"damage_taken":17.0,"relics_obtained":["Golden Idol"]},{"damage_healed":0.0,"max_hp_gain":0.0,"max_hp_loss":0.0,"gold_gain":0.0,"event_name":"Big Fish","player_choice":"Box","floor":5.0,"gold_loss":0.0,"damage_taken":0.0,"relics_obtained":["Toxic Egg 2"],"cards_obtained":["Regret"]},{"cards_removed":["Regret"],"damage_healed":0.0,"max_hp_gain":0.0,"max_hp_loss":0.0,"gold_gain":0.0,"event_name":"The Cleric","player_choice":"Card Removal","floor":7.0,"gold_loss":50.0,"damage_taken":0.0},{"damage_healed":0,"gold_gain":0,"player_choice":"Success","damage_taken":3,"relics_obtained":["War Paint"],"max_hp_gain":0,"max_hp_loss":0,"event_name":"Scrap Ooze","floor":12,"gold_loss":0},{"damage_healed":0,"gold_gain":0,"player_choice":"Read","damage_taken":0,"max_hp_gain":0,"max_hp_loss":0,"event_name":"The Library","floor":19,"gold_loss":0,"cards_obtained":["Bouncing Flask"]},{"damage_healed":0,"gold_gain":0,"player_choice":"Gave Idol","damage_taken":0,"relics_obtained":["Bloody Idol"],"max_hp_gain":0,"max_hp_loss":0,"event_name":"Forgotten Altar","floor":20,"relics_lost":["Golden Idol"],"gold_loss":0},{"damage_healed":0,"gold_gain":0,"player_choice":"Obtained Book","damage_taken":16,"max_hp_gain":0,"max_hp_loss":0,"event_name":"Cursed Tome","floor":29,"gold_loss":0}],"is_beta":false,"boss_relics":[{"not_picked":["Ectoplasm","Tiny House"],"picked":"SacredBark"}],"items_purged_floors":[13,22],"is_endless":false,"potions_floor_spawned":[3,6,8,10,25,31],"killed_by":"Champ","ascension_level":9}}