{"host":"w9yruvs4bqht6bhw","time":1610811725,"event":{"mods":["BaseMod","Colored Powertips","Minty Spire (QoL Compilation)"],"gold_per_floor":[119,136,136,149,111,149,149,190,190,260,280,280,280],"floor_reached":12,"language":"ENG","playtime":317,"items_purged":[],"score":128,"play_id":"8f87934a-9454-45a5-8324-03b0bbb3a290","local_time":"20210116104205","is_ascension_mode":true,"campfire_choices":[{"floor":7,"key":"REST"}],"circlet_count":0,"master_deck":["Strike_R+1","Strike_R","Strike_R","Strike_R","Strike_R","Defend_R","Defend_R","Defend_R","Defend_R","Bash+1","Shockwave","Pummel","Whirlwind","Infernal Blade","Seeing Red"],"relics":["Burning Blood","Golden Idol","Letter Opener","Whetstone","Bottled Lightning","Ornamental Fan"],"acts_visited":["Exordium"],"potions_floor_usage":[1,2,2,6,8,8,11],"damage_taken":[{"damage":4,"enemies":"Small Slimes","floor":1,"turns":4},{"damage":12,"enemies":"Jaw Worm","floor":2,"turns":2},{"damage":6,"enemies":"Cultist","floor":4,"turns":3},{"damage":26,"enemies":"Gremlin Nob","floor":6,"turns":4},{"damage":48,"enemies":"Lagavulin","floor":8,"turns":9},{"damage":5,"enemies":"Gremlin Gang","floor":11,"turns":3},{"damage":16,"enemies":"Gremlin Nob","floor":12,"turns":2}],"seed_played":"-7520858651377507593","potions_obtained":[{"floor":0,"key":"EntropicBrew"},{"floor":0,"key":"BlessingOfTheForge"},{"floor":0,"key":"FearPotion"},{"floor":6,"key":"SkillPotion"},{"floor":8,"key":"Energy Potion"},{"floor":11,"key":"GamblersBrew"}],"is_trial":false,"path_per_floor":["M","M","?","M","?","E","R","E","T","T","M","E"],"character_chosen":"IRONCLAD","items_purchased":[],"campfire_rested":1,"item_purchase_floors":[],"current_hp_per_floor":[74,68,48,48,48,28,52,10,10,10,11,0,0],"gold":280,"neow_bonus":"THREE_SMALL_POTIONS","is_daily":false,"chose_seed":false,"campfire_upgraded":0,"win_rate":0.0,"timestamp":1610811725,"path_taken":["M","M","?","M","?","E","R","E","T","?","M","E"],"items_purchased_type":[],"build_version":"2020-12-22","purchased_purges":0,"victory":false,"max_hp_per_floor":[80,80,80,80,80,80,80,80,80,80,80,80,80],"card_choices":[{"not_picked":["Armaments","Thunderclap"],"picked":"Shockwave","floor":1},{"not_picked":["True Grit","Metallicize"],"picked":"Pummel","floor":2},{"not_picked":["Shrug It Off","Ghostly Armor"],"picked":"Whirlwind","floor":4},{"not_picked":["Clash","Perfected Strike","Cleave"],"picked":"SKIP","floor":6},{"not_picked":["Twin Strike","Iron Wave"],"picked":"Infernal Blade","floor":8},{"not_picked":["Perfected Strike","Double Tap"],"picked":"Seeing Red","floor":11}],"player_experience":398383,"relics_obtained":[{"floor":6,"key":"Letter Opener"},{"floor":8,"key":"Whetstone"},{"floor":9,"key":"Bottled Lightning"},{"floor":10,"key":"Ornamental Fan"}],"event_choices":[{"damage_healed":0,"gold_gain":0,"player_choice":"Take Damage","damage_taken":20,"relics_obtained":["Golden Idol"],"max_hp_gain":0,"max_hp_loss":0,"event_name":"Golden Idol","floor":3,"gold_loss":0},{"damage_healed":0,"gold_gain":0,"player_choice":"Left Gold","damage_taken":0,"max_hp_gain":0,"max_hp_loss":0,"event_name":"World of Goop","floor":5,"gold_loss":38}],"is_beta":false,"boss_relics":[],"items_purged_floors":[],"is_endless":false,"potions_floor_spawned":[6,8,11],"killed_by":"Gremlin Nob","ascension_level":9}}