{"host":"idjwbq71yrpkph1r","time":1610761752,"event":{"mods":["Alarm Clock","BaseMod","Better Third Choice","Block Reminder","Colored Powertips","Conspire","Hubris","Minty Spire (QoL Compilation)","Rare Cards Sparkle","StSLib","The Blue Laboratory","Waifu the Spire","everything is the same but u backflip on backflip"],"gold_per_floor":[110,110,68,88,62,62,80,108,108,108,120,130,169,186,186,288,288,304,73,73,92,92,124,134,144,169,169,14,31,62,78,78,179,179,196,214,22,34,34,64,64,78,154,171,181,181,194,204,204,204,204],"floor_reached":50,"language":"ENG","playtime":3785,"items_purged":[],"score":627,"play_id":"0a81fc28-b1ef-4517-a71a-55c6b59641d4","local_time":"20210116024912","is_ascension_mode":false,"campfire_choices":[{"floor":15.0,"key":"REST"},{"data":"Reboot","floor":32.0,"key":"SMITH"},{"data":"hubris:EnhanceAbility","floor":41.0,"key":"SMITH"},{"floor":49.0,"key":"RECALL"}],"circlet_count":0,"master_deck":["Strike_B","Strike_B","Strike_B","Strike_B","Defend_B","Defend_B","Defend_B","Defend_B","Zap","Dualcast","Leap","Gash","Gash","FTL+1","Gash","Conserve Battery","Reboot+1","conspire:Rain","Echo Form","Gash+1","Skim","Jack Of All Trades","Rip and Tear","Gash+1","Go for the Eyes","Rebound","Machine Learning","Go for the Eyes","hubris:EnhanceAbility+1","Metamorphosis","BootSequence+1","FTL+1","Beam Cell","Conserve Battery+1"],"relics":["Cracked Core","NeowsBlessing","betterThird:SlimedRelic","Lantern","hubris:Metronome","Shuriken","hubris:CrystalStatue","hubris:RunicObelisk","Anchor","hubris:BottledHeart","Whetstone","Sling","conspire:SpecialSausage","conspire:Flyswatter","Meat on the Bone","hubris:GlazedTorus"],"acts_visited":["Exordium","TheCity","TheBeyond"],"potions_floor_usage":[50],"damage_taken":[{"damage":0.0,"enemies":"Small Slimes","floor":1.0,"turns":1.0},{"damage":0.0,"enemies":"2 Louse","floor":4.0,"turns":1.0},{"damage":0.0,"enemies":"Cultist","floor":7.0,"turns":1.0},{"damage":15.0,"enemies":"Gremlin Nob","floor":8.0,"turns":4.0},{"damage":12.0,"enemies":"Exordium Thugs","floor":11.0,"turns":4.0},{"damage":0.0,"enemies":"Lots of Slimes","floor":12.0,"turns":4.0},{"damage":2.0,"enemies":"conspire:MimicChest","floor":13.0,"turns":7.0},{"damage":0.0,"enemies":"Large Slime","floor":14.0,"turns":3.0},{"damage":13.0,"enemies":"The Guardian","floor":16.0,"turns":8.0},{"damage":5.0,"enemies":"Spheric Guardian","floor":18.0,"turns":3.0},{"damage":0.0,"enemies":"Chosen","floor":21.0,"turns":3.0},{"damage":0.0,"enemies":"Slavers","floor":23.0,"turns":6.0},{"damage":0.0,"enemies":"Snake Plant","floor":24.0,"turns":3.0},{"damage":0.0,"enemies":"Snecko","floor":25.0,"turns":4.0},{"damage":0.0,"enemies":"Centurion and Healer","floor":29.0,"turns":3.0},{"damage":0.0,"enemies":"3 Cultists","floor":30.0,"turns":6.0},{"damage":0.0,"enemies":"Shelled Parasite and Fungi","floor":31.0,"turns":3.0},{"damage":0.0,"enemies":"hubris:MusketHawk","floor":33.0,"turns":6.0},{"damage":0.0,"enemies":"3 Darklings","floor":35.0,"turns":3.0},{"damage":0.0,"enemies":"3 Shapes","floor":36.0,"turns":4.0},{"damage":0.0,"enemies":"Sphere and 2 Shapes","floor":38.0,"turns":5.0},{"damage":0.0,"enemies":"Nemesis","floor":40.0,"turns":5.0},{"damage":0.0,"enemies":"Jaw Worm Horde","floor":42.0,"turns":4.0},{"damage":0.0,"enemies":"4 Shapes","floor":44.0,"turns":5.0},{"damage":0.0,"enemies":"3 Darklings","floor":45.0,"turns":5.0},{"damage":0.0,"enemies":"Spire Growth","floor":47.0,"turns":4.0},{"damage":0.0,"enemies":"Writhing Mass","floor":48.0,"turns":5.0},{"damage":3,"enemies":"Time Eater","floor":50,"turns":5}],"seed_played":"-7109682024252295851","potions_obtained":[{"floor":4.0,"key":"blueLaboratory:BottleOfVodka"},{"floor":6.0,"key":"blueLaboratory:PolymorphPotion"},{"floor":6.0,"key":"blueLaboratory:PolymorphPotion"},{"floor":13.0,"key":"blueLaboratory:BubblePotion"},{"floor":14.0,"key":"blueLaboratory:ImpenetrablePotion"},{"floor":24.0,"key":"blueLaboratory:FrostheartPotion"},{"floor":40.0,"key":"DistilledChaos"}],"is_trial":false,"path_per_floor":["M","?","?","M","$","?","M","E","T","$","M","M","?","M","R","B",null,"M","$","?","M","?","E","M","M","T","?","$","M","M","M","R","B",null,"M","M","$","M","?","E","R","M","T","M","M","?","M","M","R","B"],"character_chosen":"DEFECT","items_purchased":["Gash","Shuriken","Skim","Anchor","Sling","hubris:EnhanceAbility"],"campfire_rested":1,"item_purchase_floors":[5,10,19,19,28,37],"current_hp_per_floor":[75,80,69,69,69,69,69,54,54,37,25,25,23,23,47,34,80,75,75,75,75,1,1,1,1,1,1,1,1,1,1,1,1,1,1,1,1,1,1,1,1,1,1,1,1,1,1,1,1,0,0],"gold":204,"neow_bonus":"THREE_ENEMY_KILL","is_daily":false,"chose_seed":false,"campfire_upgraded":2,"win_rate":0.0,"timestamp":1610761752,"path_taken":["M","?","?","M","$","?","?","E","T","?","M","M","?","M","R","BOSS","M","$","?","?","?","E","M","M","T","?","$","M","M","M","R","BOSS","M","?","$","M","?","E","R","M","T","M","M","?","M","?","R","BOSS"],"items_purchased_type":["Card","Relic","Card","Relic","Relic","Card"],"build_version":"2020-12-22","purchased_purges":0,"victory":false,"max_hp_per_floor":[75,80,80,80,80,80,80,80,80,80,80,80,80,80,80,80,80,80,80,80,80,1,1,1,1,1,1,1,1,1,1,1,1,1,1,1,1,1,1,1,1,1,1,1,1,1,1,1,1,1,1],"card_choices":[{"not_picked":["Barrage","Steam"],"picked":"Leap","floor":1.0},{"not_picked":["Skim","Chill"],"picked":"Gash","floor":4.0},{"not_picked":["Streamline","Redo"],"picked":"FTL","floor":7.0},{"not_picked":["Steam Power","Static Discharge"],"picked":"Gash","floor":8.0},{"not_picked":["FTL","Compile Driver"],"picked":"Conserve Battery","floor":11.0},{"not_picked":["Stack","Coolheaded"],"picked":"Reboot","floor":12.0},{"not_picked":["Cold Snap","Streamline"],"picked":"conspire:Rain","floor":13.0},{"not_picked":["Compile Driver","Coolheaded","Sweeping Beam"],"picked":"SKIP","floor":14.0},{"not_picked":["Fission","Buffer"],"picked":"Echo Form","floor":16.0},{"not_picked":["Storm","Stack"],"picked":"Gash","floor":18.0},{"not_picked":["Loop","Darkness","Barrage"],"picked":"SKIP","floor":21.0},{"not_picked":["Steam","Redo"],"picked":"Rip and Tear","floor":23.0},{"not_picked":["Static Discharge+1","Compile Driver+1"],"picked":"Gash+1","floor":24.0},{"not_picked":["Cold Snap","Force Field","Hello World"],"picked":"SKIP","floor":25.0},{"not_picked":["Force Field","Compile Driver"],"picked":"Go for the Eyes","floor":29.0},{"not_picked":["Storm","Steam+1","Capacitor"],"picked":"SKIP","floor":30.0},{"not_picked":["BootSequence+1","Turbo"],"picked":"Rebound","floor":31.0},{"not_picked":["Seek","hubris:DoWhile"],"picked":"Machine Learning","floor":33.0},{"not_picked":["Blizzard+1","Rebound+1"],"picked":"Go for the Eyes","floor":35.0},{"not_picked":["Capacitor+1","Compile Driver+1","Stack"],"picked":"SKIP","floor":36.0},{"not_picked":["Compile Driver+1","Buffer","Sunder+1"],"picked":"SKIP","floor":38.0},{"not_picked":["Secret Weapon","Forethought"],"picked":"Metamorphosis","floor":39.0},{"not_picked":["Chaos+1","Go for the Eyes"],"picked":"BootSequence+1","floor":40.0},{"not_picked":["hubris:Ukulele+1","Ball Lightning+1"],"picked":"FTL+1","floor":42.0},{"not_picked":["Barrage","Go for the Eyes+1"],"picked":"Beam Cell","floor":44.0},{"not_picked":["Capacitor+1","Steam Power"],"picked":"Conserve Battery+1","floor":45.0},{"not_picked":["Turbo+1","Hologram","Redo+1"],"picked":"SKIP","floor":47.0},{"not_picked":["Sweeping Beam+1","Glacier","Cold Snap"],"picked":"SKIP","floor":48.0}],"player_experience":212530,"relics_obtained":[{"floor":8.0,"key":"Lantern"},{"floor":9.0,"key":"hubris:Metronome"},{"floor":13.0,"key":"hubris:CrystalStatue"},{"floor":23.0,"key":"Whetstone"},{"floor":40.0,"key":"conspire:Flyswatter"},{"floor":43.0,"key":"Meat on the Bone"}],"event_choices":[{"damage_healed":0.0,"max_hp_gain":5.0,"max_hp_loss":0.0,"gold_gain":0.0,"event_name":"Big Fish","player_choice":"Donut","floor":2.0,"gold_loss":0.0,"damage_taken":0.0},{"damage_healed":0.0,"max_hp_gain":0.0,"max_hp_loss":0.0,"gold_gain":0.0,"event_name":"betterThird:BetterGoop","player_choice":"Slimed","floor":3.0,"gold_loss":42.0,"damage_taken":11.0},{"damage_healed":0.0,"max_hp_gain":0.0,"max_hp_loss":0.0,"gold_gain":0.0,"event_name":"Lab","player_choice":"Got Potions","floor":6.0,"gold_loss":0.0,"damage_taken":0.0},{"damage_healed":0.0,"max_hp_gain":0.0,"max_hp_loss":0.0,"gold_gain":0.0,"event_name":"Match and Keep!","player_choice":"2 cards matched","floor":20.0,"gold_loss":0.0,"damage_taken":0.0,"cards_obtained":["Redo","Jack Of All Trades"]},{"damage_healed":0.0,"max_hp_gain":0.0,"max_hp_loss":0.0,"gold_gain":0.0,"event_name":"The Woman in Blue","player_choice":"Bought 0 Potions","floor":27.0,"gold_loss":0.0,"damage_taken":0.0},{"damage_healed":0.0,"max_hp_gain":0.0,"max_hp_loss":0.0,"gold_gain":0.0,"event_name":"SensoryStone","player_choice":"Memory 1","floor":39.0,"gold_loss":0.0,"damage_taken":0.0},{"cards_removed":["Redo"],"damage_healed":0.0,"max_hp_gain":0.0,"max_hp_loss":0.0,"gold_gain":0.0,"event_name":"WeMeetAgain","player_choice":"Gave Card","floor":46.0,"gold_loss":0.0,"damage_taken":0.0,"relics_obtained":["hubris:GlazedTorus"]}],"is_beta":false,"boss_relics":[{"not_picked":["Snecko Eye","hubris:CrackedHourglass"],"picked":"hubris:RunicObelisk"},{"not_picked":["hubris:TerracottaHorce","Velvet Choker"],"picked":"conspire:SpecialSausage"}],"items_purged_floors":[],"is_endless":false,"potions_floor_spawned":[4,12,13,14,23,24,25,30,33,38,40,45,47],"killed_by":"Time Eater","ascension_level":0}}