{"host":"rolltorest","time":1610761088,"event":{"mods":["BaseMod","Minty Spire (QoL Compilation)","Relic Stats","Slay the Relics Exporter","StSLib"],"gold_per_floor":[118,118,118,131,131,131,172,172,172,172,18,42,78,98,98,184,184,199,134,162,183,108,108,149,149,203,212,221,259,90,15,15,97,97,108,37,96,107,107,107],"floor_reached":39,"language":"ENG","playtime":855,"items_purged":["Strike_R","Strike_R"],"score":842,"play_id":"bbab4eee-3705-4f89-bc4e-70c57449d263","local_time":"20210115173808","is_ascension_mode":true,"campfire_choices":[{"data":"Perfected Strike","floor":6,"key":"SMITH"},{"data":"Bash","floor":8,"key":"SMITH"},{"floor":10,"key":"REST"},{"data":"Dark Embrace","floor":15,"key":"SMITH"},{"floor":23,"key":"REST"},{"data":"Fiend Fire","floor":25,"key":"SMITH"},{"floor":32,"key":"REST"}],"circlet_count":0,"master_deck":["AscendersBane","Strike_R","Strike_R","Defend_R","Defend_R","Defend_R","Defend_R","Bash+1","Perfected Strike+1","Offering","Carnage","Dark Embrace+1","Thunderclap","Hemokinesis","Rage","Immolate","Flame Barrier","Headbutt","Fiend Fire+1","RitualDagger","Decay","Metallicize","Feel No Pain","Juggernaut","Dark Embrace","Clothesline+1"],"relics":["Busted Crown","CeramicFish","Shuriken","Nunchaku","Bronze Scales","Snecko Eye","Mummified Hand","PreservedInsect","Toy Ornithopter","Self Forming Clay","SlaversCollar","Peace Pipe"],"acts_visited":["Exordium","TheCity","TheBeyond"],"potions_floor_usage":[16,33,37],"damage_taken":[{"damage":5,"enemies":"Small Slimes","floor":1,"turns":4},{"damage":2,"enemies":"Jaw Worm","floor":4,"turns":4},{"damage":20,"enemies":"3 Sentries","floor":7,"turns":8},{"damage":13,"enemies":"Gremlin Nob","floor":13,"turns":3},{"damage":9,"enemies":"2 Louse","floor":14,"turns":2},{"damage":28,"enemies":"Hexaghost","floor":16,"turns":8},{"damage":0,"enemies":"Chosen","floor":18,"turns":2},{"damage":28,"enemies":"2 Thieves","floor":20,"turns":2},{"damage":25,"enemies":"Centurion and Healer","floor":21,"turns":4},{"damage":9,"enemies":"Gremlin Leader","floor":24,"turns":2},{"damage":17,"enemies":"Book of Stabbing","floor":29,"turns":3},{"damage":17,"enemies":"Collector","floor":33,"turns":5},{"damage":10,"enemies":"3 Shapes","floor":35,"turns":7},{"damage":71,"enemies":"2 Orb Walkers","floor":37,"turns":4},{"damage":13,"enemies":"Orb Walker","floor":38,"turns":3},{"damage":26,"enemies":"Maw","floor":39,"turns":4}],"seed_played":"1557746901770970459","potions_obtained":[{"floor":7,"key":"PowerPotion"},{"floor":14,"key":"SteroidPotion"},{"floor":16,"key":"GamblersBrew"},{"floor":21,"key":"FairyPotion"},{"floor":35,"key":"Energy Potion"},{"floor":38,"key":"LiquidBronze"}],"is_trial":false,"path_per_floor":["M","?","?","M","?","R","E","R","T","R","$","T","E","M","R","B",null,"M","?","M","M","$","R","E","R","T","?","?","E","$","?","R","B",null,"M","$","?","M","M"],"character_chosen":"IRONCLAD","items_purchased":["Carnage","Dark Embrace","Thunderclap","Feel No Pain","Dark Embrace"],"campfire_rested":3,"item_purchase_floors":[11,11,11,30,36],"current_hp_per_floor":[63,68,68,66,66,66,46,46,46,70,70,70,57,48,48,20,65,65,65,37,12,12,36,27,27,27,21,21,4,4,4,28,16,64,54,54,16,3,0,0],"gold":107,"neow_bonus":"BOSS_RELIC","is_daily":false,"chose_seed":false,"campfire_upgraded":4,"win_rate":0.0,"timestamp":1610761088,"path_taken":["M","?","?","M","?","R","E","R","T","R","$","?","E","M","R","BOSS","M","?","M","?","?","R","E","R","T","?","?","E","?","?","R","BOSS","M","$","?","M","M"],"items_purchased_type":["Card","Card","Card","Card","Card"],"build_version":"2020-12-18","purchased_purges":2,"victory":false,"max_hp_per_floor":[75,80,80,80,80,80,80,80,80,80,80,80,80,80,80,80,80,80,80,80,80,80,80,80,80,80,80,80,80,80,80,80,80,80,80,80,80,80,80,80],"relic_stats":{"counters":[16,65],"Self Forming Clay":[27],"CeramicFish":153,"PreservedInsect":43,"Peace Pipe":0,"Nunchaku":[10],"Busted Crown":30,"Shuriken":[16],"Mummified Hand":[40],"Bronze Scales":[127],"Snecko Eye":[54,66,74,65],"obtain_stats":[{"Self Forming Clay":29,"CeramicFish":7,"PreservedInsect":24,"Burning Blood":0,"Peace Pipe":37,"SlaversCollar":34,"Nunchaku":12,"Busted Crown":0,"Shuriken":9,"Mummified Hand":19,"Bronze Scales":13,"Snecko Eye":17,"Toy Ornithopter":26},{"Self Forming Clay":11,"CeramicFish":3,"PreservedInsect":10,"Burning Blood":0,"Peace Pipe":14,"SlaversCollar":12,"Nunchaku":3,"Busted Crown":0,"Shuriken":3,"Mummified Hand":7,"Bronze Scales":4,"Snecko Eye":6,"Toy Ornithopter":10},{"Self Forming Clay":42,"CeramicFish":16,"PreservedInsect":39,"Burning Blood":0,"Peace Pipe":58,"SlaversCollar":47,"Nunchaku":16,"Busted Crown":0,"Shuriken":16,"Mummified Hand":31,"Bronze Scales":19,"Snecko Eye":29,"Toy Ornithopter":39}],"Toy Ornithopter":10},"card_choices":[{"not_picked":["Flex"],"picked":"SKIP","floor":1},{"not_picked":[],"picked":"Perfected Strike","floor":4},{"not_picked":[],"picked":"Offering","floor":7},{"not_picked":[],"picked":"Hemokinesis","floor":13},{"not_picked":[],"picked":"Rage","floor":14},{"not_picked":[],"picked":"Immolate","floor":16},{"not_picked":["Wild Strike"],"picked":"SKIP","floor":18},{"not_picked":[],"picked":"Flame Barrier","floor":20},{"not_picked":[],"picked":"Headbutt","floor":21},{"not_picked":[],"picked":"Fiend Fire","floor":24},{"not_picked":[],"picked":"Metallicize","floor":29},{"not_picked":[],"picked":"Juggernaut","floor":33},{"not_picked":["True Grit"],"picked":"SKIP","floor":35},{"not_picked":[],"picked":"Clothesline+1","floor":37},{"not_picked":["Wild Strike"],"picked":"SKIP","floor":38}],"player_experience":1720416,"relics_obtained":[{"floor":7,"key":"CeramicFish"},{"floor":9,"key":"Shuriken"},{"floor":12,"key":"Nunchaku"},{"floor":13,"key":"Bronze Scales"},{"floor":24,"key":"PreservedInsect"},{"floor":26,"key":"Toy Ornithopter"},{"floor":29,"key":"Self Forming Clay"},{"floor":37,"key":"Peace Pipe"}],"event_choices":[{"damage_healed":0,"gold_gain":0,"player_choice":"Donut","damage_taken":0,"max_hp_gain":5,"max_hp_loss":0,"event_name":"Big Fish","floor":2,"gold_loss":0},{"damage_healed":0,"gold_gain":0,"player_choice":"Ignored","damage_taken":0,"max_hp_gain":0,"max_hp_loss":0,"event_name":"Shining Light","floor":3,"gold_loss":0},{"damage_healed":0,"gold_gain":0,"player_choice":"Leave","damage_taken":0,"max_hp_gain":0,"max_hp_loss":0,"event_name":"The Cleric","floor":5,"gold_loss":0},{"damage_healed":0,"gold_gain":0,"player_choice":"Paid Gold","damage_taken":0,"relics_obtained":["Mummified Hand"],"max_hp_gain":0,"max_hp_loss":0,"event_name":"WeMeetAgain","floor":19,"gold_loss":65},{"damage_healed":0,"gold_gain":0,"player_choice":"Joined the Cult","damage_taken":6,"max_hp_gain":0,"max_hp_loss":0,"event_name":"Nest","floor":27,"gold_loss":0,"cards_obtained":["RitualDagger"]},{"damage_healed":0,"gold_gain":0,"player_choice":"Smashed Altar","damage_taken":0,"max_hp_gain":0,"max_hp_loss":0,"event_name":"Forgotten Altar","floor":28,"gold_loss":0,"cards_obtained":["Decay"]},{"cards_removed":["Strike_R"],"damage_healed":0,"gold_gain":0,"player_choice":"Gave Gold","damage_taken":0,"max_hp_gain":0,"max_hp_loss":0,"event_name":"Beggar","floor":31,"gold_loss":75},{"damage_healed":0,"gold_gain":0,"player_choice":"Fight","damage_taken":0,"max_hp_gain":0,"max_hp_loss":0,"event_name":"Mysterious Sphere","floor":37,"gold_loss":0}],"is_beta":true,"boss_relics":[{"not_picked":["Philosopher\u0027s Stone","Coffee Dripper"],"picked":"Snecko Eye"},{"not_picked":["Empty Cage","Calling Bell"],"picked":"SlaversCollar"}],"items_purged_floors":[22,30],"is_endless":false,"potions_floor_spawned":[7,14,16,18,21,24,35,38],"killed_by":"Maw","ascension_level":20}}