{"host":"03a85bwj0a5skoit","time":1610777386,"event":{"mods":["BaseMod","Block Reminder","Minty Spire (QoL Compilation)","Relic Stats","StSLib"],"gold_per_floor":[115,115,16,16,16,16,41,41,41,41,6,23,42,70,70,144,144,163,78,4,4,4,4,14,46,71,71,71,71],"floor_reached":28,"language":"ENG","playtime":698,"items_purged":[],"score":505,"play_id":"c4efa80d-6e42-4749-a272-f7f4f091e5c2","local_time":"20210116163946","is_ascension_mode":true,"campfire_choices":[{"data":"Bash","floor":6,"key":"SMITH"},{"data":"Demon Form","floor":8,"key":"SMITH"},{"floor":10,"key":"REST"},{"data":"Fiend Fire","floor":15,"key":"SMITH"},{"data":"Battle Trance","floor":23,"key":"SMITH"},{"floor":27,"key":"REST"}],"circlet_count":0,"master_deck":["AscendersBane","Strike_R","Strike_R","Strike_R","Strike_R+1","Defend_R","Defend_R","Defend_R+1","Defend_R","Bash+1","CurseOfTheBell","Battle Trance+1","Ghostly Armor","Demon Form+1","Clothesline","Reckless Charge","Fiend Fire+1","Feed","Havoc","Inflame","Decay","Warcry+1","Burning Pact","Decay"],"relics":["Calling Bell","Darkstone Periapt","Ginger","Nunchaku","Centennial Puzzle","Boot","Pear","HornCleat","Cursed Key","Vajra","Mercury Hourglass","FossilizedHelix","Lantern"],"acts_visited":["Exordium","TheCity"],"potions_floor_usage":[7,14],"damage_taken":[{"damage":13,"enemies":"Cultist","floor":1,"turns":5},{"damage":8,"enemies":"Gremlin Nob","floor":7,"turns":3},{"damage":2,"enemies":"Jaw Worm","floor":12,"turns":3},{"damage":7,"enemies":"Small Slimes","floor":13,"turns":4},{"damage":39,"enemies":"3 Sentries","floor":14,"turns":8},{"damage":5,"enemies":"Hexaghost","floor":16,"turns":7},{"damage":15,"enemies":"Spheric Guardian","floor":18,"turns":4},{"damage":2,"enemies":"3 Byrds","floor":24,"turns":4},{"damage":49,"enemies":"Book of Stabbing","floor":25,"turns":4},{"damage":49,"enemies":"Gremlin Leader","floor":28,"turns":4}],"seed_played":"7022225325058102413","potions_obtained":[{"floor":1,"key":"GamblersBrew"},{"floor":7,"key":"Ancient Potion"}],"is_trial":false,"path_per_floor":["M","?","$","?","?","R","E","R","T","R","?","M","M","E","R","B",null,"M","?","$","T","$","R","M","E","T","R","E"],"character_chosen":"IRONCLAD","items_purchased":["Explosive Potion","Ghostly Armor","Inflame"],"campfire_rested":2,"item_purchase_floors":[3,3,20],"current_hp_per_floor":[55,50,50,27,20,20,12,12,22,47,68,66,59,20,20,15,68,53,53,53,59,59,59,60,11,17,47,0,0],"gold":71,"neow_bonus":"BOSS_RELIC","is_daily":false,"chose_seed":false,"campfire_upgraded":4,"win_rate":0.0,"timestamp":1610777386,"path_taken":["M","?","$","?","?","R","E","R","T","R","?","M","M","E","R","BOSS","M","?","?","?","?","R","?","E","T","R","E"],"items_purchased_type":["Potion","Card","Card"],"build_version":"2020-12-22","purchased_purges":0,"victory":false,"max_hp_per_floor":[75,75,75,75,75,75,75,75,85,85,85,85,85,85,85,85,85,85,85,85,91,91,91,94,94,100,100,100,100],"relic_stats":{"Darkstone Periapt":12,"Nunchaku":[7],"Centennial Puzzle":[27],"counters":[10,46],"Ginger":[1],"Boot":[2],"Cursed Key":2,"obtain_stats":[{"Darkstone Periapt":0,"Lantern":26,"Pear":9,"Vajra":19,"Ginger":0,"Boot":7,"Cursed Key":17,"Burning Blood":0,"Mercury Hourglass":21,"Calling Bell":0,"Nunchaku":0,"Centennial Puzzle":2,"HornCleat":14,"FossilizedHelix":25},{"Darkstone Periapt":0,"Lantern":9,"Pear":2,"Vajra":7,"Ginger":0,"Boot":2,"Cursed Key":6,"Burning Blood":0,"Mercury Hourglass":7,"Calling Bell":0,"Nunchaku":0,"Centennial Puzzle":1,"HornCleat":5,"FossilizedHelix":9},{"Darkstone Periapt":0,"Lantern":42,"Pear":8,"Vajra":34,"Ginger":0,"Boot":8,"Cursed Key":30,"Burning Blood":0,"Mercury Hourglass":34,"Calling Bell":0,"Nunchaku":0,"Centennial Puzzle":5,"HornCleat":23,"FossilizedHelix":42}],"Mercury Hourglass":[69]},"card_choices":[{"not_picked":["Body Slam","Iron Wave"],"picked":"Battle Trance","floor":1},{"not_picked":["Warcry","Anger"],"picked":"Demon Form","floor":7},{"not_picked":["Metallicize","Perfected Strike"],"picked":"Clothesline","floor":12},{"not_picked":["Flex","Shrug It Off"],"picked":"Reckless Charge","floor":13},{"not_picked":["Warcry","Headbutt"],"picked":"Fiend Fire","floor":14},{"not_picked":["Juggernaut","Corruption"],"picked":"Feed","floor":16},{"not_picked":["Thunderclap","Ghostly Armor"],"picked":"Havoc","floor":18},{"not_picked":["Rampage","Disarm"],"picked":"Warcry+1","floor":24},{"not_picked":["Heavy Blade","Warcry"],"picked":"Burning Pact","floor":25}],"player_experience":2341661,"relics_obtained":[{"floor":0,"key":"Darkstone Periapt"},{"floor":0,"key":"Ginger"},{"floor":0,"key":"Nunchaku"},{"floor":7,"key":"Boot"},{"floor":9,"key":"Pear"},{"floor":14,"key":"HornCleat"},{"floor":21,"key":"Mercury Hourglass"},{"floor":25,"key":"FossilizedHelix"},{"floor":26,"key":"Lantern"}],"event_choices":[{"damage_healed":0,"gold_gain":0,"player_choice":"Success","damage_taken":5,"relics_obtained":["Centennial Puzzle"],"max_hp_gain":0,"max_hp_loss":0,"event_name":"Scrap Ooze","floor":2,"gold_loss":0},{"damage_healed":0,"gold_gain":0,"player_choice":"Entered Light","damage_taken":23,"max_hp_gain":0,"max_hp_loss":0,"event_name":"Shining Light","floor":4,"gold_loss":0,"cards_upgraded":["Strike_R","Defend_R"]},{"cards_removed":["Strike_R"],"damage_healed":0,"gold_gain":0,"player_choice":"Card Removal","damage_taken":7,"max_hp_gain":0,"max_hp_loss":0,"event_name":"Golden Wing","floor":5,"gold_loss":0},{"damage_healed":21,"gold_gain":0,"player_choice":"Healed","damage_taken":0,"max_hp_gain":0,"max_hp_loss":0,"event_name":"The Cleric","floor":11,"gold_loss":35},{"damage_healed":0,"gold_gain":0,"player_choice":"Obtained Relic","damage_taken":0,"relics_obtained":["Vajra"],"max_hp_gain":0,"max_hp_loss":0,"event_name":"Addict","floor":19,"gold_loss":85}],"is_beta":false,"boss_relics":[{"not_picked":["Velvet Choker","Philosopher\u0027s Stone"],"picked":"Cursed Key"}],"items_purged_floors":[],"is_endless":false,"potions_floor_spawned":[1,7],"killed_by":"Gremlin Leader","ascension_level":20}}