{"host":"e4wnmsyty9uvvtwf","time":1610788577,"event":{"mods":["Act Like it!","Aspiration","BaseMod","Colored Map","Colored Powertips","Gensokyo","Koishi","Minty Spire (QoL Compilation)","Rare Cards Sparkle","Replay The Spire","StSLib"],"gold_per_floor":[117,217,233,247,6,39,39,57,57,57,91,142,152,186,186,284,284,300,312,81,81,81,81,106,119,119,119,336,336,347,362,362],"floor_reached":31,"language":"ZHS","playtime":1295,"items_purged":[],"score":391,"play_id":"808e30b8-1d91-411a-ac38-928787883a2e","local_time":"20210116171617","is_ascension_mode":true,"campfire_choices":[{"data":"Koishi:StingingMind","floor":7.0,"key":"SMITH"},{"data":"Koishi:MindStellarRelief","floor":15,"key":"SMITH"},{"data":"Koishi:HeartStoppingHorror","floor":23,"key":"SMITH"},{"data":"Buffer","floor":27,"key":"SMITH"},{"floor":29,"key":"REST"}],"circlet_count":0,"master_deck":["AscendersBane","Koishi:BasicStrike","Koishi:BasicStrike","Koishi:BasicStrike","Koishi:BasicStrike+1","Koishi:BasicDefend","Koishi:BasicDefend","Koishi:BasicDefend","Koishi:BasicDefend","Koishi:Provoke","Koishi:HauntingSlash","Koishi:MindNumbingTerror","Koishi:StingingMind+1","Koishi:EmbryosDream","Good Instincts","Poisoned Strike+1","Koishi:BloodcurdlingScream","Koishi:MentalBreakdown","Koishi:Prune","Koishi:MindStellarRelief+1","Koishi:RacingHeart","Koishi:MindNumbingTerror","Koishi:GhostParty","Koishi:HeartAttack","Koishi:HeartStoppingHorror+1","Stack+1","Koishi:UnconsciousUrges","Gensokyo:DepletedGenerator","Gensokyo:RustyChest","Electrodynamics","Buffer+1","BasicCrystalCard+1","Koishi:Possession","Koishi:DNAsFlaw+1"],"relics":["Koishi:ImaginaryFriend","ReplayTheSpireMod:ShopPack","Whetstone","Blue Candle","Bag of Preparation","Omamori","aspiration:AnachronicSnailShell","Orichalcum","aspiration:DefectSkillbook","ReplayTheSpireMod:Lightbulb","Ornamental Fan","aspiration:Lifesprig","Pet Ghost","Lizard Tail"],"acts_visited":["Exordium","Gensokyo:Gensokyo"],"potions_floor_usage":[16,25,28,28],"damage_taken":[{"damage":2.0,"enemies":"Gensokyo:Python","floor":1.0,"turns":5.0},{"damage":7.0,"enemies":"Gensokyo:2_Kodama","floor":3.0,"turns":4.0},{"damage":0.0,"enemies":"Gensokyo:Gryphon","floor":4.0,"turns":4.0},{"damage":4.0,"enemies":"Gensokyo:Aya","floor":6.0,"turns":10.0},{"damage":0.0,"enemies":"Gensokyo:LivingMonolith","floor":8.0,"turns":3.0},{"damage":6.0,"enemies":"Gensokyo:Cirno","floor":11.0,"turns":7.0},{"damage":5,"enemies":"Gensokyo:VengefulSpirit","floor":13,"turns":3},{"damage":3,"enemies":"Gensokyo:Aya","floor":14,"turns":5},{"damage":13,"enemies":"Gensokyo:Yukari","floor":16,"turns":9},{"damage":1,"enemies":"Gensokyo:AngelMirror","floor":18,"turns":4},{"damage":0,"enemies":"Gensokyo:2_Gloops","floor":19,"turns":3},{"damage":21,"enemies":"Gensokyo:Reisen","floor":24,"turns":8},{"damage":24,"enemies":"Gensokyo:Monolith_and_Dog","floor":25,"turns":6},{"damage":6,"enemies":"Gensokyo:Chomper_and_Gloop","floor":28,"turns":5},{"damage":33,"enemies":"Gensokyo:Slime_Group","floor":30,"turns":7},{"damage":18,"enemies":"Gensokyo:Mirror_and_Dog","floor":31,"turns":5}],"seed_played":"-3003148359084162279","potions_obtained":[{"floor":3.0,"key":"Block Potion"},{"floor":4.0,"key":"AttackPotion"},{"floor":8.0,"key":"Explosive Potion"},{"floor":12,"key":"SkillPotion"},{"floor":13,"key":"Elixir"},{"floor":18,"key":"Swift Potion"},{"floor":25,"key":"Energy Potion"},{"floor":31,"key":"GamblersBrew"}],"is_trial":false,"path_per_floor":["M","?","M","M","COS","E","R","M","T","$","E","?","M","E","R","B",null,"M","M","COS","?","?","R","E","M","T","R","M","R","M","M"],"character_chosen":"KOISHI","items_purchased":[],"campfire_rested":1,"item_purchase_floors":[],"current_hp_per_floor":[61,61,56,61,61,63,63,64,64,64,58,42,40,41,41,35,58,60,64,64,64,61,61,46,29,29,29,23,41,9,21,21],"gold":362,"neow_bonus":"TEN_PERCENT_HP_BONUS","is_daily":false,"chose_seed":false,"campfire_upgraded":4,"win_rate":0.0,"timestamp":1610788577,"path_taken":["M","?","?","M","COS","E","R","M","T","?","E","?","M","E","R","BOSS","M","M","COS","?","?","R","E","M","T","R","M","R","M","M"],"items_purchased_type":[],"build_version":"2020-12-22","purchased_purges":0,"victory":false,"max_hp_per_floor":[66,66,66,66,66,66,66,66,66,66,66,66,66,66,66,66,66,66,66,66,66,61,61,61,61,61,61,61,61,61,61,61],"card_choices":[{"not_picked":["Koishi:CatchAndRose","Koishi:HeartAttack"],"picked":"Koishi:MindNumbingTerror","floor":1.0},{"not_picked":["Koishi:PhilosophyOfTheDespised","Koishi:SubterraneanRose"],"picked":"Koishi:StingingMind","floor":3.0},{"not_picked":["Koishi:UnconsciousUprising","Koishi:ReflexRadar"],"picked":"Koishi:EmbryosDream","floor":4.0},{"not_picked":["ReplayTheSpireMod:Private Reserves","ReplayTheSpireMod:Trickstab"],"picked":"Good Instincts","floor":5.0},{"not_picked":["ReplayTheSpireMod:Brewmster","ReplayTheSpireMod:Uncanny Aura"],"picked":"Good Instincts","floor":5.0},{"not_picked":["Master of Strategy","Secret Technique"],"picked":"Poisoned Strike","floor":5.0},{"not_picked":["Koishi:SubterraneanRose","Koishi:UnansweredLove"],"picked":"Koishi:BloodcurdlingScream","floor":6.0},{"not_picked":["Koishi:FormlessExistence","Koishi:FadingMemory"],"picked":"Koishi:MentalBreakdown","floor":8.0},{"not_picked":["Koishi:UnconsciousUprising","Koishi:SubconsciousSweep"],"picked":"Koishi:Prune","floor":8.0},{"not_picked":["Koishi:IdleWhim","Koishi:FleetingPhantom"],"picked":"Koishi:MindStellarRelief","floor":11.0},{"not_picked":["Koishi:HeartAttack","Koishi:VengefulSpirit"],"picked":"Koishi:RacingHeart","floor":12},{"not_picked":["Koishi:SubterraneanRose","Koishi:PhilosophyOfTheDespised"],"picked":"Koishi:MindNumbingTerror","floor":12},{"not_picked":["Koishi:EmbryosDream","Koishi:DreadfulBlow"],"picked":"Koishi:GhostParty","floor":13},{"not_picked":["Koishi:Jaunt","Koishi:JumpScare"],"picked":"Koishi:HeartAttack","floor":14},{"not_picked":["Koishi:GrowingPain","Koishi:ConfinedInnocent"],"picked":"Koishi:HeartStoppingHorror","floor":16},{"not_picked":["Koishi:HeartfeltFancy","Koishi:Prune","ReplayTheSpireMod:System Scan"],"picked":"Stack+1","floor":18},{"not_picked":["Koishi:UnseenTerror","Stack","Glacier+1"],"picked":"Koishi:UnconsciousUrges","floor":19},{"not_picked":["Koishi:SpiritedAway+1","Beam Cell","Rip and Tear"],"picked":"Buffer","floor":24},{"not_picked":["Coolheaded","Undo","Sunder+1"],"picked":"BasicCrystalCard+1","floor":25},{"not_picked":["Koishi:SubconsciousSweep","Beam Cell","Capacitor"],"picked":"Koishi:Possession","floor":28},{"not_picked":["Koishi:SpiritedAway+1","Koishi:ConditionedTeleport","Koishi:ParalyzingFear"],"picked":"Koishi:DNAsFlaw+1","floor":30}],"player_experience":545945,"relics_obtained":[{"floor":6.0,"key":"Whetstone"},{"floor":9.0,"key":"Blue Candle"},{"floor":11.0,"key":"Bag of Preparation"},{"floor":12,"key":"Omamori"},{"floor":14,"key":"Orichalcum"},{"floor":24,"key":"Ornamental Fan"},{"floor":26,"key":"aspiration:Lifesprig"}],"event_choices":[],"is_beta":false,"boss_relics":[{"not_picked":["Busted Crown","aspiration:WatcherSkillbook"],"picked":"aspiration:DefectSkillbook"}],"items_purged_floors":[],"is_endless":false,"potions_floor_spawned":[3,4,8,13,14,18,24,25,31],"killed_by":"Gensokyo:Mirror_and_Dog","ascension_level":10}}