{"host":"dvpvhz1t6etneyb3","time":1610828304,"event":{"mods":["AchievementEnabler","BaseMod","Colored Map","Highlight Path","Minty Spire (QoL Compilation)","Permanent Neow","Quick Restart"],"gold_per_floor":[114,127,127,140,153,186,202,202,255,8,46,46,79,79,79,170,170,185,11,11,11,30,66,66,97,120,164,184,184,99,140,140,140,140],"floor_reached":33,"language":"ENG","playtime":1681,"items_purged":["Strike_R","Strike_R"],"score":832,"play_id":"f33bed47-dd7f-4028-b01f-77739b896170","local_time":"20210116151824","is_ascension_mode":true,"campfire_choices":[{"data":"Carnage","floor":8.0,"key":"SMITH"},{"data":"Fire Breathing","floor":12.0,"key":"SMITH"},{"floor":15.0,"key":"REST"},{"floor":24.0,"key":"REST"},{"floor":29.0,"key":"REST"},{"floor":32.0,"key":"REST"}],"circlet_count":0,"master_deck":["AscendersBane","Strike_R+1","Strike_R+1","Strike_R+1","Defend_R+1","Defend_R+1","Defend_R+1","Defend_R+1","Bash+1","Carnage+1","Pommel Strike","Anger","Offering+1","Evolve+1","Fire Breathing+1","Offering","Sword Boomerang","Whirlwind","Shrug It Off+1","Feed","Inflame","Intimidate+1"],"relics":["Burning Blood","Golden Idol","Red Skull","Happy Flower","Matryoshka","MealTicket","Velvet Choker","PreservedInsect","CaptainsWheel","War Paint","Toy Ornithopter","Letter Opener","Toxic Egg 2","Orichalcum"],"acts_visited":["Exordium","TheCity"],"potions_floor_usage":[33],"damage_taken":[{"damage":2.0,"enemies":"Cultist","floor":1.0,"turns":4.0},{"damage":5.0,"enemies":"2 Louse","floor":2.0,"turns":2.0},{"damage":9.0,"enemies":"Jaw Worm","floor":4.0,"turns":6.0},{"damage":0.0,"enemies":"Large Slime","floor":5.0,"turns":4.0},{"damage":35.0,"enemies":"3 Sentries","floor":6.0,"turns":10.0},{"damage":6.0,"enemies":"Lots of Slimes","floor":7.0,"turns":4.0},{"damage":14.0,"enemies":"Gremlin Nob","floor":11.0,"turns":3.0},{"damage":21.0,"enemies":"3 Sentries","floor":13.0,"turns":3.0},{"damage":6.0,"enemies":"Slime Boss","floor":16.0,"turns":4.0},{"damage":7.0,"enemies":"2 Thieves","floor":18.0,"turns":3.0},{"damage":20.0,"enemies":"Shell Parasite","floor":22.0,"turns":3.0},{"damage":39.0,"enemies":"Book of Stabbing","floor":23.0,"turns":4.0},{"damage":6.0,"enemies":"Slavers","floor":25.0,"turns":1.0},{"damage":14.0,"enemies":"Gremlin Leader","floor":27.0,"turns":4.0},{"damage":27.0,"enemies":"Shelled Parasite and Fungi","floor":28.0,"turns":4.0},{"damage":16.0,"enemies":"Book of Stabbing","floor":31.0,"turns":4.0},{"damage":72,"enemies":"Collector","floor":33,"turns":7}],"seed_played":"-8959207157677691274","potions_obtained":[{"floor":1.0,"key":"FearPotion"},{"floor":2.0,"key":"PowerPotion"},{"floor":5.0,"key":"Energy Potion"},{"floor":11.0,"key":"LiquidMemories"},{"floor":18.0,"key":"SneckoOil"},{"floor":22.0,"key":"Explosive Potion"},{"floor":25.0,"key":"SmokeBomb"},{"floor":31.0,"key":"HeartOfIron"}],"is_trial":false,"path_per_floor":["M","M","?","M","M","E","M","R","T","$","E","R","E","?","R","B",null,"M","$","?","?","M","E","R","E","T","E","M","R","?","E","R","B"],"character_chosen":"IRONCLAD","items_purchased":["Evolve","Regen Potion","Whirlwind"],"campfire_rested":4,"item_purchase_floors":[10,10,19],"current_hp_per_floor":[72,73,68,65,68,39,39,39,39,39,31,31,16,16,36,36,60,59,68,68,68,54,33,53,53,53,45,27,48,48,38,59,0,0],"gold":140,"neow_bonus":"UPGRADE_CARD","is_daily":false,"chose_seed":false,"campfire_upgraded":2,"win_rate":0.0,"timestamp":1610828304,"path_taken":["M","M","?","M","M","E","M","R","T","$","E","R","E","?","R","BOSS","M","$","?","?","M","E","R","E","T","E","M","R","?","E","R","BOSS"],"items_purchased_type":["Card","Potion","Card"],"build_version":"2020-12-22","purchased_purges":2,"victory":false,"max_hp_per_floor":[75,75,68,68,68,68,68,68,68,68,68,68,68,68,68,68,68,68,68,68,68,68,68,68,68,68,68,71,71,71,71,71,71,71],"card_choices":[{"not_picked":["Combust","Searing Blow"],"picked":"Carnage","floor":1.0},{"not_picked":["Heavy Blade","Thunderclap","Shrug It Off"],"picked":"SKIP","floor":2.0},{"not_picked":["Heavy Blade","Cleave"],"picked":"Pommel Strike","floor":4.0},{"not_picked":["Flex","Carnage"],"picked":"Anger","floor":5.0},{"not_picked":["Headbutt","Cleave"],"picked":"Offering","floor":6.0},{"not_picked":["Blood for Blood","Shrug It Off","Ghostly Armor"],"picked":"SKIP","floor":7.0},{"not_picked":["Berserk","Sentinel"],"picked":"Fire Breathing","floor":11.0},{"not_picked":["Warcry","Combust","Iron Wave"],"picked":"SKIP","floor":13.0},{"not_picked":["Juggernaut","Exhume"],"picked":"Offering","floor":16.0},{"not_picked":["Twin Strike+1","Warcry","Sword Boomerang"],"picked":"SKIP","floor":18.0},{"not_picked":["Twin Strike+1","Warcry"],"picked":"Sword Boomerang","floor":18.0},{"not_picked":["Headbutt+1","Body Slam+1","Iron Wave"],"picked":"SKIP","floor":22.0},{"not_picked":["Dropkick","Wild Strike","Rage"],"picked":"SKIP","floor":23.0},{"not_picked":["Dropkick","Wild Strike","Rage"],"picked":"SKIP","floor":23.0},{"not_picked":["Cleave","Flex"],"picked":"Shrug It Off","floor":25.0},{"not_picked":["Spot Weakness","Thunderclap"],"picked":"Feed","floor":27.0},{"not_picked":["Flame Barrier","Sentinel"],"picked":"Inflame","floor":28.0},{"not_picked":["Ghostly Armor+1","Body Slam"],"picked":"Intimidate+1","floor":31.0}],"player_experience":2043349,"relics_obtained":[{"floor":6.0,"key":"Red Skull"},{"floor":9.0,"key":"Happy Flower"},{"floor":11.0,"key":"Matryoshka"},{"floor":13.0,"key":"MealTicket"},{"floor":23.0,"key":"PreservedInsect"},{"floor":25.0,"key":"CaptainsWheel"},{"floor":26.0,"key":"War Paint"},{"floor":26.0,"key":"Toy Ornithopter"},{"floor":27.0,"key":"Letter Opener"},{"floor":31.0,"key":"Orichalcum"}],"event_choices":[{"damage_healed":0.0,"max_hp_gain":0.0,"max_hp_loss":7.0,"gold_gain":0.0,"event_name":"Golden Idol","player_choice":"Lose Max HP","floor":3.0,"gold_loss":0.0,"damage_taken":0.0,"relics_obtained":["Golden Idol"]},{"damage_healed":0.0,"max_hp_gain":0.0,"max_hp_loss":0.0,"gold_gain":0.0,"event_name":"Living Wall","player_choice":"Grow","floor":14.0,"gold_loss":0.0,"damage_taken":0.0,"cards_upgraded":["Evolve"]},{"damage_healed":0.0,"max_hp_gain":0.0,"max_hp_loss":0.0,"gold_gain":0.0,"event_name":"Back to Basics","player_choice":"Simplicity","floor":20.0,"gold_loss":0.0,"damage_taken":0.0,"cards_upgraded":["Strike_R","Strike_R","Strike_R","Defend_R","Defend_R","Defend_R","Defend_R"]},{"damage_healed":0.0,"max_hp_gain":0.0,"max_hp_loss":0.0,"gold_gain":0.0,"event_name":"Vampires","player_choice":"Ignored","floor":21.0,"gold_loss":0.0,"damage_taken":0.0},{"damage_healed":0.0,"max_hp_gain":0.0,"max_hp_loss":0.0,"gold_gain":0.0,"event_name":"Addict","player_choice":"Obtained Relic","floor":30.0,"gold_loss":85.0,"damage_taken":0.0,"relics_obtained":["Toxic Egg 2"]}],"is_beta":false,"boss_relics":[{"not_picked":["Philosopher\u0027s Stone","Runic Cube"],"picked":"Velvet Choker"}],"items_purged_floors":[10,19],"is_endless":false,"potions_floor_spawned":[1,2,5,11,13,16,18,22,25,31],"killed_by":"Collector","ascension_level":20}}