{"host":"p5axfb00mxhraew6","time":1610811146,"event":{"mods":["Abigail Mod","Act Like it!","BaseMod","CapriCore","Friendly Minions","GifTheSpireLib","Jedi Mod","KomeijiMod","Lobotomy","MarisaÅiñ∂âJÅ@ñÇóùçπÅj","Minty Spire (QoL Compilation)","Prisma Mod","ReimuÅiîé??öÎÅj","RemiliaÅiÂQïƒ‰ª?Åj","SOSÅiézîb?îVéqÅj","StSLib","Td1madao Mod","The Alterego","The Immortal","The Problem Sleuth","Yakumo Yukari mod"],"gold_per_floor":[117,82,82,94,94,94,122,42,42,42,116,127,127,141,141,246,246,264,9,21,21,32,65,80,113,113,113,131,131,131,149,149,246,246,260,273,57,70,80,110,110,140,140,168,168,168,201,217,217,217,217,217,217,72,100,100],"floor_reached":57,"language":"ENG","playtime":2567,"items_purged":["QueenOfHatred"],"score":2056,"play_id":"68713511-8179-4175-a93b-51b988ee00a0","local_time":"20210117003226","is_ascension_mode":true,"campfire_choices":[{"floor":41,"key":"RECALL"}],"circlet_count":0,"master_deck":["SpecialBullet","SpecialBullet","SpecialBullet","SpecialBullet","SpecialBullet","InformationCode","SecurityCode","ExtractionCode","Harvest+1","Wingbeat+1","TodaysExpression+1","SoundOfStar","BlackSwan_ego+1","Lamp+10","Lamp+14","LongBird","Regret_ego","TheSmile","ShyLook","Mimicry","Regret_ego","OldLady","Diffraction","OSAHOGD","Penitence+1","SpiderBud","CENSORED_ego","Horn+1","Penitence","CentralCode","Bloodbath","Noise","Twilight","DaCapo","Ecstasy","ScreamingWedge","Ecstasy","VoidDream","BeautyBeast","Noise","ShedSkin","TrainingCode","Ecstasy","CherryBlossom+1","Noise+1","Hypocrisy","SpecialBullet","SpecialBullet","SpecialBullet","Lantern"],"relics":["CogitoBucket","RabbitCall","Lizard Tail","War Paint","Eternal Feather","Velvet Choker","Ornamental Fan","Nunchaku","White Beast Statue","KyoryuNoHagoromo","RedLine:ReiMu","jedi:heavyjacket","Bag of Marbles","Ginger","Pear","TentaclePot:ReiMu","Pantograph"],"acts_visited":["Exordium","TheCity","TheBeyond","TheEnding"],"potions_floor_usage":[7,23,25,33,40,40],"damage_taken":[{"damage":15,"enemies":"2 Louse","floor":1,"turns":3},{"damage":10,"enemies":"Small Slimes","floor":4,"turns":3},{"damage":26,"enemies":"Gremlin Nob","floor":7,"turns":4},{"damage":12,"enemies":"Jaw Worm","floor":12,"turns":3},{"damage":14,"enemies":"Red Slaver","floor":14,"turns":3},{"damage":54,"enemies":"Hexaghost","floor":16,"turns":8},{"damage":33,"enemies":"2 Thieves","floor":18,"turns":3},{"damage":12,"enemies":"Chosen","floor":20,"turns":3},{"damage":27,"enemies":"Snecko","floor":22,"turns":4},{"damage":34,"enemies":"Book of Stabbing","floor":23,"turns":4},{"damage":32,"enemies":"Snake Plant","floor":24,"turns":3},{"damage":8,"enemies":"Slavers","floor":25,"turns":3},{"damage":10,"enemies":"Centurion and Healer","floor":28,"turns":5},{"damage":13,"enemies":"Shelled Parasite and Fungi","floor":31,"turns":3},{"damage":77,"enemies":"Champ","floor":33,"turns":10},{"damage":5,"enemies":"3 Shapes","floor":35,"turns":4},{"damage":0,"enemies":"Orb Walker","floor":36,"turns":2},{"damage":5,"enemies":"Spire Growth","floor":38,"turns":5},{"damage":11,"enemies":"Transient","floor":39,"turns":5},{"damage":51,"enemies":"Reptomancer","floor":40,"turns":9},{"damage":5,"enemies":"Nemesis","floor":42,"turns":3},{"damage":14,"enemies":"Reptomancer","floor":44,"turns":8},{"damage":19,"enemies":"Giant Head","floor":47,"turns":8},{"damage":5,"enemies":"Maw","floor":48,"turns":3},{"damage":26,"enemies":"Awakened One","floor":50,"turns":17},{"damage":4,"enemies":"Shield and Spear","floor":55,"turns":2},{"damage":4,"enemies":"The Heart","floor":56,"turns":9}],"seed_played":"3852720920849231494","potions_obtained":[{"floor":1,"key":"Explosive Potion"},{"floor":12,"key":"Ancient Potion"},{"floor":14,"key":"MagicPotion:ReiMu"},{"floor":24,"key":"SteroidPotion"},{"floor":28,"key":"EssenceOfSteel"},{"floor":30,"key":"Block Potion"},{"floor":33,"key":"EssenceOfSteel"},{"floor":36,"key":"PowerPotion"},{"floor":40,"key":"SpeedPotion"},{"floor":42,"key":"ZuzhouPotion:ReiMu"},{"floor":44,"key":"jedi:wingpotion"}],"is_trial":false,"path_per_floor":["M","?","?","M","$","?","E","$","T","R","T","M","R","M","R","B",null,"M","$","M","?","M","E","M","E","T","R","M","R","?","M","R","B",null,"M","M","$","M","M","E","R","E","T","E","R","?","E","M","R","B",null,null,"R","$","E","B",null],"character_chosen":"Angela","items_purchased":["Lamp","Ornamental Fan","ScreamingWedge","Ecstasy","TentaclePot:ReiMu"],"campfire_rested":0,"item_purchase_floors":[8,19,37,37,54],"current_hp_per_floor":[63,77,62,60,60,60,42,42,42,42,42,38,47,45,57,19,69,52,52,62,56,51,33,19,35,35,53,83,105,105,105,105,67,97,105,105,105,109,113,93,113,113,113,113,113,107,117,117,117,117,117,117,117,117,117,117],"gold":100,"neow_bonus":"TEN_PERCENT_HP_BONUS","is_daily":false,"chose_seed":false,"campfire_upgraded":0,"win_rate":0.0,"timestamp":1610811146,"path_taken":["M","?","?","M","$","?","E","?","T","R","?","M","R","?","R","BOSS","M","$","M","?","?","E","M","E","T","R","M","R","?","M","R","BOSS","M","M","$","?","M","E","R","E","T","E","R","?","E","M","R","BOSS","R","$","E","BOSS"],"items_purchased_type":["Card","Relic","Card","Card","Relic"],"build_version":"2020-12-22","purchased_purges":1,"victory":true,"max_hp_per_floor":[77,77,77,77,77,77,77,77,77,77,77,77,77,81,81,85,85,89,89,93,93,97,101,101,101,101,101,105,105,105,105,105,105,105,105,105,105,109,113,113,113,113,113,113,113,107,117,117,117,117,117,117,117,117,117,117],"card_choices":[{"not_picked":["BearPaw"],"picked":"Harvest","floor":1},{"not_picked":["FourthMatchFlame"],"picked":"Wingbeat","floor":1},{"not_picked":["FourthMatchFlame"],"picked":"TodaysExpression","floor":4},{"not_picked":["Spore"],"picked":"SoundOfStar","floor":4},{"not_picked":["Discord"],"picked":"BlackSwan_ego","floor":7},{"not_picked":["Loneliness","Soda"],"picked":"SKIP","floor":12},{"not_picked":["CherryBlossom"],"picked":"Lamp","floor":14},{"not_picked":["Wellcheers","CrumblingArmor"],"picked":"LongBird","floor":14},{"not_picked":["InTheNameOfLoveAndHate"],"picked":"Regret_ego","floor":14},{"not_picked":["Pinks"],"picked":"TheSmile","floor":16},{"not_picked":["WhitesApple","MeatLantern"],"picked":"ShyLook","floor":16},{"not_picked":["Adoration"],"picked":"Mimicry","floor":16},{"not_picked":["SolemnVow"],"picked":"Regret_ego","floor":18},{"not_picked":["FairyFestival","Murderer"],"picked":"QueenOfHatred","floor":18},{"not_picked":["SomewhereSpear","MagicBullet+1"],"picked":"SKIP","floor":18},{"not_picked":["MeltingLove","LittlePrince"],"picked":"OldLady","floor":20},{"not_picked":["FrostShard"],"picked":"Diffraction","floor":20},{"not_picked":["BodiesMountain","SilentOrchestra"],"picked":"OSAHOGD","floor":22},{"not_picked":["BearPaw"],"picked":"Penitence+1","floor":22},{"not_picked":["Wellcheers","Scorched"],"picked":"SpiderBud","floor":23},{"not_picked":["Horn"],"picked":"CENSORED_ego","floor":23},{"not_picked":["FourthMatchFlame"],"picked":"Horn+1","floor":24},{"not_picked":["Loneliness"],"picked":"Penitence","floor":25},{"not_picked":["CrumblingArmor","UniverseFragment"],"picked":"Bloodbath","floor":28},{"not_picked":["CUTE"],"picked":"Noise","floor":28},{"not_picked":["Harmony","Horn"],"picked":"SKIP","floor":31},{"not_picked":["ParadiseLost"],"picked":"Twilight","floor":33},{"not_picked":["ParadiseLost"],"picked":"DaCapo","floor":33},{"not_picked":["Penitence"],"picked":"Ecstasy","floor":35},{"not_picked":["Horn+1","FrostShard+1"],"picked":"SKIP","floor":35},{"not_picked":["Beak","Horn+1"],"picked":"SKIP","floor":36},{"not_picked":["CENSORED","Wellcheers"],"picked":"VoidDream","floor":38},{"not_picked":["FrostShard+1","RedEyes"],"picked":"SKIP","floor":38},{"not_picked":["Murderer","Porccubus"],"picked":"BeautyBeast","floor":39},{"not_picked":["BloodyDesire+1"],"picked":"Noise","floor":39},{"not_picked":["FeatherOfHonor"],"picked":"ShedSkin","floor":40},{"not_picked":["FrostShard","Mimicry"],"picked":"SKIP","floor":40},{"not_picked":["Penitence"],"picked":"Ecstasy","floor":42},{"not_picked":["MagicBullet"],"picked":"CherryBlossom+1","floor":44},{"not_picked":["Lamp+1","Laetitia_ego"],"picked":"SKIP","floor":44},{"not_picked":["SomewhereSpear"],"picked":"Noise+1","floor":47},{"not_picked":["Noise"],"picked":"Hypocrisy","floor":48},{"not_picked":["FourthMatchFlame"],"picked":"Lantern","floor":55}],"player_experience":1245946,"relics_obtained":[{"floor":7,"key":"Lizard Tail"},{"floor":9,"key":"War Paint"},{"floor":11,"key":"Eternal Feather"},{"floor":23,"key":"Nunchaku"},{"floor":25,"key":"White Beast Statue"},{"floor":26,"key":"KyoryuNoHagoromo"},{"floor":40,"key":"jedi:heavyjacket"},{"floor":42,"key":"Bag of Marbles"},{"floor":44,"key":"Ginger"},{"floor":47,"key":"Pear"},{"floor":55,"key":"Pantograph"}],"event_choices":[{"damage_healed":19,"gold_gain":0,"player_choice":"Healed","damage_taken":0,"max_hp_gain":0,"max_hp_loss":0,"event_name":"The Cleric","floor":2,"gold_loss":35},{"damage_healed":0,"gold_gain":0,"player_choice":"Entered Light","damage_taken":15,"max_hp_gain":0,"max_hp_loss":0,"event_name":"Shining Light","floor":3,"gold_loss":0,"cards_upgraded":["Wingbeat","Harvest"]},{"damage_healed":0,"gold_gain":0,"player_choice":"Ignored","damage_taken":0,"max_hp_gain":0,"max_hp_loss":0,"event_name":"Liars Game","floor":6,"gold_loss":0},{"damage_healed":0,"gold_gain":0,"player_choice":"","damage_taken":6,"max_hp_gain":0,"max_hp_loss":0,"event_name":"Knowing Skull","floor":21,"potions_obtained":[],"gold_loss":0,"cards_obtained":[]},{"damage_healed":0,"gold_gain":0,"player_choice":"Got Potions","damage_taken":0,"max_hp_gain":0,"max_hp_loss":0,"event_name":"Lab","floor":30,"gold_loss":0},{"damage_healed":0,"gold_gain":0,"player_choice":"Max HP","damage_taken":0,"max_hp_gain":0,"max_hp_loss":6,"event_name":"Winding Halls","floor":46,"gold_loss":0}],"is_beta":false,"boss_relics":[{"not_picked":["Empty Cage","SacredBark"],"picked":"Velvet Choker"},{"not_picked":["Calling Bell","Runic Dome"],"picked":"RedLine:ReiMu"}],"items_purged_floors":[37],"is_endless":false,"potions_floor_spawned":[1,12,14,16,20,22,24,28,31,33,35,36,38,39,40,42,44,47,48,55],"ascension_level":12}}