{"host":"qm4rv4rkpk76sbxu","time":1610810863,"event":{"mods":["BaseMod","Bestiary","Block Reminder","DeckTracker","Filter the Spire","Keyboard Shortcuts","Minty Spire (QoL Compilation)","MonsterHotkey","Quick Restart","Relic Stats","Slay-I","StSLib","ojb\u0027s Better Paths Mod","ojb\u0027s Info Mod"],"gold_per_floor":[111,111,111,111,127,127,154,154,178,207,218,24,39,56,56,152,152,165,165,185,233,233,263,263,40,40,73,73,93,127,141,141,240,240,258,258,38,58,68,103,153,183,208,118,150,196,196,206,206,206,206,206,18,50,50],"floor_reached":56,"language":"ENG","playtime":2727,"items_purged":["Strike_P"],"score":1404,"play_id":"7f2e627f-9948-433f-bf72-f8bf0b921839","local_time":"20210116162743","is_ascension_mode":true,"campfire_choices":[{"data":"PathToVictory","floor":6,"key":"SMITH"},{"data":"Vault","floor":8,"key":"SMITH"},{"floor":15,"key":"REST"},{"data":"Sanctity","floor":24,"key":"SMITH"},{"data":"CutThroughFate","floor":28,"key":"SMITH"},{"data":"InnerPeace","floor":32,"key":"SMITH"},{"data":"DevaForm","floor":47,"key":"SMITH"},{"floor":49,"key":"RECALL"},{"data":"ThirdEye","floor":52,"key":"SMITH"}],"circlet_count":0,"master_deck":["Strike_P","Strike_P","Defend_P","Defend_P+1","Defend_P+1","Defend_P+1","Eruption","Vigilance+1","PathToVictory+1","Vault+1","ClearTheMind","Sanctity+1","CutThroughFate+1","Omniscience","FearNoEvil","Omniscience+1","InnerPeace+1","Vault","EmptyBody","PathToVictory+1","ThirdEye+1","CrushJoints","Vengeance","Sanctity","ThirdEye+1","DevaForm+1","Wireheading+1","Wallop+1","InnerPeace","Meditate+1"],"relics":["PureWater","NeowsBlessing","Unceasing Top","Bronze Scales","War Paint","Juzu Bracelet","PreservedInsect","Snecko Eye","Blood Vial","Vajra","Oddly Smooth Stone","Matryoshka","Boot","Anchor","Runic Dome","DollysMirror","Pear","Ginger","Blue Candle","Molten Egg 2","Mercury Hourglass","Lizard Tail","ClockworkSouvenir","StoneCalendar"],"acts_visited":["Exordium","TheCity","TheBeyond","TheEnding"],"potions_floor_usage":[16,16,27,30,33,33,33,33,42,50,55,55],"damage_taken":[{"damage":0,"enemies":"Jaw Worm","floor":1,"turns":1},{"damage":0,"enemies":"Small Slimes","floor":5,"turns":1},{"damage":0,"enemies":"3 Sentries","floor":7,"turns":2},{"damage":42,"enemies":"Gremlin Nob","floor":10,"turns":5},{"damage":0,"enemies":"Cultist","floor":11,"turns":4},{"damage":4,"enemies":"Exordium Thugs","floor":13,"turns":6},{"damage":0,"enemies":"3 Louse","floor":14,"turns":4},{"damage":18,"enemies":"Slime Boss","floor":16,"turns":10},{"damage":2,"enemies":"Shell Parasite","floor":18,"turns":3},{"damage":0,"enemies":"2 Thieves","floor":20,"turns":2},{"damage":9,"enemies":"Book of Stabbing","floor":23,"turns":5},{"damage":2,"enemies":"Gremlin Leader","floor":27,"turns":5},{"damage":0,"enemies":"Snake Plant","floor":29,"turns":2},{"damage":0,"enemies":"Book of Stabbing","floor":30,"turns":3},{"damage":11,"enemies":"Centurion and Healer","floor":31,"turns":4},{"damage":29,"enemies":"Automaton","floor":33,"turns":9},{"damage":0,"enemies":"Orb Walker","floor":35,"turns":4},{"damage":0,"enemies":"3 Shapes","floor":38,"turns":4},{"damage":12,"enemies":"Maw","floor":39,"turns":7},{"damage":2,"enemies":"Nemesis","floor":40,"turns":6},{"damage":28,"enemies":"Mind Bloom Boss Battle","floor":41,"turns":4},{"damage":12,"enemies":"Giant Head","floor":42,"turns":8},{"damage":10,"enemies":"Reptomancer","floor":45,"turns":6},{"damage":3,"enemies":"2 Orb Walkers","floor":46,"turns":5},{"damage":0,"enemies":"4 Shapes","floor":48,"turns":5},{"damage":18,"enemies":"Donu and Deca","floor":50,"turns":11},{"damage":36,"enemies":"Shield and Spear","floor":54,"turns":7},{"damage":28,"enemies":"The Heart","floor":55,"turns":9}],"seed_played":"-3716399810054523333","potions_obtained":[{"floor":10,"key":"FearPotion"},{"floor":11,"key":"BlessingOfTheForge"},{"floor":14,"key":"EntropicBrew"},{"floor":16,"key":"GamblersBrew"},{"floor":18,"key":"BlessingOfTheForge"},{"floor":20,"key":"BottledMiracle"},{"floor":31,"key":"Energy Potion"},{"floor":33,"key":"SpeedPotion"},{"floor":38,"key":"Weak Potion"},{"floor":42,"key":"Dexterity Potion"}],"is_trial":false,"path_per_floor":["M","?","?","?","M","R","E","R","T","E","M","$","M","M","R","B",null,"M","?","M","T","?","E","R","$","T","E","R","M","E","M","R","B",null,"M","?","$","M","M","E","?","E","T","?","E","?","R","M","R","B",null,"R","$","E","B",null],"character_chosen":"WATCHER","items_purchased":["PreservedInsect","Sanctity","Oddly Smooth Stone","DollysMirror","ThirdEye","CrushJoints","ClockworkSouvenir","InnerPeace"],"campfire_rested":1,"item_purchase_floors":[12,12,25,37,37,37,53,53],"current_hp_per_floor":[72,58,58,51,51,51,51,51,51,9,9,9,5,5,26,8,72,70,57,57,57,57,50,50,50,50,50,50,52,54,45,45,18,77,77,77,77,77,65,75,49,39,39,39,31,30,30,32,32,16,87,87,87,51,25],"gold":50,"neow_bonus":"THREE_ENEMY_KILL","is_daily":false,"chose_seed":false,"campfire_upgraded":7,"win_rate":0.0,"timestamp":1610810863,"path_taken":["M","?","?","?","M","R","E","R","T","E","M","$","M","M","R","BOSS","M","?","M","?","?","E","R","?","T","E","R","M","E","M","R","BOSS","M","?","$","M","M","E","?","E","T","?","E","?","R","M","R","BOSS","R","$","E","BOSS"],"items_purchased_type":["Relic","Card","Relic","Relic","Card","Card","Relic","Card"],"build_version":"2020-12-22","purchased_purges":1,"victory":true,"max_hp_per_floor":[72,72,72,72,72,72,72,72,72,72,72,72,72,72,72,72,72,72,77,77,77,77,77,77,77,77,77,77,77,77,77,77,77,77,77,77,77,77,77,87,87,87,87,87,87,87,87,87,87,87,87,87,87,87,87],"relic_stats":{"counters":[28,142],"Blue Candle":[0],"StoneCalendar":[52],"PreservedInsect":426,"Juzu Bracelet":2,"Ginger":[5],"War Paint":["Defend_P","Vigilance"],"Boot":[15],"Mercury Hourglass":[150],"Blood Vial":28,"Lizard Tail":0,"Bronze Scales":[322],"Snecko Eye":[217,241,248,254],"obtain_stats":[{"Pear":40,"NeowsBlessing":0,"Blue Candle":42,"Vajra":23,"Oddly Smooth Stone":25,"StoneCalendar":54,"PreservedInsect":12,"Juzu Bracelet":10,"Ginger":41,"War Paint":9,"Boot":27,"Mercury Hourglass":45,"ClockworkSouvenir":53,"Blood Vial":21,"Runic Dome":34,"Anchor":30,"Lizard Tail":46,"Matryoshka":26,"DollysMirror":37,"Bronze Scales":7,"Snecko Eye":17,"Molten Egg 2":43,"PureWater":0,"Unceasing Top":3},{"Pear":20,"NeowsBlessing":0,"Blue Candle":22,"Vajra":11,"Oddly Smooth Stone":11,"StoneCalendar":27,"PreservedInsect":5,"Juzu Bracelet":4,"Ginger":21,"War Paint":3,"Boot":12,"Mercury Hourglass":23,"ClockworkSouvenir":26,"Blood Vial":10,"Runic Dome":16,"Anchor":14,"Lizard Tail":24,"Matryoshka":11,"DollysMirror":17,"Bronze Scales":3,"Snecko Eye":8,"Molten Egg 2":22,"PureWater":0,"Unceasing Top":1},{"Pear":87,"NeowsBlessing":0,"Blue Candle":99,"Vajra":43,"Oddly Smooth Stone":43,"StoneCalendar":133,"PreservedInsect":13,"Juzu Bracelet":9,"Ginger":91,"War Paint":4,"Boot":48,"Mercury Hourglass":105,"ClockworkSouvenir":126,"Blood Vial":38,"Runic Dome":66,"Anchor":53,"Lizard Tail":110,"Matryoshka":43,"DollysMirror":70,"Bronze Scales":4,"Snecko Eye":33,"Molten Egg 2":99,"PureWater":0,"Unceasing Top":1}],"Unceasing Top":[0]},"card_choices":[{"not_picked":["SashWhip","ThirdEye"],"picked":"PathToVictory","floor":1},{"not_picked":["BattleHymn","Crescendo","InnerPeace"],"picked":"SKIP","floor":5},{"not_picked":["Swivel","PathToVictory"],"picked":"Vault","floor":7},{"not_picked":["Nirvana","SandsOfTime","Pray"],"picked":"SKIP","floor":10},{"not_picked":["CrushJoints","FollowUp"],"picked":"ClearTheMind","floor":11},{"not_picked":["EmptyBody","Protect"],"picked":"CutThroughFate","floor":13},{"not_picked":["SashWhip","Crescendo","Indignation"],"picked":"SKIP","floor":14},{"not_picked":["Wish","Alpha"],"picked":"Omniscience","floor":16},{"not_picked":["Halt","BowlingBash","EmptyFist"],"picked":"SKIP","floor":18},{"not_picked":["ForeignInfluence","CrushJoints+1"],"picked":"TalkToTheHand","floor":20},{"not_picked":["WreathOfFlame","FlyingSleeves"],"picked":"FearNoEvil","floor":23},{"not_picked":["CarveReality+1","Halt"],"picked":"Omniscience","floor":27},{"not_picked":["Indignation","EmptyFist","FollowUp"],"picked":"SKIP","floor":29},{"not_picked":["Tantrum+1","Indignation","Devotion"],"picked":"SKIP","floor":30},{"not_picked":["Halt","CrushJoints"],"picked":"InnerPeace","floor":31},{"not_picked":["DeusExMachina","Establishment"],"picked":"Vault","floor":33},{"not_picked":["MentalFortress+1","Prostrate+1"],"picked":"EmptyBody","floor":35},{"not_picked":["Halt+1","ThirdEye"],"picked":"Vengeance","floor":38},{"not_picked":["Crescendo","EmptyBody+1"],"picked":"Sanctity","floor":39},{"not_picked":["CrushJoints+1","FlyingSleeves","ClearTheMind"],"picked":"SKIP","floor":40},{"not_picked":["Indignation","CutThroughFate"],"picked":"ThirdEye+1","floor":41},{"not_picked":["Prostrate+1","FlurryOfBlows+1"],"picked":"DevaForm","floor":42},{"not_picked":["EmptyFist+1","Swivel+1","SashWhip+1"],"picked":"SKIP","floor":45},{"not_picked":["Protect","Weave+1"],"picked":"Wireheading+1","floor":46},{"not_picked":["Consecrate+1","FlyingSleeves+1"],"picked":"Wallop+1","floor":48},{"not_picked":["DeceiveReality","Vengeance"],"picked":"Meditate+1","floor":54}],"player_experience":1343558,"relics_obtained":[{"floor":7,"key":"Bronze Scales"},{"floor":9,"key":"War Paint"},{"floor":10,"key":"Juzu Bracelet"},{"floor":21,"key":"Blood Vial"},{"floor":23,"key":"Vajra"},{"floor":26,"key":"Matryoshka"},{"floor":27,"key":"Boot"},{"floor":30,"key":"Anchor"},{"floor":40,"key":"Pear"},{"floor":41,"key":"Ginger"},{"floor":42,"key":"Blue Candle"},{"floor":43,"key":"Molten Egg 2"},{"floor":45,"key":"Mercury Hourglass"},{"floor":46,"key":"Lizard Tail"},{"floor":54,"key":"StoneCalendar"}],"event_choices":[{"damage_healed":0,"gold_gain":0,"player_choice":"Entered Light","damage_taken":14,"max_hp_gain":0,"max_hp_loss":0,"event_name":"Shining Light","floor":2,"gold_loss":0,"cards_upgraded":["Defend_P","Defend_P"]},{"damage_healed":0,"gold_gain":0,"player_choice":"Box","damage_taken":0,"relics_obtained":["Unceasing Top"],"max_hp_gain":0,"max_hp_loss":0,"event_name":"Big Fish","floor":3,"gold_loss":0,"cards_obtained":["Regret"]},{"cards_removed":["Regret"],"damage_healed":0,"gold_gain":0,"player_choice":"Card Removal","damage_taken":7,"max_hp_gain":0,"max_hp_loss":0,"event_name":"Golden Wing","floor":4,"gold_loss":0},{"damage_healed":0,"gold_gain":0,"player_choice":"Shed Blood","damage_taken":18,"max_hp_gain":5,"max_hp_loss":0,"event_name":"Forgotten Altar","floor":19,"gold_loss":0},{"damage_healed":0,"gold_gain":0,"player_choice":"Upgraded","damage_taken":0,"max_hp_gain":0,"max_hp_loss":0,"event_name":"Upgrade Shrine","floor":22,"gold_loss":0,"cards_upgraded":["TalkToTheHand"]},{"cards_removed":["TalkToTheHand"],"damage_healed":0,"gold_gain":0,"player_choice":"Removed Attack","damage_taken":0,"max_hp_gain":0,"max_hp_loss":0,"event_name":"Falling","floor":36,"gold_loss":0},{"damage_healed":0,"gold_gain":0,"player_choice":"Fight","damage_taken":0,"max_hp_gain":0,"max_hp_loss":0,"event_name":"MindBloom","floor":41,"gold_loss":0},{"cards_removed":["Strike_P"],"damage_healed":0,"gold_gain":0,"player_choice":"Upgrade and Remove","damage_taken":0,"max_hp_gain":0,"max_hp_loss":0,"event_name":"Designer","floor":44,"gold_loss":90,"cards_upgraded":["Omniscience"]},{"damage_healed":0,"gold_gain":0,"player_choice":"Fight","damage_taken":0,"max_hp_gain":0,"max_hp_loss":0,"event_name":"Mysterious Sphere","floor":46,"gold_loss":0}],"is_beta":false,"boss_relics":[{"not_picked":["Black Star","Velvet Choker"],"picked":"Snecko Eye"},{"not_picked":["SlaversCollar","Coffee Dripper"],"picked":"Runic Dome"}],"items_purged_floors":[25],"is_endless":false,"potions_floor_spawned":[10,11,14,16,18,20,31,33,38,40,42,46,48],"ascension_level":1}}