{"host":"qs3enzd9idrdg664","time":1610772441,"event":{"mods":["AchievementEnabler","BaseMod","Lobotomy","LobotomyExtend","Marisa????????","Minty Spire (QoL Compilation)","Replay The Spire","StSLib","The Administrix","The Mystic","Yuri Mod","[IsaacMod]????"],"gold_per_floor":[121,21,41,41,69,69,93,24,79,99,99,132,181,209,209,389,389,425,479,497,530,558,558],"floor_reached":22,"language":"ENG","playtime":2444,"items_purged":[],"score":190,"play_id":"f8434058-aab3-4df8-a311-c72518050a47","local_time":"20210115214721","is_ascension_mode":false,"campfire_choices":[{"data":"yuri:HeavierStrike","floor":6,"key":"SMITH"},{"floor":15,"key":"REST"}],"circlet_count":0,"master_deck":["yuri:yuriStrike","yuri:yuriStrike","yuri:yuriStrike","yuri:yuriStrike","yuri:yuriStrike","yuri:yuriDefend","yuri:yuriDefend","yuri:yuriDefend","yuri:yuriDefend","yuri:yuriDefend","yuri:Oolong","yuri:yuriStab","EpicFetus","yuri:Torment","yuri:RepairCode+1","yuri:ThrowingKnives","yuri:HeavierStrike+1","yuri:BookBlue","yuri:MPose+1","yuri:SeeingDouble","yuri:MPose","yuri:SeeingDouble","yuri:MPose+1","yuri:DuplicateCode+1","CurseOfTheBell","yuri:SelfHarm+1","yuri:Stare+1","yuri:TPose+1","yuri:BookBlue+1"],"relics":["yuri:yuriKnife","HushsDoor","SalivaCoin","LetterFromLob","War Paint","Toxic Egg 2","Frozen Egg 2","Calling Bell","PreservedInsect","Gremlin Horn","FossilizedHelix"],"acts_visited":["Exordium","TheCity"],"potions_floor_usage":[16,16,19,19,20,20,21,22],"damage_taken":[{"damage":10,"enemies":"Jaw Worm","floor":1,"turns":2},{"damage":1,"enemies":"Small Slimes","floor":3,"turns":3},{"damage":2,"enemies":"2 Louse","floor":5,"turns":3},{"damage":1,"enemies":"2 Fungi Beasts","floor":7,"turns":2},{"damage":1,"enemies":"Exordium Thugs","floor":10,"turns":4},{"damage":12,"enemies":"Exordium Wildlife","floor":12,"turns":4},{"damage":8,"enemies":"Gremlin Nob","floor":13,"turns":3},{"damage":43,"enemies":"Hexaghost","floor":16,"turns":7},{"damage":17,"enemies":"Chosen","floor":18,"turns":6},{"damage":40,"enemies":"Spheric Guardian","floor":19,"turns":5},{"damage":0,"enemies":"Snake Plant","floor":20,"turns":2},{"damage":17,"enemies":"Centurion and Healer","floor":21,"turns":5},{"damage":41,"enemies":"Sentry and Sphere","floor":22,"turns":5}],"seed_played":"-5474144134617989673","potions_obtained":[{"floor":7,"key":"ColorlessPotion"},{"floor":10,"key":"BlessingOfTheForge"},{"floor":12,"key":"SkillPotion"},{"floor":16,"key":"EntropicBrew"},{"floor":21,"key":"SteroidPotion"}],"is_trial":false,"path_per_floor":["M","$","M","?","M","R","M","$","T","M","?","M","E","?","R","B",null,"M","M","M","M","M"],"character_chosen":"YURI","items_purchased":["yuri:ThrowingKnives","yuri:HeavierStrike","yuri:SeeingDouble"],"campfire_rested":1,"item_purchase_floors":[2,2,8],"current_hp_per_floor":[74,74,77,80,78,78,77,77,77,79,79,67,63,45,69,30,80,67,31,31,18,0,0],"gold":558,"neow_bonus":"ONE_RANDOM_RARE_CARD","is_daily":false,"chose_seed":false,"campfire_upgraded":1,"win_rate":0.0,"timestamp":1610772441,"path_taken":["M","$","M","?","M","R","M","$","T","M","?","M","E","?","R","BOSS","M","M","M","M","M"],"items_purchased_type":["Card","Card","Card"],"build_version":"2020-12-22","purchased_purges":0,"victory":false,"max_hp_per_floor":[80,80,80,80,80,80,80,80,80,80,80,80,80,80,80,80,80,80,80,80,80,80,80],"card_choices":[{"not_picked":[],"picked":"EpicFetus","floor":0},{"not_picked":["yuri:RecklessStrike","yuri:yuriHeavyStrike"],"picked":"yuri:RepairCode","floor":1},{"not_picked":["yuri:yuriQuickStrike","yuri:CorruptHitbox"],"picked":"yuri:BookBlue","floor":3},{"not_picked":["yuri:RepairCode","yuri:yuriQuickStrike"],"picked":"yuri:MPose","floor":5},{"not_picked":["yuri:Skip","yuri:yuriHeavyStrike"],"picked":"Bomb","floor":7},{"not_picked":["yuri:Skip","yuri:ThornRemove"],"picked":"yuri:MPose","floor":10},{"not_picked":["yuri:Spin","yuri:DisableStrike"],"picked":"yuri:SeeingDouble","floor":12},{"not_picked":["yuri:RepairCode+1","yuri:HeavierStrike"],"picked":"yuri:MPose+1","floor":13},{"not_picked":["yuri:DistillInsanity+1","yuri:MagneticKnives+1"],"picked":"yuri:DuplicateCode+1","floor":16},{"not_picked":["yuri:TPose+1","yuri:WickedSlash+1"],"picked":"yuri:SelfHarm+1","floor":18},{"not_picked":["yuri:MultiDip","yuri:RecklessStrike"],"picked":"yuri:Stare+1","floor":19},{"not_picked":["yuri:MPose+1","yuri:DebugCard+1"],"picked":"yuri:TPose+1","floor":20},{"not_picked":["yuri:ExploitStrike","yuri:GlitchedStrike"],"picked":"yuri:BookBlue+1","floor":21}],"player_experience":18165,"relics_obtained":[{"floor":1,"key":"LetterFromLob"},{"floor":9,"key":"War Paint"},{"floor":13,"key":"Toxic Egg 2"},{"floor":17,"key":"PreservedInsect"},{"floor":17,"key":"Gremlin Horn"},{"floor":17,"key":"FossilizedHelix"}],"event_choices":[{"damage_healed":0,"gold_gain":0,"player_choice":"Success","damage_taken":18,"relics_obtained":["Frozen Egg 2"],"max_hp_gain":0,"max_hp_loss":0,"event_name":"Scrap Ooze","floor":14,"gold_loss":0}],"is_beta":false,"boss_relics":[{"not_picked":["Snecko Eye","Sozu"],"picked":"Calling Bell"},{"not_picked":[]}],"items_purged_floors":[],"is_endless":false,"potions_floor_spawned":[7,10,12,16,21],"killed_by":"Sentry and Sphere","ascension_level":0}}