{"host":"s9oaroyyjdd3e4af","time":1610759568,"event":{"mods":["BaseMod","Colored Powertips","Minty Spire (QoL Compilation)"],"gold_per_floor":[115,115,115,115,130,169,169,169,195,195,219,219,219,235,235,363,426,450,12,12,12,35,35,134,152,152,191,191,191],"floor_reached":28,"language":"ENG","playtime":1435,"items_purged":[],"score":234,"play_id":"c5f6e846-2e49-402e-883e-f467a73a2219","local_time":"20210115201248","is_ascension_mode":false,"campfire_choices":[{"floor":7,"key":"REST"},{"floor":10,"key":"REST"},{"floor":13,"key":"REST"},{"data":"Darkness","floor":15,"key":"SMITH"},{"data":"Buffer","floor":23,"key":"SMITH"}],"circlet_count":0,"master_deck":["Strike_B","Strike_B+1","Strike_B","Strike_B","Defend_B","Defend_B","Defend_B+1","Defend_B+1","Zap","Dualcast","Beam Cell+1","Darkness+1","Genetic Algorithm","Undo","Self Repair","Buffer+1","Ball Lightning","Conserve Battery+1","Static Discharge","Heatsinks","Storm","Self Repair","Defragment","Echo Form","Ball Lightning","Electrodynamics","Capacitor+1","Stack"],"relics":["Cracked Core","Oddly Smooth Stone","Golden Idol","Nunchaku","The Courier","Toy Ornithopter","Tiny House","Ancient Tea Set","MutagenicStrength","War Paint","Peace Pipe"],"acts_visited":["Exordium","TheCity"],"potions_floor_usage":[16,16,22,27],"damage_taken":[{"damage":6,"enemies":"Jaw Worm","floor":1,"turns":4},{"damage":0,"enemies":"Small Slimes","floor":5,"turns":3},{"damage":33,"enemies":"3 Sentries","floor":6,"turns":6},{"damage":11,"enemies":"2 Louse","floor":11,"turns":3},{"damage":9,"enemies":"2 Fungi Beasts","floor":14,"turns":4},{"damage":56,"enemies":"Slime Boss","floor":16,"turns":10},{"damage":6,"enemies":"Chosen","floor":18,"turns":5},{"damage":30,"enemies":"2 Thieves","floor":22,"turns":5},{"damage":12,"enemies":"Centurion and Healer","floor":25,"turns":5},{"damage":60,"enemies":"Gremlin Leader","floor":27,"turns":6},{"damage":16,"enemies":"Shelled Parasite and Fungi","floor":28,"turns":3}],"seed_played":"8402697066065659480","potions_obtained":[{"floor":6,"key":"Ancient Potion"},{"floor":11,"key":"Weak Potion"},{"floor":17,"key":"SpeedPotion"},{"floor":18,"key":"PowerPotion"},{"floor":25,"key":"Explosive Potion"}],"is_trial":false,"path_per_floor":["M","?","?","?","M","E","R","T","T","R","M","?","R","M","R","B",null,"M","$","?","?","M","R","?","M","T","E","M"],"character_chosen":"DEFECT","items_purchased":["Static Discharge","Heatsinks","Storm","Self Repair","Defragment","Echo Form","Ball Lightning"],"campfire_rested":3,"item_purchase_floors":[19,19,19,19,19,19,19],"current_hp_per_floor":[69,54,54,36,36,3,25,25,25,47,36,36,58,49,49,10,80,80,80,80,80,62,62,62,57,57,16,0,0],"gold":191,"neow_bonus":"RANDOM_COMMON_RELIC","is_daily":false,"chose_seed":false,"campfire_upgraded":2,"win_rate":0.0,"timestamp":1610759568,"path_taken":["M","?","?","?","M","E","R","?","T","R","M","?","R","?","R","BOSS","M","$","?","?","M","R","?","M","T","E","M"],"items_purchased_type":["Card","Card","Card","Card","Card","Card","Card"],"build_version":"2020-12-22","purchased_purges":0,"victory":false,"max_hp_per_floor":[75,75,75,75,75,75,75,75,75,75,75,75,75,75,75,75,80,80,80,80,80,80,80,80,80,80,80,80,80],"card_choices":[{"not_picked":["Streamline","Sweeping Beam"],"picked":"Beam Cell","floor":1},{"not_picked":["Stack","FTL"],"picked":"Darkness","floor":5},{"not_picked":["Meteor Strike","Compile Driver"],"picked":"Genetic Algorithm","floor":6},{"not_picked":["Beam Cell","Darkness"],"picked":"Undo","floor":11},{"not_picked":["Consume","Cold Snap"],"picked":"Self Repair","floor":14},{"not_picked":["Amplify","Fission"],"picked":"Buffer","floor":16},{"not_picked":["Turbo","Streamline"],"picked":"Ball Lightning","floor":17},{"not_picked":["Steam","Streamline"],"picked":"Conserve Battery","floor":18},{"not_picked":["Beam Cell","Double Energy"],"picked":"Electrodynamics","floor":22},{"not_picked":["Sweeping Beam","Beam Cell"],"picked":"Capacitor+1","floor":25},{"not_picked":["Rainbow","Double Energy"],"picked":"Stack","floor":27}],"player_experience":709253,"relics_obtained":[{"floor":6,"key":"Nunchaku"},{"floor":8,"key":"The Courier"},{"floor":9,"key":"Toy Ornithopter"},{"floor":26,"key":"War Paint"},{"floor":27,"key":"Peace Pipe"}],"event_choices":[{"damage_healed":0,"gold_gain":0,"player_choice":"Entered Light","damage_taken":15,"max_hp_gain":0,"max_hp_loss":0,"event_name":"Shining Light","floor":2,"gold_loss":0,"cards_upgraded":["Strike_B","Beam Cell"]},{"damage_healed":0,"gold_gain":0,"player_choice":"Ignored","damage_taken":0,"max_hp_gain":0,"max_hp_loss":0,"event_name":"Golden Wing","floor":3,"gold_loss":0},{"damage_healed":0,"gold_gain":0,"player_choice":"Take Damage","damage_taken":18,"relics_obtained":["Golden Idol"],"max_hp_gain":0,"max_hp_loss":0,"event_name":"Golden Idol","floor":4,"gold_loss":0},{"damage_healed":0,"gold_gain":0,"player_choice":"Fled","damage_taken":0,"max_hp_gain":0,"max_hp_loss":0,"event_name":"Scrap Ooze","floor":12,"gold_loss":0},{"damage_healed":0,"gold_gain":0,"player_choice":"Opened","damage_taken":0,"relics_obtained":["Ancient Tea Set"],"max_hp_gain":0,"max_hp_loss":0,"event_name":"The Mausoleum","floor":20,"gold_loss":0},{"damage_healed":0,"gold_gain":0,"player_choice":"Inject Mutagens","damage_taken":0,"relics_obtained":["MutagenicStrength"],"max_hp_gain":0,"max_hp_loss":0,"event_name":"Drug Dealer","floor":21,"gold_loss":0},{"damage_healed":0,"gold_gain":99,"player_choice":"Stole From Cult","damage_taken":0,"max_hp_gain":0,"max_hp_loss":0,"event_name":"Nest","floor":24,"gold_loss":0}],"is_beta":false,"boss_relics":[{"not_picked":["SacredBark","Sozu"],"picked":"Tiny House"}],"items_purged_floors":[],"is_endless":false,"potions_floor_spawned":[6,11,18,25],"killed_by":"Shelled Parasite and Fungi","ascension_level":0}}