{"host":"8fuipfsvjht9cgcs","time":1610755457,"event":{"mods":["AchievementEnabler","BaseMod","Colored Map","Colored Powertips","DeckTracker","Friendly Minions","Kiyohime£¨?ýï£©","Marisa£¨Ùöéë¡¡Øª×âÞÞ£©","Minty Spire (QoL Compilation)","Prisma Mod","Replay The Spire","StSLib","SuperFastMode","The Cursed","The Gatherer"],"gold_per_floor":[160,160,160,160,179,179,197,197,197,197,228,9,65,76,76,180,180,196,196,210,224,237,237,237],"floor_reached":23,"language":"KOR","playtime":1044,"items_purged":["Strike_B"],"score":301,"play_id":"f20bcc64-cfb8-4f0b-abfe-7761d90d8d30","local_time":"20210116130417","is_ascension_mode":true,"campfire_choices":[{"data":"Coolheaded","floor":6,"key":"SMITH"},{"data":"Conserve Battery","floor":8,"key":"SMITH"},{"data":"Dualcast","floor":10,"key":"SMITH"},{"data":"Conserve Battery","floor":15,"key":"SMITH"}],"circlet_count":0,"master_deck":["Strike_B","Defend_B","Defend_B","Defend_B+1","Defend_B","Zap","Dualcast+1","Coolheaded+1","Melter","Doom and Gloom+1","Leap","Conserve Battery+1","Conserve Battery+1","Electrodynamics","White Noise+1"],"relics":["Tiny House","Ancient Tea Set","Boot","Replay:WaspNest","Toolbox","Calipers","Philosopher\u0027s Stone"],"acts_visited":["Exordium","TheCity"],"potions_floor_usage":[14,14,14,23],"damage_taken":[{"damage":5,"enemies":"Small Slimes","floor":1,"turns":5},{"damage":6,"enemies":"Jaw Worm","floor":5,"turns":4},{"damage":0,"enemies":"2 Louse","floor":7,"turns":1},{"damage":4,"enemies":"Replay:BlueRogue","floor":11,"turns":6},{"damage":29,"enemies":"Gremlin Nob","floor":13,"turns":5},{"damage":2,"enemies":"Exordium Thugs","floor":14,"turns":4},{"damage":0,"enemies":"The Guardian","floor":16,"turns":8},{"damage":12,"enemies":"2 Thieves","floor":18,"turns":4},{"damage":0,"enemies":"Shell Parasite","floor":20,"turns":4},{"damage":18,"enemies":"Centurion and Healer","floor":21,"turns":7},{"damage":0,"enemies":"3 Cultists","floor":22,"turns":5},{"damage":47,"enemies":"Gremlin Leader","floor":23,"turns":5}],"seed_played":"-7580768016898627123","potions_obtained":[{"floor":0,"key":"LiquidBronze"},{"floor":1,"key":"Adrenaline Potion"},{"floor":7,"key":"Explosive Potion"},{"floor":11,"key":"Regen Potion"},{"floor":20,"key":"Dexterity Potion"},{"floor":21,"key":"FocusPotion"}],"is_trial":false,"path_per_floor":["M","?","?","?","M","R","M","R","T","R","E","$","?","M","R","B",null,"M","?","M","M","M","E"],"character_chosen":"DEFECT","items_purchased":["Toolbox"],"campfire_rested":0,"item_purchase_floors":[12],"current_hp_per_floor":[75,68,68,61,55,55,55,55,55,55,51,51,22,32,32,32,68,56,56,56,38,38,0,0],"gold":237,"neow_bonus":"BOSS_RELIC","is_daily":false,"chose_seed":false,"campfire_upgraded":4,"win_rate":0.0,"timestamp":1610755457,"path_taken":["M","?","?","?","M","R","?","R","T","R","E","$","?","M","R","BOSS","M","?","M","M","M","E"],"items_purchased_type":["Relic"],"build_version":"2020-12-22","purchased_purges":1,"victory":false,"max_hp_per_floor":[80,80,80,80,80,80,80,80,80,80,80,80,80,80,80,80,80,80,80,80,80,80,80,80],"card_choices":[{"not_picked":["Darkness","Rebound"],"picked":"Coolheaded","floor":0},{"not_picked":["Cold Snap","Barrage"],"picked":"Melter","floor":1},{"not_picked":["Panic Button","Undo"],"picked":"Leap","floor":5},{"not_picked":["Hologram","Ball Lightning"],"picked":"Conserve Battery","floor":7},{"not_picked":["Coolheaded","Beam Cell","Lockon"],"picked":"SKIP","floor":11},{"not_picked":["Gash","Rainbow"],"picked":"Conserve Battery","floor":14},{"not_picked":["Mirror Shield","ReplayTheSpireMod:Fabricate Wheel"],"picked":"Electrodynamics","floor":16},{"not_picked":["Hologram+1","Turbo"],"picked":"White Noise+1","floor":18},{"not_picked":["Hello World","BasicCrystalCard","Beam Cell"],"picked":"SKIP","floor":20},{"not_picked":["Sunder+1","Conserve Battery+1","Leap"],"picked":"SKIP","floor":21},{"not_picked":["Compile Driver","Rebound","Stack"],"picked":"SKIP","floor":22}],"player_experience":409137,"relics_obtained":[{"floor":9,"key":"Boot"},{"floor":11,"key":"Replay:WaspNest"},{"floor":13,"key":"Calipers"}],"event_choices":[{"damage_healed":0,"gold_gain":0,"player_choice":"Success","damage_taken":7,"relics_obtained":["Ancient Tea Set"],"max_hp_gain":0,"max_hp_loss":0,"event_name":"Scrap Ooze","floor":2,"gold_loss":0},{"cards_removed":["Strike_B"],"damage_healed":0,"gold_gain":0,"player_choice":"Card Removal","damage_taken":7,"max_hp_gain":0,"max_hp_loss":0,"event_name":"Golden Wing","floor":4,"gold_loss":0},{"damage_healed":0,"gold_gain":30,"player_choice":"Searched \u00272\u0027 times","damage_taken":0,"max_hp_gain":0,"max_hp_loss":0,"event_name":"Dead Adventurer","floor":13,"gold_loss":0},{"damage_healed":0,"gold_gain":0,"player_choice":"Ignored","damage_taken":0,"max_hp_gain":0,"max_hp_loss":0,"event_name":"Ghosts","floor":19,"gold_loss":0}],"is_beta":false,"boss_relics":[{"not_picked":["Painkiller Herb","Empty Cage"],"picked":"Philosopher\u0027s Stone"}],"items_purged_floors":[12],"is_endless":false,"potions_floor_spawned":[1,7,11,20,21],"killed_by":"Gremlin Leader","ascension_level":5}}