{"host":"h4qgcirtxz6qax9j","time":1610807858,"event":{"mods":["AchievementEnabler","BaseMod","Colored Powertips","Minty Spire (QoL Compilation)","StSLib","SuperFastMode","The Animator"],"gold_per_floor":[122,122,140,140,59,94,44,44,112,112,112,137,149,167,167,275,275,289,289,192,203,216,216,232,232,232,232,248,268,268,268],"floor_reached":30,"language":"KOR","playtime":1042,"items_purged":[],"score":290,"play_id":"7d762eb5-34ae-45da-8c8e-86068eb9cd68","local_time":"20210116233738","is_ascension_mode":false,"campfire_choices":[{"data":"animator:DolaSchwi","floor":8,"key":"SMITH"},{"data":"animator:Kagari","floor":11,"key":"SMITH"},{"floor":15,"key":"REST"},{"data":"animator:DolaSchwi","floor":23,"key":"SMITH"},{"floor":25,"key":"REST"},{"data":"animator:Shiro","floor":27,"key":"SMITH"}],"circlet_count":0,"master_deck":["animator:Strike_NoGameNoLife","animator:Defend_NoGameNoLife","animator:Strike","animator:Strike","animator:Strike","animator:Defend","animator:Defend","animator:Defend","animator:DolaSchwi+1","animator:DolaCouronne+1","animator:RoyMustang+1","animator:Kagari+1","animator:DolaSchwi+1","animator:ElricEdward","animator:OrikoMikuni","animator:Shiro+1","animator:Urushihara","animator:DolaSchwi+1","animator:IzunaHatsuse"],"relics":["animator:LivingPicture","animator:TheMissingPiece","Letter Opener","animator:BattleDrones","Mango","animator:CursedBlade","Nloth\u0027s Gift","Gremlin Horn"],"acts_visited":["Exordium","TheCity"],"potions_floor_usage":[29],"damage_taken":[{"damage":0,"enemies":"Small Slimes","floor":1,"turns":1},{"damage":0,"enemies":"2 Louse","floor":3,"turns":1},{"damage":0,"enemies":"Lagavulin","floor":6,"turns":2},{"damage":15,"enemies":"3 Sentries","floor":12,"turns":4},{"damage":0,"enemies":"Cultist","floor":13,"turns":3},{"damage":9,"enemies":"Gremlin Gang","floor":14,"turns":3},{"damage":53,"enemies":"Hexaghost","floor":16,"turns":8},{"damage":26,"enemies":"Shell Parasite","floor":18,"turns":5},{"damage":0,"enemies":"Chosen","floor":21,"turns":4},{"damage":23,"enemies":"Sentry and Sphere","floor":22,"turns":4},{"damage":12,"enemies":"Snecko","floor":24,"turns":4},{"damage":24,"enemies":"Shelled Parasite and Fungi","floor":28,"turns":5},{"damage":15,"enemies":"Sentry and Sphere","floor":29,"turns":5},{"damage":33,"enemies":"Cultist and Chosen","floor":30,"turns":4}],"seed_played":"2112423338598151123","potions_obtained":[{"floor":1,"key":"SpeedPotion"},{"floor":13,"key":"EntropicBrew"},{"floor":16,"key":"Dexterity Potion"},{"floor":22,"key":"LiquidMemories"}],"is_trial":false,"path_per_floor":["M","?","M","?","$","E","$","R","T","?","R","E","M","M","R","B",null,"M","?","$","M","M","R","M","R","T","R","M","M","M"],"character_chosen":"THE_ANIMATOR","items_purchased":["animator:Kagari","animator:DolaSchwi","animator:Urushihara"],"campfire_rested":2,"item_purchase_floors":[5,7,20],"current_hp_per_floor":[66,53,53,53,53,53,53,53,53,58,58,58,58,49,74,21,86,60,60,60,60,37,37,25,50,50,50,26,12,0,0],"gold":268,"neow_bonus":"THREE_ENEMY_KILL","is_daily":false,"chose_seed":false,"campfire_upgraded":4,"win_rate":0.0,"timestamp":1610807858,"path_taken":["M","?","M","?","$","E","$","R","T","?","R","E","M","M","R","BOSS","M","?","$","M","M","R","M","R","T","R","M","M","?"],"items_purchased_type":["Card","Card","Card"],"build_version":"2020-12-22","purchased_purges":0,"victory":false,"max_hp_per_floor":[66,66,66,66,66,66,66,66,66,71,71,86,86,86,86,86,86,86,86,86,86,86,86,86,86,86,86,86,87,87,87],"card_choices":[{"not_picked":["animator:Elsword","animator:AcuraTooru"],"picked":"animator:RoyMustang","floor":1},{"not_picked":["animator:MaesHughes","animator:Sloth","animator:Guy"],"picked":"SKIP","floor":3},{"not_picked":["animator:Albedo","animator:Ara","animator:Assassin"],"picked":"SKIP","floor":6},{"not_picked":["animator:Scar","animator:WinryRockbell"],"picked":"animator:ElricEdward","floor":12},{"not_picked":["animator:MaesHughes","animator:Shalltear","animator:Ciel"],"picked":"SKIP","floor":13},{"not_picked":["animator:Ciel","animator:Gillette"],"picked":"animator:OrikoMikuni","floor":14},{"not_picked":["animator:Albedo","animator:Elesis"],"picked":"animator:Shiro","floor":16},{"not_picked":["animator:Scar+1","animator:Ara","animator:ElricAlphonse"],"picked":"SKIP","floor":18},{"not_picked":["animator:Shiro","animator:FielNirvalen"],"picked":"animator:DolaSchwi","floor":21},{"not_picked":["animator:Chung","animator:DolaCouronne","animator:IrohaTamaki+1"],"picked":"SKIP","floor":22},{"not_picked":["animator:DolaCouronne","animator:Ciel","animator:AcuraTooru+1"],"picked":"SKIP","floor":24},{"not_picked":["animator:YuiTsuruno","animator:WinryRockbell","animator:Illya"],"picked":"SKIP","floor":28},{"not_picked":["animator:DolaCouronne","animator:ChlammyZell"],"picked":"animator:IzunaHatsuse","floor":29}],"player_experience":55034,"relics_obtained":[{"floor":6,"key":"Letter Opener"},{"floor":9,"key":"animator:BattleDrones"},{"floor":12,"key":"Mango"},{"floor":26,"key":"Gremlin Horn"}],"event_choices":[{"damage_healed":0,"gold_gain":0,"player_choice":"Entered Light","damage_taken":13,"max_hp_gain":0,"max_hp_loss":0,"event_name":"Shining Light","floor":2,"gold_loss":0,"cards_upgraded":["animator:RoyMustang","animator:DolaCouronne"]},{"damage_healed":0,"gold_gain":0,"player_choice":"Grow","damage_taken":0,"max_hp_gain":0,"max_hp_loss":0,"event_name":"Living Wall","floor":4,"gold_loss":0,"cards_upgraded":["animator:DolaSchwi"]},{"damage_healed":0,"gold_gain":0,"player_choice":"Donut","damage_taken":0,"max_hp_gain":5,"max_hp_loss":0,"event_name":"Big Fish","floor":10,"gold_loss":0},{"damage_healed":0,"gold_gain":0,"player_choice":"Traded Relic","damage_taken":0,"relics_obtained":["Nloth\u0027s Gift"],"max_hp_gain":0,"max_hp_loss":0,"event_name":"N\u0027loth","floor":19,"relics_lost":["NeowsBlessing"],"gold_loss":0}],"is_beta":false,"boss_relics":[{"not_picked":["animator:RacePiece","Pandora\u0027s Box"],"picked":"animator:CursedBlade"}],"items_purged_floors":[],"is_endless":false,"potions_floor_spawned":[1,13,16,18,22,28],"killed_by":"Cultist and Chosen","ascension_level":0}}