{"host":"2i0myh7fqij2ti1z","time":1610782224,"event":{"mods":["Aspiration","BaseMod","Better Third Choice","Colored Powertips","Conspire","Evolution","FoggyMod","GifTheSpireLib","Highlight Path","Hubris","Minty Spire (QoL Compilation)","Permanent Neow","Quick Restart","Random Character Button","Random Character Mod","Replay The Spire","Shop Mod","Spicy Shops","StSLib","Stuff the Spire","Wandering Minibosses","vexMod","óô»ðÖ¸ÄÏ"],"gold_per_floor":[114,114,133,3,3,34,34,69,95,131,158,158,7,0,0,0,0],"floor_reached":16,"language":"ENG","playtime":813,"items_purged":[],"score":156,"play_id":"e1323ad2-29e9-433b-8833-4f90b0e944c8","local_time":"20210116153024","is_ascension_mode":true,"campfire_choices":[{"data":"Rage","floor":7,"key":"SMITH"},{"floor":15,"key":"REST"}],"circlet_count":0,"master_deck":["conspire:GhostlyStrike","conspire:GhostlyStrike","conspire:GhostlyStrike","conspire:GhostlyStrike","conspire:GhostlyDefend","conspire:GhostlyDefend","Bash","Intimidate+1","Rage+1","Reaper","Hemogenesis"],"relics":["Burning Blood","EVO:Axolotl","Singing Bowl","Mercury Hourglass","Matryoshka","Lantern","StuffTheSpire:Mouthbags","hubris:TinFlute","hubris:ToyBattleship","Gremlin Food"],"acts_visited":["Exordium"],"potions_floor_usage":[6,10,16],"damage_taken":[{"damage":4,"enemies":"Small Slimes","floor":1,"turns":4},{"damage":10,"enemies":"Cultist","floor":3,"turns":4},{"damage":29,"enemies":"Lagavulin","floor":6,"turns":5},{"damage":23,"enemies":"Gremlin Nob","floor":8,"turns":4},{"damage":19,"enemies":"conspire:MimicChest","floor":10,"turns":7},{"damage":25,"enemies":"3 Sentries","floor":11,"turns":5},{"damage":55,"enemies":"Hexaghost","floor":16,"turns":10}],"seed_played":"1349625762387067284","potions_obtained":[{"floor":1,"key":"BlessingOfTheForge"},{"floor":8,"key":"EssenceOfSteel"},{"floor":11,"key":"GamblersBrew"}],"is_trial":false,"path_per_floor":["M","?","M","$","?","E","R","E","T","?","E","?","$","?","R","B"],"character_chosen":"IRONCLAD","items_purchased":["Singing Bowl","Hemogenesis"],"campfire_rested":1,"item_purchase_floors":[4,13],"current_hp_per_floor":[58,58,54,54,54,31,31,16,16,14,19,16,16,16,41,0,0],"gold":0,"neow_bonus":"REMOVE_TWO","is_daily":false,"chose_seed":false,"campfire_upgraded":1,"win_rate":0.0,"timestamp":1610782224,"path_taken":["M","?","?","$","?","E","R","E","T","?","E","?","$","?","R","BOSS"],"items_purchased_type":["Relic","Card"],"build_version":"2020-12-22","purchased_purges":0,"victory":false,"max_hp_per_floor":[80,80,80,80,80,80,80,82,82,84,86,86,86,86,86,86,86],"card_choices":[{"not_picked":["True Grit","Heavy Blade"],"picked":"Intimidate","floor":1},{"not_picked":["ReplayTheSpireMod:Strike From Hell","Defy Death"],"picked":"Rage","floor":3},{"not_picked":["ReplayTheSpireMod:Strike From Hell","Perfected Strike"],"picked":"Reaper","floor":6},{"not_picked":["Flame Barrier","Havoc","Hemokinesis"],"picked":"Singing Bowl","floor":8},{"not_picked":["Iron Wave","True Grit","Warcry"],"picked":"Singing Bowl","floor":10},{"not_picked":["Dark Embrace","True Grit","Whirlwind"],"picked":"Singing Bowl","floor":11}],"player_experience":233691,"relics_obtained":[{"floor":6,"key":"Mercury Hourglass"},{"floor":8,"key":"Matryoshka"},{"floor":9,"key":"Lantern"},{"floor":9,"key":"StuffTheSpire:Mouthbags"},{"floor":10,"key":"hubris:TinFlute"},{"floor":11,"key":"hubris:ToyBattleship"}],"event_choices":[{"cards_removed":["Defend_R"],"damage_healed":0,"gold_gain":0,"player_choice":"Purged","damage_taken":0,"max_hp_gain":0,"max_hp_loss":0,"event_name":"Purifier","floor":2,"gold_loss":0},{"damage_healed":0,"gold_gain":0,"player_choice":"Agree","damage_taken":0,"max_hp_gain":0,"max_hp_loss":0,"event_name":"conspire:LoneGhost","floor":5,"gold_loss":0},{"damage_healed":0,"gold_gain":0,"player_choice":"Relic ","damage_taken":3,"max_hp_gain":0,"max_hp_loss":0,"event_name":"betterThird:BetterScrap","floor":12,"gold_loss":0,"cards_obtained":["Tactician"]}],"is_beta":false,"boss_relics":[],"items_purged_floors":[],"is_endless":false,"potions_floor_spawned":[1,8,11],"killed_by":"Hexaghost","ascension_level":3}}