{"host":"Ruben","time":1610822905,"event":{"mods":["AchievementEnabler","Aspiration","BaseMod","Better Altar","Better Match","Better Note","Better Sensory Stone","Better Skull","Better Third Choice","BetterRewards","Colored Map","Conspire","Downfall","GifTheSpireLib","Googly Eyes","Highlight Path","Hubris","Minty Spire (QoL Compilation)","Permanent Neow","Shop Mod","Spicy Shops","StSLib","Stuff the Spire","The IronCluck","everything is the same but u backflip on backflip","slay the spire mod where everything is the same but ironclad has a cowboy hat"],"gold_per_floor":[119,150,325,250,266,299,314,345,345,345,371,171,171,182,182,241,241],"floor_reached":16,"language":"ENG","playtime":733,"items_purged":["Doubt"],"score":149,"play_id":"f3114d4f-f771-41de-b8ed-de785ec3eb8b","local_time":"20210116194825","is_ascension_mode":true,"campfire_choices":[{"floor":10,"key":"REST"},{"data":"Body Slam","floor":13,"key":"SMITH"},{"floor":15,"key":"REST"}],"circlet_count":0,"master_deck":["Strike_R","Strike_R","Strike_R","Strike_R","Strike_R","Defend_R","Defend_R","Defend_R","Defend_R","Bash","Entrench","hubris:ReadiedAction","Body Slam+1","hubris:ReadiedAction","Rage","Brutality","Demon Form","Flex","conspire:SpireCoStock","conspire:SpireCoStock","conspire:SpireCoStock","conspire:SpireCoStock"],"relics":["Burning Blood","NeowsBlessing","Blue Candle","StuffTheSpire:Gunfinga","conspire:GiftBox","Vajra"],"acts_visited":["Exordium"],"potions_floor_usage":[6,8],"damage_taken":[{"damage":0,"enemies":"conspire:RoseBush","floor":1,"turns":1},{"damage":0,"enemies":"conspire:MimicChest","floor":2,"turns":1},{"damage":2,"enemies":"Small Slimes","floor":5,"turns":2},{"damage":30,"enemies":"Gremlin Nob","floor":6,"turns":4},{"damage":0,"enemies":"2 Louse","floor":7,"turns":2},{"damage":15,"enemies":"3 Sentries","floor":8,"turns":7},{"damage":22,"enemies":"Gremlin Nob","floor":11,"turns":4},{"damage":28,"enemies":"Large Slime","floor":14,"turns":3},{"damage":63,"enemies":"The Guardian","floor":16,"turns":9}],"seed_played":"-7551548882421697474","potions_obtained":[{"floor":1,"key":"SpeedPotion"},{"floor":6,"key":"Slimebound:ThreeZeroPotion"},{"floor":8,"key":"EssenceOfSteel"},{"floor":11,"key":"Weak Potion"}],"is_trial":false,"path_per_floor":["M","?","?","$","M","E","M","E","T","R","E","?","R","M","R","B"],"character_chosen":"IRONCLAD","items_purchased":[],"campfire_rested":2,"item_purchase_floors":[],"current_hp_per_floor":[80,80,80,80,80,56,62,53,53,77,61,61,61,39,63,0,0],"gold":241,"neow_bonus":"THREE_ENEMY_KILL","is_daily":false,"chose_seed":false,"campfire_upgraded":1,"win_rate":0.0,"timestamp":1610822905,"path_taken":["M","?","?","$","M","E","M","E","T","R","E","?","R","M","R","BOSS"],"items_purchased_type":[],"build_version":"2020-12-18","purchased_purges":1,"victory":false,"max_hp_per_floor":[80,80,80,80,80,80,80,80,80,80,80,80,80,80,80,80,80],"card_choices":[{"not_picked":["Second Wind","Seeing Red"],"picked":"Entrench","floor":1},{"not_picked":["Flex","Sword Boomerang"],"picked":"hubris:ReadiedAction","floor":2},{"not_picked":["Warcry","StuffTheSpire:RockThrow"],"picked":"Body Slam","floor":5},{"not_picked":["StuffTheSpire:Incineration","StuffTheSpire:Resist"],"picked":"hubris:ReadiedAction","floor":6},{"not_picked":["Blood for Blood","Rampage"],"picked":"Rage","floor":7},{"not_picked":["Limit Break","conspire:Purge"],"picked":"Brutality","floor":8},{"not_picked":["Clash","hubris:SharpeningStone"],"picked":"Demon Form","floor":8},{"not_picked":["hubris:SharpeningStone","Sever Soul"],"picked":"Flex","floor":11},{"not_picked":["Fire Breathing","Bloodletting","StuffTheSpire:RockThrow"],"picked":"SKIP","floor":14}],"player_experience":291604,"relics_obtained":[{"floor":2,"key":"Blue Candle"},{"floor":6,"key":"StuffTheSpire:Gunfinga"},{"floor":8,"key":"conspire:GiftBox"},{"floor":11,"key":"Vajra"}],"event_choices":[{"damage_healed":0,"gold_gain":175,"player_choice":"AGREE","damage_taken":150,"max_hp_gain":0,"max_hp_loss":0,"event_name":"betterThird:BetterSerpent","floor":3,"gold_loss":0},{"damage_healed":0,"gold_gain":0,"player_choice":"Invest 4","damage_taken":0,"max_hp_gain":0,"max_hp_loss":0,"event_name":"conspire:Investor","floor":12,"gold_loss":0}],"is_beta":true,"boss_relics":[],"items_purged_floors":[4],"is_endless":false,"potions_floor_spawned":[1,6,8,11],"killed_by":"The Guardian","ascension_level":1}}