{"host":"trl0voo1ezac24er","time":1610828444,"event":{"mods":["BaseMod","Minty Spire (QoL Compilation)","StSLib","The Marked"],"gold_per_floor":[117,131,206,206,218,247,247,247,247,279,314,314,60,119,119,214,214,227,279,378,378,397,422,449,449,499,511,523,535,547,587,599,716,778,810,822,834,324,324,366,366,392,471,471,471,371,371,380,380,380,380],"floor_reached":50,"language":"ENG","playtime":3977,"items_purged":["theMarked:TwofoldDefense","theMarked:EternalStudent"],"score":887,"play_id":"86ce7318-25f7-4f77-af0e-04d41cf07ce0","local_time":"20210116152044","daily_mods":["SealedDeck","Heirloom","Time Dilation","Flight"],"is_ascension_mode":false,"campfire_choices":[{"data":"theMarked:ReduceFriction","floor":7,"key":"SMITH"},{"data":"theMarked:BanishingStrike","floor":8,"key":"SMITH"},{"data":"theMarked:BanishingStrike","floor":15,"key":"SMITH"},{"data":"theMarked:TakeOffHeels","floor":25,"key":"SMITH"},{"data":"theMarked:ComboAttacks","floor":27,"key":"SMITH"},{"data":"theMarked:Static","floor":28,"key":"SMITH"},{"data":"theMarked:TwofoldDefense","floor":32,"key":"SMITH"},{"data":"Madness","floor":44,"key":"SMITH"},{"data":"Madness","floor":45,"key":"SMITH"},{"data":"theMarked:HeightenedSenses","floor":47,"key":"SMITH"},{"data":"Finesse","floor":49,"key":"SMITH"}],"circlet_count":0,"master_deck":["theMarked:ReduceFriction+1","theMarked:Static+1","theMarked:TwofoldDefense+1","theMarked:Static+1","theMarked:HeightenedSenses+1","theMarked:BanishingStrike+1","theMarked:BanishingStrike+1","theMarked:SwordAndMagic+1","theMarked:ChainLightning","theMarked:TakeOffHeels+1","CurseOfTheBell","theMarked:ComboAttacks+1","Madness+1","Madness+1","theMarked:ResourceFulStrike+1","Finesse+1"],"relics":["theMarked:ArtifactOfAir","Gambling Chip","Anchor","theMarked:DemonDagger","Tiny Chest","Eternal Feather","Sundial","Calling Bell","Pen Nib","Matryoshka","Calipers","Juzu Bracelet","Gremlin Horn","theMarked:NailFile","Pear","MawBank","InkBottle","Peace Pipe","Tiny House","theMarked:Winder","Strawberry","Bronze Scales","CeramicFish","Frozen Egg 2","Shuriken","Bottled Tornado"],"acts_visited":["Exordium","TheCity","TheBeyond"],"potions_floor_usage":[50],"damage_taken":[{"damage":0,"enemies":"Cultist","floor":1,"turns":2},{"damage":0,"enemies":"Small Slimes","floor":2,"turns":2},{"damage":1,"enemies":"Jaw Worm","floor":5,"turns":3},{"damage":0,"enemies":"Lagavulin","floor":6,"turns":3},{"damage":9,"enemies":"3 Sentries","floor":10,"turns":6},{"damage":0,"enemies":"Gremlin Nob","floor":11,"turns":2},{"damage":0,"enemies":"Slime Boss","floor":16,"turns":7},{"damage":0,"enemies":"Chosen","floor":18,"turns":2},{"damage":2,"enemies":"Shell Parasite","floor":22,"turns":2},{"damage":0,"enemies":"Gremlin Leader","floor":23,"turns":4},{"damage":39,"enemies":"Book of Stabbing","floor":24,"turns":6},{"damage":0,"enemies":"Gremlin Leader","floor":31,"turns":2},{"damage":25,"enemies":"Collector","floor":33,"turns":4},{"damage":0,"enemies":"3 Shapes","floor":35,"turns":2},{"damage":9,"enemies":"Reptomancer","floor":40,"turns":3},{"damage":50,"enemies":"Nemesis","floor":42,"turns":5},{"damage":109,"enemies":"Time Eater","floor":50,"turns":8}],"seed_played":"-1593004010476528048","potions_obtained":[{"floor":5,"key":"Weak Potion"},{"floor":6,"key":"Energy Potion"},{"floor":11,"key":"CultistPotion"},{"floor":23,"key":"BlessingOfTheForge"},{"floor":34,"key":"FairyPotion"},{"floor":35,"key":"DuplicationPotion"}],"is_trial":true,"path_per_floor":["M","M","?","?","M","E","R","R","T","E","E","?","$","?","R","B",null,"M","T","?","?","M","E","E","R","T","R","R","?","T","E","R","B",null,"M","?","?","$","?","E","T","E","T","R","R","$","R","?","R","B"],"character_chosen":"THE_DEFAULT","items_purchased":["Sundial","theMarked:Winder","Strawberry","Bronze Scales"],"campfire_rested":0,"item_purchase_floors":[13,38,38,38],"current_hp_per_floor":[70,70,59,59,58,58,58,58,58,49,49,54,54,54,60,60,75,75,75,75,61,59,59,20,29,39,48,57,57,57,57,63,38,95,95,95,83,90,90,81,81,31,31,40,49,49,58,58,67,0,0],"gold":380,"neow_bonus":"","is_daily":false,"chose_seed":false,"campfire_upgraded":11,"win_rate":0.0,"timestamp":1610828444,"path_taken":["M","?","?","?","?","E","R","R","T","E","E","?","?","?","R","BOSS","M","?","?","?","M","E","E","R","T","R","R","?","?","E","R","BOSS","M","?","?","$","?","E","?","E","T","R","R","$","R","?","R","BOSS"],"items_purchased_type":["Relic","Relic","Relic","Relic"],"build_version":"2020-12-22","purchased_purges":2,"victory":false,"max_hp_per_floor":[70,70,70,70,70,70,70,70,70,70,70,75,75,75,75,75,75,75,75,75,80,80,80,80,80,90,90,90,90,90,90,90,90,95,95,95,95,102,102,102,102,102,102,102,102,102,102,102,102,102,102],"card_choices":[{"not_picked":["theMarked:Overthink","theMarked:HeightenedSenses","theMarked:ResourceFulStrike"],"picked":"SKIP","floor":1},{"not_picked":["theMarked:Parry","theMarked:ElectricStrings"],"picked":"theMarked:ChainLightning","floor":2},{"not_picked":["theMarked:Parkour","theMarked:WastefulAttack","theMarked:RepellingDischarge"],"picked":"SKIP","floor":5},{"not_picked":["theMarked:ElectricStrings","theMarked:Frustration","theMarked:ResourceFulStrike"],"picked":"SKIP","floor":6},{"not_picked":["theMarked:Generate","theMarked:ResourceFulStrike","theMarked:ContemptForTheProud"],"picked":"SKIP","floor":10},{"not_picked":["theMarked:HeightenedSenses","theMarked:LightningStrikesTwice","theMarked:TwofoldDefense"],"picked":"SKIP","floor":11},{"not_picked":["theMarked:MuscleMemory","theMarked:FavorableWinds"],"picked":"theMarked:TakeOffHeels","floor":16},{"not_picked":["theMarked:Frustration","theMarked:Electrocute+1","theMarked:DeterminationOfTheMarked+1"],"picked":"SKIP","floor":18},{"not_picked":["theMarked:Aftermath","theMarked:RepellingDischarge","theMarked:Static"],"picked":"SKIP","floor":22},{"not_picked":["theMarked:TunnelVision","theMarked:ElectricStrings"],"picked":"theMarked:EternalStudent","floor":23},{"not_picked":["theMarked:Improvise","theMarked:LightningStrikesTwice"],"picked":"theMarked:ComboAttacks","floor":24},{"not_picked":["theMarked:Levitate","theMarked:TwofoldDefense","theMarked:WastefulDefense"],"picked":"SKIP","floor":31},{"not_picked":["theMarked:ChainLightning","theMarked:ShockingTouch+1","theMarked:WastefulAttack"],"picked":"SKIP","floor":35},{"not_picked":["theMarked:Static+1","theMarked:WastefulDefense"],"picked":"theMarked:ResourceFulStrike+1","floor":40},{"not_picked":["theMarked:HeightenedSenses+1","theMarked:SwordAndMagic+1","theMarked:Overcharge+1"],"picked":"SKIP","floor":42},{"not_picked":["Deep Breath","Secret Weapon"],"picked":"Finesse","floor":48}],"player_experience":694586,"relics_obtained":[{"floor":6,"key":"Anchor"},{"floor":9,"key":"theMarked:DemonDagger"},{"floor":10,"key":"Tiny Chest"},{"floor":11,"key":"Eternal Feather"},{"floor":17,"key":"Pen Nib"},{"floor":17,"key":"Matryoshka"},{"floor":17,"key":"Calipers"},{"floor":19,"key":"Juzu Bracelet"},{"floor":23,"key":"Gremlin Horn"},{"floor":24,"key":"theMarked:NailFile"},{"floor":26,"key":"Pear"},{"floor":26,"key":"MawBank"},{"floor":30,"key":"InkBottle"},{"floor":31,"key":"Peace Pipe"},{"floor":40,"key":"CeramicFish"},{"floor":41,"key":"Frozen Egg 2"},{"floor":42,"key":"Shuriken"},{"floor":43,"key":"Bottled Tornado"}],"event_choices":[{"damage_healed":0,"gold_gain":75,"player_choice":"Gather Gold","damage_taken":11,"max_hp_gain":0,"max_hp_loss":0,"event_name":"World of Goop","floor":3,"gold_loss":0},{"damage_healed":0,"gold_gain":0,"player_choice":"Forge","damage_taken":0,"max_hp_gain":0,"max_hp_loss":0,"event_name":"Accursed Blacksmith","floor":4,"gold_loss":0,"cards_upgraded":["theMarked:SwordAndMagic"]},{"damage_healed":0,"gold_gain":0,"player_choice":"Donut","damage_taken":0,"max_hp_gain":5,"max_hp_loss":0,"event_name":"Big Fish","floor":12,"gold_loss":0},{"damage_healed":0,"gold_gain":59,"player_choice":"Gained Gold","damage_taken":0,"max_hp_gain":0,"max_hp_loss":0,"event_name":"Golden Wing","floor":14,"gold_loss":0},{"damage_healed":0,"gold_gain":99,"player_choice":"Stole From Cult","damage_taken":0,"max_hp_gain":0,"max_hp_loss":0,"event_name":"Nest","floor":20,"gold_loss":0},{"damage_healed":0,"gold_gain":0,"player_choice":"Shed Blood","damage_taken":19,"max_hp_gain":5,"max_hp_loss":0,"event_name":"Forgotten Altar","floor":21,"gold_loss":0},{"cards_removed":["theMarked:RepellingDischarge"],"damage_healed":0,"gold_gain":0,"player_choice":"Elegance","damage_taken":0,"max_hp_gain":0,"max_hp_loss":0,"event_name":"Back to Basics","floor":29,"gold_loss":0},{"damage_healed":0,"gold_gain":0,"player_choice":"Ignored","damage_taken":0,"max_hp_gain":0,"max_hp_loss":0,"event_name":"Tomb of Lord Red Mask","floor":36,"gold_loss":0},{"damage_healed":0,"gold_gain":0,"player_choice":"Embrace Madness","damage_taken":12,"max_hp_gain":0,"max_hp_loss":0,"event_name":"Winding Halls","floor":37,"gold_loss":0,"cards_obtained":["Madness","Madness"]},{"damage_healed":0,"gold_gain":0,"player_choice":"Ignored","damage_taken":0,"max_hp_gain":0,"max_hp_loss":0,"event_name":"NoteForYourself","floor":39,"gold_loss":0},{"damage_healed":0,"gold_gain":0,"player_choice":"Memory 1","damage_taken":0,"max_hp_gain":0,"max_hp_loss":0,"event_name":"SensoryStone","floor":48,"gold_loss":0}],"is_beta":false,"boss_relics":[{"not_picked":["theMarked:Eyepatch","Empty Cage"],"picked":"Calling Bell"},{"not_picked":["Velvet Choker","Astrolabe"],"picked":"Tiny House"}],"items_purged_floors":[38,46],"is_endless":false,"potions_floor_spawned":[5,6,11,23,24,35],"killed_by":"Time Eater","ascension_level":0}}