{"host":"6h0diz2ap0m56grs","time":1610841446,"event":{"mods":["2.2 Compatiblity","BaseMod","Colored Map","Marisa????????","Minty Spire (QoL Compilation)","Quick Restart","Replay The Spire","Shop Mod","StSLib","The Servant 0.9.4"],"gold_per_floor":[112,123,123,123,123,149,180,180,204,204,231,264,290,209,209,304,404,415,415,415,415,415,447,447,509,509,509],"floor_reached":26,"language":"ENG","playtime":600,"items_purged":[],"score":499,"play_id":"6c7829db-2bfe-4653-86a5-60b108cd9fa8","local_time":"20210116175726","daily_mods":["SealedDeck","Heirloom","Time Dilation","Flight"],"is_ascension_mode":true,"campfire_choices":[{"data":"SurpressingFire","floor":8,"key":"SMITH"},{"data":"TheWorld","floor":10,"key":"SMITH"},{"data":"DancingSilver","floor":15,"key":"SMITH"},{"data":"SoulSculpture","floor":24,"key":"SMITH"}],"circlet_count":0,"master_deck":["BottledTime","Defy","Snipe","Gouge+1","Rearm","Rearm","Misdirection","SurpressingFire+1","Orbit+1","InstantArmor","DancingSilver+1","Defy","TheWorld+1","SoulSculpture+1","Misdirection"],"relics":["Uniform","replay:Trail_Library","Juzu Bracelet","Chameleon Ring","Durian","Replay:Mystery Machine","Tiny Chest","MerchantsRug","Replay:Wanted Poster","Enchiridion","PreservedInsect","Replay:Bandana","Garlic"],"acts_visited":["Exordium","TheCity"],"potions_floor_usage":[],"damage_taken":[{"damage":0,"enemies":"Small Slimes","floor":1,"turns":3},{"damage":0,"enemies":"Jaw Worm","floor":2,"turns":3},{"damage":14,"enemies":"3 Sentries","floor":6,"turns":6},{"damage":10,"enemies":"Gremlin Nob","floor":7,"turns":3},{"damage":0,"enemies":"3 Sentries","floor":11,"turns":4},{"damage":0,"enemies":"Lagavulin","floor":12,"turns":4},{"damage":0,"enemies":"Gremlin Nob","floor":13,"turns":3},{"damage":0,"enemies":"Hexaghost","floor":16,"turns":5},{"damage":0,"enemies":"Shell Parasite","floor":18,"turns":2},{"damage":0,"enemies":"Replay:Snechameleon","floor":23,"turns":2},{"damage":0,"enemies":"Book of Stabbing","floor":25,"turns":2}],"seed_played":"-3753652477593047685","potions_obtained":[{"floor":1,"key":"SpeedPotion"},{"floor":7,"key":"BlessingOfTheForge"},{"floor":12,"key":"Weak Potion"},{"floor":16,"key":"LiquidMemories"},{"floor":18,"key":"EssenceOfSteel"}],"is_trial":true,"path_per_floor":["M","M","?","?","?","E","E","R","T","R","E","E","E","$","R","B",null,"M","?","?","?","T","E","R","E","T"],"character_chosen":"THE_SERVANT","items_purchased":["MerchantsRug"],"campfire_rested":0,"item_purchase_floors":[14],"current_hp_per_floor":[79,79,76,81,81,67,62,62,62,62,62,62,62,62,62,62,89,89,89,73,73,73,73,73,73,73,73],"gold":509,"neow_bonus":"","is_daily":false,"chose_seed":false,"campfire_upgraded":4,"win_rate":0.0,"timestamp":1610841446,"path_taken":["M","M","?","?","?","E","E","R","T","R","E","E","E","$","R","BOSS","M","?","?","?","?","E","R","E","T"],"items_purchased_type":["Relic"],"build_version":"2020-12-22","purchased_purges":0,"victory":false,"max_hp_per_floor":[79,79,79,84,84,84,89,89,89,89,89,89,89,89,89,89,89,89,89,89,89,89,89,89,89,89,89],"card_choices":[{"not_picked":["Rearm","Potential","Shuttle"],"picked":"SKIP","floor":1},{"not_picked":["Manipulate","Rearm","Shuttle"],"picked":"SKIP","floor":2},{"not_picked":["StarChef","Deadline"],"picked":"DancingSilver","floor":6},{"not_picked":["BottledTime","Collapse"],"picked":"Defy","floor":7},{"not_picked":["Starlight","Rearm","Hightail"],"picked":"SKIP","floor":11},{"not_picked":["FastForward","Defy","Solidify"],"picked":"SKIP","floor":12},{"not_picked":["RealityMarble","Manipulate","DoubleEdge"],"picked":"SKIP","floor":13},{"not_picked":["LightFlow","ForgedInTime"],"picked":"SoulSculpture","floor":16},{"not_picked":["Unruled","RealityMarble","Revamp+1"],"picked":"SKIP","floor":18},{"not_picked":["Potential","FloweringNight","Contraction"],"picked":"SKIP","floor":23},{"not_picked":["Read","Moondial","SpecialFormula"],"picked":"SKIP","floor":25}],"player_experience":197325,"relics_obtained":[{"floor":6,"key":"Chameleon Ring"},{"floor":7,"key":"Durian"},{"floor":9,"key":"Whetstone"},{"floor":11,"key":"Toy Ornithopter"},{"floor":12,"key":"Replay:Mystery Machine"},{"floor":13,"key":"Tiny Chest"},{"floor":20,"key":"Enchiridion"},{"floor":22,"key":"PreservedInsect"},{"floor":23,"key":"Replay:Bandana"},{"floor":25,"key":"Garlic"}],"event_choices":[{"damage_healed":0,"gold_gain":0,"player_choice":"Success","damage_taken":3,"relics_obtained":["Juzu Bracelet"],"max_hp_gain":0,"max_hp_loss":0,"event_name":"Scrap Ooze","floor":3,"gold_loss":0},{"damage_healed":0,"gold_gain":0,"player_choice":"Donut","damage_taken":0,"max_hp_gain":5,"max_hp_loss":0,"event_name":"Big Fish","floor":4,"gold_loss":0},{"damage_healed":0,"gold_gain":0,"player_choice":"Bought 0 Potions","damage_taken":0,"max_hp_gain":0,"max_hp_loss":0,"event_name":"The Woman in Blue","floor":19,"gold_loss":0},{"damage_healed":0,"gold_gain":0,"player_choice":"Obtained Book","damage_taken":16,"max_hp_gain":0,"max_hp_loss":0,"event_name":"Cursed Tome","floor":20,"gold_loss":0},{"damage_healed":0,"gold_gain":0,"player_choice":"Read","damage_taken":0,"max_hp_gain":0,"max_hp_loss":0,"event_name":"The Library","floor":21,"gold_loss":0,"cards_obtained":["Misdirection"]}],"is_beta":false,"boss_relics":[{"not_picked":["Tiny House","MysterySword"],"picked":"Replay:Wanted Poster"}],"items_purged_floors":[],"is_endless":false,"potions_floor_spawned":[1,7,12,16,18,23],"ascension_level":1}}