{"host":"l4kdldlios54gl54","time":1610769501,"event":{"mods":["AchievementEnabler","BaseMod","Colored Map","Colored Powertips","Minty Spire (QoL Compilation)","Random Character Button"],"gold_per_floor":[111,36,46,59,72,72,105,105,178,178,194,194,207,207,207,301,301,301,59,0,0,0,0,0,0,0,0,0,0,0,0,0,0,0],"floor_reached":33,"language":"ENG","playtime":1708,"items_purged":["Strike_R"],"score":542,"play_id":"9686be30-9bc1-4bb9-a5ba-de9021ff69c7","local_time":"20210116045821","is_ascension_mode":true,"campfire_choices":[{"data":"Headbutt","floor":6,"key":"SMITH"},{"data":"Disarm","floor":10,"key":"SMITH"},{"data":"Infernal Blade","floor":12,"key":"SMITH"},{"floor":15,"key":"REST"},{"floor":23,"key":"REST"},{"data":"Feel No Pain","floor":25,"key":"SMITH"},{"data":"Feel No Pain","floor":32,"key":"SMITH"}],"circlet_count":0,"master_deck":["AscendersBane","Strike_R","Strike_R","Strike_R","Defend_R","Defend_R","Defend_R","Defend_R","Bash","Headbutt+1","Pommel Strike","Disarm+1","Infernal Blade+1","Warcry","Blood for Blood","Corruption","Power Through+1","Feel No Pain+1","Ghostly Armor","Second Wind","Feel No Pain+1"],"relics":["Burning Blood","StoneCalendar","Dead Branch","Golden Idol","Sundial","Ectoplasm","Brimstone","Lantern","Bag of Preparation"],"acts_visited":["Exordium","TheCity"],"potions_floor_usage":[18,24,27,33],"damage_taken":[{"damage":0,"enemies":"2 Louse","floor":1,"turns":2},{"damage":2,"enemies":"Cultist","floor":3,"turns":4},{"damage":10,"enemies":"Small Slimes","floor":4,"turns":3},{"damage":11,"enemies":"Looter","floor":5,"turns":5},{"damage":27,"enemies":"Gremlin Nob","floor":7,"turns":4},{"damage":8,"enemies":"Blue Slaver","floor":11,"turns":5},{"damage":14,"enemies":"Exordium Wildlife","floor":13,"turns":3},{"damage":21,"enemies":"Hexaghost","floor":16,"turns":8},{"damage":21,"enemies":"3 Byrds","floor":18,"turns":5},{"damage":6,"enemies":"2 Thieves","floor":20,"turns":3},{"damage":10,"enemies":"Centurion and Healer","floor":21,"turns":4},{"damage":19,"enemies":"Slavers","floor":24,"turns":4},{"damage":4,"enemies":"Shelled Parasite and Fungi","floor":27,"turns":4},{"damage":3,"enemies":"Snecko","floor":28,"turns":3},{"damage":9,"enemies":"Snake Plant","floor":29,"turns":4},{"damage":1,"enemies":"Shelled Parasite and Fungi","floor":30,"turns":3},{"damage":58,"enemies":"Champ","floor":33,"turns":6}],"seed_played":"-2089955667912998928","potions_obtained":[{"floor":5,"key":"Explosive Potion"},{"floor":7,"key":"SteroidPotion"},{"floor":13,"key":"Energy Potion"},{"floor":16,"key":"LiquidMemories"},{"floor":20,"key":"BlessingOfTheForge"},{"floor":24,"key":"Block Potion"}],"is_trial":false,"path_per_floor":["M","$","M","M","M","R","E","?","T","R","M","R","M","?","R","B",null,"M","$","M","M","$","R","E","R","T","M","M","M","M","?","R","B"],"character_chosen":"IRONCLAD","items_purchased":["Brimstone","Feel No Pain"],"campfire_rested":2,"item_purchase_floors":[19,19],"current_hp_per_floor":[56,56,60,56,51,51,30,30,30,30,28,28,20,20,40,25,57,42,42,42,38,38,58,45,45,45,47,50,47,52,52,52,0,0],"gold":0,"neow_bonus":"ONE_RARE_RELIC","is_daily":false,"chose_seed":false,"campfire_upgraded":5,"win_rate":0.0,"timestamp":1610769501,"path_taken":["M","$","M","M","M","R","E","?","T","R","M","R","M","?","R","BOSS","M","?","M","M","$","R","E","R","T","M","M","?","M","?","R","BOSS"],"items_purchased_type":["Relic","Card"],"build_version":"2020-12-22","purchased_purges":1,"victory":false,"max_hp_per_floor":[75,75,75,75,75,75,75,68,68,68,68,68,68,68,68,68,68,68,68,68,68,68,68,68,68,68,68,68,68,68,68,68,68,68],"card_choices":[{"not_picked":["Iron Wave","True Grit"],"picked":"Headbutt","floor":1},{"not_picked":["Rupture","Clash","Body Slam"],"picked":"SKIP","floor":3},{"not_picked":["Reckless Charge","Dark Embrace"],"picked":"Pommel Strike","floor":4},{"not_picked":["Clash","Rupture"],"picked":"Disarm","floor":5},{"not_picked":["Anger","Feed"],"picked":"Infernal Blade","floor":7},{"not_picked":["Anger","Body Slam","Clash"],"picked":"SKIP","floor":11},{"not_picked":["Reckless Charge","Anger"],"picked":"Warcry","floor":13},{"not_picked":["Feed","Offering"],"picked":"Corruption","floor":16},{"not_picked":["Twin Strike","Headbutt"],"picked":"Power Through+1","floor":18},{"not_picked":["Twin Strike","Perfected Strike"],"picked":"Ghostly Armor","floor":20},{"not_picked":["Twin Strike","Dual Wield"],"picked":"Second Wind","floor":21},{"not_picked":["Flex","Dropkick","Uppercut"],"picked":"SKIP","floor":24},{"not_picked":["Sentinel","Iron Wave"],"picked":"Feel No Pain","floor":27},{"not_picked":["Rampage","Iron Wave+1","Sentinel"],"picked":"SKIP","floor":28},{"not_picked":["Intimidate","Anger","Feed"],"picked":"SKIP","floor":29},{"not_picked":["Cleave","Anger","Dual Wield"],"picked":"SKIP","floor":30}],"player_experience":860765,"relics_obtained":[{"floor":7,"key":"Dead Branch"},{"floor":9,"key":"Sundial"},{"floor":24,"key":"Lantern"},{"floor":26,"key":"Bag of Preparation"}],"event_choices":[{"damage_healed":0,"gold_gain":0,"player_choice":"Lose Max HP","damage_taken":0,"relics_obtained":["Golden Idol"],"max_hp_gain":0,"max_hp_loss":7,"event_name":"Golden Idol","floor":8,"gold_loss":0},{"damage_healed":0,"gold_gain":0,"cards_transformed":["Strike_R"],"player_choice":"Transformed","damage_taken":0,"max_hp_gain":0,"max_hp_loss":0,"event_name":"Transmorgrifier","floor":14,"gold_loss":0,"cards_obtained":["Blood for Blood"]}],"is_beta":false,"boss_relics":[{"not_picked":["Black Star","Runic Pyramid"],"picked":"Ectoplasm"}],"items_purged_floors":[2],"is_endless":false,"potions_floor_spawned":[5,7,13,16,20,21,24],"killed_by":"Champ","ascension_level":20}}