{"host":"xttq6c038pg3qyaq","time":1610795365,"event":{"mods":["BaseMod","Bestiary","Downfall","Hermit","Marisa（霧雨　魔理沙）","Minty Spire (QoL Compilation)","StSLib"],"gold_per_floor":[115,115,115,139,158,158,177,208,258,276,289,289,304,317,317,438,438,453,467,467,28,63,126,126,144,144,144,144],"floor_reached":27,"language":"ENG","playtime":1689,"items_purged":[],"score":323,"play_id":"b51d37f2-158b-40b6-83dc-831093258cdf","local_time":"20210116213925","is_ascension_mode":true,"campfire_choices":[{"data":"Dualcast","floor":6,"key":"SMITH"},{"data":"Genetic Algorithm","floor":12,"key":"SMITH"},{"floor":15,"key":"REST"},{"floor":24,"key":"REST"}],"circlet_count":0,"master_deck":["Strike_B","Strike_B","Strike_B","Defend_B","Defend_B","Defend_B","Defend_B","Zap","Dualcast+1","Redo+1","Self Repair","Cold Snap","Genetic Algorithm+1","Genetic Algorithm+1","Turbo+1","Capacitor","Ball Lightning","Machine Learning","CurseOfTheBell","FTL","Go for the Eyes","Genetic Algorithm+1","HandOfGreed","Ball Lightning","Redo+1","Loop+1","Streamline","Leap+1"],"relics":["Cracked Core","Golden Idol","Toxic Egg 2","Anchor","Calling Bell","Bag of Preparation","Kunai","Turnip","Blood Vial","Omamori","Pocketwatch"],"acts_visited":["Exordium","TheCity"],"potions_floor_usage":[8,14,16,23],"damage_taken":[{"damage":0,"enemies":"Small Slimes","floor":1,"turns":4},{"damage":2,"enemies":"2 Louse","floor":4,"turns":2},{"damage":7,"enemies":"Jaw Worm","floor":5,"turns":3},{"damage":14,"enemies":"Lots of Slimes","floor":7,"turns":4},{"damage":23,"enemies":"3 Sentries","floor":8,"turns":10},{"damage":2,"enemies":"3 Louse","floor":10,"turns":6},{"damage":4,"enemies":"2 Fungi Beasts","floor":11,"turns":4},{"damage":5,"enemies":"Looter","floor":13,"turns":3},{"damage":16,"enemies":"Large Slime","floor":14,"turns":7},{"damage":32,"enemies":"The Guardian","floor":16,"turns":10},{"damage":4,"enemies":"Spheric Guardian","floor":18,"turns":5},{"damage":6,"enemies":"Shell Parasite","floor":19,"turns":10},{"damage":12,"enemies":"Centurion and Healer","floor":22,"turns":10},{"damage":39,"enemies":"Slavers","floor":23,"turns":8},{"damage":31,"enemies":"Snecko","floor":25,"turns":6},{"damage":41,"enemies":"Gremlin Leader","floor":27,"turns":5}],"seed_played":"29899034255349942","potions_obtained":[{"floor":7,"key":"Swift Potion"},{"floor":10,"key":"Fire Potion"},{"floor":11,"key":"SteroidPotion"},{"floor":13,"key":"CultistPotion"},{"floor":16,"key":"EssenceOfDarkness"},{"floor":22,"key":"SneckoOil"},{"floor":23,"key":"hexamod:SoulburnPotion"}],"is_trial":false,"path_per_floor":["M","?","?","M","M","R","M","E","T","M","M","R","M","M","R","B",null,"M","M","?","$","M","E","R","M","T","E"],"character_chosen":"DEFECT","items_purchased":["HandOfGreed","Ball Lightning","Redo+1","Blood Vial"],"campfire_rested":2,"item_purchase_floors":[21,21,21,21],"current_hp_per_floor":[68,50,50,48,48,48,41,25,25,30,33,33,35,26,48,23,62,65,66,66,66,63,33,55,33,33,0,0],"gold":144,"neow_bonus":"REMOVE_CARD","is_daily":false,"chose_seed":false,"campfire_upgraded":2,"win_rate":0.0,"timestamp":1610795365,"path_taken":["M","?","?","M","M","R","M","E","T","M","M","R","M","M","R","BOSS","M","M","?","$","M","E","R","?","T","E"],"items_purchased_type":["Card","Card","Card","Relic"],"build_version":"2020-12-22","purchased_purges":0,"victory":false,"max_hp_per_floor":[75,75,75,75,75,75,75,75,75,75,75,75,75,75,75,75,75,75,75,75,75,75,75,75,75,75,75,75],"card_choices":[{"not_picked":["Compile Driver","BootSequence"],"picked":"Redo","floor":1},{"not_picked":["Blizzard","Redo"],"picked":"Self Repair","floor":4},{"not_picked":["Redo","Stack"],"picked":"Cold Snap","floor":5},{"not_picked":["Turbo","Cold Snap"],"picked":"Genetic Algorithm","floor":7},{"not_picked":["Hyperbeam","Capacitor"],"picked":"Genetic Algorithm+1","floor":8},{"not_picked":["Fusion+1","Cold Snap"],"picked":"Turbo+1","floor":10},{"not_picked":["Cold Snap","Heatsinks","Compile Driver"],"picked":"SKIP","floor":11},{"not_picked":["Steam+1","Turbo+1"],"picked":"Capacitor","floor":13},{"not_picked":["Sunder","Go for the Eyes"],"picked":"Ball Lightning","floor":14},{"not_picked":["Fission+1","Rainbow+1"],"picked":"Machine Learning","floor":16},{"not_picked":["Aggregate+1","Turbo+1"],"picked":"FTL","floor":18},{"not_picked":["Gash","Self Repair"],"picked":"Go for the Eyes","floor":19},{"not_picked":["Doom and Gloom","Auto Shields+1"],"picked":"Loop+1","floor":22},{"not_picked":["Storm","Cold Snap+1"],"picked":"Streamline","floor":23},{"not_picked":["Conserve Battery+1","Genetic Algorithm+1"],"picked":"Leap+1","floor":25}],"player_experience":575619,"relics_obtained":[{"floor":8,"key":"Toxic Egg 2"},{"floor":9,"key":"Anchor"},{"floor":17,"key":"Bag of Preparation"},{"floor":17,"key":"Kunai"},{"floor":17,"key":"Turnip"},{"floor":23,"key":"Omamori"},{"floor":26,"key":"Pocketwatch"}],"event_choices":[{"damage_healed":0,"gold_gain":0,"player_choice":"Take Damage","damage_taken":18,"relics_obtained":["Golden Idol"],"max_hp_gain":0,"max_hp_loss":0,"event_name":"Golden Idol","floor":2,"gold_loss":0},{"damage_healed":0,"gold_gain":0,"player_choice":"Grow","damage_taken":0,"max_hp_gain":0,"max_hp_loss":0,"event_name":"Living Wall","floor":3,"gold_loss":0,"cards_upgraded":["Redo"]},{"damage_healed":0,"gold_gain":0,"player_choice":"Copied","damage_taken":0,"max_hp_gain":0,"max_hp_loss":0,"event_name":"Duplicator","floor":20,"gold_loss":0,"cards_obtained":["Genetic Algorithm"]}],"is_beta":false,"boss_relics":[{"not_picked":["SacredBark","Ectoplasm"],"picked":"Calling Bell"}],"items_purged_floors":[],"is_endless":false,"potions_floor_spawned":[7,10,11,13,16,22,23],"killed_by":"Gremlin Leader","ascension_level":7}}