{"host":"J","time":1610835803,"event":{"mods":["AchievementEnabler","BaseMod","Block Reminder","Highlight Path","Minty Spire (QoL Compilation)","Permanent Neow","Quick Restart","Relic Stats","UnlockEverythingMod"],"gold_per_floor":[117,117,117,117,19,57,10,160,238,238,274,254,293,318,318,414,414,434,434,205,219,419,419,454,454,454,472,75,99,314,314,314,407,407,421,421,754,34,34,34,34],"floor_reached":40,"language":"ENG","playtime":1749,"items_purged":["Strike_R","Strike_R","Strike_R"],"score":837,"play_id":"58ce08a1-3e6f-412c-a1ef-0493ae2425ae","local_time":"20210116232323","is_ascension_mode":true,"campfire_choices":[{"data":"Bash","floor":10.0,"key":"SMITH"},{"data":"Twin Strike","floor":15.0,"key":"SMITH"},{"floor":23.0,"key":"RECALL"},{"floor":25.0,"key":"REST"},{"floor":32.0,"key":"REST"}],"circlet_count":0,"master_deck":["AscendersBane","Strike_R+1","Defend_R","Defend_R+1","Defend_R","Defend_R","Bash+1","Twin Strike+1","Heavy Blade+1","Iron Wave+1","Headbutt+1","Doubt","Cleave+1","Hemokinesis+1","Impervious","Clothesline+1","Thunderclap+1","Whirlwind+1","Bludgeon+1","True Grit+1","Madness","Madness"],"relics":["Burning Blood","NeowsBlessing","Molten Egg 2","Shuriken","HornCleat","Gremlin Horn","Anchor","Fusion Hammer","Akabeko","Eternal Feather","Frozen Egg 2","Old Coin","Black Star","Red Skull","Mango","Brimstone"],"acts_visited":["Exordium","TheCity","TheBeyond"],"potions_floor_usage":[33,33],"damage_taken":[{"damage":0.0,"enemies":"Jaw Worm","floor":1.0,"turns":1.0},{"damage":0.0,"enemies":"Lagavulin","floor":6.0,"turns":1.0},{"damage":0.0,"enemies":"3 Sentries","floor":11.0,"turns":2.0},{"damage":27.0,"enemies":"Lagavulin","floor":13.0,"turns":6.0},{"damage":0.0,"enemies":"2 Louse","floor":14.0,"turns":2.0},{"damage":26.0,"enemies":"Slime Boss","floor":16.0,"turns":9.0},{"damage":2.0,"enemies":"Chosen","floor":18.0,"turns":2.0},{"damage":2.0,"enemies":"2 Thieves","floor":21.0,"turns":3.0},{"damage":16.0,"enemies":"Gremlin Leader","floor":24.0,"turns":4.0},{"damage":14.0,"enemies":"Snake Plant","floor":27.0,"turns":4.0},{"damage":2.0,"enemies":"Centurion and Healer","floor":29.0,"turns":3.0},{"damage":67,"enemies":"Collector","floor":33,"turns":10},{"damage":2,"enemies":"3 Darklings","floor":35,"turns":3},{"damage":78,"enemies":"Giant Head","floor":40,"turns":6}],"seed_played":"-8071003991941052286","potions_obtained":[{"floor":1.0,"key":"Explosive Potion"},{"floor":11.0,"key":"Ancient Potion"},{"floor":12.0,"key":"HeartOfIron"},{"floor":21.0,"key":"Strength Potion"},{"floor":24.0,"key":"Explosive Potion"}],"is_trial":false,"path_per_floor":["M","?","?","?","$","E","$","?","T","R","E","?","E","M","R","B",null,"M","T","$","M","?","R","E","R","T","M","$","M","?","?","R","B",null,"M","?","?","$","?","E"],"character_chosen":"IRONCLAD","items_purchased":["Heavy Blade+1","Iron Wave+1","Headbutt+1","Akabeko","Frozen Egg 2","Whirlwind+1","Red Skull","Mango","Brimstone"],"campfire_rested":2,"item_purchase_floors":[5,5,7,20,28,28,38,38,38],"current_hp_per_floor":[74,51,40,40,40,46,46,46,46,46,52,52,31,37,37,17,55,59,59,59,63,63,63,53,68,68,60,60,64,64,64,68,7,53,57,57,57,71,56,0,0],"gold":34,"neow_bonus":"THREE_ENEMY_KILL","is_daily":false,"chose_seed":false,"campfire_upgraded":2,"win_rate":0.0,"timestamp":1610835803,"path_taken":["M","?","?","?","$","E","$","?","T","R","E","?","E","M","R","BOSS","M","?","$","M","?","R","E","R","T","M","$","?","?","?","R","BOSS","M","?","?","$","?","E"],"items_purchased_type":["Card","Card","Card","Relic","Relic","Card","Relic","Relic","Relic"],"build_version":"2020-12-18","purchased_purges":3,"victory":false,"max_hp_per_floor":[75,75,75,68,68,68,68,68,68,68,68,68,68,68,68,68,68,68,68,68,68,68,68,68,68,68,68,68,68,68,68,68,68,68,68,68,68,82,82,82,82],"relic_stats":{"Gremlin Horn":[16,16],"counters":[14,56],"Shuriken":[21],"Eternal Feather":4,"Black Star":0,"obtain_stats":[{"NeowsBlessing":0,"Gremlin Horn":11,"Golden Idol":4,"Eternal Feather":26,"Mango":38,"Frozen Egg 2":28,"Burning Blood":0,"Akabeko":20,"Old Coin":30,"Anchor":13,"HornCleat":9,"Shuriken":6,"Brimstone":38,"Molten Egg 2":3,"Fusion Hammer":17,"Black Star":34,"Red Skull":38},{"NeowsBlessing":0,"Gremlin Horn":3,"Golden Idol":1,"Eternal Feather":9,"Mango":13,"Frozen Egg 2":10,"Burning Blood":0,"Akabeko":7,"Old Coin":11,"Anchor":4,"HornCleat":2,"Shuriken":2,"Brimstone":13,"Molten Egg 2":1,"Fusion Hammer":6,"Black Star":12,"Red Skull":13},{"NeowsBlessing":0,"Gremlin Horn":4,"Golden Idol":1,"Eternal Feather":30,"Mango":50,"Frozen Egg 2":34,"Burning Blood":0,"Akabeko":23,"Old Coin":37,"Anchor":10,"HornCleat":2,"Shuriken":2,"Brimstone":50,"Molten Egg 2":1,"Fusion Hammer":21,"Black Star":47,"Red Skull":50}],"Burning Blood":78},"card_choices":[{"not_picked":["Seeing Red","Warcry"],"picked":"Twin Strike","floor":1.0},{"not_picked":["Feel No Pain","Bloodletting","Seeing Red"],"picked":"SKIP","floor":6.0},{"not_picked":["Combust","Dual Wield","Perfected Strike+1"],"picked":"SKIP","floor":11.0},{"not_picked":["Entrench","Rupture"],"picked":"Cleave+1","floor":13.0},{"not_picked":["Battle Trance","Carnage+1"],"picked":"Hemokinesis+1","floor":14.0},{"not_picked":["Barricade","Juggernaut"],"picked":"Impervious","floor":16.0},{"not_picked":["Searing Blow+1","Headbutt+1"],"picked":"Clothesline+1","floor":18.0},{"not_picked":["Havoc","Twin Strike+1"],"picked":"Thunderclap+1","floor":21.0},{"not_picked":["Perfected Strike+1","Fire Breathing","Combust+1"],"picked":"SKIP","floor":24.0},{"not_picked":["Second Wind","Blood for Blood+1","Disarm"],"picked":"SKIP","floor":27.0},{"not_picked":["Entrench","Sword Boomerang+1","Heavy Blade+1"],"picked":"SKIP","floor":29.0},{"not_picked":["Fiend Fire+1","Corruption+1"],"picked":"Bludgeon+1","floor":33},{"not_picked":["Flex","Hemokinesis+1"],"picked":"True Grit+1","floor":35}],"player_experience":239160,"relics_obtained":[{"floor":6.0,"key":"Shuriken"},{"floor":9.0,"key":"HornCleat"},{"floor":11.0,"key":"Gremlin Horn"},{"floor":13.0,"key":"Anchor"},{"floor":26.0,"key":"Eternal Feather"}],"event_choices":[{"damage_healed":0.0,"max_hp_gain":0.0,"max_hp_loss":0.0,"gold_gain":0.0,"event_name":"Shining Light","player_choice":"Entered Light","floor":2.0,"gold_loss":0.0,"damage_taken":23.0,"cards_upgraded":["Defend_R","Strike_R"]},{"damage_healed":0.0,"max_hp_gain":0.0,"max_hp_loss":0.0,"gold_gain":0.0,"event_name":"Scrap Ooze","player_choice":"Success","floor":3.0,"gold_loss":0.0,"damage_taken":11.0,"relics_obtained":["Molten Egg 2"]},{"damage_healed":0.0,"max_hp_gain":0.0,"max_hp_loss":7.0,"gold_gain":0.0,"event_name":"Golden Idol","player_choice":"Lose Max HP","floor":4.0,"gold_loss":0.0,"damage_taken":0.0,"relics_obtained":["Golden Idol"]},{"damage_healed":0.0,"max_hp_gain":0.0,"max_hp_loss":0.0,"gold_gain":150.0,"event_name":"Liars Game","player_choice":"AGREE","floor":8.0,"gold_loss":0.0,"damage_taken":0.0,"cards_obtained":["Doubt"]},{"damage_healed":0.0,"max_hp_gain":0.0,"max_hp_loss":0.0,"gold_gain":0.0,"event_name":"The Woman in Blue","player_choice":"Bought 1 Potion","floor":12.0,"gold_loss":0.0,"damage_taken":0.0},{"damage_healed":0.0,"max_hp_gain":0.0,"max_hp_loss":0.0,"gold_gain":250.0,"event_name":"The Joust","player_choice":"Bet on Owner","floor":22.0,"gold_loss":50.0,"damage_taken":0.0},{"damage_healed":0.0,"max_hp_gain":0.0,"max_hp_loss":0.0,"gold_gain":0.0,"event_name":"Addict","player_choice":"Obtained Relic","floor":30.0,"gold_loss":85.0,"damage_taken":0.0,"relics_obtained":["Old Coin"]},{"damage_healed":0.0,"max_hp_gain":0.0,"max_hp_loss":0.0,"gold_gain":0.0,"event_name":"The Mausoleum","player_choice":"Ignored","floor":31.0,"gold_loss":0.0,"damage_taken":0.0},{"cards_removed":["Strike_R"],"damage_healed":0,"gold_gain":0,"player_choice":"Removed Attack","damage_taken":0,"max_hp_gain":0,"max_hp_loss":0,"event_name":"Falling","floor":36,"gold_loss":0},{"damage_healed":0,"gold_gain":333,"player_choice":"Gave Idol","damage_taken":0,"max_hp_gain":0,"max_hp_loss":0,"event_name":"The Moai Head","floor":37,"relics_lost":["Golden Idol"],"gold_loss":0},{"damage_healed":0,"gold_gain":0,"player_choice":"Embrace Madness","damage_taken":15,"max_hp_gain":0,"max_hp_loss":0,"event_name":"Winding Halls","floor":39,"gold_loss":0,"cards_obtained":["Madness","Madness"]}],"is_beta":true,"boss_relics":[{"not_picked":["Philosopher\u0027s Stone","Astrolabe"],"picked":"Fusion Hammer"},{"not_picked":["Pandora\u0027s Box","Tiny House"],"picked":"Black Star"}],"items_purged_floors":[20,28,38],"is_endless":false,"potions_floor_spawned":[1,11,13,18,21,24],"killed_by":"Giant Head","ascension_level":15}}