{"host":"a1eatafr7pisesky","time":1610822189,"event":{"mods":["100% Spire Juice","AchievementEnabler","BaseMod","Colored Map","Keyboard Shortcuts","Minty Spire (QoL Compilation)","Say the Spire","StSLib","SuperFastMode","everything is the same but u backflip on backflip"],"gold_per_floor":[93,112,127,24,42,57,74,149,81,101,16,16,35,66,66,162,42,0,0,0,0,0,0,0,0,0,0,0,0,0,0,0,0,0,0,0,0,0,0,0,0,0,0,0,0,0,0,0,0,0,0,0,0,0,0],"floor_reached":56,"language":"KOR","playtime":2016,"items_purged":[],"score":1401,"play_id":"7e4c210d-09a1-4f10-bc9b-e33df0f11211","local_time":"20210117033629","is_ascension_mode":true,"campfire_choices":[{"floor":12.0,"key":"REST"},{"floor":15.0,"key":"REST"},{"floor":23.0,"key":"DIG"},{"floor":27.0,"key":"DIG"},{"floor":32.0,"key":"DIG"},{"floor":40.0,"key":"DIG"},{"floor":49.0,"key":"RECALL"},{"data":"Apotheosis","floor":52.0,"key":"SMITH"}],"circlet_count":0,"master_deck":["Moonworks:Ambush+1","Moonworks:NicePresent","Moonworks:MiracleWalker","Moonworks:EvilSpyWorkPreparation","Moonworks:StiffCrystal","Moonworks:MiracleRedBeanIceCream","Moonworks:WindyEnchantment","Moonworks:TacticalRetreat","Moonworks:EvilSpyWorkPreparation","Moonworks:WeAreWaruda","Moonworks:MeltingMemories","Moonworks:NicePresent","Moonworks:NicePresent+1","Moonworks:ScrambledEve","Moonworks:MetallicMonocoque","Moonworks:UnluckyCharm","Moonworks:MiracleRedBeanIceCream","Moonworks:TreasureThief","Moonworks:LuckyCharm","Moonworks:SweetBattle","Moonworks:EvilSpyWorkPreparation+1","Apotheosis+1","Moonworks:SealedMemories","Moonworks:CompletionReward","Moonworks:EvilSpyWorkPreparation+1"],"relics":["Moonworks:BrokenBomb","Moonworks:Homemark","Boot","Anchor","Shovel","Ectoplasm","Gremlin Horn","Art of War","Ornamental Fan","Toy Ornithopter","Eternal Feather","Bird Faced Urn","Bottled Tornado","Pandora\u0027s Box","Letter Opener","Whetstone","Incense Burner","Vajra"],"acts_visited":["Exordium","TheCity","TheBeyond","TheEnding"],"potions_floor_usage":[55,55,55],"damage_taken":[{"damage":8.0,"enemies":"Small Slimes","floor":1.0,"turns":4.0},{"damage":0.0,"enemies":"Cultist","floor":2.0,"turns":3.0},{"damage":0.0,"enemies":"2 Louse","floor":3.0,"turns":3.0},{"damage":5.0,"enemies":"Gremlin Gang","floor":4.0,"turns":2.0},{"damage":4.0,"enemies":"Large Slime","floor":5.0,"turns":5.0},{"damage":12.0,"enemies":"Looter","floor":6.0,"turns":3.0},{"damage":15.0,"enemies":"3 Louse","floor":7.0,"turns":3.0},{"damage":0.0,"enemies":"Gremlin Gang","floor":10.0,"turns":3.0},{"damage":15.0,"enemies":"Gremlin Nob","floor":11.0,"turns":3.0},{"damage":0.0,"enemies":"2 Fungi Beasts","floor":13.0,"turns":2.0},{"damage":17.0,"enemies":"Lagavulin","floor":14.0,"turns":4.0},{"damage":27.0,"enemies":"Hexaghost","floor":16.0,"turns":10.0},{"damage":8.0,"enemies":"2 Thieves","floor":18.0,"turns":3.0},{"damage":0.0,"enemies":"3 Byrds","floor":20.0,"turns":3.0},{"damage":20.0,"enemies":"Snake Plant","floor":22.0,"turns":5.0},{"damage":29.0,"enemies":"Book of Stabbing","floor":24.0,"turns":5.0},{"damage":0.0,"enemies":"Sentry and Sphere","floor":25.0,"turns":3.0},{"damage":11.0,"enemies":"Gremlin Leader","floor":28.0,"turns":5.0},{"damage":1.0,"enemies":"3 Cultists","floor":29.0,"turns":3.0},{"damage":2.0,"enemies":"Book of Stabbing","floor":31.0,"turns":5.0},{"damage":51.0,"enemies":"Champ","floor":33.0,"turns":10.0},{"damage":1.0,"enemies":"Orb Walker","floor":35.0,"turns":3.0},{"damage":29.0,"enemies":"3 Darklings","floor":38.0,"turns":3.0},{"damage":0.0,"enemies":"Jaw Worm Horde","floor":39.0,"turns":1.0},{"damage":2.0,"enemies":"Reptomancer","floor":41.0,"turns":3.0},{"damage":13.0,"enemies":"Mind Bloom Boss Battle","floor":45.0,"turns":4.0},{"damage":27.0,"enemies":"Maw","floor":47.0,"turns":4.0},{"damage":6.0,"enemies":"Sphere and 2 Shapes","floor":48.0,"turns":1.0},{"damage":47.0,"enemies":"Donu and Deca","floor":50.0,"turns":6.0},{"damage":53.0,"enemies":"Shield and Spear","floor":54.0,"turns":6.0},{"damage":69,"enemies":"The Heart","floor":55,"turns":6}],"seed_played":"3134489353474288970","potions_obtained":[{"floor":4.0,"key":"SteroidPotion"},{"floor":6.0,"key":"ColorlessPotion"},{"floor":11.0,"key":"Explosive Potion"},{"floor":14.0,"key":"Explosive Potion"},{"floor":19.0,"key":"Energy Potion"},{"floor":19.0,"key":"LiquidBronze"},{"floor":19.0,"key":"FearPotion"},{"floor":20.0,"key":"Swift Potion"},{"floor":33.0,"key":"SteroidPotion"},{"floor":41.0,"key":"Fire Potion"}],"is_trial":false,"path_per_floor":["M","M","M","M","M","M","M","?","T","M","E","R","M","E","R","B",null,"M","?","M","?","M","R","E","M","T","R","E","M","?","E","R","B",null,"M","?","?","M","M","R","E","$","T","?","?","?","M","M","R","B",null,"R","$","E","B",null],"character_chosen":"THE_STARBREAKER","items_purchased":[],"campfire_rested":2,"item_purchase_floors":[],"current_hp_per_floor":[52,52,52,47,43,31,21,10,10,15,5,23,28,16,34,20,60,57,57,60,60,45,45,21,27,27,27,21,20,20,23,35,3,60,60,60,60,43,52,60,60,60,60,60,52,60,45,46,58,43,60,60,60,26,7],"gold":0,"neow_bonus":"HUNDRED_GOLD","is_daily":false,"chose_seed":false,"campfire_upgraded":1,"win_rate":0.0,"timestamp":1610822189,"path_taken":["M","M","M","M","M","M","M","?","T","M","E","R","M","E","R","BOSS","M","?","?","?","?","R","E","M","T","R","E","M","?","E","R","BOSS","M","?","?","?","M","R","E","$","T","?","?","?","M","M","R","BOSS","R","$","E","BOSS"],"items_purchased_type":[],"build_version":"2020-12-22","purchased_purges":0,"victory":true,"max_hp_per_floor":[60,60,60,60,60,60,60,60,60,60,60,60,60,60,60,60,60,60,60,60,60,60,60,60,60,60,60,60,60,60,60,60,60,60,60,60,60,60,60,60,60,60,60,60,60,60,60,60,60,60,60,60,60,60,60],"card_choices":[{"not_picked":["Moonworks:SakisCookie","Moonworks:BigMagnum"],"picked":"Moonworks:NicePresent","floor":1.0},{"not_picked":["Moonworks:SakisCookie","Moonworks:Assault"],"picked":"Moonworks:MiracleWalker","floor":2.0},{"not_picked":["Moonworks:BigMagnum","Moonworks:ImOnFire"],"picked":"Moonworks:EvilSpyWorkPreparation","floor":3.0},{"not_picked":["Moonworks:Assault","Moonworks:ImOnFire"],"picked":"Moonworks:StiffCrystal","floor":4.0},{"not_picked":["Moonworks:CloudOfSeagulls","Moonworks:ImOnFire","Moonworks:NicePresent"],"picked":"SKIP","floor":5.0},{"not_picked":["Moonworks:CastOff","Moonworks:EvilMastermind"],"picked":"Moonworks:MiracleRedBeanIceCream","floor":6.0},{"not_picked":["Moonworks:CloudOfSeagulls","Moonworks:ImOnFire"],"picked":"Moonworks:WindyEnchantment","floor":7.0},{"not_picked":["Moonworks:LulusLuckyEgg","Moonworks:IndiscriminateFireSupport","Moonworks:NicePresent"],"picked":"SKIP","floor":10.0},{"not_picked":["Moonworks:ImOnFire","Moonworks:DeployBits"],"picked":"Moonworks:TacticalRetreat","floor":11.0},{"not_picked":["Moonworks:RedAndBlue","Moonworks:GoAway"],"picked":"Moonworks:EvilSpyWorkPreparation","floor":13.0},{"not_picked":["Moonworks:NicePresent","Moonworks:RedAndBlue","Moonworks:Assault"],"picked":"SKIP","floor":14.0},{"not_picked":["Moonworks:RocketCannon","Moonworks:Wanted"],"picked":"Moonworks:WeAreWaruda","floor":16.0},{"not_picked":["Moonworks:SakisCookie","Moonworks:SelfDestruct","Moonworks:FullSpeedAlicianrone+1"],"picked":"SKIP","floor":18.0},{"not_picked":["Moonworks:SakisCookie","Moonworks:LulusLuckyEgg","Moonworks:Flamethrower"],"picked":"SKIP","floor":20.0},{"not_picked":["Moonworks:DeployBits","Moonworks:IndiscriminateFireSupport"],"picked":"Moonworks:MeltingMemories","floor":22.0},{"not_picked":["Moonworks:ScrambledEve","Moonworks:IndiscriminateFireSupport"],"picked":"Moonworks:NicePresent","floor":24.0},{"not_picked":["Moonworks:JonathanRush","Moonworks:ImOnFire","Moonworks:IndiscriminateFireSupport"],"picked":"SKIP","floor":25.0},{"not_picked":["Moonworks:BeyondHell","Moonworks:PlushieMaster"],"picked":"Moonworks:NicePresent+1","floor":28.0},{"not_picked":["Moonworks:BigMagnum","Moonworks:IndiscriminateFireSupport+1","Moonworks:SakisCookie"],"picked":"SKIP","floor":29.0},{"not_picked":["Moonworks:DevilHand+1","Moonworks:DeployBits","Moonworks:AngelHand"],"picked":"SKIP","floor":31.0},{"not_picked":["Moonworks:WindyEnchantment","Moonworks:IndiscriminateFireSupport+1","Moonworks:ImOnFire"],"picked":"SKIP","floor":35.0},{"not_picked":["Moonworks:IntelligenceOfficer+1","Moonworks:StiffCrystal+1","Moonworks:LulusLuckyEgg"],"picked":"SKIP","floor":38.0},{"not_picked":["Moonworks:DeployBits+1","Moonworks:Heat300Percent+1"],"picked":"Moonworks:EvilSpyWorkPreparation+1","floor":39.0},{"not_picked":["Moonworks:RedAndBlue+1","Moonworks:ImOnFire","Moonworks:JonathanRush"],"picked":"SKIP","floor":41.0},{"not_picked":["Chrysalis","Bandage Up"],"picked":"Apotheosis","floor":44.0},{"not_picked":["Moonworks:SakisCookie","Moonworks:MixPhenomenon"],"picked":"Moonworks:SealedMemories","floor":47.0},{"not_picked":["Moonworks:TacticalRetreat+1","Moonworks:ImOnFire+1"],"picked":"Moonworks:CompletionReward","floor":48.0},{"not_picked":["Moonworks:RagingMadness","Moonworks:SakisCookie"],"picked":"Moonworks:EvilSpyWorkPreparation+1","floor":54.0}],"player_experience":325341,"relics_obtained":[{"floor":9.0,"key":"Boot"},{"floor":11.0,"key":"Anchor"},{"floor":14.0,"key":"Shovel"},{"floor":23.0,"key":"Gremlin Horn"},{"floor":24.0,"key":"Art of War"},{"floor":26.0,"key":"Ornamental Fan"},{"floor":27.0,"key":"Toy Ornithopter"},{"floor":28.0,"key":"Eternal Feather"},{"floor":31.0,"key":"Bird Faced Urn"},{"floor":32.0,"key":"Bottled Tornado"},{"floor":40.0,"key":"Letter Opener"},{"floor":41.0,"key":"Whetstone"},{"floor":45.0,"key":"Incense Burner"},{"floor":54.0,"key":"Vajra"}],"event_choices":[{"damage_healed":0.0,"max_hp_gain":0.0,"max_hp_loss":0.0,"gold_gain":75.0,"event_name":"World of Goop","player_choice":"Gather Gold","floor":8.0,"gold_loss":0.0,"damage_taken":11.0},{"damage_healed":0.0,"max_hp_gain":0.0,"max_hp_loss":0.0,"gold_gain":0.0,"event_name":"Lab","player_choice":"Got Potions","floor":19.0,"gold_loss":0.0,"damage_taken":0.0},{"damage_healed":0.0,"max_hp_gain":0.0,"max_hp_loss":0.0,"gold_gain":100.0,"event_name":"Golden Shrine","player_choice":"Pray","floor":21.0,"gold_loss":0.0,"damage_taken":0.0},{"damage_healed":0.0,"max_hp_gain":0.0,"max_hp_loss":0.0,"gold_gain":99.0,"event_name":"Nest","player_choice":"Stole From Cult","floor":30.0,"gold_loss":0.0,"damage_taken":0.0},{"cards_removed":["Moonworks:LongDistanceShot"],"damage_healed":0.0,"max_hp_gain":0.0,"max_hp_loss":0.0,"gold_gain":0.0,"event_name":"Falling","player_choice":"Removed Attack","floor":36.0,"gold_loss":0.0,"damage_taken":0.0},{"damage_healed":0.0,"max_hp_gain":0.0,"max_hp_loss":0.0,"gold_gain":300.0,"event_name":"Wheel of Change","player_choice":"Gold","floor":37.0,"gold_loss":0.0,"damage_taken":0.0},{"damage_healed":0.0,"max_hp_gain":0.0,"max_hp_loss":0.0,"gold_gain":0.0,"event_name":"SensoryStone","player_choice":"Memory 1","floor":44.0,"gold_loss":0.0,"damage_taken":0.0},{"damage_healed":0.0,"max_hp_gain":0.0,"max_hp_loss":0.0,"gold_gain":0.0,"event_name":"MindBloom","player_choice":"Fight","floor":45.0,"gold_loss":0.0,"damage_taken":0.0},{"cards_removed":["Moonworks:LuckyCharm"],"damage_healed":8.0,"max_hp_gain":0.0,"max_hp_loss":0.0,"gold_gain":0.0,"event_name":"Bonfire Elementals","player_choice":"Offered Uncommon","floor":46.0,"gold_loss":0.0,"damage_taken":0.0}],"is_beta":false,"boss_relics":[{"not_picked":["Velvet Choker","Busted Crown"],"picked":"Ectoplasm"},{"not_picked":["Fusion Hammer","Snecko Eye"],"picked":"Pandora\u0027s Box"}],"items_purged_floors":[],"is_endless":false,"potions_floor_spawned":[4,6,11,14,20,24,31,33,41,45,54],"ascension_level":2}}