{"host":"yvb207ks1sg3cxef","time":1610785176,"event":{"mods":["2.2 Compatiblity","BaseMod","Bestiary","Colored Powertips","Minty Spire (QoL Compilation)","Permanent Neow","Quick Restart","Relic Stats","StSLib"],"gold_per_floor":[118,138,150,150,150,150,163,163,210,239,239,252,252,293,293,423,423,443,192,192,216,216,216,247,291,291,306,340,340,359,382,382,512,512,533,596,71,16,36,72,72,72,72,113,335,369,382,418,418,418,418,418,10,45,45],"floor_reached":56,"language":"ENG","playtime":4297,"items_purged":["Strike_P","Strike_P","Strike_P+1"],"score":2079,"play_id":"5ef5d9a7-97d2-4c3c-83d0-73851f847958","local_time":"20210116134936","is_ascension_mode":true,"campfire_choices":[{"data":"Scrawl","floor":6.0,"key":"SMITH"},{"data":"Eruption","floor":8.0,"key":"SMITH"},{"data":"CrushJoints","floor":11.0,"key":"SMITH"},{"data":"DevaForm","floor":15.0,"key":"SMITH"},{"data":"MasterReality","floor":23.0,"key":"SMITH"},{"floor":29.0,"key":"REST"},{"floor":32.0,"key":"REST"},{"data":"Study","floor":41.0,"key":"SMITH"},{"floor":49.0,"key":"RECALL"},{"data":"SpiritShield","floor":52.0,"key":"SMITH"}],"circlet_count":0,"master_deck":["AscendersBane","Defend_P","Defend_P","Defend_P","Defend_P","Eruption+1","Vigilance+1","Scrawl+1","Protect","CrushJoints+1","EmptyFist","DevaForm+1","Evaluate+1","MasterReality+1","Protect","Fasting2","Evaluate","Scrawl+1","InnerPeace+1","SpiritShield+1","Prostrate","CutThroughFate+1","WheelKick","EmptyMind+1","CutThroughFate+1","CutThroughFate+1","Study+1","InnerPeace+1","Establishment","CutThroughFate+1","JustLucky+1","Evaluate+1","Consecrate","JustLucky","TalkToTheHand","ClearTheMind+1"],"relics":["HolyWater","Lantern","Omamori","Golden Idol","Bottled Tornado","Black Star","Letter Opener","Centennial Puzzle","InkBottle","Red Mask","Shuriken","Sundial","Anchor","Incense Burner","Whetstone","Melange","Kunai","Juzu Bracelet","GoldenEye","Bag of Marbles","War Paint","Mango","PreservedInsect","Regal Pillow","Ancient Tea Set","Vajra","Bag of Preparation","Bottled Lightning"],"acts_visited":["Exordium","TheCity","TheBeyond","TheEnding"],"potions_floor_usage":[55,55,55],"damage_taken":[{"damage":1.0,"enemies":"Small Slimes","floor":1.0,"turns":4.0},{"damage":0.0,"enemies":"2 Louse","floor":2.0,"turns":2.0},{"damage":0.0,"enemies":"Cultist","floor":3.0,"turns":2.0},{"damage":0.0,"enemies":"3 Louse","floor":7.0,"turns":2.0},{"damage":15.0,"enemies":"3 Sentries","floor":10.0,"turns":12.0},{"damage":0.0,"enemies":"2 Fungi Beasts","floor":12.0,"turns":3.0},{"damage":0.0,"enemies":"Lagavulin","floor":14.0,"turns":3.0},{"damage":31.0,"enemies":"Slime Boss","floor":16.0,"turns":14.0},{"damage":0.0,"enemies":"Shell Parasite","floor":18.0,"turns":6.0},{"damage":14.0,"enemies":"3 Byrds","floor":21.0,"turns":6.0},{"damage":10.0,"enemies":"Gremlin Leader","floor":24.0,"turns":6.0},{"damage":8.0,"enemies":"Masked Bandits","floor":25.0,"turns":5.0},{"damage":3.0,"enemies":"Snake Plant","floor":27.0,"turns":4.0},{"damage":11.0,"enemies":"Book of Stabbing","floor":28.0,"turns":6.0},{"damage":8.0,"enemies":"Snecko","floor":30.0,"turns":6.0},{"damage":18.0,"enemies":"Centurion and Healer","floor":31.0,"turns":7.0},{"damage":3.0,"enemies":"Champ","floor":33.0,"turns":10.0},{"damage":9.0,"enemies":"3 Darklings","floor":35.0,"turns":7.0},{"damage":0.0,"enemies":"Mind Bloom Boss Battle","floor":36.0,"turns":6.0},{"damage":0.0,"enemies":"Orb Walker","floor":39.0,"turns":4.0},{"damage":0.0,"enemies":"Giant Head","floor":40.0,"turns":6.0},{"damage":0.0,"enemies":"Nemesis","floor":44.0,"turns":9.0},{"damage":0.0,"enemies":"Giant Head","floor":46.0,"turns":7.0},{"damage":0.0,"enemies":"4 Shapes","floor":47.0,"turns":4.0},{"damage":4.0,"enemies":"Nemesis","floor":48.0,"turns":5.0},{"damage":13.0,"enemies":"Awakened One","floor":50.0,"turns":7.0},{"damage":0.0,"enemies":"Shield and Spear","floor":54.0,"turns":5.0},{"damage":50,"enemies":"The Heart","floor":55,"turns":8}],"seed_played":"40314462456239158","potions_obtained":[{"floor":3.0,"key":"Dexterity Potion"},{"floor":5.0,"key":"DistilledChaos"},{"floor":5.0,"key":"Fruit Juice"},{"floor":5.0,"key":"Regen Potion"},{"floor":10.0,"key":"Ambrosia"},{"floor":24.0,"key":"Dexterity Potion"},{"floor":28.0,"key":"Strength Potion"},{"floor":31.0,"key":"LiquidMemories"},{"floor":48.0,"key":"Block Potion"},{"floor":54.0,"key":"BlessingOfTheForge"}],"is_trial":false,"path_per_floor":["M","M","M","?","?","R","M","R","T","E","R","M","?","E","R","B",null,"M","$","?","M","T","R","E","?","T","M","E","R","M","M","R","B",null,"M","?","$","?","M","E","R","?","T","E","?","E","M","E","R","B",null,"R","$","E","B",null],"character_chosen":"WATCHER","items_purchased":["Fasting2","Evaluate","SkillPotion","Study","Whetstone","Melange","PowerPotion","JustLucky","Vajra","TalkToTheHand"],"campfire_rested":2,"item_purchase_floors":[19,19,19,37,37,37,37,53,53,53],"current_hp_per_floor":[64,64,64,57,62,62,62,62,62,60,60,60,60,60,60,29,56,56,56,56,42,42,42,32,24,24,21,10,29,21,3,22,19,54,45,45,45,45,45,45,45,45,45,45,45,59,59,55,55,42,70,70,70,70,20],"gold":45,"neow_bonus":"THREE_RARE_CARDS","is_daily":false,"chose_seed":false,"campfire_upgraded":7,"win_rate":0.0,"timestamp":1610785176,"path_taken":["M","M","M","?","?","R","?","R","T","E","R","M","?","E","R","BOSS","M","$","?","?","?","R","E","?","T","M","E","R","M","M","R","BOSS","M","?","$","?","M","E","R","?","T","E","?","E","M","E","R","BOSS","R","$","E","BOSS"],"items_purchased_type":["Card","Card","Potion","Card","Relic","Relic","Potion","Card","Relic","Card"],"build_version":"2020-12-22","purchased_purges":3,"victory":true,"max_hp_per_floor":[65,65,65,65,70,70,70,70,70,70,70,70,65,65,65,65,65,65,65,65,65,65,65,65,65,65,65,65,65,65,65,65,65,65,65,65,65,65,65,65,65,65,65,65,65,79,79,79,79,79,79,79,79,79,79],"relic_stats":{"Regal Pillow":0,"counters":[28,166],"Golden Idol":213,"Melange":[81],"PreservedInsect":127,"Juzu Bracelet":1,"Bag of Preparation":[2],"Letter Opener":[629],"Whetstone":["CutThroughFate","Strike_P"],"War Paint":["Evaluate","Vigilance"],"GoldenEye":[182],"Centennial Puzzle":[30],"Shuriken":[57],"Sundial":[28],"Black Star":7,"Kunai":[39],"obtain_stats":[{"Lantern":9,"Regal Pillow":48,"Melange":37,"Vajra":53,"Mango":46,"Incense Burner":36,"Juzu Bracelet":40,"Bag of Preparation":54,"Whetstone":37,"Bottled Tornado":14,"Ancient Tea Set":48,"Centennial Puzzle":24,"Sundial":28,"Red Mask":25,"Kunai":38,"InkBottle":24,"Golden Idol":13,"PreservedInsect":46,"Omamori":10,"Letter Opener":22,"War Paint":44,"GoldenEye":40,"Anchor":28,"Shuriken":26,"HolyWater":34,"Black Star":17,"Bag of Marbles":44,"Bottled Lightning":54,"PureWater":0},{"Lantern":4,"Regal Pillow":25,"Melange":19,"Vajra":26,"Mango":23,"Incense Burner":19,"Juzu Bracelet":21,"Bag of Preparation":27,"Whetstone":19,"Bottled Tornado":7,"Ancient Tea Set":25,"Centennial Puzzle":11,"Sundial":14,"Red Mask":12,"Kunai":19,"InkBottle":11,"Golden Idol":6,"PreservedInsect":23,"Omamori":5,"Letter Opener":10,"War Paint":22,"GoldenEye":21,"Anchor":14,"Shuriken":12,"HolyWater":17,"Black Star":8,"Bag of Marbles":22,"Bottled Lightning":27,"PureWater":0},{"Lantern":10,"Regal Pillow":146,"Melange":111,"Vajra":153,"Mango":137,"Incense Burner":111,"Juzu Bracelet":121,"Bag of Preparation":158,"Whetstone":111,"Bottled Tornado":28,"Ancient Tea Set":146,"Centennial Puzzle":60,"Sundial":75,"Red Mask":65,"Kunai":111,"InkBottle":60,"Golden Idol":25,"PreservedInsect":137,"Omamori":22,"Letter Opener":54,"War Paint":130,"GoldenEye":121,"Anchor":75,"Shuriken":65,"HolyWater":98,"Black Star":42,"Bag of Marbles":130,"Bottled Lightning":158,"PureWater":0}],"InkBottle":[71]},"card_choices":[{"not_picked":["MasterReality","Establishment"],"picked":"Scrawl","floor":0.0},{"not_picked":["Halt","EmptyFist"],"picked":"Protect","floor":1.0},{"not_picked":["PathToVictory","CutThroughFate"],"picked":"CrushJoints","floor":2.0},{"not_picked":["Worship","Crescendo"],"picked":"EmptyFist","floor":3.0},{"not_picked":["Collect","FlyingSleeves"],"picked":"DevaForm","floor":7.0},{"not_picked":["Nirvana","Ragnarok","Swivel"],"picked":"SKIP","floor":10.0},{"not_picked":["Pray","FlurryOfBlows","FollowUp"],"picked":"SKIP","floor":12.0},{"not_picked":["FlyingSleeves","Crescendo"],"picked":"Evaluate","floor":14.0},{"not_picked":["Establishment","Omniscience"],"picked":"MasterReality","floor":16.0},{"not_picked":["Crescendo","JustLucky"],"picked":"Protect","floor":18.0},{"not_picked":["FlyingSleeves+1","Halt"],"picked":"InnerPeace+1","floor":21.0},{"not_picked":["Wallop","Tantrum+1"],"picked":"SpiritShield","floor":24.0},{"not_picked":["Collect","CarveReality"],"picked":"Prostrate","floor":25.0},{"not_picked":["PathToVictory","EmptyFist"],"picked":"CutThroughFate+1","floor":27.0},{"not_picked":["FlurryOfBlows","Vengeance"],"picked":"WheelKick","floor":28.0},{"not_picked":["SashWhip","ForeignInfluence"],"picked":"EmptyMind+1","floor":30.0},{"not_picked":["Evaluate","WaveOfTheHand","BowlingBash"],"picked":"SKIP","floor":31.0},{"not_picked":["CrushJoints+1","ForeignInfluence+1"],"picked":"CutThroughFate","floor":35.0},{"not_picked":["BowlingBash","JustLucky+1"],"picked":"CutThroughFate+1","floor":36.0},{"not_picked":["EmptyBody","FlyingSleeves"],"picked":"InnerPeace+1","floor":39.0},{"not_picked":["EmptyFist+1","LikeWater"],"picked":"Establishment","floor":40.0},{"not_picked":["Establishment","FlyingSleeves+1"],"picked":"CutThroughFate+1","floor":44.0},{"not_picked":["Consecrate","LikeWater+1"],"picked":"JustLucky+1","floor":46.0},{"not_picked":["BowlingBash","Conclude+1"],"picked":"Evaluate+1","floor":47.0},{"not_picked":["Wish","ThirdEye+1"],"picked":"Consecrate","floor":48.0},{"not_picked":["CutThroughFate","Swivel+1"],"picked":"ClearTheMind+1","floor":54.0}],"player_experience":352133,"relics_obtained":[{"floor":9.0,"key":"Lantern"},{"floor":10.0,"key":"Omamori"},{"floor":14.0,"key":"Bottled Tornado"},{"floor":22.0,"key":"Letter Opener"},{"floor":24.0,"key":"Centennial Puzzle"},{"floor":24.0,"key":"InkBottle"},{"floor":25.0,"key":"Red Mask"},{"floor":26.0,"key":"Shuriken"},{"floor":28.0,"key":"Sundial"},{"floor":28.0,"key":"Anchor"},{"floor":36.0,"key":"Incense Burner"},{"floor":40.0,"key":"Juzu Bracelet"},{"floor":40.0,"key":"GoldenEye"},{"floor":44.0,"key":"Bag of Marbles"},{"floor":44.0,"key":"War Paint"},{"floor":46.0,"key":"Mango"},{"floor":46.0,"key":"PreservedInsect"},{"floor":48.0,"key":"Regal Pillow"},{"floor":48.0,"key":"Ancient Tea Set"},{"floor":54.0,"key":"Bag of Preparation"},{"floor":54.0,"key":"Bottled Lightning"}],"event_choices":[{"cards_removed":["Strike_P"],"damage_healed":0.0,"max_hp_gain":0.0,"max_hp_loss":0.0,"gold_gain":0.0,"event_name":"Golden Wing","player_choice":"Card Removal","floor":4.0,"gold_loss":0.0,"damage_taken":7.0},{"damage_healed":0.0,"max_hp_gain":0.0,"max_hp_loss":0.0,"gold_gain":0.0,"event_name":"Lab","player_choice":"Got Potions","floor":5.0,"gold_loss":0.0,"damage_taken":0.0},{"damage_healed":0.0,"max_hp_gain":0.0,"max_hp_loss":5.0,"gold_gain":0.0,"event_name":"Golden Idol","player_choice":"Lose Max HP","floor":13.0,"gold_loss":0.0,"damage_taken":0.0,"relics_obtained":["Golden Idol"]},{"damage_healed":0.0,"max_hp_gain":0.0,"max_hp_loss":0.0,"gold_gain":0.0,"event_name":"Duplicator","player_choice":"Copied","floor":20.0,"gold_loss":0.0,"damage_taken":0.0,"cards_obtained":["Scrawl"]},{"damage_healed":0.0,"max_hp_gain":0.0,"max_hp_loss":0.0,"gold_gain":0.0,"event_name":"Masked Bandits","player_choice":"Fought Bandits","floor":25.0,"gold_loss":0.0,"damage_taken":0.0},{"damage_healed":0.0,"max_hp_gain":0.0,"max_hp_loss":0.0,"gold_gain":0.0,"event_name":"MindBloom","player_choice":"Fight","floor":36.0,"gold_loss":0.0,"damage_taken":0.0},{"damage_healed":0.0,"max_hp_gain":0.0,"max_hp_loss":0.0,"gold_gain":0.0,"event_name":"WeMeetAgain","player_choice":"Paid Gold","floor":38.0,"gold_loss":55.0,"damage_taken":0.0,"relics_obtained":["Kunai"]},{"damage_healed":0.0,"max_hp_gain":0.0,"max_hp_loss":0.0,"gold_gain":0.0,"event_name":"SensoryStone","player_choice":"Memory 1","floor":42.0,"gold_loss":0.0,"damage_taken":0.0},{"damage_healed":0.0,"max_hp_gain":0.0,"max_hp_loss":0.0,"gold_gain":222.0,"event_name":"Tomb of Lord Red Mask","player_choice":"Wore Mask","floor":45.0,"gold_loss":0.0,"damage_taken":0.0}],"is_beta":false,"boss_relics":[{"not_picked":["Tiny House","Astrolabe"],"picked":"Black Star"},{"not_picked":["Snecko Eye","SlaversCollar"],"picked":"HolyWater"}],"items_purged_floors":[19,37,53],"is_endless":false,"potions_floor_spawned":[3,10,12,14,24,28,31,39,40,48,54],"ascension_level":10}}