{"host":"6he3f0ic6yesrium","time":1610837474,"event":{"mods":["BaseMod","Better Altar","Better Match","Better Note","Better Sensory Stone","Better Skull","Better Third Choice","Colored Map","Conspire","Duelist Mod","Hubris","Marisa????????","Mimic Mod","Minty Spire (QoL Compilation)","Replay The Spire","Shade Mod","Somnambulant","Spire Birthday Party","StSLib","The Alterego","The Disciple","The Forsaken","The Hierophant","The Mystic","The Necromancer","The Runesmith","The Servant 0.9.4","The Valiant","TheVacant"],"gold_per_floor":[109,184,184,199,199,199,213,224,251,251,277,277,277,296,296,398,398,409,409,409,423,433,433,444,444,444,444,444],"floor_reached":27,"language":"ENG","playtime":1177,"items_purged":[],"score":213,"play_id":"a11e0bd3-4a15-4b27-8fa5-ca6f1444c850","local_time":"20210116175114","is_ascension_mode":false,"campfire_choices":[{"floor":6.0,"key":"RECALL"},{"floor":10.0,"key":"REST"},{"data":"KidneyShot","floor":12,"key":"SMITH"},{"data":"Barrier","floor":15,"key":"SMITH"},{"data":"MurderousAura","floor":23,"key":"SMITH"},{"data":"FanOfKnives","floor":25,"key":"SMITH"}],"circlet_count":0,"master_deck":["Strike_S","Strike_S","Defend_S","Defend_S","Defend_S","Defend_S","KidneyShot+1","Exchange","Barrier+1","BottledTime","Ricochet","SilverBlades","SilverBlades+1","SoulSculpture","MurderousAura+1","SurpressingFire+1","Ricochet+1","SilverBlades","FanOfKnives+1"],"relics":["Uniform","theForsaken:PlagueMask","Blood Vial","Oddly Smooth Stone","Prayer Beads"],"acts_visited":["Exordium","TheCity"],"potions_floor_usage":[11,11,14,16,24],"damage_taken":[{"damage":5.0,"enemies":"2 Louse","floor":1.0,"turns":3.0},{"damage":1.0,"enemies":"Cultist","floor":4.0,"turns":6.0},{"damage":4.0,"enemies":"Jaw Worm","floor":7.0,"turns":8.0},{"damage":3.0,"enemies":"Large Slime","floor":8.0,"turns":10.0},{"damage":12,"enemies":"Lagavulin","floor":11,"turns":9},{"damage":0,"enemies":"Exordium Thugs","floor":14,"turns":3},{"damage":6,"enemies":"Hexaghost","floor":16,"turns":16},{"damage":18,"enemies":"Chosen","floor":18,"turns":7},{"damage":1,"enemies":"Shell Parasite","floor":21,"turns":7},{"damage":15,"enemies":"Snake Plant","floor":22,"turns":6},{"damage":17,"enemies":"Centurion and Healer","floor":24,"turns":4},{"damage":33,"enemies":"Book of Stabbing","floor":27,"turns":7}],"seed_played":"-615546384698962216","potions_obtained":[{"floor":7.0,"key":"FearPotion"},{"floor":8.0,"key":"Dexterity Potion"},{"floor":11,"key":"DistilledChaos"},{"floor":14,"key":"DuplicationPotion"},{"floor":22,"key":"DuplicationPotion"},{"floor":24,"key":"Elixir"}],"is_trial":false,"path_per_floor":["M","?","?","M","?","R","M","M","T","R","E","R","?","M","R","B",null,"M","?","?","M","M","R","M","R","T","E"],"character_chosen":"THE_SERVANT","items_purchased":[],"campfire_rested":1,"item_purchase_floors":[],"current_hp_per_floor":[66,55,55,54,47,47,43,40,40,61,51,51,51,53,53,49,71,53,53,53,54,41,41,26,26,26,0,0],"gold":444,"neow_bonus":"TEN_PERCENT_HP_BONUS","is_daily":false,"chose_seed":false,"campfire_upgraded":4,"win_rate":0.0,"timestamp":1610837474,"path_taken":["M","?","?","?","?","R","M","M","T","R","E","R","?","?","R","BOSS","M","?","?","M","M","R","?","R","T","E"],"items_purchased_type":[],"build_version":"2020-12-22","purchased_purges":0,"victory":false,"max_hp_per_floor":[71,71,71,71,71,71,71,71,71,71,71,71,71,71,71,71,71,71,71,71,71,71,71,71,71,71,71,71],"card_choices":[{"not_picked":["Starlight","MoonPhase"],"picked":"Barrier","floor":1.0},{"not_picked":["Barrier","ShatteredReality"],"picked":"BottledTime","floor":4.0},{"not_picked":["Snipe","Replace"],"picked":"Ricochet","floor":7.0},{"not_picked":["SurpressingFire","GearUp"],"picked":"SilverBlades","floor":8.0},{"not_picked":["FastForward","Foresight"],"picked":"SilverBlades","floor":11},{"not_picked":["Revamp","Desolation"],"picked":"SoulSculpture","floor":14},{"not_picked":["Dilation","Duplication"],"picked":"MurderousAura","floor":16},{"not_picked":["Misdirection","ShatteredReality+1"],"picked":"SurpressingFire+1","floor":18},{"not_picked":["Spin","Read"],"picked":"Ricochet+1","floor":21},{"not_picked":["Revamp","Read+1"],"picked":"SilverBlades","floor":22},{"not_picked":["Potential+1","Moonlight"],"picked":"FanOfKnives","floor":24}],"player_experience":320639,"relics_obtained":[{"floor":9.0,"key":"Blood Vial"},{"floor":11,"key":"Oddly Smooth Stone"},{"floor":26,"key":"Prayer Beads"}],"event_choices":[{"damage_healed":0.0,"max_hp_gain":0.0,"max_hp_loss":0.0,"gold_gain":75.0,"event_name":"betterThird:BetterGoop","player_choice":"Gold","floor":2.0,"gold_loss":0.0,"damage_taken":11.0},{"damage_healed":0.0,"max_hp_gain":0.0,"max_hp_loss":0.0,"gold_gain":0.0,"event_name":"Plague Doctor","player_choice":"Obtain Plague Curse","floor":3.0,"gold_loss":0.0,"damage_taken":0.0,"cards_obtained":["theForsaken:PlagueCurse"]},{"cards_removed":["theForsaken:PlagueCurse"],"damage_healed":0.0,"max_hp_gain":0.0,"max_hp_loss":0.0,"gold_gain":0.0,"event_name":"Golden Wing","player_choice":"Card Removal","floor":5.0,"gold_loss":0.0,"damage_taken":7.0},{"cards_removed":["Strike_S"],"damage_healed":0,"gold_gain":0,"player_choice":"Offered Basic","damage_taken":0,"max_hp_gain":0,"max_hp_loss":0,"event_name":"Bonfire Elementals","floor":13,"gold_loss":0},{"damage_healed":0,"gold_gain":0,"player_choice":"Forge","damage_taken":0,"max_hp_gain":0,"max_hp_loss":0,"event_name":"Accursed Blacksmith","floor":19,"gold_loss":0,"cards_upgraded":["SilverBlades"]},{"cards_removed":["Strike_S"],"damage_healed":0,"gold_gain":0,"player_choice":"Purged","damage_taken":0,"max_hp_gain":0,"max_hp_loss":0,"event_name":"Purifier","floor":20,"gold_loss":0}],"is_beta":false,"boss_relics":[{"not_picked":["Snecko Eye","Sozu","hubris:BlackHole"]}],"items_purged_floors":[],"is_endless":false,"potions_floor_spawned":[7,8,11,14,22,24],"killed_by":"Book of Stabbing","ascension_level":0}}