{"host":"mydft8i2zzydgggw","time":1610827914,"event":{"mods":["AchievementEnabler","BaseMod","BetterRewards","Colored Map","Colored Powertips","DeckTracker","Keyboard Shortcuts","Minty Spire (QoL Compilation)","Rare Cards Sparkle","StSLib","SuperFastMode","everything is the same but u backflip on backflip"],"gold_per_floor":[118,137,237,255,265,265,295,295,321,321,341,113,129,1,1,105,105,125,125,125,136,154,154,187,187,187,202,202,202,218,231,231,331,331,341,142,142,142],"floor_reached":37,"language":"KOR","playtime":1092,"items_purged":["Strike_B","Strike_B","Strike_B"],"score":572,"play_id":"66ae4ff8-ec05-4116-8bdc-36e8fec7a4b8","local_time":"20210117051154","is_ascension_mode":true,"campfire_choices":[{"data":"Zap","floor":6.0,"key":"SMITH"},{"floor":8.0,"key":"REST"},{"data":"Coolheaded","floor":15.0,"key":"SMITH"},{"floor":23.0,"key":"REST"},{"floor":25.0,"key":"REST"},{"floor":28.0,"key":"REST"},{"floor":32.0,"key":"REST"}],"circlet_count":0,"master_deck":["Defend_B","Defend_B+1","Defend_B","Defend_B","Zap+1","Dualcast+1","Ball Lightning","Core Surge+1","Chill","Buffer","Coolheaded+1","Capacitor","Defragment","Echo Form","CurseOfTheBell","Cold Snap+1","Coolheaded","Leap","Creative AI","Loop"],"relics":["Cracked Core","NeowsBlessing","War Paint","Pen Nib","Membership Card","Medical Kit","Calling Bell","Bronze Scales","Singing Bowl","TungstenRod","Dream Catcher","Bottled Tornado","Nuclear Battery","Bag of Preparation"],"acts_visited":["Exordium","TheCity","TheBeyond"],"potions_floor_usage":[33,37,37],"damage_taken":[{"damage":0.0,"enemies":"Small Slimes","floor":1.0,"turns":1.0},{"damage":0.0,"enemies":"Cultist","floor":2.0,"turns":1.0},{"damage":0.0,"enemies":"2 Louse","floor":4.0,"turns":1.0},{"damage":30.0,"enemies":"Gremlin Gang","floor":5.0,"turns":4.0},{"damage":24.0,"enemies":"Gremlin Nob","floor":7.0,"turns":4.0},{"damage":4.0,"enemies":"Looter","floor":11.0,"turns":3.0},{"damage":1.0,"enemies":"2 Fungi Beasts","floor":13.0,"turns":4.0},{"damage":5.0,"enemies":"The Guardian","floor":16.0,"turns":9.0},{"damage":17.0,"enemies":"Spheric Guardian","floor":18.0,"turns":4.0},{"damage":8.0,"enemies":"Chosen","floor":21.0,"turns":5.0},{"damage":30.0,"enemies":"Snake Plant","floor":22.0,"turns":5.0},{"damage":25.0,"enemies":"Gremlin Leader","floor":24.0,"turns":8.0},{"damage":23.0,"enemies":"Shelled Parasite and Fungi","floor":27.0,"turns":5.0},{"damage":0.0,"enemies":"Snecko","floor":30.0,"turns":6.0},{"damage":12.0,"enemies":"Centurion and Healer","floor":31.0,"turns":6.0},{"damage":24,"enemies":"Automaton","floor":33,"turns":9},{"damage":18,"enemies":"Orb Walker","floor":35,"turns":6},{"damage":61,"enemies":"2 Orb Walkers","floor":37,"turns":5}],"seed_played":"-1950243761749548426","potions_obtained":[{"floor":1.0,"key":"Regen Potion"},{"floor":5.0,"key":"Weak Potion"},{"floor":7.0,"key":"Strength Potion"},{"floor":11.0,"key":"LiquidBronze"},{"floor":24.0,"key":"FocusPotion"},{"floor":30.0,"key":"GamblersBrew"},{"floor":31.0,"key":"PowerPotion"},{"floor":33,"key":"Swift Potion"}],"is_trial":false,"path_per_floor":["M","M","?","M","M","R","E","R","T","?","M","$","M","$","R","B",null,"M","?","?","M","M","R","E","R","T","M","R","?","M","M","R","B",null,"M","$","?"],"character_chosen":"DEFECT","items_purchased":["Membership Card","Coolheaded","Capacitor","Medical Kit","Loop","Bag of Preparation","PowerPotion"],"campfire_rested":5,"item_purchase_floors":[12,12,12,14,36,36,36],"current_hp_per_floor":[68,68,68,68,43,43,19,41,41,41,37,37,36,36,36,31,64,49,49,49,43,13,36,13,39,39,18,45,45,47,35,61,37,76,60,60,0,0],"gold":142,"neow_bonus":"THREE_ENEMY_KILL","is_daily":false,"chose_seed":false,"campfire_upgraded":2,"win_rate":0.0,"timestamp":1610827914,"path_taken":["M","M","?","?","M","R","E","R","T","?","?","$","M","$","R","BOSS","M","?","?","M","?","R","E","R","T","M","R","?","M","?","R","BOSS","M","$","?"],"items_purchased_type":["Relic","Card","Card","Relic","Card","Relic","Potion"],"build_version":"2020-12-22","purchased_purges":3,"victory":false,"max_hp_per_floor":[75,75,75,75,75,75,75,75,75,75,75,75,75,75,75,75,75,77,77,77,79,79,79,81,83,83,85,87,87,89,89,89,89,89,91,91,91,91],"card_choices":[{"not_picked":["Reprogram","Rip and Tear","Steam"],"picked":"SKIP","floor":1.0},{"not_picked":["Melter","Hologram"],"picked":"Ball Lightning","floor":2.0},{"not_picked":["Compile Driver","Hologram","Scrape"],"picked":"SKIP","floor":4.0},{"not_picked":["Steam","Beam Cell"],"picked":"Core Surge","floor":5.0},{"not_picked":["Sweeping Beam","Force Field"],"picked":"Chill","floor":7.0},{"not_picked":["Steam","Redo"],"picked":"Buffer","floor":11.0},{"not_picked":["Conserve Battery","Steam Power"],"picked":"Defragment","floor":13.0},{"not_picked":["Rainbow","Fission"],"picked":"Echo Form","floor":16.0},{"not_picked":["Force Field","Gash","Tempest"],"picked":"Singing Bowl","floor":18.0},{"not_picked":["Go for the Eyes","Hello World","Force Field"],"picked":"Singing Bowl","floor":21.0},{"not_picked":["Fusion","Steam"],"picked":"Cold Snap+1","floor":22.0},{"not_picked":["Stack","Hologram+1","Hyperbeam"],"picked":"Singing Bowl","floor":24.0},{"not_picked":["Capacitor+1","Fusion","Compile Driver"],"picked":"Singing Bowl","floor":25.0},{"not_picked":["Gash","Sweeping Beam","Hello World"],"picked":"Singing Bowl","floor":27.0},{"not_picked":["Tempest","Genetic Algorithm+1","Reprogram"],"picked":"Singing Bowl","floor":28.0},{"not_picked":["Compile Driver","Genetic Algorithm","Conserve Battery"],"picked":"Singing Bowl","floor":30.0},{"not_picked":["Cold Snap","Sunder"],"picked":"Coolheaded","floor":31.0},{"not_picked":["Go for the Eyes","Conserve Battery+1"],"picked":"Leap","floor":32.0},{"not_picked":["Thunder Strike","Meteor Strike"],"picked":"Creative AI","floor":33},{"not_picked":["Stack+1","White Noise+1","Steam"],"picked":"Singing Bowl","floor":35}],"player_experience":163903,"relics_obtained":[{"floor":7.0,"key":"War Paint"},{"floor":9.0,"key":"Pen Nib"},{"floor":17.0,"key":"Bronze Scales"},{"floor":17.0,"key":"Singing Bowl"},{"floor":17.0,"key":"TungstenRod"},{"floor":24.0,"key":"Dream Catcher"},{"floor":26.0,"key":"Bottled Tornado"}],"event_choices":[{"damage_healed":0.0,"max_hp_gain":0.0,"max_hp_loss":0.0,"gold_gain":100.0,"event_name":"Golden Shrine","player_choice":"Pray","floor":3.0,"gold_loss":0.0,"damage_taken":0.0},{"damage_healed":0.0,"max_hp_gain":0.0,"max_hp_loss":0.0,"gold_gain":0.0,"event_name":"Accursed Blacksmith","player_choice":"Forge","floor":10.0,"gold_loss":0.0,"damage_taken":0.0,"cards_upgraded":["Core Surge"]},{"damage_healed":0.0,"max_hp_gain":0.0,"max_hp_loss":0.0,"gold_gain":0.0,"event_name":"Vampires","player_choice":"Ignored","floor":19.0,"gold_loss":0.0,"damage_taken":0.0},{"cards_removed":["Strike_B"],"damage_healed":0.0,"max_hp_gain":0.0,"max_hp_loss":0.0,"gold_gain":0.0,"event_name":"Purifier","player_choice":"Purged","floor":20.0,"gold_loss":0.0,"damage_taken":0.0},{"damage_healed":0.0,"max_hp_gain":0.0,"max_hp_loss":0.0,"gold_gain":0.0,"event_name":"Match and Keep!","player_choice":"0 cards matched","floor":29.0,"gold_loss":0.0,"damage_taken":0.0,"cards_obtained":[]},{"damage_healed":0,"gold_gain":0,"player_choice":"Fight","damage_taken":0,"max_hp_gain":0,"max_hp_loss":0,"event_name":"Mysterious Sphere","floor":37,"gold_loss":0}],"is_beta":false,"boss_relics":[{"not_picked":["Pandora\u0027s Box","Fusion Hammer"],"picked":"Calling Bell"},{"not_picked":["SlaversCollar","Tiny House"],"picked":"Nuclear Battery"}],"items_purged_floors":[12,14,36],"is_endless":false,"potions_floor_spawned":[1,5,7,11,24,30,31,33],"killed_by":"2 Orb Walkers","ascension_level":8}}