{"host":"19tvufa8xx4wr4o1","time":1610760457,"event":{"mods":["AchievementEnabler","BaseMod","Better Sensory Stone","Better Third Choice","Highlight Path","Minty Spire (QoL Compilation)","Relic Stats","StSLib"],"gold_per_floor":[116,116,41,51,71,86,86,86,86,96,38,70,70,81,81,81,81],"floor_reached":16,"language":"ENG","playtime":564,"items_purged":["Pain"],"score":179,"play_id":"24208a51-d7e7-4685-8bcb-37a50917a141","local_time":"20210115192737","is_ascension_mode":true,"campfire_choices":[{"floor":7,"key":"REST"},{"floor":15,"key":"REST"}],"circlet_count":0,"master_deck":["AscendersBane","Strike_G","Strike_G","Strike_G","Strike_G","Strike_G","Defend_G","Defend_G","Defend_G","Defend_G","Defend_G","Survivor","Neutralize+1","A Thousand Cuts","Crippling Poison","Slice","A Thousand Cuts"],"relics":["Ring of the Snake","CaptainsWheel","White Beast Statue","Meat on the Bone"],"acts_visited":["Exordium"],"potions_floor_usage":[10,12,16],"damage_taken":[{"damage":3,"enemies":"2 Louse","floor":1,"turns":4},{"damage":2,"enemies":"Small Slimes","floor":4,"turns":4},{"damage":2,"enemies":"Jaw Worm","floor":5,"turns":6},{"damage":13,"enemies":"Exordium Thugs","floor":6,"turns":7},{"damage":8,"enemies":"Lots of Slimes","floor":10,"turns":5},{"damage":34,"enemies":"Lagavulin","floor":12,"turns":9},{"damage":3,"enemies":"2 Fungi Beasts","floor":14,"turns":4},{"damage":70,"enemies":"The Guardian","floor":16,"turns":13}],"seed_played":"5846835170720828700","potions_obtained":[{"floor":5,"key":"EssenceOfSteel"},{"floor":6,"key":"BlessingOfTheForge"},{"floor":10,"key":"Strength Potion"},{"floor":12,"key":"Block Potion"}],"is_trial":false,"path_per_floor":["M","?","$","M","M","M","R","$","T","M","?","E","?","M","R","B"],"character_chosen":"THE_SILENT","items_purchased":[],"campfire_rested":2,"item_purchase_floors":[],"current_hp_per_floor":[56,56,56,54,52,39,58,58,58,50,50,16,16,25,44,0,0],"gold":81,"neow_bonus":"ONE_RARE_RELIC","is_daily":false,"chose_seed":false,"campfire_upgraded":0,"win_rate":0.0,"timestamp":1610760457,"path_taken":["M","?","$","M","M","M","R","$","T","M","?","E","?","M","R","BOSS"],"items_purchased_type":[],"build_version":"2020-12-22","purchased_purges":1,"victory":false,"max_hp_per_floor":[66,66,66,66,66,66,66,66,66,66,66,66,66,66,66,66,66],"relic_stats":{"counters":[8,52],"obtain_stats":[{"CaptainsWheel":0,"White Beast Statue":9,"Ring of the Snake":0,"Meat on the Bone":12},{"CaptainsWheel":0,"White Beast Statue":4,"Ring of the Snake":0,"Meat on the Bone":6},{"CaptainsWheel":0,"White Beast Statue":21,"Ring of the Snake":0,"Meat on the Bone":35}],"Ring of the Snake":[16],"Meat on the Bone":12},"card_choices":[{"not_picked":["Flying Knee","Quick Slash","Dagger Spray"],"picked":"SKIP","floor":1},{"not_picked":["Infinite Blades","Reflex"],"picked":"A Thousand Cuts","floor":4},{"not_picked":["PiercingWail","Flechettes","Backflip"],"picked":"SKIP","floor":5},{"not_picked":["Dodge and Roll","Reflex","Quick Slash"],"picked":"SKIP","floor":6},{"not_picked":["PiercingWail","Backflip"],"picked":"Crippling Poison","floor":10},{"not_picked":["Distraction","Deflect"],"picked":"Slice","floor":12},{"not_picked":["Acrobatics","Quick Slash"],"picked":"A Thousand Cuts","floor":14}],"player_experience":585841,"relics_obtained":[{"floor":9,"key":"White Beast Statue"},{"floor":12,"key":"Meat on the Bone"}],"event_choices":[{"damage_healed":0,"gold_gain":0,"player_choice":"Grow","damage_taken":0,"max_hp_gain":0,"max_hp_loss":0,"event_name":"Living Wall","floor":2,"gold_loss":0,"cards_upgraded":["Neutralize"]},{"damage_healed":0,"gold_gain":0,"player_choice":"Left","damage_taken":0,"max_hp_gain":0,"max_hp_loss":0,"event_name":"betterThird:BetterGoop","floor":11,"gold_loss":58},{"damage_healed":0,"gold_gain":0,"player_choice":"LEAVE","damage_taken":0,"max_hp_gain":0,"max_hp_loss":0,"event_name":"betterThird:BetterScrap","floor":13,"gold_loss":0,"cards_obtained":["Steam Power"]}],"is_beta":false,"boss_relics":[],"items_purged_floors":[3],"is_endless":false,"potions_floor_spawned":[5,6,10,12,14],"killed_by":"The Guardian","ascension_level":15}}