{"host":"ytad2j290sleetgq","time":1610771105,"event":{"mods":["ATMod(阿瑾Mod)","AchievementEnabler","Act Like it!","Arknights The Spire","Aspiration","Bartender","BaseMod","Better Note","Card Forge","Custom Start","Decade(王小明)","Downfall","Friendly Minions","Gensokyo","GungeonMod","Hermit","Highlight Path","Koishi","Luminous","Minty Spire (QoL Compilation)","MostiFishMod","Prisma Mod","Rare Cards Sparkle","SIMod","SOS（斯巴达之子）","Shop Mod","StSLib","The Alterego","The Animator","TheWitcher","UnlockEverythingMod","WarShipGirlsR/战舰少女R mod","Yakumo Yukari mod","[GremlinLeader]The Maniac","【遗物卡牌】REMEMod"],"gold_per_floor":[114,144,164,190,190,235,7,7,7,28,28,77,103,136,136,243,243,270,286,43,133,142,173,173,207,207,240,261,2,11,11,11,220,220,242,242,279,594,756,899,899,1052,1077,1077,837,867,509,509,509,612,612,612,324,561,761],"floor_reached":56,"language":"ZHS","playtime":3124,"items_purged":[],"score":1638,"play_id":"c60cb433-4c1a-4622-9113-a18fbe0dc982","local_time":"20210116122505","is_ascension_mode":false,"campfire_choices":[{"data":"MostiFishMod:GoodWordForIt","floor":8.0,"key":"SMITH"},{"data":"SnafuTest:WhiteWolfRise","floor":11.0,"key":"SMITH"},{"floor":15.0,"key":"REST"},{"floor":24.0,"key":"REST"},{"floor":32,"key":"RECALL"},{"data":"SnafuTest:AssassinOfKings","floor":41,"key":"SMITH"},{"data":"SnafuTest:PowerBloodLust","floor":44,"key":"SMITH"},{"data":"SnafuTest:FlashingRaid","floor":49,"key":"SMITH"},{"data":"SnafuTest:PowerEternalFlame","floor":52,"key":"SMITH"}],"circlet_count":0,"master_deck":["SnafuTest:BountyHunt+1","SnafuTest:SignAard+1","AT_ShrugMaster+1","SnafuTest:ShoulderSlam+1","SnafuTest:GraveDancingPaleFire+1","SnafuTest:TrackingSense+1","SnafuTest:SwiftAssault+1","SnafuTest:PowerFireDamnation+1","SnafuTest:BlueWhale+1","SnafuTest:WhiteWolfRise+1","SnafuTest:SignAard+1","SnafuTest:PayBank+1","SnafuTest:PowerMahakam+1","SnafuTest:PowerBloodLust+1","SnafuTest:SpellTelekinesis","AT_ShrugMaster+1","SnafuTest:SignQuen","SnafuTest:Offering+1","MostiFishMod:ButterFly","SnafuTest:AssassinOfKings+1","SnafuTest:MCSuccubusSeduction+1","SnafuTest:OtherWorld","SnafuTest:PowerEternalFlame+1","SnafuTest:PaySmithWorkshop+1","SnafuTest:FlashingRaid+1","SnafuTest:PowerTrialOfGrasses+1"],"relics":["SnafuTest:UnstableMutagenRelic","Hammer of Thor","Seething Fire","Anvil of the Gods","DaveBox","REME_ComplimentaryCards","AT_ATBox","NeowsBlessing","EGODaCapo","SynthV:TestCard","Eternal Feather","AT_BellDemon","AT_BellowingDragoncrestRing","Kunai","CeramicFish","AT_RedNoBalance","Tiny Chest","REME_DemonsWealth","Meat on the Bone","Lantern","DemoMod:SerJunkan","DemoMod:MeltedRock","DemoMod:Junk","DemoMod:GlassGuonStoneRelic","SnafuTest:AxiiRelic","InkBottle","SnafuTest:IgniRelic","SnafuTest:BearRelic","AT_TheCollector","MerchantsRug","AT_ChloranthyRing","AT_RedTearstoneRing","Protect_Vest","RhineSuit","DemoMod:VorpalBullet","Old Coin","REME_HourglassOfDeath","Bronze Scales","Sundial","DemoMod:MemoryAlloy","Ginger","AT_ForceNature","champ:DeflectingBracers","SnafuTest:CatRelic"],"acts_visited":["Exordium","TheCity","TheBeyond","TheEnding"],"potions_floor_usage":[40],"damage_taken":[{"damage":0.0,"enemies":"Cultist","floor":1.0,"turns":1.0},{"damage":0.0,"enemies":"Small Slimes","floor":2.0,"turns":1.0},{"damage":0.0,"enemies":"Jaw Worm","floor":3.0,"turns":1.0},{"damage":2.0,"enemies":"3 Louse","floor":4.0,"turns":4.0},{"damage":10.0,"enemies":"3 Sentries","floor":6.0,"turns":10.0},{"damage":5.0,"enemies":"Looter","floor":10.0,"turns":3.0},{"damage":0.0,"enemies":"Lagavulin","floor":12.0,"turns":5.0},{"damage":0.0,"enemies":"2 Fungi Beasts","floor":13.0,"turns":3.0},{"damage":2.0,"enemies":"3 Sentries","floor":14.0,"turns":5.0},{"damage":0.0,"enemies":"Hexaghost","floor":16.0,"turns":7.0},{"damage":19.0,"enemies":"Shell Parasite","floor":18.0,"turns":4.0},{"damage":0.0,"enemies":"Chosen","floor":19.0,"turns":5.0},{"damage":17.0,"enemies":"Gremlin Leader","floor":23.0,"turns":5.0},{"damage":0.0,"enemies":"Centurion and Healer","floor":25.0,"turns":6.0},{"damage":20.0,"enemies":"REME_1_Revenger","floor":27.0,"turns":3.0},{"damage":0.0,"enemies":"Sentry and Sphere","floor":28.0,"turns":4.0},{"damage":0,"enemies":"Automaton","floor":33,"turns":4},{"damage":0,"enemies":"Orb Walker","floor":35,"turns":2},{"damage":0,"enemies":"3 Darklings","floor":37,"turns":2},{"damage":0,"enemies":"Spire Growth","floor":38,"turns":2},{"damage":0,"enemies":"Mind Bloom Boss Battle","floor":39,"turns":3},{"damage":0,"enemies":"Reptomancer","floor":40,"turns":1},{"damage":0,"enemies":"Nemesis","floor":42,"turns":3},{"damage":0,"enemies":"Sphere and 2 Shapes","floor":46,"turns":1},{"damage":0,"enemies":"Time Eater","floor":50,"turns":2},{"damage":0,"enemies":"Shield and Spear","floor":54,"turns":1},{"damage":0,"enemies":"The Heart","floor":55,"turns":2}],"seed_played":"-5492052711953856892","potions_obtained":[{"floor":1.0,"key":"Swift Potion"},{"floor":2.0,"key":"LiquidMemories"},{"floor":13.0,"key":"EssenceOfSteel"},{"floor":19.0,"key":"Explosive Potion"},{"floor":23.0,"key":"LiquidMemories"},{"floor":42,"key":"EssenceOfSteel"}],"is_trial":false,"path_per_floor":["M","M","M","M","T","E","$","R","T","M","R","E","M","E","R","B",null,"M","M","$","?","?","E","R","M","T","E","M","$","?","T","R","B",null,"M","?","M","M","?","E","R","E","T","R","$","M","$","T","R","B",null,"R","$","E","B",null],"character_chosen":"THE_WITCHER","items_purchased":["AT_BellDemon","SnafuTest:BlueWhale","DemoMod:SerJunkan","MerchantsRug","AT_ChloranthyRing","AT_RedTearstoneRing","Sundial","SnafuTest:PowerTrialOfGrasses","Ginger","champ:DeflectingBracers"],"campfire_rested":2,"item_purchase_floors":[7,7,20,29,29,29,45,47,47,53],"current_hp_per_floor":[75,75,75,73,73,63,63,72,72,67,75,75,37,35,69,37,75,56,56,56,44,44,39,73,73,73,53,53,53,53,53,68,75,75,75,75,75,75,75,75,75,75,75,75,75,75,75,75,75,75,75,75,75,75,75],"gold":761,"neow_bonus":"THREE_ENEMY_KILL","is_daily":false,"chose_seed":false,"campfire_upgraded":6,"win_rate":0.0,"timestamp":1610771105,"path_taken":["M","M","M","M","?","E","$","R","T","?","R","E","M","E","R","BOSS","M","M","$","?","?","E","R","M","T","E","M","$","?","?","R","BOSS","M","?","M","M","?","E","R","E","T","R","$","M","?","?","R","BOSS","R","$","E","BOSS"],"items_purchased_type":["Relic","Card","Relic","Relic","Relic","Relic","Relic","Card","Relic","Relic"],"build_version":"2020-12-22","purchased_purges":0,"victory":true,"max_hp_per_floor":[75,75,75,75,75,75,75,75,75,75,75,75,75,75,75,75,75,75,75,75,75,75,75,75,75,75,75,75,75,75,75,75,75,75,75,75,75,75,75,75,75,75,75,75,75,75,75,75,75,75,75,75,75,75,75],"card_choices":[{"not_picked":["SnafuTest:SpellTortoise","SnafuTest:PowerCounterAttack"],"picked":"SnafuTest:ShoulderSlam","floor":1.0},{"not_picked":["SnafuTest:SignAard","SnafuTest:PowerVainGlory","SnafuTest:Portal","SnafuTest:SwordDance"],"picked":"SnafuTest:GraveDancingPaleFire","floor":2.0},{"not_picked":["SnafuTest:AncestralRitual","SnafuTest:MCMockAndRun","SnafuTest:UndefeatedNarcissism","SnafuTest:FirstAid"],"picked":"SnafuTest:TrackingSense","floor":3.0},{"not_picked":["SnafuTest:PowerProbingFeint","SnafuTest:CareTaker","SnafuTest:Kick","SnafuTest:MCSongOfPeace"],"picked":"SnafuTest:SwiftAssault","floor":4.0},{"not_picked":["SnafuTest:SpellButterflyIllusion","SnafuTest:SpellHellfire","SnafuTest:FirstAid","SnafuTest:RecklessBlow"],"picked":"SnafuTest:PowerFireDamnation","floor":6.0},{"not_picked":["SnafuTest:PowerAlwaysOnRoads","SnafuTest:WorldMap","SnafuTest:SpellTelekinesis","SnafuTest:PowerMartialMagical"],"picked":"SnafuTest:WhiteWolfRise","floor":10.0},{"not_picked":["SnafuTest:PowerVainGlory","SnafuTest:MCMockAndRun","SnafuTest:AncestralRitual","SnafuTest:BlueWhale"],"picked":"SnafuTest:SignAard","floor":12.0},{"not_picked":["SnafuTest:Oriole","SnafuTest:MCSongOfPeace","SnafuTest:Kick","SnafuTest:BombDancingStar"],"picked":"SnafuTest:PayBank","floor":13.0},{"not_picked":["SnafuTest:PowerEleganceEmbodiment","SnafuTest:MercilessReaper","SnafuTest:QueensGuard","SnafuTest:SpellHellfire"],"picked":"SnafuTest:PowerMahakam","floor":14.0},{"not_picked":["SnafuTest:Awake","SnafuTest:SpellCalcinedMetamorphism","SnafuTest:PowerEleganceEmbodiment","SnafuTest:Celebration"],"picked":"SnafuTest:PowerBloodLust","floor":16.0},{"not_picked":["SnafuTest:MCSongOfPeace+1","SnafuTest:BombDragonsDream","SnafuTest:MCMockAndRun+1","SnafuTest:AncestralRitual+1","SnafuTest:Celebration","Clumsy"],"picked":"SKIP","floor":18.0},{"not_picked":["SnafuTest:UndefeatedNarcissism","SnafuTest:NoPass","SnafuTest:PowerAlwaysAWay","SnafuTest:SpellDispellingPush","Clumsy"],"picked":"SnafuTest:SpellTelekinesis","floor":19.0},{"not_picked":["SnafuTest:PowerProbingFeint","SnafuTest:Awake","SnafuTest:PayArmorSmith","SnafuTest:SwiftAssault","maniac:Humiliation"],"picked":"SnafuTest:SignQuen","floor":23.0},{"not_picked":["SnafuTest:WitchHunt","SnafuTest:SmashingSlash","SnafuTest:SpellBitingFrost","SnafuTest:SignIgni","Writhe"],"picked":"SnafuTest:Offering+1","floor":25.0},{"not_picked":["SnafuTest:SpellLivingArmor+1","SnafuTest:FirstAid+1","SnafuTest:SpellButterflyIllusion","SnafuTest:SpellBitingFrost","SnafuTest:SpellDispellingPush+1","Pain"],"picked":"SKIP","floor":27.0},{"not_picked":["SnafuTest:PowerCrimsonRitual","SnafuTest:PowerAlwaysAWay","SnafuTest:Offering+1","SnafuTest:SpellTelekinesis","SnafuTest:CareTaker","downfall:Malfunctioning"],"picked":"SKIP","floor":28.0},{"not_picked":["SnafuTest:Decapitate","SnafuTest:Awake","SnafuTest:PowerRhymeBeyondTime","SnafuTest:LandOfFables","SnafuTest:CurseBurningStake"],"picked":"SnafuTest:AssassinOfKings","floor":33},{"not_picked":["SnafuTest:PayHappyHour+1","SnafuTest:SpellHellfire+1","SnafuTest:BombDevilsPuffball","SnafuTest:BlueWhale","SnafuTest:CareTaker+1","Clumsy"],"picked":"SKIP","floor":35},{"not_picked":["SnafuTest:BombDragonsDream","SnafuTest:SpellGloemGuard","SnafuTest:BombDimeritium","SnafuTest:PayWeaponSmith","downfall:Haunted"],"picked":"SnafuTest:MCSuccubusSeduction+1","floor":37},{"not_picked":["SnafuTest:BombDevilsPuffball","SnafuTest:BombNorthernWind","SnafuTest:SwiftAssault","SnafuTest:PayWeaponSmith","SnafuTest:HermitsErudition+1","SnafuTest:CurseWeakArmy"],"picked":"SKIP","floor":38},{"not_picked":["SnafuTest:SpellLifeDrain+1","SnafuTest:MCMockAndRun","SnafuTest:SneakKill+1","SnafuTest:SpellHellfire","downfall:Bewildered"],"picked":"SnafuTest:OtherWorld","floor":39},{"not_picked":["SnafuTest:PowerVainGlory","SnafuTest:Shooting","SnafuTest:SmashingSlash+1","SnafuTest:SignAard+1","Decay"],"picked":"SnafuTest:PowerEternalFlame","floor":40},{"not_picked":["SnafuTest:SpellArcaneDomain","SnafuTest:WorldMap","SnafuTest:MelitelesCare","SnafuTest:HermitsErudition","maniac:Scruple"],"picked":"SnafuTest:PaySmithWorkshop+1","floor":42},{"not_picked":["SnafuTest:BombSamum","SnafuTest:MercilessReaper+1","SnafuTest:BombDevilsPuffball+1","SnafuTest:SignIgni+1","animator:Curse_Greed"],"picked":"SnafuTest:FlashingRaid","floor":46},{"not_picked":["SnafuTest:SpellGloemGuard+1","SnafuTest:SignYrden","SnafuTest:SpellTortoise","SnafuTest:PowerMahakam","SnafuTest:SwiftAssault+1","SnafuTest:CurseBurningStake"],"picked":"SKIP","floor":54}],"player_experience":338602,"relics_obtained":[{"floor":1.0,"key":"SynthV:TestCard"},{"floor":5.0,"key":"Eternal Feather"},{"floor":6.0,"key":"bronze:BronzeIdol"},{"floor":9.0,"key":"AT_BellowingDragoncrestRing"},{"floor":10.0,"key":"Kunai"},{"floor":12.0,"key":"CeramicFish"},{"floor":12.0,"key":"AT_SilverBalance"},{"floor":13.0,"key":"Smiling Mask"},{"floor":14.0,"key":"Du-Vu Doll"},{"floor":14.0,"key":"Tiny Chest"},{"floor":16.0,"key":"Omamori"},{"floor":18.0,"key":"Meat on the Bone"},{"floor":19.0,"key":"Lantern"},{"floor":23.0,"key":"DemoMod:MeltedRock"},{"floor":23.0,"key":"DemoMod:Junk"},{"floor":25.0,"key":"SnafuTest:AxiiRelic"},{"floor":26.0,"key":"InkBottle"},{"floor":27.0,"key":"SnafuTest:IgniRelic"},{"floor":27.0,"key":"SnafuTest:BearRelic"},{"floor":28.0,"key":"AT_TheCollector"},{"floor":33,"key":"Protect_Vest"},{"floor":35,"key":"DemoMod:VorpalBullet"},{"floor":37,"key":"DemoMod:Junk"},{"floor":38,"key":"Old Coin"},{"floor":39,"key":"DemoMod:Junk"},{"floor":39,"key":"DemoMod:Junk"},{"floor":40,"key":"DemoMod:Junk"},{"floor":40,"key":"DemoMod:Junk"},{"floor":42,"key":"DemoMod:Junk"},{"floor":42,"key":"REME_HourglassOfDeath"},{"floor":43,"key":"Bronze Scales"},{"floor":46,"key":"DemoMod:MemoryAlloy"},{"floor":48,"key":"AT_ForceNature"},{"floor":54,"key":"DemoMod:Junk"},{"floor":54,"key":"SnafuTest:CatRelic"}],"event_choices":[{"damage_healed":0.0,"max_hp_gain":0.0,"max_hp_loss":0.0,"gold_gain":90.0,"event_name":"Knowing Skull","player_choice":"GOLD ","floor":21.0,"potions_obtained":[],"gold_loss":0.0,"damage_taken":12.0,"cards_obtained":[]},{"damage_healed":0.0,"max_hp_gain":0.0,"max_hp_loss":0.0,"gold_gain":0.0,"event_name":"Duplicator","player_choice":"Copied","floor":22.0,"gold_loss":0.0,"damage_taken":0.0,"cards_obtained":["AT_ShrugMaster"]},{"damage_healed":0,"gold_gain":0,"player_choice":"1 cards matched","damage_taken":0,"max_hp_gain":0,"max_hp_loss":0,"event_name":"Match and Keep!","floor":30,"gold_loss":0,"cards_obtained":["MostiFishMod:ButterFly"]},{"damage_healed":0,"gold_gain":0,"player_choice":"Fight","damage_taken":0,"max_hp_gain":0,"max_hp_loss":0,"event_name":"MindBloom","floor":39,"gold_loss":0}],"is_beta":false,"boss_relics":[{"not_picked":["ExusiaiGun","HaiYi:Twilight"],"picked":"REME_DemonsWealth"},{"not_picked":["aspiration:FutureDiary","RhineFirstAidKit"],"picked":"RhineSuit"}],"items_purged_floors":[],"is_endless":false,"potions_floor_spawned":[1,2,13,19,23,28,38,42,54],"ascension_level":0}}