{"host":"jm9833yuloeli2yd","time":1610764282,"event":{"mods":["BaseMod","Better Altar","Better Match","Better Note","Better Sensory Stone","Better Skull","Better Third Choice","Better Vampires","BetterRewards","Colored Map","Colored Powertips","DeckTracker","Minty Spire (QoL Compilation)","Permanent Neow","Quick Restart","Slay-I","StSLib","SuperFastMode"],"gold_per_floor":[117,134,134,134,150,150,184,184,207,233,280,290,215,225,225,225,225],"floor_reached":16,"language":"ENG","playtime":499,"items_purged":["Strike_B"],"score":220,"play_id":"c5bb5b10-80a2-49f7-9422-9a96633ca163","local_time":"20210115213122","is_ascension_mode":true,"campfire_choices":[{"data":"Sunder","floor":6,"key":"SMITH"},{"data":"Chrysalis","floor":8,"key":"SMITH"},{"data":"Zap","floor":15,"key":"SMITH"}],"circlet_count":0,"master_deck":["AscendersBane","Strike_B","Strike_B","Strike_B","Defend_B","Defend_B","Defend_B","Defend_B","Zap+1","Dualcast","Sunder+1","Self Repair","Chrysalis+1","Ball Lightning","Go for the Eyes","Compile Driver","Reboot"],"relics":["Cracked Core","Nunchaku","PreservedInsect","Anchor","DataDisk","Akabeko"],"acts_visited":["Exordium"],"potions_floor_usage":[7,16,16],"damage_taken":[{"damage":2,"enemies":"2 Louse","floor":1,"turns":3},{"damage":3,"enemies":"Small Slimes","floor":2,"turns":2},{"damage":9,"enemies":"Jaw Worm","floor":5,"turns":3},{"damage":6,"enemies":"Gremlin Nob","floor":7,"turns":3},{"damage":10,"enemies":"3 Sentries","floor":10,"turns":5},{"damage":12,"enemies":"Lots of Slimes","floor":12,"turns":3},{"damage":1,"enemies":"3 Louse","floor":14,"turns":2},{"damage":50,"enemies":"Hexaghost","floor":16,"turns":11}],"seed_played":"-8316915942419047721","potions_obtained":[{"floor":2,"key":"AttackPotion"},{"floor":5,"key":"LiquidMemories"},{"floor":7,"key":"ColorlessPotion"},{"floor":14,"key":"AttackPotion"}],"is_trial":false,"path_per_floor":["M","M","?","?","M","R","E","R","T","E","T","M","$","M","R","B"],"character_chosen":"DEFECT","items_purchased":[],"campfire_rested":0,"item_purchase_floors":[],"current_hp_per_floor":[62,59,59,59,57,57,58,58,58,55,55,43,43,49,49,0,0],"gold":225,"neow_bonus":"RANDOM_COMMON_RELIC","is_daily":false,"chose_seed":false,"campfire_upgraded":3,"win_rate":0.0,"timestamp":1610764282,"path_taken":["M","M","?","?","M","R","E","R","T","E","?","M","$","?","R","BOSS"],"items_purchased_type":[],"build_version":"2020-12-22","purchased_purges":1,"victory":false,"max_hp_per_floor":[71,71,71,71,71,71,71,71,71,71,71,71,71,71,71,71,71],"card_choices":[{"not_picked":["Stack","Doom and Gloom"],"picked":"Sunder","floor":1},{"not_picked":["Sweeping Beam","Cold Snap"],"picked":"Self Repair","floor":2},{"not_picked":["Mayhem","Madness"],"picked":"Chrysalis","floor":3},{"not_picked":["Stack","Go for the Eyes"],"picked":"Ball Lightning","floor":5},{"not_picked":["Leap","Chill"],"picked":"Go for the Eyes","floor":7},{"not_picked":["Doom and Gloom","Stack","Scrape"],"picked":"SKIP","floor":10},{"not_picked":["Scrape","Barrage"],"picked":"Compile Driver","floor":12},{"not_picked":["Barrage","Redo"],"picked":"Reboot","floor":14}],"player_experience":1320450,"relics_obtained":[{"floor":7,"key":"PreservedInsect"},{"floor":9,"key":"Anchor"},{"floor":10,"key":"DataDisk"},{"floor":11,"key":"Akabeko"}],"event_choices":[{"damage_healed":0,"gold_gain":1,"player_choice":"1","damage_taken":0,"max_hp_gain":0,"max_hp_loss":0,"event_name":"betterStone:BetterStone","floor":3,"gold_loss":0},{"damage_healed":0,"gold_gain":0,"player_choice":"Ignored","damage_taken":134,"max_hp_gain":0,"max_hp_loss":0,"event_name":"betterThird:BetterSerpent","floor":4,"gold_loss":0}],"is_beta":false,"boss_relics":[],"items_purged_floors":[13],"is_endless":false,"potions_floor_spawned":[2,5,7,14],"killed_by":"Hexaghost","ascension_level":20}}