{"host":"tmk46lqetm74e6y6","time":1610829715,"event":{"mods":["100% Spire Juice","2.2 Compatiblity","Abigail Mod","AchievementEnabler","Act Like it!","BaseMod","Beaked The Cultist","Better Match","BetterRewards","CapriCore","ChefMod","Chen","Decade(â§è¨ñæ)","Friendly Minions","GifTheSpireLib","HololiveMod","KinomotoSakuraMod(ñÿîVñ{?)","KiyohimeÅiê¥?Åj","Koishi","KomeijiMod","Magitek Elite","MarisaÅiñ∂âJÅ@ñÇóùçπÅj","Minty Spire (QoL Compilation)","Onozuka Komachi Mod","Permanent Neow","Prisma Mod","Railgun Mod","Random Character Button","Remilia_Scarlet MoedÅiÂQïƒ‰ª?ÅEéz?óãì¡Åj3.3.5","SOSÅiézîb?îVéqÅj","Small Relic Pack","StSLib","SuperFastMode","The Administrix","The Alterego","The Animator","The Bladedancer","The Immortal","The Servant 0.9.4","The Wild Card","TheSwordswoman","Trackpad","Yakumo Yukari mod","YoumuÅiç∞ÈÆódöÎÅj","Yuri Mod"],"gold_per_floor":[115,126,146,146,161,161,161,172,248,248,266,281,281,295,295,398,398,414,425,425,18,34,34,53,53,76,76,88,187,187,239,239,344,344,354,45,45,61,61,61,76,76,103,3,23,23,37,37,37],"floor_reached":48,"language":"ENG","playtime":3572,"items_purged":["Exhaustion","KamenRideBlade"],"score":476,"play_id":"d7e8e16c-5e99-49bb-8101-3b9ce1a9cc3a","local_time":"20210117044155","is_ascension_mode":false,"campfire_choices":[{"data":"KamenRideKuuga","floor":6.0,"key":"SMITH"},{"floor":10.0,"key":"REST"},{"data":"RideBooker_Skill_2","floor":13.0,"key":"SMITH"},{"data":"FormRideTitan","floor":15.0,"key":"SMITH"},{"data":"UnarmedAttack4","floor":23,"key":"SMITH"},{"data":"UnarmedAttack9","floor":25,"key":"SMITH"},{"data":"Decade_SpecialSkill","floor":27,"key":"SMITH"},{"data":"RideBooker_Skill_1","floor":32,"key":"SMITH"},{"floor":40,"key":"REST"},{"floor":42,"key":"REST"}],"circlet_count":0,"master_deck":["Decade_Attack","Decade_Attack","Decade_Attack","Decade_Attack","KamenRide+1","Decade_SpecialSkill+1","Decade_Defend","Decade_Defend","Decade_Defend","Decade_Defend","KamenRideKuuga+1","RideBooker","UnarmedAttack5","FormRideTitan+1","UnarmedAttack5","RideBooker_Skill_2+1","FormRidePegasus","UnarmedAttack7","Decade_Dash1+1","RideBooker+1","UnarmedAttack1+1","UnarmedAttack4+1","UnarmedAttack6+1","Decade_Defend2","RideBooker_Skill_1+1","Kuuga_GouramAttack+1","UnarmedAttack1+1","FormRide+1","FormRideDragon+1","Decade_Defend3+1","KamenRideDenO","RideBooker_Skill_1+1","Decade_Defend3","Kuuga_GouramAttack","Kuuga_GouramAttack+1"],"relics":["Decadriver","TOEIDeficitBill","yuri:PortableGlitches","Velvet Choker","trackpad:WindUpAutoDealer","trackpad:WritersBlock","Blood Vial","Lantern","Sling","Potion Belt"],"acts_visited":["Exordium","TheCity","TheBeyond"],"potions_floor_usage":[24,33,33,45],"damage_taken":[{"damage":0.0,"enemies":"Cultist","floor":1.0,"turns":5.0},{"damage":0.0,"enemies":"Small Slimes","floor":2.0,"turns":2.0},{"damage":5.0,"enemies":"2 Louse","floor":3.0,"turns":2.0},{"damage":25.0,"enemies":"Exordium Thugs","floor":5.0,"turns":5.0},{"damage":16.0,"enemies":"Exordium Wildlife","floor":8.0,"turns":4.0},{"damage":10.0,"enemies":"Large Slime","floor":11.0,"turns":5.0},{"damage":6.0,"enemies":"Blue Slaver","floor":12.0,"turns":3.0},{"damage":4.0,"enemies":"Looter","floor":14.0,"turns":3.0},{"damage":28,"enemies":"Hexaghost","floor":16,"turns":10},{"damage":21,"enemies":"Spheric Guardian","floor":18,"turns":4},{"damage":7,"enemies":"Chosen","floor":19,"turns":4},{"damage":7,"enemies":"Snecko","floor":22,"turns":4},{"damage":21,"enemies":"Centurion and Healer","floor":24,"turns":6},{"damage":9,"enemies":"3 Cultists","floor":28,"turns":4},{"damage":5,"enemies":"Champ","floor":33,"turns":5},{"damage":36,"enemies":"3 Shapes","floor":35,"turns":6},{"damage":30,"enemies":"Orb Walker","floor":37,"turns":4},{"damage":3,"enemies":"Transient","floor":38,"turns":5},{"damage":36,"enemies":"Spire Growth","floor":41,"turns":4},{"damage":34,"enemies":"Sphere and 2 Shapes","floor":45,"turns":4},{"damage":85,"enemies":"Writhing Mass","floor":47,"turns":6},{"damage":19,"enemies":"Jaw Worm Horde","floor":48,"turns":1}],"seed_played":"-7970392077491026846","potions_obtained":[{"floor":1.0,"key":"Swift Potion"},{"floor":12.0,"key":"Fire Potion"},{"floor":14.0,"key":"PowerPotion"},{"floor":16,"key":"SpeedPotion"},{"floor":19,"key":"BlessingOfTheForge"},{"floor":24,"key":"PowerPotion"},{"floor":38,"key":"EssenceOfSteel"}],"is_trial":false,"path_per_floor":["M","M","M","?","M","R","?","M","T","R","M","M","R","M","R","B",null,"M","M","?","$","M","R","M","R","T","R","M","?","?","T","R","B",null,"M","$","M","M","?","R","M","R","T","$","M","?","M","M"],"character_chosen":"Decade","items_purchased":["UnarmedAttack4","trackpad:WindUpAutoDealer","Lantern","Sling"],"campfire_rested":3,"item_purchase_floors":[21,21,36,36],"current_hp_per_floor":[70,70,65,65,55,55,55,54,54,70,70,64,64,70,70,42,70,53,61,61,61,68,68,55,55,55,55,60,60,60,60,60,70,70,48,48,20,41,41,62,39,60,60,60,42,70,2,0,0],"gold":37,"neow_bonus":"UPGRADE_CARD","is_daily":false,"chose_seed":false,"campfire_upgraded":7,"win_rate":0.0,"timestamp":1610829715,"path_taken":["M","?","M","?","M","R","?","M","T","R","?","M","R","M","R","BOSS","M","M","?","$","M","R","M","R","T","R","M","?","?","?","R","BOSS","M","$","M","M","?","R","M","R","T","$","M","?","M","M"],"items_purchased_type":["Card","Relic","Relic","Relic"],"build_version":"2020-12-22","purchased_purges":2,"victory":false,"max_hp_per_floor":[70,70,70,70,70,70,70,70,70,70,70,70,70,70,70,70,70,70,70,70,70,70,70,70,70,70,70,70,70,70,70,70,70,70,70,70,70,70,70,70,70,70,70,70,70,70,70,70,70],"card_choices":[{"not_picked":["KamenRideFaiz","Kuuga_GouramAttack"],"picked":"KamenRideKuuga","floor":1.0},{"not_picked":["FormRidePegasus","Hibiki_Attack3"],"picked":"RideBooker","floor":2.0},{"not_picked":["Blade_Slash","DenO_Sword"],"picked":"UnarmedAttack5","floor":2.0},{"not_picked":["Blade_Metal","FormRideBasshaa"],"picked":"KamenRideBlade","floor":5.0},{"not_picked":["Kabuto_ClockUp","DragClaw"],"picked":"FormRideTitan","floor":5.0},{"not_picked":["Blade_Kick","FormRideDragon"],"picked":"UnarmedAttack5","floor":8.0},{"not_picked":["DenO_Rod","FormRideStorm"],"picked":"RideBooker_Skill_2","floor":11.0},{"not_picked":["Decade_Defend2","Blade_Kick"],"picked":"FormRidePegasus","floor":12.0},{"not_picked":["AutoVajin","KamenRideHibiki"],"picked":"UnarmedAttack7","floor":14.0},{"not_picked":["KamenRideDecade","FormRidePegasus+1"],"picked":"Decade_Dash1+1","floor":18},{"not_picked":["DragShield","Blade_Metal+1"],"picked":"RideBooker+1","floor":19},{"not_picked":["Hibiki_Attack1+1","KamenRideRyuki"],"picked":"UnarmedAttack1+1","floor":19},{"not_picked":["DenO_Sword","KamenRideKiva"],"picked":"UnarmedAttack6+1","floor":22},{"not_picked":["DragClaw","Dragreder"],"picked":"KamenRideAgito","floor":22},{"not_picked":["KamenRideHibiki","AutoVajin"],"picked":"Decade_Defend2","floor":24},{"not_picked":["UnarmedAttack8","KamenRideHibiki"],"picked":"UnarmedAttack9","floor":24},{"not_picked":["FormRideDragon","Decade_Dash1"],"picked":"RideBooker_Skill_1","floor":28},{"not_picked":["KamenRideHibiki","FormRideFlame"],"picked":"Kuuga_GouramAttack+1","floor":28},{"not_picked":["RideBooker+1","FormRideStorm+1"],"picked":"UnarmedAttack1+1","floor":35},{"not_picked":["KamenRideKiva+1","Decade_Dash1"],"picked":"FormRide+1","floor":35},{"not_picked":["KamenRideHibiki","RideBooker"],"picked":"FormRideDragon+1","floor":37},{"not_picked":["UnarmedAttack4","RideBooker_Skill_3"],"picked":"Decade_Defend3+1","floor":37},{"not_picked":["Blade_Beat","Decade_Defend2"],"picked":"KamenRideDenO","floor":38},{"not_picked":["DragShield","KamenRideHibiki+1"],"picked":"RideBooker_Skill_1+1","floor":38},{"not_picked":["UnarmedAttack9","Decade_Dash2"],"picked":"Decade_Defend3","floor":41},{"not_picked":["KamenRideDenO","DenO_Rod+1"],"picked":"Kuuga_GouramAttack","floor":41},{"not_picked":["UnarmedAttack3+1","Hibiki_Attack3+1"],"picked":"Kuuga_GouramAttack+1","floor":47}],"player_experience":70216,"relics_obtained":[{"floor":9.0,"key":"yuri:PortableGlitches"},{"floor":26,"key":"trackpad:WritersBlock"},{"floor":31,"key":"Blood Vial"},{"floor":43,"key":"Potion Belt"}],"event_choices":[{"damage_healed":0.0,"max_hp_gain":0.0,"max_hp_loss":0.0,"gold_gain":0.0,"event_name":"NoteForYourself","player_choice":"Ignored","floor":7.0,"gold_loss":0.0,"damage_taken":0.0},{"damage_healed":0,"gold_gain":99,"player_choice":"Stole From Cult","damage_taken":0,"max_hp_gain":0,"max_hp_loss":0,"event_name":"Nest","floor":29,"gold_loss":0},{"damage_healed":0,"gold_gain":0,"player_choice":"Ignored","damage_taken":0,"max_hp_gain":0,"max_hp_loss":0,"event_name":"Ghosts","floor":30,"gold_loss":0},{"cards_removed":["UnarmedAttack9"],"damage_healed":0,"gold_gain":0,"player_choice":"Removed Attack","damage_taken":0,"max_hp_gain":0,"max_hp_loss":0,"event_name":"Falling","floor":39,"gold_loss":0},{"cards_removed":["KamenRideAgito"],"damage_healed":28,"gold_gain":0,"player_choice":"Offered Uncommon","damage_taken":0,"max_hp_gain":0,"max_hp_loss":0,"event_name":"Bonfire Elementals","floor":46,"gold_loss":0}],"is_beta":false,"boss_relics":[{"not_picked":["Hololive_Finger","beaked:MawFillet"],"picked":"Velvet Choker"},{"not_picked":["Fusion Hammer","Runic Pyramid","Empty Cage"]}],"items_purged_floors":[21,44],"is_endless":false,"potions_floor_spawned":[1,12,14,16,19,24,38],"killed_by":"Jaw Worm Horde","ascension_level":0}}