{"host":"ljavmhyz2e552xgo","time":1610830524,"event":{"mods":["BaseMod","Better Third Choice","Downfall","Friendly Minions","Minty Spire (QoL Compilation)","Permanent Neow","Spicy Shops","StSLib"],"gold_per_floor":[99,115,25,200,200,212,264,264,283,295,322,222,238,238,253,253,253,253],"floor_reached":16,"language":"ENG","playtime":873,"items_purged":["downfall:Malfunctioning"],"score":102,"play_id":"c1089d30-c24b-4a15-91d0-fa1a0694a06f","local_time":"20210116145524","is_ascension_mode":false,"campfire_choices":[{"data":"Guardian:CurlUp","floor":1,"key":"SMITH"},{"data":"Guardian:TwinSlam","floor":8,"key":"SMITH"},{"data":"Guardian:ChargeUp","floor":12,"key":"SMITH"}],"circlet_count":0,"master_deck":["Guardian:Strike_Guardian","Guardian:Strike_Guardian","Guardian:Strike_Guardian","Guardian:Strike_Guardian","Guardian:Defend_Guardian","Guardian:Defend_Guardian","Guardian:Defend_Guardian","Guardian:Defend_Guardian","Guardian:CurlUp+1","Guardian:TwinSlam+1","Guardian:MultiBeam","Guardian:BronzeOrb","Doubt","Guardian:CrystalBeam","Guardian:ChargeUp+1","Guardian:FuturePlans","Guardian:Gem_Purple","Guardian:BronzeOrb"],"relics":["Guardian:ModeShifter","Guardian:GemstoneGun","Akabeko","Sundial","downfall:HeartBlessingGreen","Bag of Preparation","Incense Burner"],"acts_visited":["Exordium"],"potions_floor_usage":[16,16,16,16],"damage_taken":[{"damage":1,"enemies":"Jaw Worm","floor":2,"turns":4},{"damage":5,"enemies":"downfall:FleeingMerchant","floor":3,"turns":4},{"damage":0,"enemies":"Small Slimes","floor":6,"turns":2},{"damage":0,"enemies":"Cultist","floor":9,"turns":2},{"damage":0,"enemies":"Large Slime","floor":10,"turns":4},{"damage":18,"enemies":"Gremlin Nob","floor":11,"turns":5},{"damage":3,"enemies":"2 Fungi Beasts","floor":13,"turns":3},{"damage":1,"enemies":"Exordium Thugs","floor":15,"turns":3},{"damage":35,"enemies":"DF_ARCHETYPE_STREAMLINE","floor":16,"turns":12}],"seed_played":"569559017049906945","potions_obtained":[{"floor":5,"key":"EntropicBrew"},{"floor":5,"key":"Dexterity Potion"},{"floor":5,"key":"Explosive Potion"},{"floor":6,"key":"SkillPotion"}],"is_trial":false,"path_per_floor":["R","M","$","?","?","M","T","R","M","M","E","R","M","?","M","B"],"character_chosen":"GUARDIAN","items_purchased":[],"campfire_rested":0,"item_purchase_floors":[],"current_hp_per_floor":[80,79,74,74,74,74,74,74,74,74,56,56,53,17,16,0,0,0],"gold":253,"neow_bonus":"ONE_RARE_RELIC","is_daily":false,"chose_seed":false,"campfire_upgraded":3,"win_rate":0.0,"timestamp":1610830524,"path_taken":["R","M","$","?","?","M","T","R","?","M","E","R","M","?","M","BOSS"],"items_purchased_type":[],"build_version":"2020-12-22","purchased_purges":1,"victory":false,"max_hp_per_floor":[80,80,80,80,80,80,80,80,80,80,80,80,80,80,80,80,80,80],"card_choices":[{"not_picked":["Guardian:Orbwalk","Guardian:PiercingHide"],"picked":"Guardian:MultiBeam","floor":2},{"not_picked":["Guardian:TemporalStrike","Guardian:WalkerClaw"],"picked":"Guardian:BronzeOrb","floor":3},{"not_picked":["Guardian:MultiBeam","Guardian:TemporalShield"],"picked":"Guardian:CrystalBeam","floor":6},{"not_picked":["Guardian:Gem_Green","Guardian:CrystalBeam"],"picked":"Guardian:ChargeUp","floor":9},{"not_picked":["Guardian:Gem_Cyan","Guardian:ChargeCore","Guardian:TemporalStrike"],"picked":"SKIP","floor":10},{"not_picked":["Guardian:BodySlam","Guardian:ChargeCore"],"picked":"Guardian:FuturePlans","floor":11},{"not_picked":["Guardian:BronzeOrb","Guardian:CrystalBeam"],"picked":"Guardian:Gem_Purple","floor":13},{"not_picked":["Guardian:Planning","Guardian:PrimingBeam"],"picked":"Guardian:BronzeOrb","floor":15}],"player_experience":1481303,"relics_obtained":[{"floor":7,"key":"Akabeko"},{"floor":11,"key":"Sundial"}],"event_choices":[{"damage_healed":0,"gold_gain":0,"player_choice":"Got Potions","damage_taken":0,"max_hp_gain":0,"max_hp_loss":0,"event_name":"Lab","floor":5,"gold_loss":0},{"damage_healed":0,"gold_gain":1,"player_choice":"Relic Relic ","damage_taken":36,"max_hp_gain":0,"max_hp_loss":0,"event_name":"betterThird:BetterScrap","floor":14,"gold_loss":0,"cards_obtained":["Feel No Pain"]}],"is_beta":false,"boss_relics":[],"items_purged_floors":[3],"is_endless":false,"potions_floor_spawned":[6,10,11,13,15],"killed_by":"DF_ARCHETYPE_STREAMLINE","ascension_level":0}}