{"host":"nl9gyitbz774fola","time":1610814500,"event":{"mods":["AchievementEnabler","BaseMod","Colored Map","Colored Powertips","Minty Spire (QoL Compilation)","Replay The Spire","StSLib","The Alterego","Uncapped"],"gold_per_floor":[118,134,150,168,168,195,195,223,250,250,250,250,269,282,282,382,432,447,479,479,6,18,51,63,78,155,155,155],"floor_reached":27,"language":"ENG","playtime":2681,"items_purged":[],"score":270,"play_id":"3316a6d2-8536-4b69-8419-6693877b9fb3","local_time":"20210116112820","is_ascension_mode":false,"campfire_choices":[{"floor":7.0,"key":"REST"},{"floor":10.0,"key":"REST"},{"floor":12.0,"key":"REST"},{"data":"Massacre","floor":15.0,"key":"SMITH"}],"circlet_count":0,"master_deck":["Strike_R","Strike_R","Strike_R","Strike_R","Defend_R","Defend_R","Defend_R","Defend_R","Blood for Blood","Flex","Headbutt+1","Heavy Blade","Demon Form","Massacre+1","Spot Weakness","Parasite","Hemokinesis","Rage","Berserk","Cleave","Fire Breathing+1","ReplayTheSpireMod:Brewmster","Armaments+1","ReplayTheSpireMod:Stacked","Twin Strike"],"relics":["Burning Blood","Replay:PocketPolymizer","Potion Belt","Bag of Preparation","Tiny House","Red Mask","Charon\u0027s Ashes","Lizard Tail","Mercury Hourglass"],"acts_visited":["Exordium","TheCity"],"potions_floor_usage":[24,24,24,24,27,27,27],"damage_taken":[{"damage":8.0,"enemies":"Cultist","floor":1.0,"turns":3.0},{"damage":13.0,"enemies":"Jaw Worm","floor":2.0,"turns":4.0},{"damage":21.0,"enemies":"Small Slimes","floor":3.0,"turns":4.0},{"damage":17.0,"enemies":"2 Fungi Beasts","floor":4.0,"turns":3.0},{"damage":27.0,"enemies":"Gremlin Nob","floor":6.0,"turns":4.0},{"damage":40.0,"enemies":"3 Sentries","floor":8.0,"turns":7.0},{"damage":7.0,"enemies":"Blue Slaver","floor":13.0,"turns":2.0},{"damage":0.0,"enemies":"Gremlin Gang","floor":14.0,"turns":2.0},{"damage":60.0,"enemies":"Fading Forest","floor":16.0,"turns":11.0},{"damage":36.0,"enemies":"2 Thieves","floor":18.0,"turns":3.0},{"damage":57.0,"enemies":"Masked Bandits","floor":19.0,"turns":4.0},{"damage":36.0,"enemies":"Shell Parasite","floor":22.0,"turns":8.0},{"damage":37.0,"enemies":"Slavers","floor":23.0,"turns":5.0},{"damage":38,"enemies":"Chosen and Byrds","floor":24,"turns":5},{"damage":26,"enemies":"Snecko","floor":25,"turns":6},{"damage":52,"enemies":"Book of Stabbing","floor":27,"turns":3}],"seed_played":"1139383082567313585","potions_obtained":[{"floor":1.0,"key":"Fruit Juice"},{"floor":8.0,"key":"EssenceOfSteel"},{"floor":13.0,"key":"SpeedPotion"},{"floor":14.0,"key":"Fire Potion"},{"floor":16.0,"key":"EssenceOfSteel"},{"floor":17.0,"key":"DuplicationPotion"},{"floor":19.0,"key":"Toxic Potion"}],"is_trial":false,"path_per_floor":["M","M","M","M","?","E","R","E","T","R","?","R","M","M","R","B",null,"M","?","?","$","M","E","M","M","T","E"],"character_chosen":"IRONCLAD","items_purchased":["ReplayTheSpireMod:Brewmster","Charon\u0027s Ashes"],"campfire_rested":3,"item_purchase_floors":[21,21],"current_hp_per_floor":[83,76,61,50,50,29,54,20,20,45,66,85,84,85,85,41,90,60,9,90,90,60,29,43,23,23,0,0],"gold":155,"neow_bonus":"RANDOM_EVENT","is_daily":false,"chose_seed":false,"campfire_upgraded":1,"win_rate":0.0,"timestamp":1610814500,"path_taken":["M","?","M","M","?","E","R","E","T","R","?","R","M","M","R","BOSS","M","?","?","$","M","E","M","M","T","E"],"items_purchased_type":["Card","Relic"],"build_version":"2020-12-22","purchased_purges":0,"victory":false,"max_hp_per_floor":[85,85,85,85,85,85,85,85,85,85,85,85,85,85,85,85,90,90,90,90,90,90,90,90,90,90,90,90],"card_choices":[{"not_picked":["Infernal Blade","Shockwave"],"picked":"Blood for Blood","floor":1.0},{"not_picked":["Warcry","Shrug It Off"],"picked":"Flex","floor":2.0},{"not_picked":["Shrug It Off","Ghostly Armor","Clothesline"],"picked":"SKIP","floor":3.0},{"not_picked":["Replay:Undeath\u0027s Touch","Iron Wave"],"picked":"Headbutt","floor":4.0},{"not_picked":["Shockwave","Dual Wield"],"picked":"Heavy Blade","floor":6.0},{"not_picked":["Replay:Undeath\u0027s Touch","Armaments"],"picked":"Massacre","floor":8.0},{"not_picked":["Armaments","Shrug It Off"],"picked":"Hemokinesis","floor":13.0},{"not_picked":["Burning Pact","Pommel Strike"],"picked":"Rage","floor":14.0},{"not_picked":["Corruption","Demonic Infusion"],"picked":"Berserk","floor":16.0},{"not_picked":["Heavy Blade","True Grit"],"picked":"Cleave","floor":17.0},{"not_picked":["Dark Embrace","Carnage"],"picked":"Fire Breathing+1","floor":18.0},{"not_picked":["True Grit","ReplayTheSpireMod:Strike From Hell"],"picked":"Armaments+1","floor":22.0},{"not_picked":["True Grit","Abandon+1"],"picked":"ReplayTheSpireMod:Stacked","floor":23.0},{"not_picked":["Thunderclap","Battle Trance","True Grit"],"picked":"SKIP","floor":24},{"not_picked":["Dropkick+1","ReplayReversal"],"picked":"Twin Strike","floor":25}],"player_experience":21247,"relics_obtained":[{"floor":6.0,"key":"Potion Belt"},{"floor":8.0,"key":"Bag of Preparation"},{"floor":19.0,"key":"Red Mask"},{"floor":23.0,"key":"Lizard Tail"},{"floor":26,"key":"Mercury Hourglass"}],"event_choices":[{"damage_healed":0.0,"max_hp_gain":0.0,"max_hp_loss":0.0,"gold_gain":0.0,"event_name":"Big Fish","player_choice":"Box","floor":0.0,"gold_loss":0.0,"damage_taken":0.0,"relics_obtained":["Replay:PocketPolymizer"],"cards_obtained":["Regret"]},{"cards_removed":["Regret"],"damage_healed":0.0,"max_hp_gain":0.0,"max_hp_loss":0.0,"gold_gain":0.0,"event_name":"Living Wall","player_choice":"Forget","floor":5.0,"gold_loss":0.0,"damage_taken":0.0},{"damage_healed":21.0,"max_hp_gain":0.0,"max_hp_loss":0.0,"gold_gain":0.0,"event_name":"Mushrooms","player_choice":"Healed and dodged fight","floor":11.0,"gold_loss":0.0,"damage_taken":0.0,"cards_obtained":["Parasite"]},{"damage_healed":0.0,"max_hp_gain":0.0,"max_hp_loss":0.0,"gold_gain":0.0,"event_name":"Masked Bandits","player_choice":"Fought Bandits","floor":19.0,"gold_loss":0.0,"damage_taken":0.0},{"damage_healed":81.0,"max_hp_gain":0.0,"max_hp_loss":0.0,"gold_gain":0.0,"event_name":"Wheel of Change","player_choice":"Full Heal","floor":20.0,"gold_loss":0.0,"damage_taken":0.0}],"is_beta":false,"boss_relics":[{"not_picked":["Philosopher\u0027s Stone","ReplayTheSpireMod:DimensionalGlitch"],"picked":"Tiny House"}],"items_purged_floors":[],"is_endless":false,"potions_floor_spawned":[1,8,13,14,16,19,22],"killed_by":"Book of Stabbing","ascension_level":0}}