{"host":"d6c1my71jrq4jqot","time":1610814287,"event":{"mods":["AchievementEnabler","BaseMod","Colored Powertips","Minty Spire (QoL Compilation)","Relic Stats","Slay the Relics Exporter"],"gold_per_floor":[15,15,29,43,43,86,86,111,111,145,166,166,204,223,223,314,314,334,358,12,36,54,54,54,54],"floor_reached":24,"language":"ENG","playtime":1378,"items_purged":["Strike_G"],"score":407,"play_id":"854a60c5-45cb-4950-a6df-d5554a9a4020","local_time":"20210116142447","is_ascension_mode":true,"campfire_choices":[{"floor":7,"key":"REST"},{"data":"Blade Dance","floor":15,"key":"SMITH"},{"data":"Dash","floor":23,"key":"SMITH"}],"circlet_count":0,"master_deck":["AscendersBane","Strike_G","Strike_G","Strike_G","Defend_G","Defend_G","Defend_G","Defend_G","Survivor","Neutralize","Backstab","Well Laid Plans","Dagger Throw","Blade Dance+1","Die Die Die","Slice","Tools of the Trade","Die Die Die","Cloak And Dagger","Dash+1","PiercingWail+1"],"relics":["Ring of the Snake","Golden Idol","Meat on the Bone","Matryoshka","HornCleat","Strawberry","Runic Dome","ClockworkSouvenir"],"acts_visited":["Exordium","TheCity"],"potions_floor_usage":[10,10,16,22],"damage_taken":[{"damage":8,"enemies":"Cultist","floor":1,"turns":5},{"damage":2,"enemies":"Small Slimes","floor":3,"turns":4},{"damage":0,"enemies":"2 Louse","floor":4,"turns":4},{"damage":30,"enemies":"Gremlin Nob","floor":6,"turns":5},{"damage":16,"enemies":"Lots of Slimes","floor":8,"turns":6},{"damage":8,"enemies":"Lagavulin","floor":10,"turns":6},{"damage":3,"enemies":"Looter","floor":11,"turns":3},{"damage":13,"enemies":"Gremlin Nob","floor":13,"turns":4},{"damage":25,"enemies":"Exordium Thugs","floor":14,"turns":4},{"damage":24,"enemies":"Hexaghost","floor":16,"turns":10},{"damage":12,"enemies":"2 Thieves","floor":18,"turns":3},{"damage":30,"enemies":"Shell Parasite","floor":19,"turns":5},{"damage":7,"enemies":"Centurion and Healer","floor":21,"turns":7},{"damage":15,"enemies":"Shelled Parasite and Fungi","floor":22,"turns":4},{"damage":41,"enemies":"Book of Stabbing","floor":24,"turns":5}],"seed_played":"-4121880439908654083","potions_obtained":[{"floor":1,"key":"SmokeBomb"},{"floor":5,"key":"GhostInAJar"},{"floor":5,"key":"SmokeBomb"},{"floor":8,"key":"ColorlessPotion"},{"floor":10,"key":"PowerPotion"},{"floor":19,"key":"FearPotion"}],"is_trial":false,"path_per_floor":["M","?","M","M","?","E","R","M","T","E","M","?","E","M","R","B",null,"M","M","$","M","M","R","E"],"character_chosen":"THE_SILENT","items_purchased":["CultistPotion","ClockworkSouvenir"],"campfire_rested":1,"item_purchase_floors":[20,20],"current_hp_per_floor":[51,51,49,49,49,19,37,33,33,37,34,70,64,39,39,27,65,53,35,35,40,37,37,0,0],"gold":54,"neow_bonus":"REMOVE_TWO","is_daily":false,"chose_seed":false,"campfire_upgraded":2,"win_rate":0.0,"timestamp":1610814287,"path_taken":["M","?","M","M","?","E","R","M","T","E","?","?","E","M","R","BOSS","M","M","?","M","M","R","E"],"items_purchased_type":["Potion","Relic"],"build_version":"2020-12-22","purchased_purges":1,"victory":false,"max_hp_per_floor":[66,60,60,60,60,60,60,60,60,60,60,70,77,77,77,77,77,77,77,77,77,77,77,77,77],"relic_stats":{"counters":[15,75],"Golden Idol":79,"obtain_stats":[{"Runic Dome":17,"Matryoshka":9,"HornCleat":10,"Golden Idol":2,"Strawberry":13,"Ring of the Snake":0,"Meat on the Bone":6,"ClockworkSouvenir":20},{"Runic Dome":10,"Matryoshka":5,"HornCleat":6,"Golden Idol":1,"Strawberry":8,"Ring of the Snake":0,"Meat on the Bone":4,"ClockworkSouvenir":12},{"Runic Dome":51,"Matryoshka":24,"HornCleat":30,"Golden Idol":5,"Strawberry":37,"Ring of the Snake":0,"Meat on the Bone":18,"ClockworkSouvenir":59}],"Ring of the Snake":[30],"Meat on the Bone":72},"card_choices":[{"not_picked":["All Out Attack","PiercingWail"],"picked":"Backstab","floor":1},{"not_picked":["Choke","Reflex"],"picked":"Well Laid Plans","floor":3},{"not_picked":["Poisoned Stab","Sucker Punch"],"picked":"Dagger Throw","floor":4},{"not_picked":["Infinite Blades","Deflect"],"picked":"Phantasmal Killer","floor":6},{"not_picked":["Poisoned Stab","Infinite Blades"],"picked":"Blade Dance","floor":8},{"not_picked":["Choke","Eviscerate"],"picked":"Die Die Die","floor":10},{"not_picked":["Finisher","Skewer","Sucker Punch"],"picked":"SKIP","floor":11},{"not_picked":["Slice","Deflect","Dodge and Roll"],"picked":"SKIP","floor":13},{"not_picked":["Deflect","Dodge and Roll"],"picked":"Slice","floor":13},{"not_picked":["PiercingWail","Dagger Throw"],"picked":"Tools of the Trade","floor":14},{"not_picked":["Burst","Bullet Time"],"picked":"Die Die Die","floor":16},{"not_picked":["Expertise","Sucker Punch"],"picked":"Cloak And Dagger","floor":18},{"not_picked":["Quick Slash","Skewer"],"picked":"Dash","floor":19},{"not_picked":["Bane+1","Cloak And Dagger"],"picked":"PiercingWail+1","floor":21},{"not_picked":["Slice","Concentrate","Flying Knee"],"picked":"SKIP","floor":22}],"player_experience":636709,"relics_obtained":[{"floor":6,"key":"Meat on the Bone"},{"floor":9,"key":"Matryoshka"},{"floor":10,"key":"HornCleat"},{"floor":13,"key":"Strawberry"}],"event_choices":[{"damage_healed":0,"gold_gain":0,"player_choice":"Lose Max HP","damage_taken":0,"relics_obtained":["Golden Idol"],"max_hp_gain":0,"max_hp_loss":6,"event_name":"Golden Idol","floor":2,"gold_loss":0},{"damage_healed":0,"gold_gain":0,"player_choice":"Got Potions","damage_taken":0,"max_hp_gain":0,"max_hp_loss":0,"event_name":"Lab","floor":5,"gold_loss":0},{"cards_removed":["Phantasmal Killer"],"damage_healed":26,"gold_gain":0,"player_choice":"Offered Rare","damage_taken":0,"max_hp_gain":10,"max_hp_loss":0,"event_name":"Bonfire Elementals","floor":12,"gold_loss":0}],"is_beta":false,"boss_relics":[{"not_picked":["Empty Cage","Ectoplasm"],"picked":"Runic Dome"}],"items_purged_floors":[20],"is_endless":false,"potions_floor_spawned":[1,8,10,19],"killed_by":"Book of Stabbing","ascension_level":17}}