{"host":"mgc7o2tpy0ck407l","time":1610822602,"event":{"mods":["Alarm Clock","AlwaysNeverKeys","BaseMod","Better Altar","Better Match","Better Note","Better Sensory Stone","Better Skull","Better Third Choice","Better Vampires","Block Reminder","Booster Modes","Challenge The Spire","Colored Map","Colored Powertips","Disable Question Mark Monsters","Displayed Cursed Tome","Emptier Cage","Energized Spire","Evolution","Infinite Spire","Minty Spire (QoL Compilation)","Permanent Neow","Quick Restart","Rare Cards Sparkle","Reorder Act Four","Spicy Shops","StSLib","SuperFastMode","Transform Curses","Unceasing Turn Reminder"],"gold_per_floor":[209,58,58,58,76,102,102,102,102,129,145,145,200,200,200,300,300,316,167,167,183,183,183,197,197,197,296,307,321,352,370,370,472,472,488,488,538,538,557,557,182,213,213,213,238,251,271,294,294,294,294,3,3,34,34],"floor_reached":56,"language":"ENG","playtime":1571,"items_purged":["Dualcast","Pride"],"score":1301,"play_id":"0bf1ee45-57ed-4c0a-8e98-51977b806668","local_time":"20210116134322","is_ascension_mode":true,"campfire_choices":[{"data":"Consume","floor":7.0,"key":"SMITH"},{"data":"Defragment","floor":12.0,"key":"SMITH"},{"data":"Capacitor","floor":15.0,"key":"SMITH"},{"data":"Fission","floor":23.0,"key":"SMITH"},{"data":"Ball Lightning","floor":25,"key":"SMITH"},{"data":"Defragment","floor":32,"key":"SMITH"},{"data":"Thunder Strike","floor":40,"key":"SMITH"},{"data":"infinitespire:Starlight","floor":44,"key":"SMITH"},{"data":"Ball Lightning","floor":49,"key":"SMITH"},{"data":"Biased Cognition","floor":53,"key":"SMITH"}],"circlet_count":0,"master_deck":["Ball Lightning+1","Ball Lightning+1","Ball Lightning+1","Ball Lightning+1","Conserve Battery","Conserve Battery","Conserve Battery","Conserve Battery","Consume+1","Defragment+1","Capacitor+1","Fission+1","Lockon+1","Defragment+1","Defragment+1","Thunder Strike+1","infinitespire:Starlight+1","Ball Lightning+1","Tempest+1","Biased Cognition+1","Biased Cognition"],"relics":["Cracked Core","EVO:Axolotl","Runic Capacitor","Whetstone","infinitespire:Lucky Rock","Gambling Chip","Darkstone Periapt","Thread and Needle","Turnip","Philosopher\u0027s Stone","OrangePellets","infinitespire:PuzzleCube","Anchor","Nuclear Battery","infinitespire:Golems Mask","Torii","Medical Kit","Bottled Lightning","Pantograph","Boot","Regal Pillow","Dead Branch","Symbiotic Virus"],"acts_visited":["Exordium","TheCity","TheBeyond","TheEnding"],"potions_floor_usage":[39,50,55],"damage_taken":[{"damage":0.0,"enemies":"Cultist","floor":1.0,"turns":2.0},{"damage":0.0,"enemies":"Jaw Worm","floor":5.0,"turns":2.0},{"damage":2.0,"enemies":"3 Sentries","floor":6.0,"turns":4.0},{"damage":6.0,"enemies":"Gremlin Nob","floor":10.0,"turns":3.0},{"damage":0.0,"enemies":"Small Slimes","floor":11.0,"turns":2.0},{"damage":5.0,"enemies":"3 Sentries","floor":13.0,"turns":4.0},{"damage":23.0,"enemies":"The Guardian","floor":16.0,"turns":6.0},{"damage":0.0,"enemies":"3 Byrds","floor":18.0,"turns":3.0},{"damage":16.0,"enemies":"2 Thieves","floor":21.0,"turns":3.0},{"damage":13,"enemies":"Snake Plant","floor":24,"turns":2},{"damage":4,"enemies":"Centurion and Healer","floor":28,"turns":4},{"damage":0,"enemies":"Snecko","floor":29,"turns":2},{"damage":3,"enemies":"Book of Stabbing","floor":30,"turns":3},{"damage":10,"enemies":"3 Cultists","floor":31,"turns":3},{"damage":3,"enemies":"Champ","floor":33,"turns":5},{"damage":0,"enemies":"3 Darklings","floor":35,"turns":2},{"damage":31,"enemies":"Mind Bloom Boss Battle","floor":37,"turns":3},{"damage":0,"enemies":"Orb Walker","floor":39,"turns":2},{"damage":41,"enemies":"Reptomancer","floor":42,"turns":3},{"damage":1,"enemies":"Nemesis","floor":45,"turns":4},{"damage":0,"enemies":"Sphere and 2 Shapes","floor":46,"turns":3},{"damage":15,"enemies":"Maw","floor":47,"turns":3},{"damage":49,"enemies":"Time Eater","floor":50,"turns":4},{"damage":24,"enemies":"Shield and Spear","floor":54,"turns":4},{"damage":46,"enemies":"The Heart","floor":55,"turns":6}],"seed_played":"4158434380090640526","potions_obtained":[{"floor":1.0,"key":"PowerPotion"},{"floor":16.0,"key":"LiquidBronze"},{"floor":29,"key":"GamblersBrew"},{"floor":31,"key":"Strength Potion"},{"floor":33,"key":"SpeedPotion"},{"floor":39,"key":"Energy Potion"}],"is_trial":false,"path_per_floor":["M","$","?","$","M","E","R","?","T","E","M","R","?","?","R","B",null,"M","$","?","M","?","R","M","R","T","?","M","M","E","M","R","B",null,"M","?","?","?","M","R","$","E","T","R","E","M","M","T","R","B",null,"$","R","E","B",null],"character_chosen":"DEFECT","items_purchased":["Runic Capacitor","OrangePellets","Torii","Medical Kit","Biased Cognition","Dead Branch"],"campfire_rested":0,"item_purchase_floors":[2,19,41,41,52,52],"current_hp_per_floor":[79,79,79,79,79,77,77,65,65,59,59,59,54,47,47,24,79,79,79,79,63,63,63,50,50,50,50,46,46,43,33,33,30,79,79,61,40,40,50,50,56,25,25,25,39,54,39,39,39,30,81,81,81,57,48],"gold":34,"neow_bonus":"HUNDRED_GOLD","is_daily":false,"chose_seed":false,"campfire_upgraded":10,"win_rate":0.0,"timestamp":1610822602,"path_taken":["M","$","?","$","M","E","R","?","T","E","M","R","?","?","R","BOSS","M","$","?","M","?","R","M","R","T","?","M","M","E","M","R","BOSS","M","?","?","?","M","R","$","E","T","R","E","M","M","?","R","BOSS","$","R","E","BOSS"],"items_purchased_type":["Relic","Relic","Relic","Relic","Card","Relic"],"build_version":"2020-12-22","purchased_purges":2,"victory":true,"max_hp_per_floor":[79,79,79,79,79,79,79,79,79,79,79,79,79,79,79,79,79,79,79,79,79,79,79,79,79,79,79,79,79,79,79,79,79,79,79,79,79,75,75,75,81,81,81,81,81,81,81,81,81,81,81,81,81,81,81],"card_choices":[{"not_picked":["Compile Driver","Chill"],"picked":"Consume","floor":1.0},{"not_picked":["Fusion","Stack","Conserve Battery"],"picked":"SKIP","floor":5.0},{"not_picked":["Sweeping Beam","Turbo","Leap"],"picked":"SKIP","floor":6.0},{"not_picked":["Stack","Creative AI","Hologram"],"picked":"SKIP","floor":10.0},{"not_picked":["Steam","Blizzard"],"picked":"Defragment","floor":11.0},{"not_picked":["Coolheaded","Streamline"],"picked":"Capacitor","floor":13.0},{"not_picked":["Amplify","Hyperbeam"],"picked":"Fission","floor":16.0},{"not_picked":["Double Energy","Skim+1","Ball Lightning+1"],"picked":"SKIP","floor":18.0},{"not_picked":["Sweeping Beam","Blizzard","FTL+1"],"picked":"SKIP","floor":21.0},{"not_picked":["Rebound","Blizzard"],"picked":"Lockon+1","floor":24},{"not_picked":["Ball Lightning","Conserve Battery+1"],"picked":"Defragment","floor":28},{"not_picked":["Capacitor","Hologram","Sweeping Beam"],"picked":"SKIP","floor":29},{"not_picked":["Turbo+1","Heatsinks+1"],"picked":"Defragment+1","floor":30},{"not_picked":["Glacier","White Noise+1","Genetic Algorithm"],"picked":"SKIP","floor":31},{"not_picked":["Rainbow","Reboot"],"picked":"Thunder Strike","floor":33},{"not_picked":["Hologram","Go for the Eyes","Redo+1"],"picked":"SKIP","floor":35},{"not_picked":["infinitespire:DeathsTouch","infinitespire:Fortify"],"picked":"infinitespire:Starlight","floor":36},{"not_picked":["Stack","Beam Cell+1"],"picked":"Ball Lightning+1","floor":39},{"not_picked":["Amplify","Hyperbeam","Gash"],"picked":"SKIP","floor":42},{"not_picked":["Compile Driver+1","Leap","Beam Cell+1"],"picked":"SKIP","floor":45},{"not_picked":["Cold Snap+1","Compile Driver"],"picked":"Tempest+1","floor":46},{"not_picked":["Skim+1","Steam","Coolheaded"],"picked":"SKIP","floor":47},{"not_picked":["Heatsinks+1","Stack"],"picked":"Biased Cognition","floor":54}],"player_experience":751112,"relics_obtained":[{"floor":3.0,"key":"Whetstone"},{"floor":6.0,"key":"infinitespire:Lucky Rock"},{"floor":9.0,"key":"Darkstone Periapt"},{"floor":10.0,"key":"Thread and Needle"},{"floor":13.0,"key":"Turnip"},{"floor":26,"key":"infinitespire:PuzzleCube"},{"floor":30,"key":"Anchor"},{"floor":37,"key":"infinitespire:Golems Mask"},{"floor":42,"key":"Bottled Lightning"},{"floor":43,"key":"Pantograph"},{"floor":45,"key":"Boot"},{"floor":48,"key":"Regal Pillow"},{"floor":54,"key":"Symbiotic Virus"}],"event_choices":[{"damage_healed":0.0,"max_hp_gain":0.0,"max_hp_loss":0.0,"gold_gain":0.0,"event_name":"betterThird:BetterScrap","player_choice":"Relic ","floor":8.0,"gold_loss":0.0,"damage_taken":12.0,"cards_obtained":["Ragnarok"]},{"damage_healed":0.0,"max_hp_gain":0.0,"max_hp_loss":0.0,"gold_gain":0.0,"event_name":"Dead Adventurer","player_choice":"Searched \u00271\u0027 times","floor":13.0,"gold_loss":0.0,"damage_taken":0.0},{"cards_removed":["Zap"],"damage_healed":0.0,"max_hp_gain":0.0,"max_hp_loss":0.0,"gold_gain":0.0,"event_name":"Golden Wing","player_choice":"Card Removal","floor":14.0,"gold_loss":0.0,"damage_taken":7.0},{"cards_removed":["Ball Lightning"],"damage_healed":0.0,"max_hp_gain":0.0,"max_hp_loss":0.0,"gold_gain":0.0,"event_name":"betterNote:BetterNote","player_choice":"Give","floor":20.0,"gold_loss":0.0,"damage_taken":0.0,"cards_obtained":["Coolheaded"]},{"damage_healed":0.0,"max_hp_gain":0.0,"max_hp_loss":0.0,"gold_gain":0.0,"event_name":"betterThird:BetterWriting","player_choice":"Adaptability","floor":22.0,"gold_loss":0.0,"damage_taken":0.0},{"damage_healed":0,"gold_gain":99,"player_choice":"Steal","damage_taken":0,"max_hp_gain":0,"max_hp_loss":0,"event_name":"betterThird:BetterNest","floor":27,"gold_loss":0},{"damage_healed":0,"gold_gain":0,"player_choice":"Fight","damage_taken":0,"max_hp_gain":0,"max_hp_loss":0,"event_name":"MindBloom","floor":37,"gold_loss":0},{"damage_healed":0,"gold_gain":0,"player_choice":"Max HP","damage_taken":0,"max_hp_gain":0,"max_hp_loss":4,"event_name":"Winding Halls","floor":38,"gold_loss":0}],"is_beta":false,"boss_relics":[{"not_picked":["energizedSpire:MagnifyingGlass","Ectoplasm"],"picked":"Philosopher\u0027s Stone"},{"not_picked":["energizedSpire:OldTV","Fusion Hammer"],"picked":"Nuclear Battery"}],"items_purged_floors":[19,41],"is_endless":false,"potions_floor_spawned":[1,16,29,31,33,39,45,46],"ascension_level":1}}