{"host":"73u9ojxmo0iakdto","time":1610774708,"event":{"mods":["BaseMod","Better Third Choice","Minty Spire (QoL Compilation)","Permanent Neow","Replay The Spire","StSLib"],"gold_per_floor":[114,114,129,205,205,205,205,220,245,275,275,275,275,325,325,425,425,440,455,455,405,105,105,135,85,135,135,260,260,110,113,113,213,213,228,243,285,285,285,285,285,85,85,85,85,85,35,35,35,35,35,35],"floor_reached":53,"language":"ENG","playtime":2990,"items_purged":["Spreading Infection","Regret","Shame","ReplayTheSpireMod:Doomed"],"score":809,"play_id":"17871210-6e2b-427a-a77c-e884617f5741","local_time":"20210115232508","daily_mods":["Allstar","Flight","Night Terrors"],"is_ascension_mode":false,"campfire_choices":[{"data":"Jack Of All Trades","floor":6,"key":"SMITH"},{"floor":12,"key":"REST"},{"floor":15,"key":"DIG"},{"data":"Draining Mist","floor":23,"key":"SMITH"},{"data":"ReplayTheSpireMod:From All Sides","floor":27,"key":"SMITH"},{"data":"Strike_G+2","floor":32,"key":"SMITH"},{"data":"Strike_G+4","floor":40,"key":"SMITH"},{"data":"Strike_G+5","floor":41,"key":"SMITH"},{"data":"Replay:Bag of Tricks","floor":46,"key":"SMITH"},{"data":"Strike_G+6","floor":49,"key":"SMITH"},{"data":"Strike_G+7","floor":51,"key":"SMITH"}],"circlet_count":0,"master_deck":["Strike_G+2","Strike_G+8","Strike_G+2","Strike_G+2","Defend_G+2","Defend_G+2","Defend_G+3","Survivor+1","Neutralize+1","Impatience+1","Jack Of All Trades+1","Dramatic Entrance+1","Violence+1","Specialist+1","Blade Dance+1","Venomology+1","Masterful Stab+1","Draining Mist+1","ReplayTheSpireMod:Omega Cannon+1","ReplayTheSpireMod:From All Sides+1","Venomology+1","Replay:Bag of Tricks+1","CommonCold","Madness","Deflect"],"relics":["Ring of the Snake","Blood Vial","Omamori","Akabeko","Replay:Bottled Flurry","Smiling Mask","Replay:Rubber Ducky","Pen Nib","Replay:Ancient Bell","Replay:Baseball","Mummified Hand","Dead Branch","Quantum Egg","Replay:Bottled Eggs","Juzu Bracelet","CaptainsWheel","Eternal Feather","Simple Rune","Red Mask","Cursed Key","Replay:PocketPolymizer","Mark of the Bloom","ReplayTheSpireMod:Ring of Addiction","Ring of Misfortune","SacredBark","White Beast Statue","ClockworkSouvenir","Letter Opener","ReplayTheSpireMod:CursedCoin","Oddly Smooth Stone"],"acts_visited":["Exordium","TheCity","TheBeyond"],"potions_floor_usage":[8,16,19,19,19,28,31,33,33,33,33,37,52,52,52],"damage_taken":[{"damage":0,"enemies":"2 Louse","floor":1,"turns":1},{"damage":0,"enemies":"Small Slimes","floor":3,"turns":2},{"damage":8,"enemies":"Jaw Worm","floor":8,"turns":2},{"damage":13,"enemies":"Gremlin Nob","floor":10,"turns":3},{"damage":2,"enemies":"Slime Boss","floor":16,"turns":6},{"damage":0,"enemies":"2 Thieves","floor":18,"turns":1},{"damage":0,"enemies":"3 Byrds","floor":19,"turns":2},{"damage":27,"enemies":"Slavers","floor":24,"turns":2},{"damage":13,"enemies":"Colosseum Slavers","floor":28,"turns":2},{"damage":0,"enemies":"Colosseum Nobs","floor":28,"turns":2},{"damage":0,"enemies":"Masked Bandits","floor":31,"turns":2},{"damage":30,"enemies":"Pondfish","floor":33,"turns":10},{"damage":0,"enemies":"3 Darklings","floor":35,"turns":2},{"damage":12,"enemies":"3 Shapes","floor":36,"turns":1},{"damage":0,"enemies":"2 Orb Walkers","floor":37,"turns":1},{"damage":0,"enemies":"Replay:Hell Engine","floor":52,"turns":2}],"seed_played":"2700428786693623746","potions_obtained":[{"floor":4,"key":"Elixir"},{"floor":4,"key":"CultistPotion"},{"floor":10,"key":"AttackPotion"},{"floor":24,"key":"Cursed Concoction"},{"floor":28,"key":"Fire Potion"},{"floor":37,"key":"Adrenaline Potion"},{"floor":39,"key":"SkillPotion"},{"floor":39,"key":"CunningPotion"}],"is_trial":false,"path_per_floor":["M","?","M","?","?","R","?","M","T","E","?","R","?","T","R","B",null,"M","M","?","$","$","R","E","?","T","R","?","?","$","?","R","B",null,"M","M","?","?","?","R","R","$","PTL","PTL","T","R","$","?","R","?","R","B",null],"character_chosen":"THE_SILENT","items_purchased":["Quantum Egg","Simple Rune","ClockworkSouvenir","ReplayTheSpireMod:CursedCoin","Oddly Smooth Stone"],"campfire_rested":1,"item_purchase_floors":[22,30,42,47,47],"current_hp_per_floor":[70,70,70,42,42,42,42,36,36,25,9,65,65,65,65,63,65,65,65,65,65,65,65,38,38,38,38,29,29,29,31,43,15,65,65,53,55,55,55,55,55,55,55,55,55,55,55,50,50,50,50,50],"gold":35,"neow_bonus":"","is_daily":true,"chose_seed":false,"campfire_upgraded":9,"win_rate":0.0,"timestamp":1610774708,"path_taken":["M","?","M","?","?","R","?","?","T","E","?","R","?","?","R","BOSS","M","M","?","$","$","R","E","?","T","R","?","?","$","?","R","BOSS","M","M","?","?","?","R","R","$","PTL","PTL","T","R","$","?","R","?","R","BOSS"],"items_purchased_type":["Relic","Relic","Relic","Relic","Relic"],"build_version":"2020-12-22","purchased_purges":4,"victory":true,"max_hp_per_floor":[70,70,70,70,70,70,70,70,70,70,70,65,65,65,65,65,65,65,65,65,65,65,65,65,65,65,65,65,65,65,65,65,65,65,65,65,65,65,65,65,65,65,63,63,63,61,61,61,59,59,59,57],"card_choices":[{"not_picked":["Sucker Punch","Riddle With Holes"],"picked":"Blade Dance","floor":1},{"not_picked":["Leg Sweep","Expertise","Outmaneuver"],"picked":"SKIP","floor":3},{"not_picked":["Hidden Blade","Bullet Time"],"picked":"Masterful Stab","floor":4},{"not_picked":["Caltrops","Blade Dance"],"picked":"Draining Mist","floor":8},{"not_picked":["Setup","Unload"],"picked":"Toxin Wave","floor":10},{"not_picked":["After Image","Bullet Time"],"picked":"ReplayTheSpireMod:From All Sides","floor":16},{"not_picked":["Replay:Hysterical Blindness","Sickly"],"picked":"Languid","floor":17},{"not_picked":["Doubt","Replay:Hysterical Blindness"],"picked":"ReplayTheSpireMod:IOU","floor":17},{"not_picked":["AbeCurse","ReplayTheSpireMod:Doomed"],"picked":"Spreading Infection","floor":17},{"not_picked":["Acrobatics+1","Footwork"],"picked":"ReplayTheSpireMod:Shiv Toss","floor":18},{"not_picked":["Poisoned Stab","Bane","Calculated Gamble"],"picked":"SKIP","floor":19},{"not_picked":["Atom Bomb","Leg Sweep","Backflip+1"],"picked":"SKIP","floor":24},{"not_picked":["Dagger Spray+1","Well Laid Plans+1","Quick Slash+1"],"picked":"SKIP","floor":35},{"not_picked":["Toxin Wave+1","Poisoned Stab","Bane+1"],"picked":"SKIP","floor":36},{"not_picked":["Bandage Up","Deep Breath"],"picked":"Madness","floor":48}],"player_experience":201417,"relics_obtained":[{"floor":4,"key":"Blood Vial"},{"floor":9,"key":"Akabeko"},{"floor":10,"key":"Replay:Bottled Flurry"},{"floor":14,"key":"Replay:Rubber Ducky"},{"floor":15,"key":"Pen Nib"},{"floor":24,"key":"Replay:Bottled Eggs"},{"floor":26,"key":"Juzu Bracelet"},{"floor":28,"key":"CaptainsWheel"},{"floor":28,"key":"Eternal Feather"},{"floor":31,"key":"Red Mask"},{"floor":37,"key":"Replay:PocketPolymizer"},{"floor":39,"key":"ReplayTheSpireMod:Ring of Addiction"},{"floor":39,"key":"Ring of Misfortune"},{"floor":39,"key":"SacredBark"},{"floor":39,"key":"White Beast Statue"},{"floor":45,"key":"Letter Opener"}],"event_choices":[{"damage_healed":0,"gold_gain":0,"cards_transformed":["Defend_G"],"player_choice":"Change","damage_taken":0,"max_hp_gain":0,"max_hp_loss":0,"event_name":"Living Wall","floor":2,"gold_loss":0,"cards_obtained":["Venomology"]},{"damage_healed":0,"gold_gain":0,"player_choice":"Box","damage_taken":0,"relics_obtained":["Omamori"],"max_hp_gain":0,"max_hp_loss":0,"event_name":"Big Fish","floor":5,"gold_loss":0,"cards_obtained":["Regret"]},{"damage_healed":0,"gold_gain":0,"player_choice":"Bought 0 Potions","damage_taken":0,"max_hp_gain":0,"max_hp_loss":0,"event_name":"The Woman in Blue","floor":7,"gold_loss":0},{"damage_healed":0,"gold_gain":0,"player_choice":"Read","damage_taken":0,"max_hp_gain":0,"max_hp_loss":0,"event_name":"The Library","floor":20,"gold_loss":0,"cards_obtained":["Venomology"]},{"damage_healed":0,"gold_gain":0,"player_choice":"Bet on Murderer","damage_taken":0,"max_hp_gain":0,"max_hp_loss":0,"event_name":"The Joust","floor":25,"gold_loss":50},{"damage_healed":0,"gold_gain":0,"player_choice":"Fight","damage_taken":0,"max_hp_gain":0,"max_hp_loss":0,"event_name":"Colosseum","floor":28,"gold_loss":0},{"damage_healed":0,"gold_gain":0,"player_choice":"Fought Nobs","damage_taken":0,"max_hp_gain":0,"max_hp_loss":0,"event_name":"Colosseum","floor":28,"gold_loss":0},{"damage_healed":0,"gold_gain":0,"player_choice":"Simplicity","damage_taken":0,"max_hp_gain":0,"max_hp_loss":8,"event_name":"betterThird:BetterWriting","floor":29,"gold_loss":0},{"damage_healed":0,"gold_gain":0,"player_choice":"Fought Bandits","damage_taken":0,"max_hp_gain":0,"max_hp_loss":0,"event_name":"Masked Bandits","floor":31,"gold_loss":0},{"damage_healed":0,"gold_gain":0,"player_choice":"Fight","damage_taken":0,"max_hp_gain":0,"max_hp_loss":0,"event_name":"Mysterious Sphere","floor":37,"gold_loss":0},{"damage_healed":0,"gold_gain":0,"player_choice":"Upgrade","damage_taken":0,"relics_obtained":["Mark of the Bloom"],"max_hp_gain":0,"max_hp_loss":0,"event_name":"MindBloom","floor":38,"gold_loss":0,"cards_upgraded":["Strike_G","Strike_G","Strike_G","Strike_G","Defend_G","Defend_G","Defend_G","Defend_G","Survivor","Neutralize","Impatience","Dramatic Entrance","Violence","Specialist","Blade Dance","Masterful Stab","Toxin Wave","ReplayTheSpireMod:Omega Cannon","ReplayTheSpireMod:Shiv Toss"]},{"damage_healed":0,"gold_gain":0,"player_choice":"Memory 2","damage_taken":5,"max_hp_gain":0,"max_hp_loss":0,"event_name":"SensoryStone","floor":48,"gold_loss":0},{"cards_removed":["Defend_G"],"damage_healed":0,"gold_gain":0,"player_choice":"Removed Skill","damage_taken":0,"max_hp_gain":0,"max_hp_loss":0,"event_name":"Falling","floor":50,"gold_loss":0}],"is_beta":false,"boss_relics":[{"not_picked":["Kintsugi","SacredBark"],"picked":"Replay:Ancient Bell"},{"not_picked":["War Paint","Boot"],"picked":"Replay:Baseball"},{"not_picked":["Molten Egg 2","Ornamental Fan"],"picked":"Mummified Hand"},{"not_picked":["StoneCalendar","Tingsha"],"picked":"Dead Branch"},{"not_picked":["Ring of the Serpent","Calling Bell"],"picked":"Cursed Key"}],"items_purged_floors":[21,22,42,47],"is_endless":false,"potions_floor_spawned":[10,16,24,28,31,37],"ascension_level":0}}