{"host":"e4wnmsyty9uvvtwf","time":1610794040,"event":{"mods":["Act Like it!","BaseMod","Colored Map","Colored Powertips","Gensokyo","Marisa£®ÏF”Í°°ƒß¿Ì…≥£©","Minty Spire (QoL Compilation)","Rare Cards Sparkle","StSLib"],"gold_per_floor":[10,20,37,92,21,21,53,66,137,137,137,137,42,59,59,462,462,681,681,681,701,701,701,727,283,352,43,43,59,59,59,59,160,160,370,370,370,310,310,338,338,369,369,369,387,397,427,442,442,442],"floor_reached":51,"language":"ZHS","playtime":1874,"items_purged":[],"score":899,"play_id":"5372da51-2695-456e-a6fa-5a4bb198aaa7","local_time":"20210116184720","is_ascension_mode":false,"campfire_choices":[{"data":"BinaryStars","floor":6,"key":"SMITH"},{"data":"Occultation","floor":12,"key":"SMITH"},{"data":"StarDustReverie","floor":15,"key":"SMITH"},{"data":"TreasureHunter","floor":23,"key":"SMITH"},{"data":"DarkMatter","floor":28,"key":"SMITH"},{"data":"CollectingQuirk","floor":30,"key":"SMITH"},{"data":"AsteroidBelt","floor":32,"key":"SMITH"},{"data":"EscapeVelocity","floor":49,"key":"SMITH"}],"circlet_count":0,"master_deck":["Strike_MRS+1","Defend_MRS","Defend_MRS","Defend_MRS","Defend_MRS","MasterSpark+1","UpSweep","BinaryStars+1","AsteroidBelt+1","ShootingEcho+1","StarDustReverie+1","Singularity","Occultation+1","GravityBeat","TreasureHunter+1","IllusionStar+1","PulseMagic","CollectingQuirk+1","Flash of Steel","DarkMatter+1","SuperPerseids","Gensokyo:ShootingStar","SatelliteIllusion","EscapeVelocity+1","OortCloud","Gensokyo:ReactiveArmor","Gensokyo:CustomPotion","BlazingStar+1","MagicAbsorber+1","ShootTheMoon+1","ShootingEcho+1","GasGiant","ManaConvection+1","Acceleration+1"],"relics":["MiniHakkero","Bag of Preparation","Ice Cream","Question Card","Philosopher\u0027s Stone","Meat on the Bone","Gensokyo:RedStar","Gensokyo:MosesMiracle","Gensokyo:DirgeOfMelancholy","Bird Faced Urn","Whetstone","OrangePellets","HandDrill","HornCleat","Omamori","Juzu Bracelet","SproutingBranch","Cursed Key","Molten Egg 2","The Courier","Potion Belt","Akabeko","Prayer Wheel"],"acts_visited":["Exordium","Gensokyo:Gensokyo","Gensokyo:Gensokyoer"],"potions_floor_usage":[24],"damage_taken":[{"damage":0,"enemies":"Gensokyo:3_Fairies","floor":1,"turns":5},{"damage":0,"enemies":"Gensokyo:2_Kodama","floor":2,"turns":3},{"damage":1,"enemies":"Gensokyo:Python","floor":3,"turns":3},{"damage":0,"enemies":"Gensokyo:Aya","floor":7,"turns":3},{"damage":0,"enemies":"Gensokyo:Kitsune","floor":8,"turns":2},{"damage":11,"enemies":"Gensokyo:3_Kodama","floor":14,"turns":9},{"damage":45,"enemies":"Gensokyo:Yukari","floor":16,"turns":8},{"damage":32,"enemies":"Gensokyo:3_Dogs","floor":18,"turns":6},{"damage":0,"enemies":"Gensokyo:CosmicMonolith","floor":21,"turns":2},{"damage":19,"enemies":"Gensokyo:Reisen","floor":24,"turns":6},{"damage":0,"enemies":"Gensokyo:Slime_Group","floor":29,"turns":3},{"damage":27,"enemies":"Gensokyo:Eiki","floor":33,"turns":7},{"damage":0,"enemies":"Gensokyo:AncientGuardian","floor":35,"turns":3},{"damage":7,"enemies":"Gensokyo:Marisa","floor":40,"turns":3},{"damage":0,"enemies":"Gensokyo:Doremy","floor":42,"turns":4},{"damage":0,"enemies":"Gensokyo:3_Boulders","floor":45,"turns":3},{"damage":8,"enemies":"Gensokyo:Sharpion","floor":46,"turns":3},{"damage":0,"enemies":"Gensokyo:Marisa","floor":47,"turns":4},{"damage":0,"enemies":"Gensokyo:4_Bats","floor":48,"turns":1},{"damage":70,"enemies":"Gensokyo:Scarlet_Devils","floor":50,"turns":10}],"seed_played":"-8705626007825845532","potions_obtained":[{"floor":1,"key":"StarNLove"},{"floor":2,"key":"LiquidMemories"},{"floor":7,"key":"FairyPotion"},{"floor":29,"key":"SkillPotion"},{"floor":33,"key":"EssenceOfSteel"},{"floor":42,"key":"FearPotion"},{"floor":46,"key":"Strength Potion"}],"is_trial":false,"path_per_floor":["M","M","M","T","$","R","E","M","T","?","?","R","COS","M","R","B",null,"M","?","?","M","?","R","E","COS","T","$","R","M","R","$","R","B",null,"M","?","?","?","?","E","?","E","T","?","M","M","E","M","R","B",null],"character_chosen":"MARISA","items_purchased":["StarDustReverie","Flash of Steel","DarkMatter","Omamori"],"campfire_rested":0,"item_purchase_floors":[5,27,27,27],"current_hp_per_floor":[75,75,75,75,75,75,75,75,75,75,75,75,75,68,68,27,75,47,47,47,47,47,47,44,44,44,44,44,44,44,44,44,60,75,75,75,75,75,75,75,75,75,75,75,75,73,75,75,75,29],"gold":442,"neow_bonus":"THREE_RARE_CARDS","is_daily":false,"chose_seed":false,"campfire_upgraded":8,"win_rate":0.0,"timestamp":1610794040,"path_taken":["M","?","?","?","?","R","E","M","T","?","?","R","COS","M","R","BOSS","M","?","?","M","?","R","E","COS","T","$","R","?","R","?","R","BOSS","M","?","?","?","?","E","?","E","T","?","M","M","E","M","R","BOSS"],"items_purchased_type":["Card","Card","Card","Relic"],"build_version":"2020-12-22","purchased_purges":0,"victory":true,"max_hp_per_floor":[75,75,75,75,75,75,75,75,75,75,75,75,75,75,75,75,75,75,75,75,75,75,75,75,75,75,75,75,75,75,75,75,75,75,75,75,75,75,75,75,75,75,75,75,75,75,75,75,75,75],"card_choices":[{"not_picked":["EscapeVelocity","CollectingQuirk"],"picked":"BinaryStars","floor":0},{"not_picked":["IllusionStar","DarkSpark"],"picked":"EarthLightRay","floor":1},{"not_picked":["GasGiant","WitchOfGreed"],"picked":"AsteroidBelt","floor":2},{"not_picked":["GravityBeat","DarkSpark"],"picked":"ShootingEcho","floor":3},{"not_picked":["SporeBomb","LuminesStrike"],"picked":"Singularity","floor":7},{"not_picked":["Acceleration","OneTimeOff"],"picked":"Occultation","floor":8},{"not_picked":["BlazingStar","DragonMeteor","ShootingEcho"],"picked":"GravityBeat","floor":14},{"not_picked":["UltimateShortwave","FinalSpark","JA"],"picked":"TreasureHunter","floor":16},{"not_picked":["MysteriousBeam","Acceleration","GrandCross"],"picked":"IllusionStar+1","floor":18},{"not_picked":["DoubleSpark+1","ChargingUp","GalacticHalo"],"picked":"PulseMagic","floor":21},{"not_picked":["Acceleration","IllusionStar+1","GravityBeat+1"],"picked":"CollectingQuirk","floor":24},{"not_picked":["SporeBomb","EventHorizon+1","AsteroidBelt"],"picked":"SuperPerseids","floor":29},{"not_picked":[],"picked":"Gensokyo:ShootingStar","floor":33},{"not_picked":["MillisecondPulsars","JA","TreasureHunter"],"picked":"SatelliteIllusion","floor":33},{"not_picked":["TreasureHunter","StarDustReverie","CollectingQuirk"],"picked":"EscapeVelocity","floor":35},{"not_picked":["Robbery","WitchLeyline+1","IllusionStar"],"picked":"OortCloud","floor":35},{"not_picked":["DC+1","WitchLeyline+1","DarkSpark+1"],"picked":"BlazingStar+1","floor":40},{"not_picked":["OpenUniverse","PowerUp+1","DoubleSpark+1"],"picked":"MagicAbsorber+1","floor":42},{"not_picked":["PowerUp","DarkMatter+1","SporeBomb+1"],"picked":"ShootTheMoon+1","floor":45},{"not_picked":["LuminesStrike+1","MysteriousBeam+1","6A+1"],"picked":"ShootingEcho+1","floor":46},{"not_picked":["ManaConvection","GravityBeat+1","DarkSpark+1"],"picked":"GasGiant","floor":47},{"not_picked":["LuminesStrike+1","OpenUniverse","PulseMagic+1"],"picked":"ManaConvection+1","floor":48},{"not_picked":["UnstableBomb+1","MysteriousBeam+1","OrrerysSun+1"],"picked":"Acceleration+1","floor":48}],"player_experience":700248,"relics_obtained":[{"floor":4,"key":"Bag of Preparation"},{"floor":7,"key":"Ice Cream"},{"floor":9,"key":"Question Card"},{"floor":24,"key":"Bird Faced Urn"},{"floor":24,"key":"Whetstone"},{"floor":26,"key":"HornCleat"},{"floor":29,"key":"Gensokyo:MosesMiracle"},{"floor":33,"key":"SproutingBranch"},{"floor":40,"key":"Molten Egg 2"},{"floor":42,"key":"The Courier"},{"floor":42,"key":"Potion Belt"},{"floor":47,"key":"Akabeko"},{"floor":47,"key":"Prayer Wheel"}],"event_choices":[],"is_beta":false,"boss_relics":[{"not_picked":["Fusion Hammer","Snecko Eye"],"picked":"Philosopher\u0027s Stone"},{"not_picked":["Runic Pyramid","Tiny House"],"picked":"Cursed Key"}],"items_purged_floors":[],"is_endless":false,"potions_floor_spawned":[1,2,7,14,29,33,40,42,46,48],"ascension_level":0}}