{"host":"h4qgcirtxz6qax9j","time":1610804873,"event":{"mods":["AchievementEnabler","BaseMod","Colored Powertips","Minty Spire (QoL Compilation)","StSLib","SuperFastMode","The Animator"],"gold_per_floor":[142,155,155,179,179,179,196,196,196],"floor_reached":8,"language":"KOR","playtime":429,"items_purged":[],"score":48,"play_id":"c7722521-c3ba-40a1-a9c0-ee16f78c19d6","local_time":"20210116224753","is_ascension_mode":false,"campfire_choices":[{"data":"animator:Caster","floor":6,"key":"SMITH"}],"circlet_count":0,"master_deck":["animator:Strike_NoGameNoLife","animator:Defend_NoGameNoLife","animator:Strike","animator:Strike","animator:Strike","animator:Defend","animator:Defend","animator:Defend","animator:DolaSchwi","animator:DolaCouronne","animator:Caster+1","animator:Kazuma","animator:DolaRiku","animator:DolaSchwi"],"relics":["animator:LivingPicture","animator:TheMissingPiece"],"acts_visited":["Exordium"],"potions_floor_usage":[],"damage_taken":[{"damage":16,"enemies":"Jaw Worm","floor":1,"turns":5},{"damage":0,"enemies":"Small Slimes","floor":2,"turns":5},{"damage":0,"enemies":"Cultist","floor":4,"turns":4},{"damage":5,"enemies":"Looter","floor":7,"turns":4},{"damage":44,"enemies":"3 Sentries","floor":8,"turns":7}],"seed_played":"-4359516031551163195","potions_obtained":[{"floor":2,"key":"GamblersBrew"},{"floor":7,"key":"AttackPotion"}],"is_trial":false,"path_per_floor":["M","M","?","M","?","R","M","E"],"character_chosen":"THE_ANIMATOR","items_purchased":[],"campfire_rested":0,"item_purchase_floors":[],"current_hp_per_floor":[50,51,56,56,49,49,44,0,0],"gold":196,"neow_bonus":"THREE_CARDS","is_daily":false,"chose_seed":false,"campfire_upgraded":1,"win_rate":0.0,"timestamp":1610804873,"path_taken":["M","M","?","M","?","R","M","E"],"items_purchased_type":[],"build_version":"2020-12-22","purchased_purges":0,"victory":false,"max_hp_per_floor":[66,67,72,72,72,72,72,72,72],"card_choices":[{"not_picked":["animator:Benimaru","animator:Vanir"],"picked":"animator:Caster","floor":0},{"not_picked":["animator:Illya","animator:Entoma"],"picked":"animator:Verdia","floor":1},{"not_picked":["animator:Togame","animator:Berserker"],"picked":"animator:Kazuma","floor":2},{"not_picked":["animator:Shion","animator:Shichika"],"picked":"animator:DolaRiku","floor":4},{"not_picked":["animator:DolaCouronne","animator:DolaRiku"],"picked":"animator:DolaSchwi","floor":7}],"player_experience":52732,"relics_obtained":[],"event_choices":[{"damage_healed":0,"gold_gain":0,"player_choice":"Donut","damage_taken":0,"max_hp_gain":5,"max_hp_loss":0,"event_name":"Big Fish","floor":3,"gold_loss":0},{"cards_removed":["animator:Verdia"],"damage_healed":0,"gold_gain":0,"player_choice":"Card Removal","damage_taken":7,"max_hp_gain":0,"max_hp_loss":0,"event_name":"Golden Wing","floor":5,"gold_loss":0}],"is_beta":false,"boss_relics":[],"items_purged_floors":[],"is_endless":false,"potions_floor_spawned":[2,7],"killed_by":"3 Sentries","ascension_level":0}}