{"host":"·çÓêÒÂ","time":1610788740,"event":{"mods":["ATMod(°¢èªMod)","BaseMod","Better Skull","Better Third Choice","Challenge The Spire","Colored Powertips","Conspire","Minty Spire (QoL Compilation)","Permanent Neow","Quick Restart","Relic Stats","Replay The Spire","Spicy Shops","Spire Birthday Party","StSLib","SuperFastMode","vexMod","¡¾ÒÅÎï¿¨ÅÆ¡¿REMEMod"],"gold_per_floor":[19,37,53,53,101,101,129,129,154,166,194,194,194,206,206,305,305,322,334,349,368,368,398,398,83,83,83,100,115,115,115,115,213,213,233,10,24,35,10,10,10],"floor_reached":40,"language":"ZHS","playtime":1613,"items_purged":["Doubt"],"score":468,"play_id":"771283cb-9608-42c8-83f2-e941abc0077d","local_time":"20210116171900","is_ascension_mode":false,"campfire_choices":[{"floor":6,"key":"REST"},{"floor":8,"key":"RECALL"},{"floor":12,"key":"REST"},{"data":"Seeing Red","floor":15,"key":"SMITH"},{"floor":24,"key":"REST"},{"floor":27,"key":"REST"},{"data":"ReplayReversal","floor":32,"key":"SMITH"}],"circlet_count":0,"master_deck":["Strike_R","Strike_R","Strike_R","Strike_R","Strike_R","Defend_R","Defend_R","Defend_R","Defend_R","Bash","Flex","Demon Form+1","Flex","Rampage","Cleave","True Grit","Anger","Seeing Red+1","Disarm","AT_Dispersion+1","ReplayReversal+1","REME_Scribble+1","AT_GerminateFire","conspire:ExplosiveBarrier","REME_SingleHolding+1","Barricade","AT_BodySlamDance+1","AT_IchimonjiDouble","Sword Boomerang"],"relics":["Burning Blood","AT_ATBox","REME_ComplimentaryCards","Thread and Needle","Boot","Blue Doll","Replay:Baseball","ReplayTheSpireMod:Shallot","vexMod:CursedCompass","Orichalcum","vexMod:PaidLearning","REME_HourglassOfDeath","Ring of Searing","Ring of Fury","Art of War","Ooze Armor","AT_SpeedBoots"],"acts_visited":["Exordium","TheCity","TheBeyond"],"potions_floor_usage":[7,7],"damage_taken":[{"damage":7,"enemies":"Jaw Worm","floor":1,"turns":3},{"damage":3,"enemies":"2 Louse","floor":2,"turns":2},{"damage":8,"enemies":"conspire:RoseBush","floor":3,"turns":3},{"damage":26,"enemies":"Gremlin Nob","floor":7,"turns":4},{"damage":4,"enemies":"Red Slaver","floor":10,"turns":3},{"damage":20,"enemies":"Lagavulin","floor":11,"turns":6},{"damage":0,"enemies":"2 Fungi Beasts","floor":14,"turns":3},{"damage":34,"enemies":"Fading Forest","floor":16,"turns":11},{"damage":10,"enemies":"Spheric Guardian","floor":18,"turns":5},{"damage":4,"enemies":"conspire:FuzzyDice","floor":19,"turns":5},{"damage":0,"enemies":"conspire:HollyBat","floor":20,"turns":8},{"damage":4,"enemies":"Snake Plant","floor":21,"turns":5},{"damage":42,"enemies":"REME_1_Revenger","floor":23,"turns":5},{"damage":4,"enemies":"Centurion and Healer","floor":28,"turns":7},{"damage":6,"enemies":"Snecko","floor":29,"turns":5},{"damage":56,"enemies":"conspire:MysteriousRune","floor":33,"turns":10},{"damage":51,"enemies":"Orb Walker","floor":35,"turns":6},{"damage":10,"enemies":"3 Darklings","floor":37,"turns":4},{"damage":15,"enemies":"Sphere and 2 Shapes","floor":38,"turns":4},{"damage":54,"enemies":"Nemesis","floor":40,"turns":6}],"seed_played":"7021755662075066557","potions_obtained":[{"floor":1,"key":"Adrenaline Potion"},{"floor":2,"key":"Energy Potion"},{"floor":5,"key":"Explosive Potion"},{"floor":7,"key":"GamblersBrew"},{"floor":16,"key":"Regen Potion"},{"floor":20,"key":"SteroidPotion"},{"floor":37,"key":"BloodPotion"}],"is_trial":false,"path_per_floor":["M","M","M","?","?","R","E","R","T","M","E","R","?","M","R","B",null,"M","M","M","M","?","E","R","$","T","R","M","M","?","?","R","B",null,"M","$","M","M","?","E"],"character_chosen":"IRONCLAD","items_purchased":["vexMod:PaidLearning","REME_HourglassOfDeath","AT_SpeedBoots"],"campfire_rested":4,"item_purchase_floors":[25,25,36],"current_hp_per_floor":[79,80,78,78,46,70,50,50,50,52,38,62,80,80,80,52,80,76,78,80,82,66,32,58,58,58,84,89,92,92,92,92,45,98,56,56,55,49,49,0,0],"gold":10,"neow_bonus":"ONE_RARE_RELIC","is_daily":false,"chose_seed":false,"campfire_upgraded":2,"win_rate":0.0,"timestamp":1610788740,"path_taken":["M","M","M","?","?","R","E","R","T","?","E","R","?","M","R","BOSS","M","M","M","M","?","E","R","$","T","R","M","M","?","?","R","BOSS","M","$","M","M","?","E"],"items_purchased_type":["Relic","Relic","Relic"],"build_version":"2020-12-18","purchased_purges":1,"victory":false,"max_hp_per_floor":[80,80,80,80,80,80,80,80,80,80,80,80,80,80,80,80,80,80,80,80,82,87,89,89,89,89,89,92,95,95,95,95,98,98,101,101,104,107,107,110,110],"relic_stats":{"counters":[20,103],"Art of War":[4],"Orichalcum":[42],"Boot":[23],"obtain_stats":[{"AT_ATBox":0,"Thread and Needle":0,"Blue Doll":7,"vexMod:PaidLearning":25,"Orichalcum":23,"Boot":5,"Burning Blood":0,"Ring of Searing":30,"Replay:Baseball":9,"AT_SpeedBoots":36,"ReplayTheSpireMod:Shallot":11,"REME_HourglassOfDeath":25,"Ooze Armor":34,"Ring of Fury":30,"vexMod:CursedCompass":17,"Art of War":31,"REME_ComplimentaryCards":0},{"AT_ATBox":0,"Thread and Needle":0,"Blue Doll":4,"vexMod:PaidLearning":13,"Orichalcum":13,"Boot":3,"Burning Blood":0,"Ring of Searing":15,"Replay:Baseball":4,"AT_SpeedBoots":17,"ReplayTheSpireMod:Shallot":6,"REME_HourglassOfDeath":13,"Ooze Armor":16,"Ring of Fury":15,"vexMod:CursedCompass":8,"Art of War":15,"REME_ComplimentaryCards":0},{"AT_ATBox":0,"Thread and Needle":0,"Blue Doll":12,"vexMod:PaidLearning":63,"Orichalcum":63,"Boot":8,"Burning Blood":0,"Ring of Searing":75,"Replay:Baseball":12,"AT_SpeedBoots":90,"ReplayTheSpireMod:Shallot":21,"REME_HourglassOfDeath":63,"Ooze Armor":85,"Ring of Fury":75,"vexMod:CursedCompass":35,"Art of War":75,"REME_ComplimentaryCards":0}],"Burning Blood":100},"card_choices":[{"not_picked":["Warcry","Shrug It Off"],"picked":"Flex","floor":1},{"not_picked":["Clothesline","Warcry"],"picked":"Flex","floor":2},{"not_picked":["ReplayTheSpireMod:Strike From Hell","Headbutt"],"picked":"Rampage","floor":3},{"not_picked":["Blood for Blood","Headbutt"],"picked":"Cleave","floor":5},{"not_picked":["Havoc","Headbutt"],"picked":"True Grit","floor":7},{"not_picked":["Hemokinesis","Havoc"],"picked":"Anger","floor":10},{"not_picked":["Run Through","Fiend Fire"],"picked":"Seeing Red","floor":11},{"not_picked":["Havoc","Evolve"],"picked":"Disarm","floor":14},{"not_picked":["Impervious","Limit Break"],"picked":"AT_Dispersion","floor":16},{"not_picked":["Body Slam","Clothesline","Shrug It Off"],"picked":"SKIP","floor":18},{"not_picked":["Shrug It Off","Clash+1"],"picked":"ReplayReversal","floor":19},{"not_picked":["Iron Wave","Havoc"],"picked":"REME_Scribble","floor":20},{"not_picked":["AT_DiedThrough","Dark Embrace"],"picked":"AT_GerminateFire","floor":21},{"not_picked":["Wild Strike+1","Reckless Charge"],"picked":"conspire:ExplosiveBarrier","floor":23},{"not_picked":["Flex","True Grit"],"picked":"REME_SingleHolding+1","floor":28},{"not_picked":["True Grit","ReplayTheSpireMod:Strike From Hell","Pommel Strike"],"picked":"SKIP","floor":29},{"not_picked":["conspire:HitWhereItHurts","Limit Break"],"picked":"Barricade","floor":33},{"not_picked":["Blood for Blood","True Grit"],"picked":"AT_BodySlamDance+1","floor":35},{"not_picked":["Body Slam","Havoc+1"],"picked":"AT_IchimonjiDouble","floor":37},{"not_picked":["Carnage","ReplayReversal"],"picked":"Sword Boomerang","floor":38}],"player_experience":20691,"relics_obtained":[{"floor":5,"key":"Boot"},{"floor":7,"key":"Blue Doll"},{"floor":9,"key":"Replay:Baseball"},{"floor":11,"key":"ReplayTheSpireMod:Shallot"},{"floor":23,"key":"Orichalcum"},{"floor":30,"key":"Ring of Searing"},{"floor":30,"key":"Ring of Fury"}],"event_choices":[{"damage_healed":0,"gold_gain":0,"player_choice":"Grow","damage_taken":0,"max_hp_gain":0,"max_hp_loss":0,"event_name":"Living Wall","floor":4,"gold_loss":0,"cards_upgraded":["Demon Form"]},{"damage_healed":18,"gold_gain":0,"player_choice":"Full Heal","damage_taken":0,"max_hp_gain":0,"max_hp_loss":0,"event_name":"Wheel of Change","floor":13,"gold_loss":0},{"damage_healed":0,"gold_gain":0,"player_choice":"Shed Blood","damage_taken":21,"max_hp_gain":5,"max_hp_loss":0,"event_name":"Forgotten Altar","floor":22,"gold_loss":0},{"damage_healed":0,"gold_gain":0,"player_choice":"Gave Potion","damage_taken":0,"relics_obtained":["Art of War"],"max_hp_gain":0,"max_hp_loss":0,"event_name":"WeMeetAgain","floor":31,"gold_loss":0}],"is_beta":true,"boss_relics":[{"not_picked":["REME_LowDesire","Tiny House"],"picked":"vexMod:CursedCompass"},{"not_picked":["Cursed Key","Fusion Hammer"],"picked":"Ooze Armor"}],"items_purged_floors":[36],"is_endless":false,"potions_floor_spawned":[1,2,7,16,20,28,29,37],"killed_by":"Nemesis","ascension_level":0}}