{"host":"d8hh7rr4yzitjeuj","time":1610772312,"event":{"mods":["2.2 Compatiblity","AchievementEnabler","Act Like it!","BaseMod","Colored Map","Colored Powertips","Highlight Path","Keyboard Shortcuts","Minty Spire (QoL Compilation)","Permanent Neow","Quick Restart","StSLib","SuperFastMode"],"gold_per_floor":[109,126,136,156,166,166,193,193,193,34,109,109,122,136,136,212,212,227,26,43,43,61,61,95,95,95],"floor_reached":25,"language":"KOR","playtime":785,"items_purged":[],"score":450,"play_id":"ed035310-ad6a-4ddb-afe4-917e999ef5a4","local_time":"20210116134512","is_ascension_mode":true,"campfire_choices":[{"data":"Streamline","floor":6,"key":"SMITH"},{"data":"Defragment","floor":12,"key":"SMITH"},{"floor":15,"key":"REST"},{"floor":23,"key":"REST"}],"circlet_count":0,"master_deck":["AscendersBane","Zap","Dualcast","Compile Driver","FTL","Conserve Battery","Streamline+1","Coolheaded","Chaos","Go for the Eyes","Defragment+1","Core Surge","Glacier","Go for the Eyes","Electrodynamics","Go for the Eyes","Barrage","Rebound","Chaos","Doom and Gloom","Thunder Strike","Creative AI","Electrodynamics","Capacitor","Self Repair","Master of Strategy","Turbo","Compile Driver"],"relics":["Cracked Core","The Courier","CaptainsWheel","Pandora\u0027s Box","Mummified Hand"],"acts_visited":["Exordium","TheCity"],"potions_floor_usage":[4,20,24],"damage_taken":[{"damage":0,"enemies":"2 Louse","floor":1,"turns":3},{"damage":2,"enemies":"Jaw Worm","floor":2,"turns":3},{"damage":4,"enemies":"Small Slimes","floor":3,"turns":3},{"damage":6,"enemies":"Exordium Thugs","floor":4,"turns":4},{"damage":4,"enemies":"Looter","floor":5,"turns":3},{"damage":27,"enemies":"3 Sentries","floor":7,"turns":7},{"damage":11,"enemies":"Lots of Slimes","floor":13,"turns":4},{"damage":10,"enemies":"Gremlin Gang","floor":14,"turns":4},{"damage":26,"enemies":"Hexaghost","floor":16,"turns":11},{"damage":18,"enemies":"2 Thieves","floor":18,"turns":4},{"damage":8,"enemies":"Chosen","floor":20,"turns":5},{"damage":21,"enemies":"Sentry and Sphere","floor":22,"turns":6},{"damage":30,"enemies":"Book of Stabbing","floor":24,"turns":6},{"damage":14,"enemies":"Centurion and Healer","floor":25,"turns":1}],"seed_played":"1149217128403512703","potions_obtained":[{"floor":1,"key":"EssenceOfDarkness"},{"floor":7,"key":"Dexterity Potion"},{"floor":13,"key":"Strength Potion"},{"floor":16,"key":"Weak Potion"},{"floor":20,"key":"BlessingOfTheForge"}],"is_trial":false,"path_per_floor":["M","M","M","M","M","R","E","?","T","$","?","R","M","M","R","B",null,"M","$","M","?","M","R","E","M"],"character_chosen":"DEFECT","items_purchased":["Defragment","Core Surge","Self Repair","Master of Strategy"],"campfire_rested":2,"item_purchase_floors":[10,10,19,19],"current_hp_per_floor":[64,62,58,52,48,48,21,44,44,44,33,33,22,12,33,7,55,37,37,36,36,15,36,6,0,0],"gold":95,"neow_bonus":"THREE_CARDS","is_daily":false,"chose_seed":false,"campfire_upgraded":2,"win_rate":0.0,"timestamp":1610772312,"path_taken":["M","M","M","M","M","R","E","?","T","$","?","R","M","M","R","BOSS","M","$","M","?","M","R","E","M"],"items_purchased_type":["Card","Card","Card","Card"],"build_version":"2020-12-22","purchased_purges":0,"victory":false,"max_hp_per_floor":[71,71,71,71,71,71,71,71,71,71,71,71,71,71,71,71,71,71,71,71,71,71,71,71,71,71],"card_choices":[{"not_picked":["Conserve Battery","Static Discharge"],"picked":"Compile Driver","floor":0},{"not_picked":["Hello World","Scrape"],"picked":"FTL","floor":1},{"not_picked":["Compile Driver","Stack"],"picked":"Conserve Battery","floor":2},{"not_picked":["Double Energy","Coolheaded"],"picked":"Streamline","floor":3},{"not_picked":["Cold Snap","Steam"],"picked":"Coolheaded","floor":4},{"not_picked":["Seek","Compile Driver"],"picked":"Chaos","floor":5},{"not_picked":["Chaos","Recycle"],"picked":"Go for the Eyes","floor":7},{"not_picked":["Go for the Eyes","Scrape"],"picked":"Glacier","floor":13},{"not_picked":["Fusion","Rip and Tear"],"picked":"Go for the Eyes","floor":14},{"not_picked":["Echo Form","Seek"],"picked":"Electrodynamics","floor":16},{"not_picked":["Steam Power","Tempest"],"picked":"Capacitor","floor":18},{"not_picked":["Beam Cell","Reprogram"],"picked":"Turbo","floor":20},{"not_picked":["Gash","Turbo"],"picked":"Compile Driver","floor":22},{"not_picked":["Machine Learning","Reprogram","Turbo"],"picked":"SKIP","floor":24}],"player_experience":1435880,"relics_obtained":[{"floor":7,"key":"The Courier"},{"floor":9,"key":"CaptainsWheel"},{"floor":24,"key":"Mummified Hand"}],"event_choices":[{"damage_healed":23,"gold_gain":0,"player_choice":"Banana","damage_taken":0,"max_hp_gain":0,"max_hp_loss":0,"event_name":"Big Fish","floor":8,"gold_loss":0},{"damage_healed":0,"gold_gain":75,"player_choice":"Gather Gold","damage_taken":11,"max_hp_gain":0,"max_hp_loss":0,"event_name":"World of Goop","floor":11,"gold_loss":0}],"is_beta":false,"boss_relics":[{"not_picked":["SacredBark","Runic Dome"],"picked":"Pandora\u0027s Box"}],"items_purged_floors":[],"is_endless":false,"potions_floor_spawned":[1,7,13,16,18,20],"killed_by":"Centurion and Healer","ascension_level":20}}