{"host":"krqozg1tp0zpuvz3","time":1610797059,"event":{"mods":["AchievementEnabler","BaseMod","Colored Map","DeckTracker","Keyboard Shortcuts","Minty Spire (QoL Compilation)","Relic Stats","Shop Mod","SuperFastMode"],"gold_per_floor":[116,116,116,41,55,55,88,104,131,150,150,193,211,211,211,336,336,355,374,374,398,411,411,411,411,480,480,405,405,405,418,418,538,538,554,554,554,28,51,51,66,66,66,66,101,114,114,133,133,133],"floor_reached":51,"language":"KOR","playtime":1771,"items_purged":["Strike_P","Defend_P"],"score":1111,"play_id":"c3dfe903-3eb2-4abf-8358-9d631a0df8f2","local_time":"20210116203739","is_ascension_mode":true,"campfire_choices":[{"data":"Eruption","floor":6,"key":"SMITH"},{"data":"InnerPeace","floor":11,"key":"SMITH"},{"floor":15,"key":"REST"},{"floor":23,"key":"REST"},{"data":"Vengeance","floor":25,"key":"SMITH"},{"data":"MentalFortress","floor":27,"key":"SMITH"},{"data":"Vigilance","floor":29,"key":"SMITH"},{"data":"FlurryOfBlows","floor":32,"key":"SMITH"},{"data":"Adaptation","floor":40,"key":"SMITH"},{"data":"ClearTheMind","floor":42,"key":"SMITH"},{"data":"Crescendo","floor":44,"key":"SMITH"},{"floor":47,"key":"REST"},{"floor":49,"key":"REST"}],"circlet_count":0,"master_deck":["Defend_P+1","Eruption+1","Vigilance+1","Vengeance+1","FlurryOfBlows+1","FollowUp+1","InnerPeace+1","MentalFortress+1","Sanctity+1","LessonLearned+1","Vault+1","Judgement+1","SignatureMove+1","Ragnarok+1","Adaptation+1","ClearTheMind+1","WheelKick+1","Tantrum+1","Crescendo+1","ForeignInfluence+1","EmptyMind+1"],"relics":["PureWater","NeowsBlessing","Happy Flower","Golden Idol","Molten Egg 2","Oddly Smooth Stone","Ice Cream","Astrolabe","Mummified Hand","VioletLotus","White Beast Statue","Ornamental Fan","Turnip"],"acts_visited":["Exordium","TheCity","TheBeyond"],"potions_floor_usage":[14,46,46,50,50,50],"damage_taken":[{"damage":0,"enemies":"Small Slimes","floor":1,"turns":1},{"damage":0,"enemies":"Cultist","floor":5,"turns":1},{"damage":0,"enemies":"3 Sentries","floor":7,"turns":1},{"damage":0,"enemies":"2 Louse","floor":8,"turns":1},{"damage":0,"enemies":"2 Fungi Beasts","floor":10,"turns":2},{"damage":43,"enemies":"Gremlin Nob","floor":12,"turns":4},{"damage":2,"enemies":"Looter","floor":13,"turns":3},{"damage":0,"enemies":"Exordium Thugs","floor":14,"turns":1},{"damage":18,"enemies":"The Guardian","floor":16,"turns":10},{"damage":10,"enemies":"2 Thieves","floor":18,"turns":2},{"damage":8,"enemies":"Shell Parasite","floor":19,"turns":4},{"damage":11,"enemies":"Centurion and Healer","floor":21,"turns":3},{"damage":0,"enemies":"3 Cultists","floor":22,"turns":4},{"damage":0,"enemies":"Sentry and Sphere","floor":31,"turns":4},{"damage":2,"enemies":"Champ","floor":33,"turns":7},{"damage":4,"enemies":"3 Darklings","floor":35,"turns":2},{"damage":0,"enemies":"Orb Walker","floor":39,"turns":2},{"damage":0,"enemies":"Transient","floor":41,"turns":5},{"damage":0,"enemies":"Giant Head","floor":45,"turns":4},{"damage":17,"enemies":"4 Shapes","floor":46,"turns":2},{"damage":0,"enemies":"Sphere and 2 Shapes","floor":48,"turns":2},{"damage":3,"enemies":"Donu and Deca","floor":50,"turns":6}],"seed_played":"4386877573526527383","potions_obtained":[{"floor":10,"key":"Energy Potion"},{"floor":13,"key":"SmokeBomb"},{"floor":16,"key":"SkillPotion"},{"floor":19,"key":"SteroidPotion"},{"floor":46,"key":"LiquidBronze"},{"floor":48,"key":"Block Potion"}],"is_trial":false,"path_per_floor":["M","?","?","$","M","R","E","M","T","M","R","E","M","M","R","B",null,"M","M","?","M","M","R","?","R","T","R","?","R","?","M","R","B",null,"M","?","?","$","M","R","M","R","T","R","E","M","R","M","R","B",null],"character_chosen":"WATCHER","items_purchased":["Adaptation","ClearTheMind","White Beast Statue","WheelKick+1"],"campfire_rested":4,"item_purchase_floors":[38,38,38,38],"current_hp_per_floor":[65,47,47,47,47,47,47,47,47,47,47,4,2,2,22,4,51,41,33,33,22,22,42,64,64,64,64,64,64,64,64,64,62,66,62,62,62,62,62,62,62,62,62,62,62,45,65,65,67,64],"gold":133,"neow_bonus":"THREE_ENEMY_KILL","is_daily":false,"chose_seed":false,"campfire_upgraded":9,"win_rate":0.0,"timestamp":1610797059,"path_taken":["M","?","?","$","M","R","E","M","T","M","R","E","M","M","R","BOSS","M","M","?","M","?","R","?","R","T","R","?","R","?","M","R","BOSS","M","?","?","$","M","R","M","R","T","R","E","?","R","M","R","BOSS"],"items_purchased_type":["Card","Card","Relic","Card"],"build_version":"2020-12-22","purchased_purges":2,"victory":true,"max_hp_per_floor":[72,72,67,67,67,67,67,67,67,67,67,67,67,67,67,67,67,67,67,67,67,67,67,67,67,67,67,67,67,67,67,67,67,67,67,67,67,67,67,67,67,67,67,67,67,67,67,67,67,67],"relic_stats":{"Happy Flower":[23],"counters":[22,71],"Golden Idol":151,"Mummified Hand":[13],"Ornamental Fan":[72],"Astrolabe":["Vault","Judgement","SignatureMove"],"VioletLotus":[19],"Turnip":[0],"obtain_stats":[{"Ice Cream":12,"NeowsBlessing":0,"Happy Flower":2,"Golden Idol":3,"Astrolabe":17,"Oddly Smooth Stone":9,"White Beast Statue":38,"Mummified Hand":26,"Ornamental Fan":43,"Molten Egg 2":7,"VioletLotus":34,"Turnip":45,"PureWater":0},{"Ice Cream":6,"NeowsBlessing":0,"Happy Flower":1,"Golden Idol":1,"Astrolabe":9,"Oddly Smooth Stone":4,"White Beast Statue":16,"Mummified Hand":13,"Ornamental Fan":18,"Molten Egg 2":3,"VioletLotus":15,"Turnip":19,"PureWater":0},{"Ice Cream":10,"NeowsBlessing":0,"Happy Flower":1,"Golden Idol":1,"Astrolabe":24,"Oddly Smooth Stone":4,"White Beast Statue":50,"Mummified Hand":37,"Ornamental Fan":57,"Molten Egg 2":3,"VioletLotus":48,"Turnip":61,"PureWater":0}]},"card_choices":[{"not_picked":["CutThroughFate","BattleHymn"],"picked":"Vengeance","floor":1},{"not_picked":["EmptyFist","ClearTheMind"],"picked":"FlurryOfBlows","floor":5},{"not_picked":["Collect","Crescendo"],"picked":"FollowUp+1","floor":7},{"not_picked":["JustLucky+1","SandsOfTime+1"],"picked":"InnerPeace","floor":8},{"not_picked":["EmptyFist+1","ReachHeaven+1"],"picked":"MentalFortress","floor":10},{"not_picked":["Swivel","Devotion"],"picked":"Sanctity","floor":12},{"not_picked":["JustLucky+1","CarveReality+1","Vengeance"],"picked":"SKIP","floor":13},{"not_picked":["Brilliance+1","Judgement"],"picked":"LessonLearned+1","floor":16},{"not_picked":["BowlingBash+1","FollowUp+1"],"picked":"FlurryOfBlows+1","floor":18},{"not_picked":["JustLucky+1","Vengeance","BowlingBash+1"],"picked":"SKIP","floor":19},{"not_picked":["Worship","Evaluate","ThirdEye"],"picked":"SKIP","floor":21},{"not_picked":["JustLucky+1","Conclude+1","SashWhip+1"],"picked":"SKIP","floor":22},{"not_picked":["CutThroughFate+1","MasterReality","BattleHymn+1"],"picked":"SKIP","floor":31},{"not_picked":["LessonLearned+1","SpiritShield"],"picked":"Ragnarok+1","floor":33},{"not_picked":["Conclude+1","ThirdEye+1","SashWhip+1"],"picked":"SKIP","floor":35},{"not_picked":["Crescendo+1","FlyingSleeves+1"],"picked":"Tantrum+1","floor":39},{"not_picked":["Crescendo","Prostrate","JustLucky+1"],"picked":"SKIP","floor":41},{"not_picked":["Prostrate","JustLucky+1"],"picked":"Crescendo","floor":41},{"not_picked":["Crescendo+1","Halt"],"picked":"ForeignInfluence+1","floor":45},{"not_picked":["Study","Wish","ReachHeaven+1"],"picked":"SKIP","floor":46},{"not_picked":["Prostrate+1","Evaluate+1"],"picked":"EmptyMind+1","floor":48}],"player_experience":323550,"relics_obtained":[{"floor":7,"key":"Molten Egg 2"},{"floor":9,"key":"Oddly Smooth Stone"},{"floor":12,"key":"Ice Cream"},{"floor":26,"key":"Mummified Hand"},{"floor":43,"key":"Ornamental Fan"},{"floor":45,"key":"Turnip"}],"event_choices":[{"damage_healed":0,"gold_gain":0,"player_choice":"Success","damage_taken":18,"relics_obtained":["Happy Flower"],"max_hp_gain":0,"max_hp_loss":0,"event_name":"Scrap Ooze","floor":2,"gold_loss":0},{"damage_healed":0,"gold_gain":0,"player_choice":"Lose Max HP","damage_taken":0,"relics_obtained":["Golden Idol"],"max_hp_gain":0,"max_hp_loss":5,"event_name":"Golden Idol","floor":3,"gold_loss":0},{"cards_removed":["Defend_P"],"damage_healed":0,"gold_gain":0,"player_choice":"Purged","damage_taken":0,"max_hp_gain":0,"max_hp_loss":0,"event_name":"Purifier","floor":20,"gold_loss":0},{"damage_healed":22,"gold_gain":0,"player_choice":"Heal","damage_taken":0,"max_hp_gain":0,"max_hp_loss":0,"event_name":"The Library","floor":24,"gold_loss":0},{"cards_removed":["Defend_P"],"damage_healed":0,"gold_gain":0,"player_choice":"Gave Gold","damage_taken":0,"max_hp_gain":0,"max_hp_loss":0,"event_name":"Beggar","floor":28,"gold_loss":75},{"damage_healed":0,"gold_gain":0,"player_choice":"Ignored","damage_taken":0,"max_hp_gain":0,"max_hp_loss":0,"event_name":"The Mausoleum","floor":30,"gold_loss":0},{"cards_removed":["FlurryOfBlows"],"damage_healed":0,"gold_gain":0,"player_choice":"Removed Attack","damage_taken":0,"max_hp_gain":0,"max_hp_loss":0,"event_name":"Falling","floor":36,"gold_loss":0},{"damage_healed":0,"gold_gain":0,"player_choice":"Upgraded","damage_taken":0,"max_hp_gain":0,"max_hp_loss":0,"event_name":"Upgrade Shrine","floor":37,"gold_loss":0,"cards_upgraded":["Sanctity"]}],"is_beta":false,"boss_relics":[{"not_picked":["Busted Crown","SacredBark"],"picked":"Astrolabe"},{"not_picked":["Velvet Choker","Sozu"],"picked":"VioletLotus"}],"items_purged_floors":[4,38],"is_endless":false,"potions_floor_spawned":[10,13,14,16,19,22,39,41,45,46,48],"ascension_level":7}}