{"host":"jf2o35x329sgyc7e","time":1610804564,"event":{"mods":["Act Like it!","BaseMod","Colored Powertips","Conspire","Hermit","KomeijiMod","Lobotomy","Marked Mod","Minty Spire (QoL Compilation)","Quick Restart","Replay The Spire","Spicy Shops","StSLib","The Jungle","[IsaacMod]ÒÔÈö¼âËþ","¡¾ÒÅÎï¿¨ÅÆ¡¿REMEMod"],"gold_per_floor":[119,169,169,189,203,203,9,42,67,17,27,42,54,69,69,170,170,182,70,120,139,25,57,57,57,57,81,106,127,127,131,131],"floor_reached":31,"language":"ZHS","playtime":2433,"items_purged":["hermit:Defend_Hermit","hermit:Snipe"],"score":259,"play_id":"a7a0de6c-26ab-4965-b81b-c605561ca84b","local_time":"20210116214244","is_ascension_mode":false,"campfire_choices":[{"data":"FateSonata","floor":6.0,"key":"SMITH"},{"data":"hermit:BodyArmor","floor":15.0,"key":"SMITH"},{"data":"hermit:Combo","floor":25.0,"key":"SMITH"},{"data":"hermit:OverwhelmingPower","floor":25.0,"key":"SMITH"},{"data":"hermit:Determination","floor":30,"key":"SMITH"},{"data":"hermit:TakeAim","floor":30,"key":"SMITH"}],"circlet_count":0,"master_deck":["hermit:Strike_Hermit","hermit:Strike_Hermit","hermit:Strike_Hermit","hermit:Defend_Hermit","hermit:Defend_Hermit","hermit:Defend_Hermit","hermit:Snapshot","hermit:Covet","FateSonata+1","hermit:Maintenance+1","hermit:Enervate","hermit:TakeAim+1","hermit:BodyArmor+1","hermit:Gestalt","hermit:OverwhelmingPower+1","CurseOfTheBell","hermit:Combo+1","hermit:BigShot","hermit:ShadowCloak","hermit:Determination+1","hermit:Brawl"],"relics":["hermit:Momento","HushsDoor","REME_ComplimentaryCards","NeowsBlessing","ReplayTheSpireMod:Lightbulb","DoctorsRemote","Membership Card","Boot","MealTicket","Calling Bell","hermit:Horseshoe","Durian","HoshigumaDish","Centennial Puzzle","conspire:BottledYoYo","Orichalcum","Replay:Arrowhead","TheBattery","Chaos","Replay:Bandana","Replay:Wax Seal"],"acts_visited":["Exordium","Exordium"],"potions_floor_usage":[28,28,31],"damage_taken":[{"damage":0.0,"enemies":"conspire:RoseBush","floor":1.0,"turns":1.0},{"damage":5.0,"enemies":"Hiden Room Battle","floor":2.0,"turns":2.0},{"damage":0.0,"enemies":"Cultist","floor":4.0,"turns":1.0},{"damage":0.0,"enemies":"Jaw Worm","floor":5.0,"turns":1.0},{"damage":9.0,"enemies":"Gremlin Nob","floor":8.0,"turns":4.0},{"damage":0.0,"enemies":"Gremlin Gang","floor":11.0,"turns":1.0},{"damage":1.0,"enemies":"Exordium Wildlife","floor":12.0,"turns":2.0},{"damage":0.0,"enemies":"Looter","floor":13.0,"turns":1.0},{"damage":8.0,"enemies":"Red Slaver","floor":14.0,"turns":2.0},{"damage":41.0,"enemies":"The Guardian","floor":16.0,"turns":11.0},{"damage":4.0,"enemies":"Shell Parasite","floor":18.0,"turns":6.0},{"damage":18.0,"enemies":"Hiden Room Battle","floor":20.0,"turns":4.0},{"damage":14.0,"enemies":"theJungle:GiantWrat","floor":21.0,"turns":6.0},{"damage":26.0,"enemies":"theJungle:2_Phrogs","floor":23.0,"turns":8.0},{"damage":38.0,"enemies":"theJungle:2_Snecko_Cultists","floor":27.0,"turns":7.0},{"damage":14,"enemies":"theJungle:2_Flameangoes","floor":28,"turns":5},{"damage":20,"enemies":"theJungle:JungleHuntersEncounter","floor":29,"turns":7},{"damage":13,"enemies":"Snake Plant","floor":31,"turns":4}],"seed_played":"-7704992369937463248","potions_obtained":[{"floor":1.0,"key":"EssenceOfSteel"},{"floor":5.0,"key":"hermit:Tonic"},{"floor":8.0,"key":"Flashbang"},{"floor":11.0,"key":"Elixir"},{"floor":21.0,"key":"Flashbang"},{"floor":23.0,"key":"Strength Potion"},{"floor":27.0,"key":"FearPotion"},{"floor":29,"key":"GamblersBrew"}],"is_trial":false,"path_per_floor":["M","?","?","M","M","R","$","E","T","?","M","M","M","M","R","B",null,"M","$","?","M","$","E","?","R","T","M","M","M","R","M"],"character_chosen":"HERMIT","items_purchased":["Membership Card","hermit:BigShot","Centennial Puzzle","Replay:Arrowhead","TheBattery","REME_GoldPotion"],"campfire_rested":0,"item_purchase_floors":[7,19,19,22,22,22],"current_hp_per_floor":[75,70,70,70,70,70,70,61,61,61,61,60,60,52,52,11,80,76,80,62,48,63,37,80,80,80,42,28,8,8,0,0],"gold":131,"neow_bonus":"THREE_ENEMY_KILL","is_daily":false,"chose_seed":false,"campfire_upgraded":6,"win_rate":0.0,"timestamp":1610804564,"path_taken":["M","?","?","M","?","R","$","E","T","?","M","M","M","M","R","BOSS","M","$","?","M","$","E","?","R","T","?","?","M","R","M"],"items_purchased_type":["Relic","Card","Relic","Relic","Relic","Potion"],"build_version":"2020-12-22","purchased_purges":2,"victory":false,"max_hp_per_floor":[75,75,75,75,75,75,75,75,75,75,75,75,75,75,75,75,80,80,80,80,80,80,80,80,80,80,80,80,80,80,80,80],"card_choices":[{"not_picked":[],"picked":"Bomb","floor":0.0},{"not_picked":["hermit:CalledShot","hermit:Horror"],"picked":"hermit:Snipe","floor":1.0},{"not_picked":["hermit:TakeAim","hermit:Roulette"],"picked":"hermit:Maintenance","floor":2.0},{"not_picked":["hermit:ItchyTrigger","hermit:TrackingShot","hermit:Desperado"],"picked":"SKIP","floor":4.0},{"not_picked":["hermit:NoHoldsBarred","hermit:Determination"],"picked":"hermit:Enervate","floor":5.0},{"not_picked":["hermit:Feint","hermit:Ricochet","hermit:LuckOfTheDraw"],"picked":"SKIP","floor":8.0},{"not_picked":["hermit:Misfire","hermit:CalledShot"],"picked":"hermit:Spite","floor":11.0},{"not_picked":["hermit:ItchyTrigger","hermit:Deadeye"],"picked":"hermit:TakeAim","floor":12.0},{"not_picked":["hermit:Maintenance","hermit:Spite"],"picked":"hermit:BodyArmor","floor":13.0},{"not_picked":["hermit:NoHoldsBarred","hermit:Misfire"],"picked":"hermit:Gestalt","floor":14.0},{"not_picked":["hermit:RoundhouseKick","hermit:EternalForm"],"picked":"hermit:OverwhelmingPower","floor":16.0},{"not_picked":["hermit:HighCaliber","hermit:TrackingShot"],"picked":"hermit:Combo","floor":18.0},{"not_picked":["hermit:NoHoldsBarred","hermit:Desperado","hermit:Spite+1"],"picked":"SKIP","floor":21.0},{"not_picked":["hermit:FlashPowder+1","hermit:Spite","hermit:Showdown"],"picked":"SKIP","floor":23.0},{"not_picked":["hermit:Ricochet+1","hermit:BodyArmor+1"],"picked":"hermit:ShadowCloak","floor":27.0},{"not_picked":["hermit:NoHoldsBarred+1","hermit:Ricochet"],"picked":"hermit:Determination","floor":28},{"not_picked":["hermit:Horror","hermit:Coalescence+1"],"picked":"hermit:Brawl","floor":29}],"player_experience":55749,"relics_obtained":[{"floor":2.0,"key":"ReplayTheSpireMod:Lightbulb"},{"floor":2.0,"key":"DoctorsRemote"},{"floor":8.0,"key":"Boot"},{"floor":9.0,"key":"MealTicket"},{"floor":17.0,"key":"hermit:Horseshoe"},{"floor":17.0,"key":"Durian"},{"floor":17.0,"key":"HoshigumaDish"},{"floor":20.0,"key":"conspire:BottledYoYo"},{"floor":20.0,"key":"Orichalcum"},{"floor":23.0,"key":"Replay:Bandana"},{"floor":26.0,"key":"Replay:Wax Seal"}],"event_choices":[{"damage_healed":0.0,"max_hp_gain":0.0,"max_hp_loss":0.0,"gold_gain":0.0,"event_name":"HidenRoomEvent","player_choice":"Fight","floor":2.0,"gold_loss":0.0,"damage_taken":0.0},{"damage_healed":0.0,"max_hp_gain":0.0,"max_hp_loss":0.0,"gold_gain":0.0,"event_name":"Living Wall","player_choice":"Grow","floor":3.0,"gold_loss":0.0,"damage_taken":0.0,"cards_upgraded":["hermit:Maintenance"]},{"cards_removed":["hermit:Strike_Hermit"],"damage_healed":0.0,"max_hp_gain":0.0,"max_hp_loss":0.0,"gold_gain":0.0,"event_name":"The Cleric","player_choice":"Card Removal","floor":10.0,"gold_loss":50.0,"damage_taken":0.0},{"damage_healed":0.0,"max_hp_gain":0.0,"max_hp_loss":0.0,"gold_gain":0.0,"event_name":"HidenRoomEvent","player_choice":"Fight","floor":20.0,"gold_loss":0.0,"damage_taken":0.0},{"cards_removed":["hermit:Spite"],"damage_healed":43.0,"max_hp_gain":0.0,"max_hp_loss":0.0,"gold_gain":0.0,"event_name":"Bonfire Elementals","player_choice":"Offered Uncommon","floor":24.0,"gold_loss":0.0,"damage_taken":0.0}],"is_beta":false,"boss_relics":[{"not_picked":["Painkiller Herb","Black Star"],"picked":"Calling Bell"},{"not_picked":[]}],"items_purged_floors":[7,22],"is_endless":false,"potions_floor_spawned":[1,5,8,11,14,21,23,27,29],"killed_by":"Snake Plant","ascension_level":0}}