{"host":"KYO","time":1610761128,"event":{"mods":["ATMod(°¢èªMod)","BaseMod","BetterRewards","Minty Spire (QoL Compilation)","Shop Mod","StSLib","SuperFastMode","[IsaacMod]ÒÔÈö¼âËþ","¡¾ÒÅÎï¿¨ÅÆ¡¿REMEMod"],"gold_per_floor":[161,187,187,187,187,260,260,318,318,345,420,487,551,28,28,114,114,143,143,143,143,143,208,208,264,264,293,341,383,422,472,472,575,625,691,733,814,814,420,420,464,464,532,532,576,576,614,366,366,369,378],"floor_reached":52,"language":"ZHS","playtime":3212,"items_purged":["Strike_B","Defend_B","Strike_B","Defend_B","Hyperbeam","HandOfGreed","AT_FamilyPortrait"],"score":3304,"play_id":"48182dfd-9074-419a-84fe-74d2cef45017","local_time":"20210116093848","is_ascension_mode":true,"campfire_choices":[{"data":"Fission","floor":7.0,"key":"SMITH"},{"data":"Coolheaded","floor":15.0,"key":"SMITH"},{"data":"Loop","floor":24,"key":"SMITH"},{"data":"Consume","floor":32,"key":"SMITH"},{"floor":40,"key":"RECALL"},{"data":"Blizzard","floor":42,"key":"SMITH"},{"data":"Zap","floor":44,"key":"SMITH"},{"data":"Biased Cognition","floor":49,"key":"SMITH"}],"circlet_count":0,"master_deck":["AscendersBane","Zap+1","Loop+1","Coolheaded+1","Fission+1","Capacitor","Glacier+1","AT_WaterDrop","Consume+1","Biased Cognition+1","Recycle+1","Defragment+1","AT_StudyProgram","Blizzard+1","Coolheaded+1"],"relics":["Cracked Core","HushsDoor","AT_ATBox","REME_ComplimentaryCards","BookOfRevelations","EdensBlessing","Habit","MerchantsRug","AT_BellowingDragoncrestRing","Lantern","AT_ChloranthyRing","OrangePellets","Juzu Bracelet","PreservedInsect","REME_ArchaeologicalTools","Medical Kit","NineVolt","PillsDrop","Art of War","FaceOfCleric","MoneyPower","DeathBook","Thread and Needle","BloodBag","SatanicBible","TheBean","Orichalcum","Centennial Puzzle","Blue Candle","Coffee Dripper","GuppysHead","SteamSale","White Beast Statue","REME_HourglassOfDeath","REME_LimitBreaker","Mummified Hand","Turnip"],"acts_visited":["Exordium","TheCity","TheBeyond"],"potions_floor_usage":[27],"damage_taken":[{"damage":0.0,"enemies":"Cultist","floor":1.0,"turns":3.0},{"damage":0.0,"enemies":"Small Slimes","floor":2.0,"turns":3.0},{"damage":1.0,"enemies":"3 Sentries","floor":6.0,"turns":5.0},{"damage":0.0,"enemies":"Gremlin Nob","floor":8.0,"turns":3.0},{"damage":0.0,"enemies":"Jaw Worm","floor":10.0,"turns":3.0},{"damage":0.0,"enemies":"Looter","floor":12.0,"turns":4.0},{"damage":0.0,"enemies":"Gremlin Nob","floor":13.0,"turns":2.0},{"damage":0.0,"enemies":"Slime Boss","floor":16.0,"turns":10.0},{"damage":0.0,"enemies":"3 Byrds","floor":18.0,"turns":1.0},{"damage":0,"enemies":"Slavers","floor":23,"turns":2},{"damage":0,"enemies":"Book of Stabbing","floor":25,"turns":4},{"damage":0,"enemies":"Slavers","floor":27,"turns":1},{"damage":0,"enemies":"Chosen","floor":28,"turns":3},{"damage":0,"enemies":"Centurion and Healer","floor":29,"turns":5},{"damage":0,"enemies":"Snake Plant","floor":30,"turns":2},{"damage":0,"enemies":"Automaton","floor":33,"turns":7},{"damage":0,"enemies":"3 Shapes","floor":35,"turns":3},{"damage":0,"enemies":"3 Darklings","floor":36,"turns":3},{"damage":0,"enemies":"Jaw Worm Horde","floor":37,"turns":4},{"damage":0,"enemies":"Giant Head","floor":41,"turns":4},{"damage":0,"enemies":"Nemesis","floor":45,"turns":5},{"damage":0,"enemies":"Reptomancer","floor":47,"turns":3},{"damage":0,"enemies":"Time Eater","floor":50,"turns":6},{"damage":0,"enemies":"Donu and Deca","floor":51,"turns":3}],"seed_played":"5941165979365547029","potions_obtained":[{"floor":2.0,"key":"Strength Potion"},{"floor":8.0,"key":"Explosive Potion"},{"floor":13.0,"key":"BlessingOfTheForge"},{"floor":28,"key":"GamblersBrew"},{"floor":29,"key":"SteroidPotion"},{"floor":33,"key":"PowerPotion"},{"floor":37,"key":"ColorlessPotion"},{"floor":41,"key":"DistilledChaos"},{"floor":45,"key":"ColorlessPotion"},{"floor":47,"key":"Swift Potion"}],"is_trial":false,"path_per_floor":["M","M","?","?","?","E","R","E","T","M","?","M","?","$","R","B",null,"M","?","?","?","?","E","R","E","T","E","M","M","M","?","R","B",null,"M","M","M","?","$","R","E","R","T","R","E","?","E","$","R","B","B",null],"character_chosen":"DEFECT","items_purchased":["EdensBlessing","Habit","MerchantsRug","Loop","Coolheaded","AT_BellowingDragoncrestRing","Fission","Lantern","AT_ChloranthyRing","OrangePellets","Potion Belt","Juzu Bracelet","PreservedInsect","REME_ArchaeologicalTools","Medical Kit","Capacitor","Fruit Juice","NineVolt","PillsDrop","Art of War","Lee\u0027s Waffle","BloodDonationMachine","Thread and Needle","SatanicBible","GuppysHead","Biased Cognition","SteamSale","Blizzard","White Beast Statue","Turnip"],"campfire_rested":0,"item_purchase_floors":[0,0,0,0,0,0,0,0,0,0,0,0,0,0,0,0,0,0,0,0,0,14,14,17,34,34,39,39,39,48],"current_hp_per_floor":[86,86,86,79,79,79,79,80,80,81,70,74,75,53,53,57,80,81,89,89,89,89,90,90,94,94,95,96,100,96,96,96,97,74,75,76,77,77,77,77,78,78,78,78,82,82,83,83,83,84,85],"gold":378,"neow_bonus":"","is_daily":false,"chose_seed":false,"campfire_upgraded":7,"win_rate":0.0,"timestamp":1610761128,"path_taken":["M","M","?","?","?","E","R","E","T","M","?","M","?","?","R","BOSS","M","?","?","?","?","E","R","E","T","E","M","M","M","?","R","BOSS","M","M","M","?","$","R","E","R","T","R","E","?","E","$","R","BOSS","BOSS"],"items_purchased_type":["Relic","Relic","Relic","Card","Card","Relic","Card","Relic","Relic","Relic","Relic","Relic","Relic","Relic","Relic","Card","Potion","Relic","Relic","Relic","Relic","Relic","Relic","Relic","Relic","Card","Relic","Card","Relic","Relic"],"build_version":"2020-12-18","purchased_purges":7,"victory":true,"max_hp_per_floor":[86,86,86,86,86,87,87,88,88,89,89,93,94,101,101,105,88,89,89,89,89,89,90,90,94,94,95,96,100,96,96,96,97,74,75,76,77,77,77,77,78,78,78,78,82,82,83,83,83,84,85],"card_choices":[{"not_picked":["Cold Snap","Redo"],"picked":"Glacier","floor":1.0},{"not_picked":["Reprogram","Steam","Cold Snap"],"picked":"SKIP","floor":2.0},{"not_picked":["Reprogram","Skim","All For One"],"picked":"SKIP","floor":6.0},{"not_picked":["Static Discharge","Aggregate","Steam"],"picked":"SKIP","floor":8.0},{"not_picked":["Redo","Compile Driver","Skim"],"picked":"SKIP","floor":10.0},{"not_picked":["Compile Driver","Go for the Eyes","AT_WarpDrive"],"picked":"SKIP","floor":12.0},{"not_picked":["Multi-Cast","Amplify"],"picked":"AT_WaterDrop","floor":16.0},{"not_picked":["Coolheaded","Undo","Barrage"],"picked":"SKIP","floor":18.0},{"not_picked":["Leap+1","Genetic Algorithm","AT_WarpDrive"],"picked":"SKIP","floor":23},{"not_picked":["AT_HeatAcrobatics","Capacitor","Static Discharge"],"picked":"SKIP","floor":25},{"not_picked":["All For One","Tempest"],"picked":"Consume","floor":27},{"not_picked":["Cancel","Sweeping Beam","AT_HeatAcrobatics"],"picked":"SKIP","floor":28},{"not_picked":["Steam Power","Conserve Battery","Sweeping Beam"],"picked":"SKIP","floor":29},{"not_picked":["Steam Power","Conserve Battery","Sweeping Beam"],"picked":"SKIP","floor":29},{"not_picked":["Steam Power","Conserve Battery","Sweeping Beam"],"picked":"SKIP","floor":29},{"not_picked":["FTL","Cancel","Hologram"],"picked":"SKIP","floor":30},{"not_picked":["Hyperbeam","Thunder Strike"],"picked":"REME_Shoggoth","floor":33},{"not_picked":["Aggregate","AT_HeatAcrobatics","Ball Lightning+1","Redo"],"picked":"Recycle+1","floor":35},{"not_picked":["Lockon","Turbo"],"picked":"Defragment+1","floor":36},{"not_picked":["Conserve Battery","Hologram"],"picked":"AT_StudyProgram","floor":37},{"not_picked":["Stack","Streamline+1","Rebound"],"picked":"SKIP","floor":41},{"not_picked":["Stack+1","Barrage"],"picked":"Coolheaded+1","floor":45},{"not_picked":["Amplify","Coolheaded","ElectricPowerLearning"],"picked":"SKIP","floor":47}],"player_experience":598699,"relics_obtained":[{"floor":6.0,"key":"MoneyPower"},{"floor":8.0,"key":"War Paint"},{"floor":9.0,"key":"DeathBook"},{"floor":13.0,"key":"MawBank"},{"floor":23,"key":"TheBean"},{"floor":25,"key":"Orichalcum"},{"floor":26,"key":"Centennial Puzzle"},{"floor":27,"key":"Blue Candle"},{"floor":41,"key":"REME_HourglassOfDeath"},{"floor":45,"key":"REME_LimitBreaker"},{"floor":47,"key":"Mummified Hand"}],"event_choices":[{"damage_healed":0.0,"max_hp_gain":0.0,"max_hp_loss":0.0,"gold_gain":0.0,"event_name":"Liars Game","player_choice":"Ignored","floor":3.0,"gold_loss":0.0,"damage_taken":0.0},{"cards_removed":["Strike_B"],"damage_healed":0.0,"max_hp_gain":0.0,"max_hp_loss":0.0,"gold_gain":0.0,"event_name":"Golden Wing","player_choice":"Card Removal","floor":4.0,"gold_loss":0.0,"damage_taken":7.0},{"damage_healed":0.0,"max_hp_gain":0.0,"max_hp_loss":0.0,"gold_gain":0.0,"event_name":"FaceTrader","player_choice":"Trade","floor":5.0,"gold_loss":0.0,"damage_taken":0.0,"relics_obtained":["FaceOfCleric"]},{"damage_healed":0.0,"max_hp_gain":0.0,"max_hp_loss":0.0,"gold_gain":75.0,"event_name":"World of Goop","player_choice":"Gather Gold","floor":11.0,"gold_loss":0.0,"damage_taken":11.0},{"damage_healed":0.0,"max_hp_gain":0.0,"max_hp_loss":0.0,"gold_gain":0.0,"event_name":"Dead Adventurer","player_choice":"Searched \u00272\u0027 times","floor":13.0,"gold_loss":0.0,"damage_taken":0.0},{"damage_healed":8.0,"max_hp_gain":0.0,"max_hp_loss":0.0,"gold_gain":0.0,"event_name":"Wheel of Change","player_choice":"Full Heal","floor":19.0,"gold_loss":0.0,"damage_taken":0.0},{"damage_healed":0,"gold_gain":0,"player_choice":"Ignored","damage_taken":0,"max_hp_gain":0,"max_hp_loss":0,"event_name":"The Mausoleum","floor":20,"gold_loss":0},{"cards_removed":["Defend_B"],"damage_healed":0,"gold_gain":0,"player_choice":"Elegance","damage_taken":0,"max_hp_gain":0,"max_hp_loss":0,"event_name":"Back to Basics","floor":21,"gold_loss":0},{"damage_healed":0,"gold_gain":0,"cards_transformed":["Dualcast","Impatience"],"player_choice":"Became Test Subject","damage_taken":0,"max_hp_gain":0,"max_hp_loss":0,"event_name":"Drug Dealer","floor":22,"gold_loss":0,"cards_obtained":["Hyperbeam","HandOfGreed"]},{"damage_healed":0,"gold_gain":50,"player_choice":"Pray","damage_taken":0,"max_hp_gain":0,"max_hp_loss":0,"event_name":"Golden Shrine","floor":31,"gold_loss":0},{"damage_healed":0,"gold_gain":0,"player_choice":"Ignored","damage_taken":0,"max_hp_gain":0,"max_hp_loss":0,"event_name":"Tomb of Lord Red Mask","floor":38,"gold_loss":0},{"cards_removed":["REME_Shoggoth"],"damage_healed":0,"gold_gain":0,"player_choice":"Removed Attack","damage_taken":0,"max_hp_gain":0,"max_hp_loss":0,"event_name":"Falling","floor":46,"gold_loss":0}],"is_beta":true,"boss_relics":[{"not_picked":["REME_LowDesire","Calling Bell"],"picked":"Empty Cage"},{"not_picked":[]},{"not_picked":["Runic Dome","Fusion Hammer"],"picked":"Coffee Dripper"},{"not_picked":[]}],"items_purged_floors":[0,0,14,17,34,39,48],"is_endless":false,"potions_floor_spawned":[2,8,13,28,29,33,37,41,45,47],"ascension_level":20}}