{"host":"f5gffvlv6a66yqkd","time":1610822813,"event":{"mods":["2.2 Compatiblity","Alarm Clock","BaseMod","Colored Map","Custom Start","DeckTracker","Keyboard Shortcuts","Minty Spire (QoL Compilation)","Permanent Neow","Quick Restart","Relic Stats","StSLib","SuperFastMode"],"gold_per_floor":[110,33,33,49,66,66,96,96,123,134,148,166,8,39,39,116,116,126,141,156,173,88,88,120,120,144,144,170,95,112,127,127,199,199,211,266,266,291,181,181,199,219,219,219,58,58,78,110,110,110,110,110,110,10,10,10],"floor_reached":55,"language":"KOR","playtime":2006,"items_purged":["Strike_P","Strike_P"],"score":1844,"play_id":"7652b822-9fe8-4f0b-8ea6-7ae316047a9b","local_time":"20210117034653","is_ascension_mode":true,"campfire_choices":[{"data":"Eruption","floor":6.0,"key":"SMITH"},{"data":"Wallop","floor":8.0,"key":"SMITH"},{"data":"Tantrum","floor":15.0,"key":"SMITH"},{"data":"Adaptation","floor":23.0,"key":"SMITH"},{"data":"MentalFortress","floor":25.0,"key":"SMITH"},{"data":"CrushJoints","floor":27.0,"key":"SMITH"},{"floor":32.0,"key":"REST"},{"floor":40.0,"key":"RECALL"},{"data":"Brilliance","floor":44.0,"key":"SMITH"},{"floor":46.0,"key":"REST"},{"data":"EmptyBody","floor":49.0,"key":"SMITH"},{"data":"Vigilance","floor":53.0,"key":"SMITH"}],"circlet_count":0,"master_deck":["AscendersBane","Strike_P","Strike_P","Eruption+1","Vigilance+1","Evaluate","EmptyBody+1","FearNoEvil+1","CrushJoints+1","Wallop+1","FlurryOfBlows","Adaptation+1","Tantrum+1","Brilliance+1","Halt+1","MentalFortress+1","MentalFortress+1"],"relics":["PureWater","Bag of Preparation","Ancient Tea Set","Question Card","Runic Pyramid","Pantograph","Molten Egg 2","Happy Flower","Art of War","SacredBark","Bird Faced Urn","DollysMirror","CeramicFish"],"acts_visited":["Exordium","TheCity","TheBeyond","TheEnding"],"potions_floor_usage":[],"damage_taken":[{"damage":1.0,"enemies":"Jaw Worm","floor":1.0,"turns":3.0},{"damage":0.0,"enemies":"Cultist","floor":4.0,"turns":3.0},{"damage":2.0,"enemies":"2 Louse","floor":5.0,"turns":3.0},{"damage":11.0,"enemies":"Gremlin Nob","floor":7.0,"turns":3.0},{"damage":0.0,"enemies":"Blue Slaver","floor":10.0,"turns":2.0},{"damage":0.0,"enemies":"Exordium Wildlife","floor":11.0,"turns":2.0},{"damage":0.0,"enemies":"2 Fungi Beasts","floor":12.0,"turns":1.0},{"damage":8.0,"enemies":"Lagavulin","floor":14.0,"turns":5.0},{"damage":17.0,"enemies":"Hexaghost","floor":16.0,"turns":5.0},{"damage":9.0,"enemies":"2 Thieves","floor":18.0,"turns":3.0},{"damage":0.0,"enemies":"Chosen","floor":19.0,"turns":2.0},{"damage":0.0,"enemies":"Sentry and Sphere","floor":20.0,"turns":3.0},{"damage":10.0,"enemies":"Cultist and Chosen","floor":21.0,"turns":4.0},{"damage":7.0,"enemies":"Gremlin Leader","floor":24.0,"turns":5.0},{"damage":19.0,"enemies":"Slavers","floor":28.0,"turns":3.0},{"damage":0.0,"enemies":"Centurion and Healer","floor":30.0,"turns":3.0},{"damage":0.0,"enemies":"Chosen and Byrds","floor":31.0,"turns":5.0},{"damage":51.0,"enemies":"Champ","floor":33.0,"turns":9.0},{"damage":0.0,"enemies":"Orb Walker","floor":35.0,"turns":2.0},{"damage":1.0,"enemies":"2 Orb Walkers","floor":36.0,"turns":3.0},{"damage":0.0,"enemies":"Mind Bloom Boss Battle","floor":38.0,"turns":4.0},{"damage":3.0,"enemies":"3 Shapes","floor":41.0,"turns":4.0},{"damage":27.0,"enemies":"3 Darklings","floor":42.0,"turns":3.0},{"damage":20.0,"enemies":"4 Shapes","floor":47.0,"turns":4.0},{"damage":0.0,"enemies":"Nemesis","floor":48.0,"turns":3.0},{"damage":34.0,"enemies":"Donu and Deca","floor":50.0,"turns":8.0},{"damage":16.0,"enemies":"Awakened One","floor":51.0,"turns":10.0},{"damage":87,"enemies":"Shield and Spear","floor":55,"turns":5}],"seed_played":"-2063938063899375477","potions_obtained":[{"floor":4.0,"key":"Strength Potion"},{"floor":5.0,"key":"EntropicBrew"},{"floor":21.0,"key":"Dexterity Potion"},{"floor":24.0,"key":"SteroidPotion"},{"floor":33.0,"key":"SkillPotion"},{"floor":36.0,"key":"DuplicationPotion"}],"is_trial":false,"path_per_floor":["M","$","?","M","M","R","E","R","T","M","M","M","$","E","R","B",null,"M","M","M","M","?","R","E","R","T","R","E","$","M","M","R","B",null,"M","?","?","?","?","R","M","M","T","R","$","R","M","E","R","B","B",null,"R","$","E"],"character_chosen":"WATCHER","items_purchased":["FearNoEvil","Adaptation","Tantrum","DollysMirror"],"campfire_rested":2,"item_purchase_floors":[2,13,13,45],"current_hp_per_floor":[60,60,60,60,58,58,47,47,47,47,47,47,47,39,39,22,57,48,48,48,38,38,38,31,31,31,31,12,12,12,12,32,6,53,53,52,52,68,68,68,65,42,42,42,42,62,48,56,56,34,49,63,63,63,0,0],"gold":10,"neow_bonus":"TRANSFORM_CARD","is_daily":false,"chose_seed":false,"campfire_upgraded":9,"win_rate":0.0,"timestamp":1610822813,"path_taken":["M","$","?","?","M","R","E","R","T","M","M","M","?","E","R","BOSS","M","M","M","M","?","R","E","R","T","R","E","$","M","M","R","BOSS","M","?","?","?","?","R","M","?","T","R","$","R","?","E","R","BOSS","BOSS","R","$","E"],"items_purchased_type":["Card","Card","Card","Relic"],"build_version":"2020-12-22","purchased_purges":2,"victory":false,"max_hp_per_floor":[68,68,68,68,68,68,68,68,68,68,68,68,68,68,68,68,68,68,68,68,68,68,68,68,68,68,68,68,68,68,68,68,68,68,68,68,68,68,68,68,68,68,68,68,68,68,68,68,68,68,68,68,68,68,68,68],"relic_stats":{"Happy Flower":[22],"counters":[28,110],"Pantograph":78,"Bird Faced Urn":[30],"CeramicFish":0,"Bag of Preparation":[48],"Art of War":[2],"Question Card":17,"obtain_stats":[{"Happy Flower":26,"SacredBark":34,"CeramicFish":48,"Bag of Preparation":7,"Ancient Tea Set":9,"Question Card":14,"DollysMirror":45,"Pantograph":22,"Bird Faced Urn":36,"Molten Egg 2":24,"WingedGreaves":46,"Art of War":28,"PureWater":0,"Runic Pyramid":17},{"Happy Flower":14,"SacredBark":18,"CeramicFish":25,"Bag of Preparation":4,"Ancient Tea Set":4,"Question Card":8,"DollysMirror":23,"Pantograph":13,"Bird Faced Urn":20,"Molten Egg 2":14,"WingedGreaves":23,"Art of War":15,"PureWater":0,"Runic Pyramid":9},{"Happy Flower":44,"SacredBark":64,"CeramicFish":87,"Bag of Preparation":12,"Ancient Tea Set":12,"Question Card":22,"DollysMirror":80,"Pantograph":39,"Bird Faced Urn":69,"Molten Egg 2":44,"WingedGreaves":80,"Art of War":47,"PureWater":0,"Runic Pyramid":27}]},"card_choices":[{"not_picked":["CrushJoints","Crescendo"],"picked":"EmptyBody","floor":1.0},{"not_picked":["Swivel","WaveOfTheHand","Halt"],"picked":"SKIP","floor":4.0},{"not_picked":["EmptyMind","PathToVictory"],"picked":"CrushJoints","floor":5.0},{"not_picked":["Halt","Conclude"],"picked":"Wallop","floor":7.0},{"not_picked":["ClearTheMind","SignatureMove"],"picked":"FlurryOfBlows","floor":10.0},{"not_picked":["JustLucky","FollowUp","Evaluate"],"picked":"SKIP","floor":11.0},{"not_picked":["CutThroughFate","DeceiveReality","Meditate"],"picked":"SKIP","floor":12.0},{"not_picked":["CutThroughFate","DeceiveReality","Meditate"],"picked":"SKIP","floor":12.0},{"not_picked":["FlyingSleeves","Protect","FearNoEvil"],"picked":"SKIP","floor":14.0},{"not_picked":["Establishment","DevaForm","Devotion"],"picked":"Brilliance","floor":16.0},{"not_picked":["FlurryOfBlows","EmptyFist","Wallop"],"picked":"Halt+1","floor":18.0},{"not_picked":["FlurryOfBlows","CrushJoints+1","Prostrate","Halt"],"picked":"SKIP","floor":19.0},{"not_picked":["Swivel","Crescendo","BowlingBash","Halt"],"picked":"SKIP","floor":20.0},{"not_picked":["FlyingSleeves","CutThroughFate","Wallop"],"picked":"MentalFortress","floor":21.0},{"not_picked":["SashWhip+1","Swivel","SignatureMove+1","Vengeance+1"],"picked":"SKIP","floor":24.0},{"not_picked":["MentalFortress","BowlingBash+1","Protect","EmptyBody"],"picked":"SKIP","floor":28.0},{"not_picked":["Crescendo","DevaForm","MentalFortress","ClearTheMind"],"picked":"SKIP","floor":30.0},{"not_picked":["FearNoEvil+1","Consecrate+1","Halt","FollowUp+1"],"picked":"SKIP","floor":31.0},{"not_picked":["FlurryOfBlows+1","Halt","Consecrate+1","DeceiveReality"],"picked":"SKIP","floor":35.0},{"not_picked":["CutThroughFate+1","ThirdEye","Consecrate+1","FearNoEvil+1"],"picked":"SKIP","floor":41.0},{"not_picked":["FlurryOfBlows+1","EmptyBody","SignatureMove+1","CutThroughFate+1"],"picked":"SKIP","floor":42.0},{"not_picked":["Nirvana+1","SashWhip+1","ForeignInfluence","Worship+1"],"picked":"SKIP","floor":47.0},{"not_picked":["Crescendo","Weave+1","FlyingSleeves+1","Prostrate"],"picked":"SKIP","floor":48.0}],"player_experience":1573665,"relics_obtained":[{"floor":7.0,"key":"Bag of Preparation"},{"floor":9.0,"key":"Ancient Tea Set"},{"floor":14.0,"key":"Question Card"},{"floor":24.0,"key":"Molten Egg 2"},{"floor":26.0,"key":"Happy Flower"},{"floor":28.0,"key":"Art of War"},{"floor":36.0,"key":"Bird Faced Urn"},{"floor":48.0,"key":"CeramicFish"}],"event_choices":[{"cards_removed":["Defend_P"],"damage_healed":0.0,"max_hp_gain":0.0,"max_hp_loss":0.0,"gold_gain":0.0,"event_name":"Bonfire Elementals","player_choice":"Offered Basic","floor":3.0,"gold_loss":0.0,"damage_taken":0.0},{"damage_healed":0.0,"max_hp_gain":0.0,"max_hp_loss":0.0,"gold_gain":0.0,"event_name":"Addict","player_choice":"Obtained Relic","floor":22.0,"gold_loss":85.0,"damage_taken":0.0,"relics_obtained":["Pantograph"]},{"damage_healed":0.0,"max_hp_gain":0.0,"max_hp_loss":0.0,"gold_gain":0.0,"event_name":"Mysterious Sphere","player_choice":"Fight","floor":36.0,"gold_loss":0.0,"damage_taken":0.0},{"cards_removed":["Defend_P"],"damage_healed":0.0,"max_hp_gain":0.0,"max_hp_loss":0.0,"gold_gain":0.0,"event_name":"Falling","player_choice":"Removed Skill","floor":37.0,"gold_loss":0.0,"damage_taken":0.0},{"damage_healed":0.0,"max_hp_gain":0.0,"max_hp_loss":0.0,"gold_gain":0.0,"event_name":"MindBloom","player_choice":"Fight","floor":38.0,"gold_loss":0.0,"damage_taken":0.0},{"cards_removed":["Defend_P"],"damage_healed":0.0,"max_hp_gain":0.0,"max_hp_loss":0.0,"gold_gain":0.0,"event_name":"Designer","player_choice":"Upgrade and Remove","floor":39.0,"gold_loss":110.0,"damage_taken":0.0,"cards_upgraded":["FearNoEvil"]}],"is_beta":false,"boss_relics":[{"not_picked":["Black Star","HolyWater"],"picked":"Runic Pyramid"},{"not_picked":["Tiny House","Calling Bell"],"picked":"SacredBark"}],"items_purged_floors":[29,54],"is_endless":false,"potions_floor_spawned":[4,5,11,14,21,24,31,33,36,41],"killed_by":"Shield and Spear","ascension_level":20}}