{"host":"4g8vayc9pwrwu92h","time":1610795490,"event":{"mods":["Aspiration","BaseMod","Downfall","Marked Mod","Minty Spire (QoL Compilation)","Quick Restart","StSLib","The Jungle"],"gold_per_floor":[109,125,125,138,138,172,199,242,279,303,315,327,259,274,274,371,371,384,384,211,238,238,238,272,272,298,327,343,343,275,275,275,378,378,390,390,401,416,416,416,416],"floor_reached":40,"language":"ZHS","playtime":2116,"items_purged":[],"score":524,"play_id":"b943d5a2-36d2-4d4f-b1df-f023b9044095","local_time":"20210116191130","is_ascension_mode":true,"campfire_choices":[{"floor":15,"key":"RECALL"},{"floor":23,"key":"REST"},{"data":"Alpha","floor":25,"key":"SMITH"},{"floor":32,"key":"REST"}],"circlet_count":0,"master_deck":["Strike_P+1","Strike_P+1","Strike_P+1","Strike_P+1","Defend_P+1","Defend_P+1","Defend_P+1","Defend_P+1","Eruption+1","Vigilance+1","FlyingSleeves","PathToVictory+1","DevaForm+1","Prostrate+1","MarkedMod:GracefulMovements","Alpha+1","SashWhip+1","Pray","EmptyFist+1","TalkToTheHand+1","MarkedMod:OneThousandNeedles","DeusExMachina","MarkedMod:NorthStar","ForeignInfluence+1","Madness","Madness","Ragnarok+1"],"relics":["PureWater","Black Star","Ice Cream","aspiration:Nostalgia","Burning Blood","Singing Bowl","MawBank","aspiration:ChemicalBlood","Molten Egg 2","Juzu Bracelet","SacredBark","Red Mask","Potion Belt","Bronze Scales","Damaru","Strawberry","Pen Nib"],"acts_visited":["TheCity","TheBeyond"],"potions_floor_usage":[6,8,14,14,16,16,16,18,21,24,24,27,28,29,33,33,35,38,38,40,40],"damage_taken":[{"damage":4,"enemies":"Jaw Worm","floor":1,"turns":2},{"damage":0,"enemies":"Small Slimes","floor":2,"turns":2},{"damage":0,"enemies":"Cultist","floor":4,"turns":2},{"damage":10,"enemies":"Gremlin Nob","floor":6,"turns":4},{"damage":3,"enemies":"Looter","floor":7,"turns":3},{"damage":12,"enemies":"Lagavulin","floor":8,"turns":8},{"damage":4,"enemies":"Large Slime","floor":10,"turns":3},{"damage":10,"enemies":"Exordium Thugs","floor":14,"turns":2},{"damage":29,"enemies":"The Guardian","floor":16,"turns":10},{"damage":33,"enemies":"Shell Parasite","floor":18,"turns":5},{"damage":41,"enemies":"Masked Bandits","floor":21,"turns":6},{"damage":1,"enemies":"Slavers","floor":24,"turns":3},{"damage":21,"enemies":"Gremlin Leader","floor":27,"turns":5},{"damage":0,"enemies":"Spheric Guardian","floor":28,"turns":3},{"damage":0,"enemies":"Chosen and Byrds","floor":29,"turns":1},{"damage":56,"enemies":"Automaton","floor":33,"turns":7},{"damage":0,"enemies":"3 Shapes","floor":35,"turns":3},{"damage":2,"enemies":"Orb Walker","floor":37,"turns":5},{"damage":54,"enemies":"Transient","floor":38,"turns":5},{"damage":74,"enemies":"Nemesis","floor":40,"turns":4}],"seed_played":"-3141743625854333440","potions_obtained":[{"floor":2,"key":"SteroidPotion"},{"floor":7,"key":"PowerPotion"},{"floor":8,"key":"Fire Potion"},{"floor":10,"key":"champ:CounterPotion"},{"floor":21,"key":"DistilledChaos"},{"floor":24,"key":"Strength Potion"},{"floor":33,"key":"Regen Potion"}],"is_trial":false,"path_per_floor":["M","M","?","M","?","E","M","E","T","M","?","?","$","M","R","B",null,"M","?","$","?","?","R","E","R","T","E","M","M","$","?","R","B",null,"M","?","M","M","?","E"],"character_chosen":"WATCHER","items_purchased":["MarkedMod:GracefulMovements","Pray","SmokeBomb","DeusExMachina"],"campfire_rested":2,"item_purchase_floors":[13,20,20,30],"current_hp_per_floor":[72,72,72,72,72,68,73,67,67,69,54,54,54,52,52,34,76,49,49,49,14,22,44,49,49,49,41,49,55,55,39,66,16,90,90,79,85,71,71,0,0],"gold":416,"neow_bonus":"NOSTALGIA","is_daily":false,"chose_seed":false,"campfire_upgraded":1,"win_rate":0.0,"timestamp":1610795490,"path_taken":["M","M","?","?","?","E","M","E","T","M","?","?","$","M","R","BOSS","M","?","$","?","?","R","E","R","T","E","M","M","?","?","R","BOSS","M","?","M","M","?","E"],"items_purchased_type":["Card","Card","Potion","Card"],"build_version":"2020-12-22","purchased_purges":0,"victory":false,"max_hp_per_floor":[72,72,72,72,72,72,74,74,74,74,74,74,74,76,76,76,76,76,76,76,76,76,76,76,76,76,83,85,85,85,90,90,90,90,90,90,92,92,92,92,92],"card_choices":[{"not_picked":["ThirdEye","FollowUp","ClearTheMind"],"picked":"SKIP","floor":1},{"not_picked":["FollowUp","CutThroughFate","LessonLearned"],"picked":"SKIP","floor":2},{"not_picked":["SandsOfTime","MarkedMod:GentlePulse"],"picked":"FlyingSleeves","floor":4},{"not_picked":["FlurryOfBlows","MentalFortress"],"picked":"PathToVictory","floor":6},{"not_picked":["MarkedMod:GentlePulse","CrushJoints","ReachHeaven"],"picked":"Singing Bowl","floor":7},{"not_picked":["MarkedMod:GentlePulse","Meditate"],"picked":"DevaForm","floor":8},{"not_picked":["WaveOfTheHand","FollowUp+1"],"picked":"Prostrate","floor":10},{"not_picked":["Wireheading","Collect","Vengeance"],"picked":"Singing Bowl","floor":14},{"not_picked":["Judgement","Blasphemy"],"picked":"Alpha","floor":16},{"not_picked":["FollowUp+1","Nirvana+1"],"picked":"SashWhip+1","floor":18},{"not_picked":["FearNoEvil+1","CrushJoints+1"],"picked":"EmptyFist+1","floor":21},{"not_picked":["Prostrate","DeceiveReality"],"picked":"TalkToTheHand+1","floor":24},{"not_picked":["Vengeance","MarkedMod:GentlePulse"],"picked":"MarkedMod:OneThousandNeedles","floor":27},{"not_picked":["Crescendo","Fasting2","Consecrate+1"],"picked":"Singing Bowl","floor":28},{"not_picked":["LessonLearned+1","Judgement"],"picked":"MarkedMod:NorthStar","floor":33},{"not_picked":["CrushJoints+1","Collect+1"],"picked":"ForeignInfluence+1","floor":35},{"not_picked":["Swivel","CutThroughFate+1","CrushJoints+1"],"picked":"Singing Bowl","floor":37},{"not_picked":["Sanctity+1","Consecrate+1"],"picked":"Ragnarok+1","floor":38}],"player_experience":432066,"relics_obtained":[{"floor":6,"key":"Singing Bowl"},{"floor":6,"key":"MawBank"},{"floor":8,"key":"aspiration:ChemicalBlood"},{"floor":8,"key":"Molten Egg 2"},{"floor":9,"key":"Juzu Bracelet"},{"floor":21,"key":"Red Mask"},{"floor":24,"key":"Potion Belt"},{"floor":24,"key":"Bronze Scales"},{"floor":26,"key":"Damaru"},{"floor":27,"key":"Strawberry"},{"floor":27,"key":"Pen Nib"}],"event_choices":[{"damage_healed":0,"gold_gain":0,"player_choice":"0 cards matched","damage_taken":0,"max_hp_gain":0,"max_hp_loss":0,"event_name":"Match and Keep!","floor":3,"gold_loss":0,"cards_obtained":[]},{"damage_healed":0,"gold_gain":0,"player_choice":"Ignored","damage_taken":0,"max_hp_gain":0,"max_hp_loss":0,"event_name":"Golden Wing","floor":5,"gold_loss":0},{"damage_healed":0,"gold_gain":0,"player_choice":"Entered Light","damage_taken":15,"max_hp_gain":0,"max_hp_loss":0,"event_name":"Shining Light","floor":11,"gold_loss":0,"cards_upgraded":["Prostrate","PathToVictory"]},{"damage_healed":0,"gold_gain":0,"player_choice":"Grow","damage_taken":0,"max_hp_gain":0,"max_hp_loss":0,"event_name":"Living Wall","floor":12,"gold_loss":0,"cards_upgraded":["DevaForm"]},{"damage_healed":0,"gold_gain":0,"player_choice":"Ignored","damage_taken":0,"max_hp_gain":0,"max_hp_loss":0,"event_name":"Ghosts","floor":19,"gold_loss":0},{"damage_healed":0,"gold_gain":0,"player_choice":"Fought Bandits","damage_taken":0,"max_hp_gain":0,"max_hp_loss":0,"event_name":"Masked Bandits","floor":21,"gold_loss":0},{"damage_healed":0,"gold_gain":0,"player_choice":"Shed Blood","damage_taken":21,"max_hp_gain":5,"max_hp_loss":0,"event_name":"Forgotten Altar","floor":31,"gold_loss":0},{"damage_healed":0,"gold_gain":0,"player_choice":"Embrace Madness","damage_taken":11,"max_hp_gain":0,"max_hp_loss":0,"event_name":"Winding Halls","floor":36,"gold_loss":0,"cards_obtained":["Madness","Madness"]},{"damage_healed":0,"gold_gain":0,"player_choice":"Ignored","damage_taken":0,"max_hp_gain":0,"max_hp_loss":0,"event_name":"Mysterious Sphere","floor":39,"gold_loss":0}],"is_beta":false,"boss_relics":[{"not_picked":["Astrolabe","Cursed Key"],"picked":"SacredBark"},{"not_picked":["Runic Dome","Snecko Eye","Velvet Choker"]}],"items_purged_floors":[],"is_endless":false,"potions_floor_spawned":[2,7,8,10,21,24,33],"killed_by":"Nemesis","ascension_level":3}}