{"host":"y3h3n3f7seyagppx","time":1610828238,"event":{"mods":["AlwaysNeverKeys","BaseMod","Better Vampires","Colored Powertips","DeckTracker","Emptier Cage","Minty Spire (QoL Compilation)","Permanent Neow","Quick Restart","Rare Cards Sparkle","Relic Sorter","Relic Stats","StSLib","Transform Curses"],"gold_per_floor":[119,134,151,151,164,164,198,210,210,245,264,264,282,308,308,382,382,392,410,15,15,27,27,27,27],"floor_reached":24,"language":"ENG","playtime":2923,"items_purged":["Strike_B"],"score":490,"play_id":"9c32d83a-8edd-4e43-b9da-4ac31bcbe1ba","local_time":"20210116151718","is_ascension_mode":true,"campfire_choices":[{"data":"Lockon","floor":6.0,"key":"SMITH"},{"data":"Doom and Gloom","floor":15,"key":"SMITH"},{"data":"Double Energy","floor":23,"key":"SMITH"}],"circlet_count":0,"master_deck":["AscendersBane","Strike_B","Defend_B","Defend_B","Defend_B","Defend_B","Zap+1","Dualcast","Genetic Algorithm","Lockon+1","Undo","Double Energy+1","Chill","Self Repair","Rebound","Core Surge","Doom and Gloom+1","Multi-Cast","RitualDagger","Coolheaded"],"relics":["Cracked Core","MealTicket","Pear","Omamori","Ice Cream","Coffee Dripper","Oddly Smooth Stone","Lee\u0027s Waffle"],"acts_visited":["Exordium","TheCity"],"potions_floor_usage":[7,10,18,24,24],"damage_taken":[{"damage":1.0,"enemies":"Cultist","floor":1.0,"turns":3.0},{"damage":0.0,"enemies":"2 Louse","floor":2.0,"turns":1.0},{"damage":4.0,"enemies":"Small Slimes","floor":3.0,"turns":3.0},{"damage":3.0,"enemies":"Exordium Thugs","floor":5.0,"turns":2.0},{"damage":0,"enemies":"3 Sentries","floor":7,"turns":6},{"damage":15,"enemies":"Exordium Wildlife","floor":8,"turns":5},{"damage":32,"enemies":"Gremlin Nob","floor":10,"turns":5},{"damage":1,"enemies":"3 Louse","floor":11,"turns":3},{"damage":0,"enemies":"Looter","floor":13,"turns":3},{"damage":10,"enemies":"Lagavulin","floor":14,"turns":5},{"damage":13,"enemies":"The Guardian","floor":16,"turns":11},{"damage":11,"enemies":"2 Thieves","floor":18,"turns":2},{"damage":17,"enemies":"Spheric Guardian","floor":19,"turns":4},{"damage":21,"enemies":"Shelled Parasite and Fungi","floor":22,"turns":5},{"damage":76,"enemies":"Gremlin Leader","floor":24,"turns":11}],"seed_played":"-191444000415745353","potions_obtained":[{"floor":1.0,"key":"PowerPotion"},{"floor":3.0,"key":"Weak Potion"},{"floor":5.0,"key":"EssenceOfDarkness"},{"floor":10,"key":"SneckoOil"},{"floor":11,"key":"ColorlessPotion"},{"floor":14,"key":"GamblersBrew"},{"floor":22,"key":"LiquidMemories"}],"is_trial":false,"path_per_floor":["M","M","M","?","M","R","E","M","T","E","M","?","M","E","R","B",null,"M","M","$","?","M","R","E"],"character_chosen":"DEFECT","items_purchased":["Oddly Smooth Stone","Lee\u0027s Waffle"],"campfire_rested":0,"item_purchase_floors":[20,20],"current_hp_per_floor":[63,63,59,59,56,56,56,48,58,33,39,39,46,43,43,37,70,59,49,88,82,68,68,0,0],"gold":27,"neow_bonus":"UPGRADE_CARD","is_daily":false,"chose_seed":false,"campfire_upgraded":3,"win_rate":0.0,"timestamp":1610828238,"path_taken":["M","M","?","?","M","R","E","M","T","E","?","?","?","E","R","BOSS","M","M","$","?","M","R","E"],"items_purchased_type":["Relic","Relic"],"build_version":"2020-12-22","purchased_purges":1,"victory":false,"max_hp_per_floor":[71,71,71,71,71,71,71,71,81,81,81,81,81,81,81,81,81,81,81,88,88,88,88,88,88],"relic_stats":{"Lee\u0027s Waffle":24,"counters":[15,69],"MealTicket":15,"obtain_stats":[{"Ice Cream":14,"Lee\u0027s Waffle":20,"Pear":9,"Oddly Smooth Stone":20,"MealTicket":7,"Omamori":10,"Coffee Dripper":17,"Cracked Core":0},{"Ice Cream":10,"Lee\u0027s Waffle":13,"Pear":6,"Oddly Smooth Stone":13,"MealTicket":5,"Omamori":7,"Coffee Dripper":11,"Cracked Core":0},{"Ice Cream":36,"Lee\u0027s Waffle":53,"Pear":20,"Oddly Smooth Stone":53,"MealTicket":15,"Omamori":25,"Coffee Dripper":47,"Cracked Core":0}]},"card_choices":[{"not_picked":["Streamline","Redo"],"picked":"Genetic Algorithm","floor":1.0},{"not_picked":["Sweeping Beam","Coolheaded"],"picked":"Lockon","floor":2.0},{"not_picked":["Conserve Battery","Redo"],"picked":"Undo","floor":3.0},{"not_picked":["Compile Driver","Streamline"],"picked":"Chill","floor":5.0},{"not_picked":["Leap","Barrage"],"picked":"Self Repair","floor":7},{"not_picked":["Steam","Rebound","Force Field"],"picked":"SKIP","floor":8},{"not_picked":["Steam","Force Field"],"picked":"Rebound","floor":8},{"not_picked":["Conserve Battery","Beam Cell"],"picked":"Core Surge","floor":10},{"not_picked":["Go for the Eyes","Redo"],"picked":"Doom and Gloom","floor":11},{"not_picked":["Lockon","Rebound","Consume"],"picked":"SKIP","floor":13},{"not_picked":["Lockon","Rebound","Consume"],"picked":"SKIP","floor":13},{"not_picked":["Hello World","Doom and Gloom","Sunder"],"picked":"SKIP","floor":14},{"not_picked":["Electrodynamics","Reboot"],"picked":"Multi-Cast","floor":16},{"not_picked":["Stack","Consume","Ball Lightning"],"picked":"SKIP","floor":18},{"not_picked":["Conserve Battery","Melter","Rebound"],"picked":"SKIP","floor":19},{"not_picked":["Beam Cell","Steam Power"],"picked":"Coolheaded","floor":22}],"player_experience":21085991,"relics_obtained":[{"floor":7,"key":"MealTicket"},{"floor":9,"key":"Pear"},{"floor":10,"key":"Omamori"},{"floor":14,"key":"Ice Cream"}],"event_choices":[{"damage_healed":0.0,"max_hp_gain":0.0,"max_hp_loss":0.0,"gold_gain":0.0,"cards_transformed":["Strike_B"],"event_name":"Transmorgrifier","player_choice":"Transformed","floor":4.0,"gold_loss":0.0,"damage_taken":0.0,"cards_obtained":["Double Energy"]},{"cards_removed":["Strike_B"],"damage_healed":0,"gold_gain":0,"player_choice":"Purged","damage_taken":0,"max_hp_gain":0,"max_hp_loss":0,"event_name":"Purifier","floor":12,"gold_loss":0},{"damage_healed":0,"gold_gain":0,"player_choice":"Joined the Cult","damage_taken":6,"max_hp_gain":0,"max_hp_loss":0,"event_name":"Nest","floor":21,"gold_loss":0,"cards_obtained":["RitualDagger"]}],"is_beta":false,"boss_relics":[{"not_picked":["Snecko Eye","Astrolabe"],"picked":"Coffee Dripper"}],"items_purged_floors":[20],"is_endless":false,"potions_floor_spawned":[1,3,5,10,11,14,22],"killed_by":"Gremlin Leader","ascension_level":20}}