{"host":"6bsan6hkua32tfq7","time":1610836118,"event":{"mods":["BaseMod","Better Third Choice","Colored Map","Highlight Path","Minty Spire (QoL Compilation)","StSLib"],"gold_per_floor":[119,51,16,33,33,71,94,135,135,135,155,155,191,215,215,305,368,384,113,113,132,132,132,175,175,256,256,269,269,394,428,428,526,526,549,549,569,569,589,633,656,326,379,379,122,122,122,122],"floor_reached":47,"language":"ENG","playtime":4100,"items_purged":["Defend_P","Strike_P+1"],"score":1193,"play_id":"db87f76b-cffb-4460-a967-680445abb487","local_time":"20210116232838","is_ascension_mode":true,"campfire_choices":[{"floor":12,"key":"REST"},{"floor":15,"key":"RECALL"},{"floor":23,"key":"REST"},{"floor":25,"key":"REST"},{"floor":29,"key":"REST"},{"floor":32,"key":"REST"},{"floor":44,"key":"REST"}],"circlet_count":0,"master_deck":["AscendersBane","Strike_P+1","Strike_P+1","Defend_P+1","Defend_P+1","Defend_P+1","Eruption+1","Vigilance+1","Crescendo+1","FlurryOfBlows+1","FlyingSleeves+1","WindmillStrike+1","Establishment+1","Study+1","FlurryOfBlows+1","Perseverance+1","Scrawl+1","Perseverance+1","Meditate+1","Violence+1","CarveReality+1","Ghostly+1","Ghostly+1","Ghostly+1","ClearTheMind+1","FlurryOfBlows+1","TalkToTheHand+1","LessonLearned+1","Meditate+1","Alpha+1","FlurryOfBlows+1","Sanctity","Evaluate+1","Protect+1","Perseverance","Sanctity","Evaluate"],"relics":["Fusion Hammer","betterThird:SlimedRelic","Golden Idol","CaptainsWheel","Bird Faced Urn","Incense Burner","Happy Flower","Tiny House","Calipers","Eternal Feather","Ice Cream","Kunai","WingedGreaves","Sozu","Mark of the Bloom","Centennial Puzzle","Strawberry","Orrery","Damaru","ClockworkSouvenir"],"acts_visited":["Exordium","TheCity","TheBeyond"],"potions_floor_usage":[6,16,18,28,40,47],"damage_taken":[{"damage":2,"enemies":"Jaw Worm","floor":1,"turns":3},{"damage":5,"enemies":"2 Louse","floor":4,"turns":6},{"damage":0,"enemies":"Gremlin Nob","floor":6,"turns":3},{"damage":0,"enemies":"Small Slimes","floor":7,"turns":2},{"damage":44,"enemies":"Lagavulin","floor":8,"turns":5},{"damage":8,"enemies":"Blue Slaver","floor":11,"turns":4},{"damage":17,"enemies":"3 Sentries","floor":13,"turns":7},{"damage":0,"enemies":"Large Slime","floor":14,"turns":4},{"damage":5,"enemies":"Hexaghost","floor":16,"turns":8},{"damage":6,"enemies":"2 Thieves","floor":18,"turns":4},{"damage":10,"enemies":"Shell Parasite","floor":21,"turns":6},{"damage":0,"enemies":"Book of Stabbing","floor":24,"turns":8},{"damage":0,"enemies":"Cultist and Chosen","floor":28,"turns":5},{"damage":9,"enemies":"Colosseum Slavers","floor":30,"turns":6},{"damage":2,"enemies":"Colosseum Nobs","floor":30,"turns":6},{"damage":3,"enemies":"Slavers","floor":31,"turns":6},{"damage":2,"enemies":"Automaton","floor":33,"turns":12},{"damage":0,"enemies":"Orb Walker","floor":35,"turns":6},{"damage":0,"enemies":"3 Shapes","floor":37,"turns":3},{"damage":1,"enemies":"Transient","floor":39,"turns":6},{"damage":29,"enemies":"Nemesis","floor":40,"turns":9},{"damage":0,"enemies":"3 Darklings","floor":41,"turns":3},{"damage":30,"enemies":"Reptomancer","floor":47,"turns":3}],"seed_played":"-1991431194930709811","potions_obtained":[{"floor":4,"key":"Strength Potion"},{"floor":11,"key":"Fruit Juice"},{"floor":13,"key":"SkillPotion"},{"floor":17,"key":"BottledMiracle"},{"floor":21,"key":"AttackPotion"},{"floor":31,"key":"EssenceOfSteel"}],"is_trial":false,"path_per_floor":["M","?","?","M","?","E","M","E","T","?","M","R","E","M","R","B",null,"M","$","?","M","?","R","E","R","T","T","M","R","?","E","R","B",null,"M","?","M","?","M","E","M","$","T","R","$","?","E"],"character_chosen":"WATCHER","items_purchased":["Violence","Strawberry","Orrery","ClockworkSouvenir"],"campfire_rested":6,"item_purchase_floors":[19,42,42,45],"current_hp_per_floor":[59,48,65,60,60,60,60,16,16,9,3,21,8,12,12,16,59,57,57,57,51,36,36,36,36,36,36,36,36,33,32,36,36,36,36,36,36,36,35,6,6,6,6,6,6,6,0,0],"gold":122,"neow_bonus":"BOSS_RELIC","is_daily":false,"chose_seed":false,"campfire_upgraded":0,"win_rate":0.0,"timestamp":1610836118,"path_taken":["M","?","?","M","?","E","M","E","T","?","M","R","E","M","R","BOSS","M","$","?","M","?","R","E","R","T","?","?","R","?","E","R","BOSS","M","?","M","?","?","E","M","$","T","R","$","?","E"],"items_purchased_type":["Card","Relic","Relic","Relic"],"build_version":"2020-12-22","purchased_purges":2,"victory":false,"max_hp_per_floor":[68,68,68,68,62,62,62,62,62,62,62,62,62,62,62,67,72,72,72,72,72,36,36,36,36,36,36,36,36,36,36,36,36,36,36,36,36,36,36,36,36,43,43,43,43,41,41,41],"card_choices":[{"not_picked":["Consecrate","BowlingBash"],"picked":"Crescendo","floor":1},{"not_picked":["Crescendo","ClearTheMind"],"picked":"FlurryOfBlows","floor":4},{"not_picked":["JustLucky","Fasting2"],"picked":"FlyingSleeves","floor":6},{"not_picked":["Indignation","CutThroughFate"],"picked":"WindmillStrike","floor":7},{"not_picked":["JustLucky","Protect"],"picked":"Establishment","floor":8},{"not_picked":["Consecrate","Indignation"],"picked":"Study","floor":11},{"not_picked":["Worship","CrushJoints"],"picked":"FlurryOfBlows","floor":13},{"not_picked":["FlurryOfBlows","Nirvana"],"picked":"Perseverance","floor":14},{"not_picked":["MasterReality","Blasphemy"],"picked":"Scrawl","floor":16},{"not_picked":["BowlingBash","Consecrate"],"picked":"Perseverance","floor":17},{"not_picked":["FollowUp","ThirdEye"],"picked":"Meditate","floor":18},{"not_picked":["BowlingBash","JustLucky","CutThroughFate"],"picked":"SKIP","floor":21},{"not_picked":["ThirdEye","SashWhip"],"picked":"ClearTheMind","floor":24},{"not_picked":["ThirdEye","CutThroughFate"],"picked":"FlurryOfBlows","floor":28},{"not_picked":["SashWhip","WreathOfFlame"],"picked":"TalkToTheHand","floor":30},{"not_picked":["Weave","EmptyBody"],"picked":"Adaptation","floor":31},{"not_picked":["Establishment","SpiritShield"],"picked":"LessonLearned","floor":33},{"not_picked":["Halt","Perseverance"],"picked":"Meditate+1","floor":35},{"not_picked":["ThirdEye","PathToVictory","ReachHeaven"],"picked":"SKIP","floor":37},{"not_picked":["Crescendo+1","FlurryOfBlows"],"picked":"Alpha","floor":39},{"not_picked":["FlyingSleeves","Crescendo"],"picked":"FlurryOfBlows+1","floor":40},{"not_picked":["Vengeance","ThirdEye"],"picked":"Sanctity","floor":41},{"not_picked":["WheelKick","JustLucky"],"picked":"Evaluate+1","floor":42},{"not_picked":["FearNoEvil","ClearTheMind"],"picked":"Protect+1","floor":42},{"not_picked":["Crescendo","Wallop"],"picked":"Perseverance","floor":42},{"not_picked":["CutThroughFate","ClearTheMind"],"picked":"Sanctity","floor":42},{"not_picked":["Consecrate","Worship"],"picked":"Evaluate","floor":42}],"player_experience":5283926,"relics_obtained":[{"floor":6,"key":"CaptainsWheel"},{"floor":8,"key":"Bird Faced Urn"},{"floor":9,"key":"Incense Burner"},{"floor":13,"key":"Happy Flower"},{"floor":24,"key":"Calipers"},{"floor":27,"key":"Eternal Feather"},{"floor":30,"key":"Ice Cream"},{"floor":30,"key":"Kunai"},{"floor":31,"key":"WingedGreaves"},{"floor":40,"key":"Centennial Puzzle"},{"floor":43,"key":"Damaru"}],"event_choices":[{"damage_healed":0,"gold_gain":0,"player_choice":"Slimed","damage_taken":11,"max_hp_gain":0,"max_hp_loss":0,"event_name":"betterThird:BetterGoop","floor":2,"gold_loss":68},{"damage_healed":17,"gold_gain":0,"player_choice":"Healed","damage_taken":0,"max_hp_gain":0,"max_hp_loss":0,"event_name":"The Cleric","floor":3,"gold_loss":35},{"damage_healed":0,"gold_gain":0,"player_choice":"Lose Max HP","damage_taken":0,"relics_obtained":["Golden Idol"],"max_hp_gain":0,"max_hp_loss":6,"event_name":"Golden Idol","floor":5,"gold_loss":0},{"cards_removed":["Strike_P"],"damage_healed":0,"gold_gain":0,"player_choice":"Card Removal","damage_taken":7,"max_hp_gain":0,"max_hp_loss":0,"event_name":"Golden Wing","floor":10,"gold_loss":0},{"damage_healed":0,"gold_gain":0,"player_choice":"Read","damage_taken":0,"max_hp_gain":0,"max_hp_loss":0,"event_name":"The Library","floor":20,"gold_loss":0,"cards_obtained":["CarveReality"]},{"damage_healed":0,"gold_gain":0,"player_choice":"Became a Ghost","damage_taken":0,"max_hp_gain":0,"max_hp_loss":36,"event_name":"Ghosts","floor":22,"gold_loss":0,"cards_obtained":["Ghostly","Ghostly","Ghostly"]},{"damage_healed":0,"gold_gain":0,"player_choice":"Fight","damage_taken":0,"max_hp_gain":0,"max_hp_loss":0,"event_name":"Colosseum","floor":30,"gold_loss":0},{"damage_healed":0,"gold_gain":0,"player_choice":"Fought Nobs","damage_taken":0,"max_hp_gain":0,"max_hp_loss":0,"event_name":"Colosseum","floor":30,"gold_loss":0},{"damage_healed":0,"gold_gain":0,"player_choice":"Upgrade","damage_taken":0,"relics_obtained":["Mark of the Bloom"],"max_hp_gain":0,"max_hp_loss":0,"event_name":"MindBloom","floor":36,"gold_loss":0,"cards_upgraded":["Strike_P","Strike_P","Strike_P","Defend_P","Defend_P","Defend_P","Eruption","Crescendo","FlurryOfBlows","FlyingSleeves","WindmillStrike","Establishment","Study","FlurryOfBlows","Perseverance","Scrawl","Perseverance","Meditate","Violence","CarveReality","Ghostly","Ghostly","Ghostly","ClearTheMind","FlurryOfBlows","Adaptation","LessonLearned"]},{"cards_removed":["Adaptation"],"damage_healed":0,"gold_gain":0,"player_choice":"Removed Power","damage_taken":0,"max_hp_gain":0,"max_hp_loss":0,"event_name":"Falling","floor":38,"gold_loss":0},{"damage_healed":0,"gold_gain":0,"player_choice":"Max HP","damage_taken":0,"max_hp_gain":0,"max_hp_loss":2,"event_name":"Winding Halls","floor":46,"gold_loss":0}],"is_beta":false,"boss_relics":[{"not_picked":["Velvet Choker","Runic Pyramid"],"picked":"Tiny House"},{"not_picked":["SlaversCollar","VioletLotus"],"picked":"Sozu"}],"items_purged_floors":[19,45],"is_endless":false,"potions_floor_spawned":[4,11,13,21,30,31,39],"killed_by":"Reptomancer","ascension_level":20}}