{"host":"5trcja4hacd149zc","time":1610775084,"event":{"mods":["BaseMod","Colored Map","GifTheSpireLib","Minty Spire (QoL Compilation)","Relic Stats","StSLib"],"gold_per_floor":[119,119,130,37,37,37,51,51,51,79,96,111,138,153,153,230,230,241,241,258,6,19,19,19,19,19,19,19],"floor_reached":27,"language":"ENG","playtime":567,"items_purged":[],"score":446,"play_id":"922e2745-2f2b-4355-9b1c-468dc562c99b","local_time":"20210115233124","is_ascension_mode":true,"campfire_choices":[{"data":"Consecrate","floor":6.0,"key":"SMITH"},{"data":"BattleHymn","floor":8.0,"key":"SMITH"},{"floor":15.0,"key":"REST"},{"data":"TalkToTheHand","floor":23,"key":"SMITH"}],"circlet_count":0,"master_deck":["AscendersBane","Eruption","Vigilance","Consecrate+1","BattleHymn+1","Tantrum","Evaluate","MentalFortress","Wallop","CrushJoints","ThirdEye","LessonLearned","EmptyFist","J.A.X.","TalkToTheHand+1","Conclude","WheelKick"],"relics":["PureWater","NeowsBlessing","Thread and Needle","Ancient Tea Set","Question Card","Dream Catcher","Torii","Pandora\u0027s Box","Bag of Marbles","The Courier"],"acts_visited":["Exordium","TheCity"],"potions_floor_usage":[22],"damage_taken":[{"damage":0.0,"enemies":"2 Louse","floor":1.0,"turns":1.0},{"damage":0.0,"enemies":"Cultist","floor":3.0,"turns":1.0},{"damage":0.0,"enemies":"Jaw Worm","floor":7.0,"turns":1.0},{"damage":13.0,"enemies":"3 Sentries","floor":10.0,"turns":5.0},{"damage":8.0,"enemies":"Gremlin Gang","floor":11.0,"turns":3.0},{"damage":10.0,"enemies":"3 Louse","floor":12.0,"turns":3.0},{"damage":12.0,"enemies":"Gremlin Nob","floor":13.0,"turns":3.0},{"damage":1.0,"enemies":"2 Fungi Beasts","floor":14.0,"turns":3.0},{"damage":36.0,"enemies":"The Guardian","floor":16.0,"turns":8.0},{"damage":12,"enemies":"Shell Parasite","floor":18,"turns":3},{"damage":4,"enemies":"Spheric Guardian","floor":20,"turns":3},{"damage":4,"enemies":"Chosen and Byrds","floor":22,"turns":4},{"damage":31,"enemies":"Slavers","floor":27,"turns":2}],"seed_played":"8982309979911251142","potions_obtained":[{"floor":7.0,"key":"Explosive Potion"},{"floor":13.0,"key":"SpeedPotion"},{"floor":14.0,"key":"BlessingOfTheForge"},{"floor":16.0,"key":"EssenceOfSteel"},{"floor":18,"key":"SteroidPotion"}],"is_trial":false,"path_per_floor":["M","?","M","?","$","R","M","R","T","E","M","M","E","M","R","B",null,"M","?","M","$","M","R","$","?","T","E"],"character_chosen":"WATCHER","items_purchased":["Conclude","Bag of Marbles"],"campfire_rested":1,"item_purchase_floors":[21,21],"current_hp_per_floor":[61,61,61,61,61,61,61,61,61,48,40,30,18,17,37,1,51,39,39,35,35,31,31,31,31,31,0,0],"gold":19,"neow_bonus":"THREE_ENEMY_KILL","is_daily":false,"chose_seed":false,"campfire_upgraded":3,"win_rate":0.0,"timestamp":1610775084,"path_taken":["M","?","?","?","$","R","?","R","T","E","M","M","E","?","R","BOSS","M","?","M","$","M","R","$","?","T","E"],"items_purchased_type":["Card","Relic"],"build_version":"2020-12-22","purchased_purges":0,"victory":false,"max_hp_per_floor":[68,68,68,68,68,68,68,68,68,68,68,68,68,68,68,68,68,68,68,68,68,68,68,68,68,68,68,68],"relic_stats":{"Dream Catcher":1,"Torii":13,"counters":[13,40],"Pandora\u0027s Box":["EmptyMind","Omniscience","TalkToTheHand","SignatureMove","LikeWater","EmptyFist","Protect","DeceiveReality"],"Question Card":10,"obtain_stats":[{"Dream Catcher":10,"NeowsBlessing":0,"Torii":13,"Thread and Needle":2,"Pandora\u0027s Box":17,"The Courier":26,"Bag of Marbles":21,"PureWater":0,"Ancient Tea Set":4,"Question Card":9},{"Dream Catcher":4,"NeowsBlessing":0,"Torii":7,"Thread and Needle":1,"Pandora\u0027s Box":9,"The Courier":12,"Bag of Marbles":11,"PureWater":0,"Ancient Tea Set":2,"Question Card":3},{"Dream Catcher":8,"NeowsBlessing":0,"Torii":17,"Thread and Needle":1,"Pandora\u0027s Box":28,"The Courier":38,"Bag of Marbles":34,"PureWater":0,"Ancient Tea Set":2,"Question Card":3}]},"card_choices":[{"not_picked":["Halt","FollowUp"],"picked":"Consecrate","floor":1.0},{"not_picked":["CrushJoints","Protect"],"picked":"BattleHymn","floor":3.0},{"not_picked":["Collect","SignatureMove","Pray"],"picked":"SKIP","floor":7.0},{"not_picked":["ForeignInfluence","WreathOfFlame","SpiritShield"],"picked":"Tantrum","floor":10.0},{"not_picked":["Halt","WreathOfFlame","SashWhip"],"picked":"Evaluate","floor":11.0},{"not_picked":["Fasting2","JustLucky","Nirvana"],"picked":"MentalFortress","floor":12.0},{"not_picked":["WaveOfTheHand","Crescendo","Vengeance"],"picked":"Wallop","floor":13.0},{"not_picked":["Brilliance","Weave","SashWhip"],"picked":"CrushJoints","floor":14.0},{"not_picked":["JustLucky","ClearTheMind","Study"],"picked":"ThirdEye","floor":15.0},{"not_picked":["Ragnarok","DevaForm","Vault"],"picked":"LessonLearned","floor":16.0},{"not_picked":["ThirdEye","Sanctity","Consecrate"],"picked":"EmptyFist","floor":18},{"not_picked":["ClearTheMind+1","Study","ThirdEye"],"picked":"TalkToTheHand","floor":20},{"not_picked":["Vengeance","FollowUp","SashWhip"],"picked":"WheelKick","floor":22}],"player_experience":767109,"relics_obtained":[{"floor":2.0,"key":"Thread and Needle"},{"floor":9.0,"key":"Question Card"},{"floor":10.0,"key":"Dream Catcher"},{"floor":13.0,"key":"Torii"},{"floor":26,"key":"The Courier"}],"event_choices":[{"damage_healed":0.0,"max_hp_gain":0.0,"max_hp_loss":0.0,"gold_gain":0.0,"event_name":"Wheel of Change","player_choice":"Relic","floor":2.0,"gold_loss":0.0,"damage_taken":0.0},{"damage_healed":0.0,"max_hp_gain":0.0,"max_hp_loss":0.0,"gold_gain":0.0,"event_name":"WeMeetAgain","player_choice":"Paid Gold","floor":4.0,"gold_loss":93.0,"damage_taken":0.0,"relics_obtained":["Ancient Tea Set"]},{"damage_healed":0,"gold_gain":0,"player_choice":"Obtain J.A.X.","damage_taken":0,"max_hp_gain":0,"max_hp_loss":0,"event_name":"Drug Dealer","floor":19,"gold_loss":0,"cards_obtained":["J.A.X."]},{"damage_healed":0,"gold_gain":0,"player_choice":"Ignored","damage_taken":0,"max_hp_gain":0,"max_hp_loss":0,"event_name":"Ghosts","floor":25,"gold_loss":0}],"is_beta":false,"boss_relics":[{"not_picked":["Velvet Choker","SacredBark"],"picked":"Pandora\u0027s Box"}],"items_purged_floors":[],"is_endless":false,"potions_floor_spawned":[7,13,14,16,18,20],"killed_by":"Slavers","ascension_level":20}}