{"host":"wc6e610eoah8l26z","time":1610824821,"event":{"mods":["BaseMod","Better Note","Googly Eyes","Lobotomy","Marisa????????","Minty Spire (QoL Compilation)","Relic Stats","Shop Mod","StSLib"],"gold_per_floor":[361,119,119,132,151,151,178,190,217,230,245,245,256,286,286,384,384,397,397,410,441,128,160,171,171,225,225,238,269,288,298,298,398,698,714,0,10,60,282,282,205,221,246,246,246],"floor_reached":44,"language":"ENG","playtime":1435,"items_purged":[],"score":510,"play_id":"611158d3-3d65-40c5-9778-937799335e07","local_time":"20210116132021","is_ascension_mode":true,"campfire_choices":[{"data":"Bash","floor":6.0,"key":"SMITH"},{"floor":15.0,"key":"REST"},{"floor":25.0,"key":"REST"},{"floor":32.0,"key":"REST"},{"data":"Apotheosis","floor":40.0,"key":"SMITH"}],"circlet_count":0,"master_deck":["Strike_R+1","Strike_R","Strike_R","Strike_R+1","Strike_R","Defend_R","Defend_R","Defend_R+1","Defend_R","Bash+1","Injury","Combust+1","Double Tap+1","Metallicize+1","Metallicize+1","Demon Form+1","Twin Strike","Flex+1","Thunderclap","Spot Weakness","Cleave+1","Rupture+1","Brutality+1","CurseOfTheBell","Metallicize+1","Apotheosis+1","Flex+1","Twin Strike"],"relics":["Burning Blood","Frozen Egg 2","MealTicket","Smiling Mask","Orichalcum","Black Star","Red Mask","Unceasing Top","Mercury Hourglass","Mummified Hand","Toy Ornithopter","Champion Belt","Gremlin Horn","Calling Bell","Oddly Smooth Stone","Eternal Feather","Old Coin","Vajra","Regal Pillow","Frozen Eye","Prayer Wheel","Potion Belt","War Paint"],"acts_visited":[],"potions_floor_usage":[],"damage_taken":[{"damage":0.0,"enemies":"Small Slimes","floor":1.0,"turns":3.0},{"damage":7.0,"enemies":"2 Louse","floor":4.0,"turns":2.0},{"damage":8.0,"enemies":"Jaw Worm","floor":5.0,"turns":3.0},{"damage":28.0,"enemies":"Gremlin Nob","floor":7.0,"turns":5.0},{"damage":6.0,"enemies":"Blue Slaver","floor":8.0,"turns":3.0},{"damage":3.0,"enemies":"Large Slime","floor":10.0,"turns":4.0},{"damage":8.0,"enemies":"Looter","floor":11.0,"turns":3.0},{"damage":2.0,"enemies":"3 Louse","floor":13.0,"turns":2.0},{"damage":14.0,"enemies":"3 Sentries","floor":14.0,"turns":4.0},{"damage":42.0,"enemies":"The Guardian","floor":16.0,"turns":12.0},{"damage":10.0,"enemies":"Shell Parasite","floor":18.0,"turns":6.0},{"damage":10.0,"enemies":"Spheric Guardian","floor":20.0,"turns":5.0},{"damage":13.0,"enemies":"Masked Bandits","floor":21.0,"turns":4.0},{"damage":42.0,"enemies":"Book of Stabbing","floor":23.0,"turns":6.0},{"damage":23.0,"enemies":"Snake Plant","floor":24.0,"turns":5.0},{"damage":24.0,"enemies":"Shelled Parasite and Fungi","floor":28.0,"turns":4.0},{"damage":23.0,"enemies":"Slavers","floor":29.0,"turns":4.0},{"damage":1.0,"enemies":"Snecko","floor":30.0,"turns":4.0},{"damage":0.0,"enemies":"Sentry and Sphere","floor":31.0,"turns":3.0},{"damage":9.0,"enemies":"Automaton","floor":33.0,"turns":6.0},{"damage":42.0,"enemies":"3 Darklings","floor":35.0,"turns":4.0},{"damage":25.0,"enemies":"3 Shapes","floor":37.0,"turns":5.0},{"damage":7.0,"enemies":"Mind Bloom Boss Battle","floor":38.0,"turns":6.0},{"damage":12.0,"enemies":"Maw","floor":42.0,"turns":6.0},{"damage":32,"enemies":"Nemesis","floor":44,"turns":4}],"seed_played":"-9039968883782640324","potions_obtained":[{"floor":5.0,"key":"GamblersBrew"},{"floor":10.0,"key":"Ancient Potion"},{"floor":13.0,"key":"AttackPotion"},{"floor":29.0,"key":"DistilledChaos"},{"floor":30.0,"key":"SteroidPotion"},{"floor":33.0,"key":"BlessingOfTheForge"},{"floor":35.0,"key":"BlessingOfTheForge"}],"is_trial":false,"path_per_floor":["M","$","?","M","M","R","E","M","T","M","M","?","M","E","R","B",null,"M","?","M","?","$","E","M","R","T","?","M","E","M","M","R","B",null,"M","$","M","?","?","R","?","M","T","E"],"character_chosen":"IRONCLAD","items_purchased":["Frozen Egg 2","Unceasing Top","Metallicize+1","Vajra","Regal Pillow","Frozen Eye","Apotheosis"],"campfire_rested":3,"item_purchase_floors":[2,22,36,36,36,36,36],"current_hp_per_floor":[80,80,64,63,61,61,39,39,39,42,40,40,44,36,60,24,80,76,76,72,65,80,44,27,51,51,51,33,26,31,37,61,63,80,44,59,40,44,44,59,59,53,53,21,21],"gold":246,"neow_bonus":"TWO_FIFTY_GOLD","is_daily":false,"chose_seed":false,"campfire_upgraded":2,"win_rate":0.0,"timestamp":1610824821,"path_taken":["M","$","?","M","M","R","E","M","T","M","M","?","M","E","R","BOSS","M","?","M","?","$","E","M","R","T","?","M","E","M","M","R","BOSS","M","$","M","?","?","R","?","?","T","E"],"items_purchased_type":["Relic","Relic","Card","Relic","Relic","Relic","Card"],"build_version":"2020-12-22","purchased_purges":0,"victory":false,"max_hp_per_floor":[80,80,80,80,80,80,80,80,80,80,80,80,80,80,80,80,80,80,80,80,80,80,80,80,80,80,80,80,80,80,80,80,80,80,80,80,80,80,80,80,80,80,80,80,80],"relic_stats":{"Regal Pillow":0,"Gremlin Horn":[0,0],"counters":[1,4],"Eternal Feather":0,"Orichalcum":[12],"War Paint":[],"Smiling Mask":0,"Burning Blood":0,"Mercury Hourglass":[8],"Mummified Hand":[5],"MealTicket":0,"Prayer Wheel":0,"Black Star":0,"Champion Belt":[0],"obtain_stats":[{"Potion Belt":0,"Regal Pillow":0,"Gremlin Horn":0,"Oddly Smooth Stone":0,"Vajra":0,"Eternal Feather":0,"Frozen Egg 2":0,"Orichalcum":0,"War Paint":0,"Smiling Mask":0,"Burning Blood":0,"Mercury Hourglass":0,"Old Coin":0,"Calling Bell":0,"Frozen Eye":0,"Mummified Hand":0,"MealTicket":0,"Prayer Wheel":0,"Black Star":0,"Red Mask":0,"Champion Belt":0,"Unceasing Top":0,"Toy Ornithopter":0},{"Potion Belt":0,"Regal Pillow":0,"Gremlin Horn":0,"Oddly Smooth Stone":0,"Vajra":0,"Eternal Feather":0,"Frozen Egg 2":0,"Orichalcum":0,"War Paint":0,"Smiling Mask":0,"Burning Blood":0,"Mercury Hourglass":0,"Old Coin":0,"Calling Bell":0,"Frozen Eye":0,"Mummified Hand":0,"MealTicket":0,"Prayer Wheel":0,"Black Star":0,"Red Mask":0,"Champion Belt":0,"Unceasing Top":0,"Toy Ornithopter":0},{"Potion Belt":0,"Regal Pillow":0,"Gremlin Horn":0,"Oddly Smooth Stone":0,"Vajra":0,"Eternal Feather":0,"Frozen Egg 2":0,"Orichalcum":0,"War Paint":0,"Smiling Mask":0,"Burning Blood":0,"Mercury Hourglass":0,"Old Coin":0,"Calling Bell":0,"Frozen Eye":0,"Mummified Hand":0,"MealTicket":0,"Prayer Wheel":0,"Black Star":0,"Red Mask":0,"Champion Belt":0,"Unceasing Top":0,"Toy Ornithopter":0}],"Unceasing Top":[0],"Toy Ornithopter":0},"card_choices":[{"not_picked":["Searing Blow","Havoc","Pommel Strike"],"picked":"SKIP","floor":1.0},{"not_picked":["Sentinel","Headbutt","Sword Boomerang"],"picked":"SKIP","floor":4.0},{"not_picked":["Sword Boomerang","Seeing Red","Pommel Strike"],"picked":"SKIP","floor":5.0},{"not_picked":["Hemokinesis","Anger"],"picked":"Combust+1","floor":7.0},{"not_picked":["Perfected Strike","Seeing Red"],"picked":"Double Tap","floor":8.0},{"not_picked":["Carnage","Flex"],"picked":"Metallicize+1","floor":10.0},{"not_picked":["Headbutt","Perfected Strike","Warcry"],"picked":"SKIP","floor":11.0},{"not_picked":["Dual Wield","Body Slam","True Grit"],"picked":"SKIP","floor":13.0},{"not_picked":["Power Through","Dual Wield"],"picked":"Metallicize+1","floor":14.0},{"not_picked":["Limit Break","Barricade+1"],"picked":"Demon Form+1","floor":16.0},{"not_picked":["Sentinel","Anger"],"picked":"Twin Strike","floor":18.0},{"not_picked":["Havoc+1","Wild Strike+1","True Grit"],"picked":"SKIP","floor":20.0},{"not_picked":["Sword Boomerang+1","Infernal Blade"],"picked":"Flex","floor":21.0},{"not_picked":["Headbutt","Wild Strike","Sword Boomerang"],"picked":"SKIP","floor":23.0},{"not_picked":["Wild Strike","Ghostly Armor"],"picked":"Thunderclap","floor":24.0},{"not_picked":["Body Slam+1","Thunderclap+1"],"picked":"Spot Weakness","floor":28.0},{"not_picked":["Armaments","Perfected Strike"],"picked":"Cleave+1","floor":29.0},{"not_picked":["Impervious","Anger","Thunderclap"],"picked":"SKIP","floor":30.0},{"not_picked":["Blood for Blood","Clash"],"picked":"Rupture+1","floor":31.0},{"not_picked":["Impervious","Barricade+1"],"picked":"Brutality+1","floor":33.0},{"not_picked":["Headbutt+1","Blood for Blood","Sword Boomerang"],"picked":"SKIP","floor":35.0},{"not_picked":["Pommel Strike","Blood for Blood","Thunderclap+1"],"picked":"SKIP","floor":37.0},{"not_picked":["Battle Trance","Sever Soul"],"picked":"Flex+1","floor":42.0},{"not_picked":["Pommel Strike+1","Havoc"],"picked":"Twin Strike","floor":42.0}],"player_experience":451939,"relics_obtained":[{"floor":7.0,"key":"MealTicket"},{"floor":9.0,"key":"Smiling Mask"},{"floor":14.0,"key":"Orichalcum"},{"floor":21.0,"key":"Red Mask"},{"floor":23.0,"key":"Mercury Hourglass"},{"floor":23.0,"key":"Mummified Hand"},{"floor":26.0,"key":"Toy Ornithopter"},{"floor":29.0,"key":"Champion Belt"},{"floor":29.0,"key":"Gremlin Horn"},{"floor":34.0,"key":"Oddly Smooth Stone"},{"floor":34.0,"key":"Eternal Feather"},{"floor":34.0,"key":"Old Coin"},{"floor":38.0,"key":"Prayer Wheel"},{"floor":43.0,"key":"War Paint"}],"event_choices":[{"damage_healed":0.0,"max_hp_gain":0.0,"max_hp_loss":0.0,"gold_gain":0.0,"event_name":"Shining Light","player_choice":"Entered Light","floor":3.0,"gold_loss":0.0,"damage_taken":16.0,"cards_upgraded":["Strike_R","Strike_R"]},{"damage_healed":0.0,"max_hp_gain":0.0,"max_hp_loss":0.0,"gold_gain":0.0,"event_name":"Living Wall","player_choice":"Grow","floor":12.0,"gold_loss":0.0,"damage_taken":0.0,"cards_upgraded":["Double Tap"]},{"damage_healed":0.0,"max_hp_gain":0.0,"max_hp_loss":0.0,"gold_gain":0.0,"event_name":"Beggar","player_choice":"Ignored","floor":19.0,"gold_loss":0.0,"damage_taken":0.0},{"damage_healed":0.0,"max_hp_gain":0.0,"max_hp_loss":0.0,"gold_gain":0.0,"event_name":"Masked Bandits","player_choice":"Fought Bandits","floor":21.0,"gold_loss":0.0,"damage_taken":0.0},{"damage_healed":0.0,"max_hp_gain":0.0,"max_hp_loss":0.0,"gold_gain":0.0,"event_name":"Ghosts","player_choice":"Ignored","floor":27.0,"gold_loss":0.0,"damage_taken":0.0},{"damage_healed":0.0,"max_hp_gain":0.0,"max_hp_loss":0.0,"gold_gain":0.0,"event_name":"MindBloom","player_choice":"Fight","floor":38.0,"gold_loss":0.0,"damage_taken":0.0},{"damage_healed":0.0,"max_hp_gain":0.0,"max_hp_loss":0.0,"gold_gain":222.0,"event_name":"Tomb of Lord Red Mask","player_choice":"Wore Mask","floor":39.0,"gold_loss":0.0,"damage_taken":0.0},{"damage_healed":0.0,"max_hp_gain":0.0,"max_hp_loss":0.0,"gold_gain":0.0,"event_name":"WeMeetAgain","player_choice":"Paid Gold","floor":41.0,"gold_loss":77.0,"damage_taken":0.0,"relics_obtained":["Potion Belt"]}],"is_beta":false,"boss_relics":[{"not_picked":["Empty Cage","Philosopher\u0027s Stone"],"picked":"Black Star"},{"not_picked":["Fusion Hammer","Runic Dome"],"picked":"Calling Bell"}],"items_purged_floors":[],"is_endless":false,"potions_floor_spawned":[5,7,10,13,18,24,29,30,33,35],"killed_by":"Nemesis","ascension_level":1}}