{"host":"8ps3pfk2b2drr3ex","time":1610831753,"event":{"mods":["2.2 Compatiblity","AchievementEnabler","Act Like it!","BaseMod","Bestiary","Better Match","BetterRewards","Colored Map","Colored Powertips","Conspire","Downfall","Evolution","GifTheSpireLib","Gold Saver","Hallownest","Hubris","Minty Spire (QoL Compilation)","Permanent Neow","Relic Filter","Shop Mod","StSLib","Stuff the Spire","The Animator"],"gold_per_floor":[797,815,826,826,844,854,854,854,854,874,17,52,68,101,117,219,219,19,39,59,44,44,44,44,57,57,88,99,99,131,150,166,262,262,262,275,126,142,153,188,188,488,388,405,312,312,325,25,43,43,43],"floor_reached":50,"language":"ENG","playtime":6813,"items_purged":["bronze:Strike","bronze:Strike","Pain","bronze:Strike"],"score":578,"play_id":"12b6ef82-21cf-440c-bf23-c5871d08eaf8","local_time":"20210116161553","is_ascension_mode":false,"campfire_choices":[{"data":"bronze:Replicate","floor":1.0,"key":"SMITH"},{"data":"bronze:RecursiveStrike","floor":18.0,"key":"SMITH"},{"data":"bronze:FineTuning","floor":26.0,"key":"SMITH"},{"floor":29,"key":"REST"},{"floor":35,"key":"RECALL"},{"data":"bronze:ClassDefault","floor":43,"key":"SMITH"},{"data":"bronze:Overload","floor":46,"key":"SMITH"}],"circlet_count":0,"master_deck":["Madness+1","bronze:Strike","bronze:Defend+1","bronze:Defend","bronze:Defend+1","bronze:Replicate+1","bronze:Goto","bronze:OilSpill+1","bronze:Repair","bronze:FineTuning+1","downfall:Malfunctioning","bronze:Frontload","bronze:ChosenStrike","bronze:ChildClass","Footwork","bronze:RecursiveStrike+1","bronze:FineTuning+1","bronze:Frontload","bronze:FollowUp+1","bronze:ForLoop+1","bronze:ClassDefault+1","Writhe","bronze:OilSpill+1","bronze:Overload+1","bronze:FindAndReplace","bronze:ClassDefault"],"relics":["bronze:BronzeCore","EVO:Axolotl","hubris:Towel","Lee\u0027s Waffle","conspire:Flyswatter","hubris:DisguiseKit","Blue Candle","Cursed Key","downfall:HeartBlessingGreen","downfall:HeartBlessingBlue","downfall:RedIOU","StuffTheSpire:PointBlank","hubris:BundleOfHerbs","Akabeko","Velvet Choker","Shuriken","Juzu Bracelet","downfall:HeartBlessingRed","Pantograph"],"acts_visited":["Exordium","TheCity","TheBeyond"],"potions_floor_usage":[27,37,40,40,40,49,49,50,50],"damage_taken":[{"damage":1.0,"enemies":"Jaw Worm","floor":2.0,"turns":3.0},{"damage":1.0,"enemies":"conspire:RoseBush","floor":3.0,"turns":3.0},{"damage":0.0,"enemies":"2 Louse","floor":5.0,"turns":2.0},{"damage":6.0,"enemies":"Blue Slaver","floor":6.0,"turns":3.0},{"damage":17.0,"enemies":"Large Slime","floor":10.0,"turns":6.0},{"damage":0.0,"enemies":"downfall:FleeingMerchant","floor":11.0,"turns":4.0},{"damage":32.0,"enemies":"3 Sentries","floor":12.0,"turns":11.0},{"damage":1.0,"enemies":"3 Louse","floor":13.0,"turns":5.0},{"damage":13.0,"enemies":"Gremlin Nob","floor":14.0,"turns":4.0},{"damage":1.0,"enemies":"Gremlin Gang","floor":15.0,"turns":5.0},{"damage":18.0,"enemies":"DF_ARCHETYPE_STREAMLINE","floor":16.0,"turns":12.0},{"damage":9.0,"enemies":"Shell Parasite","floor":19.0,"turns":5.0},{"damage":28.0,"enemies":"Cultist and Chosen","floor":20.0,"turns":7.0},{"damage":1.0,"enemies":"downfall:FleeingMerchant","floor":21.0,"turns":4.0},{"damage":15.0,"enemies":"conspire:HollyBat","floor":25.0,"turns":7.0},{"damage":30,"enemies":"Slavers","floor":27,"turns":6},{"damage":4,"enemies":"Shelled Parasite and Fungi","floor":28,"turns":5},{"damage":9,"enemies":"conspire:SneckoGhost","floor":30,"turns":6},{"damage":14,"enemies":"Chosen and Byrds","floor":31,"turns":5},{"damage":33,"enemies":"3 Cultists","floor":32,"turns":6},{"damage":30,"enemies":"IC_MUSHROOM_ARCHETYPE","floor":33,"turns":9},{"damage":2,"enemies":"3 Shapes","floor":36,"turns":7},{"damage":15,"enemies":"downfall:FleeingMerchant","floor":37,"turns":4},{"damage":11,"enemies":"Orb Walker","floor":38,"turns":4},{"damage":15,"enemies":"Maw","floor":39,"turns":5},{"damage":21,"enemies":"Reptomancer","floor":40,"turns":6},{"damage":23,"enemies":"4 Shapes","floor":44,"turns":4},{"damage":1,"enemies":"downfall:FleeingMerchant","floor":45,"turns":3},{"damage":28,"enemies":"Writhing Mass","floor":47,"turns":4},{"damage":1,"enemies":"Transient","floor":49,"turns":5},{"damage":74,"enemies":"WA_ARCHETYPE_DIVINITY","floor":50,"turns":7}],"seed_played":"1167321594428616863","potions_obtained":[{"floor":12.0,"key":"SteroidPotion"},{"floor":13.0,"key":"Explosive Potion"},{"floor":14.0,"key":"PowerPotion"},{"floor":16.0,"key":"Strength Potion"},{"floor":19.0,"key":"EntropicBrew"},{"floor":27,"key":"BlessingOfTheForge"},{"floor":31,"key":"Strength Potion"},{"floor":38,"key":"ColorlessPotion"},{"floor":47,"key":"EntropicBrew"}],"is_trial":false,"path_per_floor":["R","M","M","?","M","M","T","?","?","M","$","E","M","E","M","B",null,"R","M","M","$","?","?","T","M","R","E","M","R","E","M","M","B",null,"R","M","$","M","M","E","T","?","R","M","$","R","M","$","M","B"],"character_chosen":"THE_AUTOMATON","items_purchased":["Singing Bowl","Lee\u0027s Waffle","conspire:Flyswatter","bronze:ChosenStrike","Block Potion","bronze:ClassDefault","Pantograph","bronze:Overload","bronze:FindAndReplace","bronze:ClassDefault"],"campfire_rested":1,"item_purchase_floors":[11,11,11,11,11,37,45,45,48,48],"current_hp_per_floor":[70,69,68,68,70,64,64,64,64,54,77,50,58,54,60,49,81,91,87,68,67,67,67,67,59,59,36,39,66,66,59,35,13,93,93,92,84,82,74,62,62,62,62,46,45,45,17,17,23,0,0],"gold":43,"neow_bonus":"REMOVE_CARD","is_daily":false,"chose_seed":false,"campfire_upgraded":5,"win_rate":0.0,"timestamp":1610831753,"path_taken":["R","M","M","?","M","M","T","?","?","M","?","E","M","E","M","BOSS","R","M","M","$","?","?","T","M","R","E","M","R","E","?","M","BOSS","R","M","$","M","M","E","T","?","R","M","?","R","M","$","M","BOSS"],"items_purchased_type":["Relic","Relic","Relic","Card","Potion","Card","Relic","Card","Card","Card"],"build_version":"2020-12-22","purchased_purges":4,"victory":false,"max_hp_per_floor":[70,70,70,70,70,70,70,70,70,70,77,77,79,81,81,81,81,91,91,93,93,93,93,93,93,93,93,93,93,93,93,93,93,93,93,93,93,93,93,93,93,93,93,93,93,93,93,93,93,93,93],"card_choices":[{"not_picked":["bronze:BitShift","bronze:Deprecate"],"picked":"bronze:OilSpill","floor":2.0},{"not_picked":["bronze:CutThrough","bronze:Shell"],"picked":"bronze:Repair","floor":3.0},{"not_picked":["bronze:ForceShield","bronze:Invalidate","bronze:OilSpill"],"picked":"SKIP","floor":5.0},{"not_picked":["bronze:Optimize","bronze:BronzeArmor"],"picked":"bronze:FineTuning","floor":6.0},{"not_picked":["bronze:CutThrough","bronze:BugBarrage"],"picked":"bronze:Frontload","floor":10.0},{"not_picked":["bronze:Deprecate","bronze:Overheat","bronze:BitShift"],"picked":"SKIP","floor":11.0},{"not_picked":["bronze:Verify","bronze:CutThrough"],"picked":"bronze:ChildClass","floor":12.0},{"not_picked":["bronze:FollowUp","bronze:Allocate","bronze:Overheat","StuffTheSpire:Injection"],"picked":"Singing Bowl","floor":13.0},{"not_picked":["bronze:GetLatest","bronze:Allocate","bronze:FindAndReplace","StuffTheSpire:DoubleShiv"],"picked":"Singing Bowl","floor":14.0},{"not_picked":["bronze:Flail","bronze:ChildClass","bronze:CutThrough"],"picked":"Footwork","floor":15.0},{"not_picked":["bronze:SpaghettiCode","bronze:Assembly","Grand Finale"],"picked":"bronze:RecursiveStrike","floor":16.0},{"not_picked":["bronze:Deprecate","bronze:Flail","bronze:Iterate+1","Deadly Poison"],"picked":"SKIP","floor":19.0},{"not_picked":["bronze:BitShift","bronze:Flail","bronze:BronzeOrb+1","PiercingWail"],"picked":"Singing Bowl","floor":20.0},{"not_picked":["bronze:Overheat","bronze:CutThrough","Dodge and Roll"],"picked":"bronze:FineTuning","floor":21.0},{"not_picked":["bronze:BuggyMess","bronze:FindAndReplace","Flying Knee"],"picked":"bronze:Frontload","floor":25.0},{"not_picked":["bronze:Deprecate","bronze:DelayedGuard","bronze:Overheat","Underhanded Strike"],"picked":"SKIP","floor":27},{"not_picked":["bronze:Turbo+1","bronze:CutThrough+1","bronze:Flail","Calculated Gamble"],"picked":"SKIP","floor":28},{"not_picked":["bronze:DelayedSlice+1","bronze:ItsAFeature","bronze:Backtrace","Blade Dance"],"picked":"SKIP","floor":30},{"not_picked":["bronze:BitShift","bronze:Iterate+1","bronze:Deprecate","Predator"],"picked":"SKIP","floor":31},{"not_picked":["bronze:SpaghettiCode","bronze:BitShift","Expertise"],"picked":"bronze:FollowUp+1","floor":32},{"not_picked":["bronze:CutThrough","bronze:WildBeam","bronze:Invalidate","Expertise"],"picked":"SKIP","floor":36},{"not_picked":["bronze:Deprecate+1","bronze:WildBeam+1","Endless Agony"],"picked":"bronze:ForLoop+1","floor":37},{"not_picked":["bronze:CutThrough+1","bronze:BronzeOrb+1","bronze:Optimize","Predator"],"picked":"SKIP","floor":38},{"not_picked":["bronze:GetLatest+1","bronze:WildBeam+1","bronze:BuggyMess+1","StuffTheSpire:BumpUp"],"picked":"SKIP","floor":39},{"not_picked":["bronze:ForceShield","bronze:Deprecate+1","bronze:HardenedForm","Underhanded Strike"],"picked":"SKIP","floor":40},{"not_picked":["bronze:ForceShield+1","bronze:Shield","Blade Dance"],"picked":"bronze:OilSpill+1","floor":44},{"not_picked":["bronze:DigitalCarnage+1","bronze:MaxOutput","bronze:Iterate","Masterful Stab"],"picked":"SKIP","floor":45},{"not_picked":["bronze:HardenedForm","bronze:WhirlingStrike+1","bronze:BuggyMess","Accuracy"],"picked":"SKIP","floor":47},{"not_picked":["bronze:Iterate","bronze:WildBeam","bronze:GetLatest","Outmaneuver"],"picked":"SKIP","floor":49}],"player_experience":1084988,"relics_obtained":[{"floor":12.0,"key":"hubris:DisguiseKit"},{"floor":14.0,"key":"Blue Candle"},{"floor":24.0,"key":"StuffTheSpire:PointBlank"},{"floor":27,"key":"hubris:BundleOfHerbs"},{"floor":30,"key":"Akabeko"},{"floor":40,"key":"Shuriken"},{"floor":41,"key":"Juzu Bracelet"}],"event_choices":[{"damage_healed":0,"gold_gain":300,"player_choice":"Gold","damage_taken":0,"max_hp_gain":0,"max_hp_loss":0,"event_name":"Wheel of Change","floor":42,"gold_loss":0}],"is_beta":false,"boss_relics":[{"not_picked":["Busted Crown","conspire:SlowCooker"],"picked":"Cursed Key"},{"not_picked":["Runic Dome","hubris:RunicObelisk"],"picked":"Velvet Choker"}],"items_purged_floors":[11,37,45,48],"is_endless":false,"potions_floor_spawned":[12,13,14,16,19,27,31,38,44,47],"killed_by":"WA_ARCHETYPE_DIVINITY","ascension_level":0}}