{"host":"cfnmff32z0ky6ioz","time":1610814573,"event":{"mods":["BaseMod","Bestiary","Curses Come First","Dota2Spire","Minty Spire (QoL Compilation)","Quick Restart","Replay The Spire","StSLib","The Marked","¡i?ª«¥dµP¡jREMEMod"],"gold_per_floor":[109,122,122,139,139,165,179,194,194,194,23,23,23,36,36,135,135,152,171,171,181,181,181,193,193,193,193,210,239,239,239],"floor_reached":30,"language":"ZHS","playtime":2161,"items_purged":["Defend_G"],"score":277,"play_id":"1cab04b9-164e-423e-a714-0f1f736ec5f3","local_time":"20210117002933","is_ascension_mode":false,"campfire_choices":[{"data":"Chaos","floor":10,"key":"SMITH"},{"data":"Masterful Stab","floor":13,"key":"SMITH"},{"data":"Noxious Fumes","floor":15,"key":"SMITH"},{"floor":23,"key":"REST"},{"floor":25,"key":"REST"}],"circlet_count":0,"master_deck":["Strike_G","Strike_G","Strike_G","Strike_G","Defend_G","Defend_G","Defend_G","Survivor","Neutralize","Bane+1","Deadly Poison","Deflect","Hidden Blade","Chaos+1","Toxin Wave","Dagger Throw","Masterful Stab+1","Outmaneuver","Parasite","Noxious Fumes+1","Corpse Explosion","Outmaneuver","Setup","RitualDagger","Bane","Deflect+1","Bane","Bane+1","Replay:Poison Smokescreen+1"],"relics":["Ring of the Snake","REME_ComplimentaryCards","Replay:Bottled Snecko","Bottled Lightning","SlaversCollar","MutagenicStrength","Strawberry","Onion Ring"],"acts_visited":["Exordium","TheCity"],"potions_floor_usage":[6,21,21,24,29],"damage_taken":[{"damage":1,"enemies":"Jaw Worm","floor":1,"turns":8},{"damage":1,"enemies":"Cultist","floor":2,"turns":4},{"damage":2,"enemies":"Small Slimes","floor":4,"turns":3},{"damage":10,"enemies":"Lagavulin","floor":6,"turns":9},{"damage":0,"enemies":"Exordium Wildlife","floor":7,"turns":3},{"damage":11,"enemies":"3 Louse","floor":8,"turns":4},{"damage":9,"enemies":"Exordium Thugs","floor":14,"turns":3},{"damage":44,"enemies":"The Guardian","floor":16,"turns":10},{"damage":11,"enemies":"Spheric Guardian","floor":18,"turns":5},{"damage":10,"enemies":"Chosen","floor":19,"turns":4},{"damage":9,"enemies":"Snake Plant","floor":21,"turns":5},{"damage":25,"enemies":"Shelled Parasite and Fungi","floor":24,"turns":6},{"damage":33,"enemies":"3 Cultists","floor":28,"turns":5},{"damage":40,"enemies":"Book of Stabbing","floor":29,"turns":5},{"damage":17,"enemies":"Snake Plant","floor":30,"turns":2}],"seed_played":"2699862045273610736","potions_obtained":[{"floor":0,"key":"Reflective Coating"},{"floor":0,"key":"BlessingOfTheForge"},{"floor":0,"key":"Poison Potion"},{"floor":4,"key":"Swift Potion"},{"floor":6,"key":"Weak Potion"},{"floor":14,"key":"SteroidPotion"},{"floor":19,"key":"Block Potion"},{"floor":24,"key":"FairyPotion"},{"floor":28,"key":"BlessingOfTheForge"}],"is_trial":false,"path_per_floor":["M","M","?","M","?","E","M","M","T","R","$","?","R","M","R","B",null,"M","M","?","M","?","R","M","R","T","?","M","E","M"],"character_chosen":"THE_SILENT","items_purchased":["Masterful Stab","Outmaneuver"],"campfire_rested":2,"item_purchase_floors":[11,11],"current_hp_per_floor":[69,68,68,66,66,56,56,45,45,45,45,62,62,53,53,9,70,59,49,43,34,34,55,30,51,58,58,25,12,0,0],"gold":239,"neow_bonus":"THREE_SMALL_POTIONS","is_daily":false,"chose_seed":false,"campfire_upgraded":3,"win_rate":0.0,"timestamp":1610814573,"path_taken":["M","M","?","?","?","E","?","M","T","R","$","?","R","M","R","BOSS","M","M","?","M","?","R","M","R","T","?","M","E","M"],"items_purchased_type":["Card","Card"],"build_version":"2020-12-22","purchased_purges":1,"victory":false,"max_hp_per_floor":[70,70,70,70,70,70,70,70,70,70,70,70,70,70,70,70,70,70,70,70,70,70,70,70,70,77,77,77,77,77,77],"card_choices":[{"not_picked":["Prepared","Concentrate"],"picked":"Bane","floor":1},{"not_picked":["Blade Dance","Catalyst"],"picked":"Deadly Poison","floor":2},{"not_picked":["Quick Slash","Well Laid Plans"],"picked":"Deflect","floor":4},{"not_picked":["ReplayTheSpireMod:Scrap Shanks","Infinite Blades"],"picked":"Hidden Blade","floor":6},{"not_picked":["Deadly Poison","Hidden Blade"],"picked":"Toxin Wave","floor":7},{"not_picked":["Cloak And Dagger","Acrobatics"],"picked":"Dagger Throw","floor":8},{"not_picked":["Phantasmal Killer","Dash"],"picked":"Noxious Fumes","floor":14},{"not_picked":["REME_CopyPotion","ReplayTheSpireMod:From All Sides"],"picked":"Corpse Explosion","floor":16},{"not_picked":["Blade Dance+1","Sucker Punch"],"picked":"Outmaneuver","floor":18},{"not_picked":["Hidden Blade+1","Backstab"],"picked":"Setup","floor":19},{"not_picked":["Finisher","ReplayTheSpireMod:Shiv Toss"],"picked":"Bane","floor":21},{"not_picked":["All Out Attack","A Thousand Cuts"],"picked":"Deflect+1","floor":24},{"not_picked":["Cloak And Dagger","Accuracy+1"],"picked":"Bane+1","floor":28},{"not_picked":["Backflip","Tactician"],"picked":"Replay:Poison Smokescreen+1","floor":29}],"player_experience":339264,"relics_obtained":[{"floor":6,"key":"Replay:Bottled Snecko"},{"floor":9,"key":"Bottled Lightning"},{"floor":26,"key":"Strawberry"},{"floor":29,"key":"Onion Ring"}],"event_choices":[{"cards_removed":["Strike_G"],"damage_healed":0,"gold_gain":0,"player_choice":"Purged","damage_taken":0,"max_hp_gain":0,"max_hp_loss":0,"event_name":"Purifier","floor":3,"gold_loss":0},{"damage_healed":0,"gold_gain":0,"player_choice":"Upgraded","damage_taken":0,"max_hp_gain":0,"max_hp_loss":0,"event_name":"Upgrade Shrine","floor":5,"gold_loss":0,"cards_upgraded":["Bane"]},{"damage_healed":17,"gold_gain":0,"player_choice":"Healed and dodged fight","damage_taken":0,"max_hp_gain":0,"max_hp_loss":0,"event_name":"Mushrooms","floor":12,"gold_loss":0,"cards_obtained":["Parasite"]},{"damage_healed":0,"gold_gain":0,"player_choice":"Joined the Cult","damage_taken":6,"max_hp_gain":0,"max_hp_loss":0,"event_name":"Nest","floor":20,"gold_loss":0,"cards_obtained":["RitualDagger"]},{"damage_healed":0,"gold_gain":0,"player_choice":"Inject Mutagens","damage_taken":0,"relics_obtained":["MutagenicStrength"],"max_hp_gain":0,"max_hp_loss":0,"event_name":"Drug Dealer","floor":22,"gold_loss":0},{"damage_healed":0,"gold_gain":0,"cards_transformed":["Defend_G"],"player_choice":"Transformed","damage_taken":0,"max_hp_gain":0,"max_hp_loss":0,"event_name":"Transmorgrifier","floor":27,"gold_loss":0,"cards_obtained":["Bane"]}],"is_beta":false,"boss_relics":[{"not_picked":["Ring of the Serpent","Runic Pyramid"],"picked":"SlaversCollar"}],"items_purged_floors":[11],"is_endless":false,"potions_floor_spawned":[4,6,14,16,19,24,28],"killed_by":"Snake Plant","ascension_level":0}}