{"host":"me7pax5d7uwssv6n","time":1610811731,"event":{"mods":["BaseMod","Minty Spire (QoL Compilation)","Replay The Spire","StSLib"],"gold_per_floor":[115,3,3,17,30,65,65,65,65,65,140,140,157,171,171,275,275,294,294,393,411,254,280,280,297,297,492,506,506,533,550,550,654,654,669,669,719,472,472,472,801,811,865,898,916,916,967,986,986,986],"floor_reached":51,"language":"ENG","playtime":5494,"items_purged":["Strike_G","Spreading Infection"],"score":843,"play_id":"f32e3574-29d5-44f9-9b7f-1149052d1e47","local_time":"20210116234211","is_ascension_mode":false,"campfire_choices":[{"floor":10,"key":"REST"},{"floor":15,"key":"DIG"},{"data":"Burst","floor":24,"key":"SMITH"},{"data":"Writhe","floor":29,"key":"PURGE"},{"data":"1","floor":40,"key":"LIFT"},{"floor":49,"key":"DIG"}],"circlet_count":0,"master_deck":["Strike_G","Strike_G","Strike_G","Strike_G","Defend_G","Defend_G","Defend_G","Defend_G+1","Defend_G","Survivor","Neutralize","Infinite Blades","Noxious Fumes+1","Bouncing Flask+1","Blur+1","Footwork","Venomology","Poisoned Stab+1","Poisoned Stab+1","Burst+1","Noxious Fumes","Leg Sweep+1","Deadly Poison+1","Envenom","Prepared+1","Bouncing Flask+1","Delirium","Parasite","Draining Mist+1","Blur+1"],"relics":["Ring of the Snake","NeowsBlessing","Peace Pipe","The Specimen","Replay:Multitool","Kunai","Cursed Key","MutagenicStrength","Girya","Potion Belt","Fusion Hammer","ReplayTheSpireMod:Ring of Collecting","Replay:Kaleidoscope","Oddly Smooth Stone","Old Coin","ReplayTheSpireMod:TigerMarble","Pet Ghost","Durian","Bag of Preparation"],"acts_visited":["Exordium","TheCity","TheBeyond"],"potions_floor_usage":[16,21,23,25,25,28,30,30,31,35,37,41,41,44,47,47,47,50,50,50,50,50,50,50],"damage_taken":[{"damage":0,"enemies":"Jaw Worm","floor":1,"turns":1},{"damage":0,"enemies":"Cultist","floor":4,"turns":1},{"damage":0,"enemies":"2 Louse","floor":5,"turns":1},{"damage":23,"enemies":"Gremlin Nob","floor":6,"turns":4},{"damage":0,"enemies":"Looter","floor":13,"turns":4},{"damage":7,"enemies":"Exordium Thugs","floor":14,"turns":5},{"damage":29,"enemies":"Slime Boss","floor":16,"turns":11},{"damage":0,"enemies":"Spheric Guardian","floor":18,"turns":4},{"damage":14,"enemies":"2 Thieves","floor":21,"turns":4},{"damage":0,"enemies":"Replay:Snechameleon","floor":23,"turns":6},{"damage":6,"enemies":"Sentry and Sphere","floor":25,"turns":4},{"damage":4,"enemies":"Snake Plant","floor":28,"turns":4},{"damage":6,"enemies":"Gremlin Leader","floor":30,"turns":7},{"damage":8,"enemies":"3 Cultists","floor":31,"turns":7},{"damage":2,"enemies":"Pondfish","floor":33,"turns":12},{"damage":4,"enemies":"Orb Walker","floor":35,"turns":3},{"damage":0,"enemies":"Mind Bloom Boss Battle","floor":37,"turns":6},{"damage":21,"enemies":"Nemesis","floor":41,"turns":10},{"damage":0,"enemies":"3 Shapes","floor":42,"turns":3},{"damage":17,"enemies":"Reptomancer","floor":44,"turns":5},{"damage":0,"enemies":"Writhing Mass","floor":45,"turns":5},{"damage":10,"enemies":"2 Orb Walkers","floor":47,"turns":6},{"damage":0,"enemies":"Maw","floor":48,"turns":7},{"damage":9,"enemies":"Replay:Hell Engine","floor":50,"turns":9}],"seed_played":"5242726211739040646","potions_obtained":[{"floor":4,"key":"Elixir"},{"floor":6,"key":"Flashbang"},{"floor":14,"key":"EssenceOfSteel"},{"floor":18,"key":"DistilledChaos"},{"floor":21,"key":"SpeedPotion"},{"floor":28,"key":"Weak Potion"},{"floor":37,"key":"Swift Potion"},{"floor":41,"key":"Energy Potion"}],"is_trial":false,"path_per_floor":["M","$","?","M","M","E","?","$","T","R","?","T","M","M","R","B",null,"M","?","?","M","$","E","R","M","T","?","M","R","E","M","R","B",null,"M","?","?","$","?","R","E","M","T","E","M","?","?","M","R","B",null],"character_chosen":"THE_SILENT","items_purchased":["Noxious Fumes","Burst","Oddly Smooth Stone"],"campfire_rested":1,"item_purchase_floors":[2,22,38],"current_hp_per_floor":[70,70,70,70,70,47,33,33,33,54,43,43,43,36,36,7,70,70,70,70,56,56,56,56,50,50,50,46,46,40,32,53,51,70,66,66,66,66,66,66,45,45,45,28,28,28,23,23,23,14],"gold":986,"neow_bonus":"THREE_ENEMY_KILL","is_daily":false,"chose_seed":false,"campfire_upgraded":1,"win_rate":0.0,"timestamp":1610811731,"path_taken":["M","$","?","?","M","E","?","$","T","R","?","?","M","M","R","BOSS","M","?","?","M","$","E","R","M","T","?","M","R","E","M","R","BOSS","M","?","?","$","?","R","E","M","T","E","M","?","?","M","R","BOSS"],"items_purchased_type":["Card","Card","Relic"],"build_version":"2020-12-22","purchased_purges":2,"victory":true,"max_hp_per_floor":[70,70,70,70,70,70,70,70,70,70,70,70,70,70,70,70,70,70,70,70,70,70,70,70,70,70,70,70,70,70,70,70,70,70,70,70,70,70,70,70,70,70,70,70,70,70,75,75,75,75],"card_choices":[{"not_picked":["Hidden Blade","Outmaneuver"],"picked":"Infinite Blades","floor":1},{"not_picked":["ReplayTheSpireMod:Speed Training","Slice"],"picked":"Bouncing Flask","floor":4},{"not_picked":["Dodge and Roll","Underhanded Strike"],"picked":"Blur","floor":5},{"not_picked":["Slice","ReplayTheSpireMod:Exploit Weakness"],"picked":"Footwork","floor":6},{"not_picked":["Underhanded Strike","Masterful Stab","Sucker Punch"],"picked":"SKIP","floor":13},{"not_picked":["ReplayTheSpireMod:Exploit Weakness","Predator","Hidden Blade"],"picked":"SKIP","floor":14},{"not_picked":["ReplayTheSpireMod:From All Sides","Wraith Form v2"],"picked":"Venomology","floor":16},{"not_picked":["Quick Slash+1","Backstab+1"],"picked":"Poisoned Stab+1","floor":18},{"not_picked":["ReplayTheSpireMod:Speed Training","Dodge and Roll"],"picked":"Poisoned Stab+1","floor":21},{"not_picked":["Atom Bomb","Sneak Up+1"],"picked":"Noxious Fumes","floor":23},{"not_picked":["Flechettes","Dagger Spray+1"],"picked":"Leg Sweep+1","floor":25},{"not_picked":["Endless Agony","Deflect"],"picked":"Deadly Poison+1","floor":28},{"not_picked":["Deflect+1","Quick Slash","Choke"],"picked":"SKIP","floor":30},{"not_picked":["Replay:Poison Smokescreen+1","Masterful Stab+1","PiercingWail"],"picked":"SKIP","floor":31},{"not_picked":["Replay:Bag of Tricks","Burst"],"picked":"Envenom","floor":33},{"not_picked":["Blade Dance+1","Flying Knee+1"],"picked":"Prepared+1","floor":35},{"not_picked":["ReplayTheSpireMod:Scrap Shanks","Reflex+1","Atom Bomb"],"picked":"SKIP","floor":41},{"not_picked":["Flying Knee","Hidden Blade"],"picked":"Bouncing Flask+1","floor":42},{"not_picked":["Venomology","Flying Knee+1","Terror"],"picked":"SKIP","floor":44},{"not_picked":["Distraction+1","Tactician+1"],"picked":"Draining Mist+1","floor":45},{"not_picked":["Slice","Deadly Poison"],"picked":"Blur+1","floor":48}],"player_experience":0,"relics_obtained":[{"floor":6,"key":"Peace Pipe"},{"floor":9,"key":"The Specimen"},{"floor":12,"key":"Replay:Multitool"},{"floor":15,"key":"Kunai"},{"floor":23,"key":"Girya"},{"floor":30,"key":"Potion Belt"},{"floor":36,"key":"ReplayTheSpireMod:Ring of Collecting"},{"floor":37,"key":"Replay:Kaleidoscope"},{"floor":41,"key":"Old Coin"},{"floor":43,"key":"ReplayTheSpireMod:TigerMarble"},{"floor":44,"key":"Pet Ghost"},{"floor":47,"key":"Durian"},{"floor":49,"key":"Bag of Preparation"}],"event_choices":[{"damage_healed":0,"gold_gain":0,"player_choice":"Forge","damage_taken":0,"max_hp_gain":0,"max_hp_loss":0,"event_name":"Accursed Blacksmith","floor":3,"gold_loss":0,"cards_upgraded":["Noxious Fumes"]},{"damage_healed":0,"gold_gain":0,"player_choice":"Entered Light","damage_taken":14,"max_hp_gain":0,"max_hp_loss":0,"event_name":"Shining Light","floor":7,"gold_loss":0,"cards_upgraded":["Bouncing Flask","Defend_G"]},{"damage_healed":0,"gold_gain":75,"player_choice":"Gather Gold","damage_taken":11,"max_hp_gain":0,"max_hp_loss":0,"event_name":"World of Goop","floor":11,"gold_loss":0},{"damage_healed":0,"gold_gain":0,"player_choice":"Inject Mutagens","damage_taken":0,"relics_obtained":["MutagenicStrength"],"max_hp_gain":0,"max_hp_loss":0,"event_name":"Drug Dealer","floor":19,"gold_loss":0},{"damage_healed":0,"gold_gain":99,"player_choice":"Stole From Cult","damage_taken":0,"max_hp_gain":0,"max_hp_loss":0,"event_name":"Nest","floor":20,"gold_loss":0},{"damage_healed":0,"gold_gain":0,"player_choice":"Fight","damage_taken":0,"max_hp_gain":0,"max_hp_loss":0,"event_name":"MindBloom","floor":37,"gold_loss":0},{"damage_healed":0,"gold_gain":0,"player_choice":"Ignored","damage_taken":0,"max_hp_gain":0,"max_hp_loss":0,"event_name":"Tomb of Lord Red Mask","floor":39,"gold_loss":0},{"damage_healed":0,"gold_gain":0,"player_choice":"Memory 1","damage_taken":0,"max_hp_gain":0,"max_hp_loss":0,"event_name":"SensoryStone","floor":46,"gold_loss":0},{"damage_healed":0,"gold_gain":0,"player_choice":"Fight","damage_taken":0,"max_hp_gain":0,"max_hp_loss":0,"event_name":"Mysterious Sphere","floor":47,"gold_loss":0}],"is_beta":false,"boss_relics":[{"not_picked":["Replay:Wanted Poster","Kintsugi"],"picked":"Cursed Key"},{"not_picked":["Runic Dome","Empty Cage"],"picked":"Fusion Hammer"}],"items_purged_floors":[2,38],"is_endless":false,"potions_floor_spawned":[4,6,14,18,21,28,37,41],"ascension_level":0}}