{"host":"5dk97cf2ubw2v967","time":1610761374,"event":{"mods":["BaseMod","Better Altar","Better Vampires","Block Reminder","Colored Powertips","Downfall","Googly Eyes","Highlight Path","Minty Spire (QoL Compilation)","Permanent Neow","Potion Indicator Mod","Quick Restart","Relic Filter","Relic Stats","Say the Spire","Spicy Shops","StSLib","Waifu the Spire","everything is the same but u backflip on backflip"],"gold_per_floor":[129,279,8,8,46,46,100,141,217,217,255,47,102,113,113,190,190,229,273,273,273,70,70,97,120,120,120,180,208,233,293,293,374,374,393,402,413,88,124,124,175,175,223,291,291,314,370,410,410,410,435,435,435,9,47,47],"floor_reached":57,"language":"ENG","playtime":2973,"items_purged":["Doubt","Strike_G","Strike_G","Strike_G","Strike_G"],"score":2901,"play_id":"55963ac1-69a1-4f64-97bd-9531bd95cc8b","local_time":"20210116014254","is_ascension_mode":true,"campfire_choices":[{"data":"HandOfGreed","floor":6,"key":"SMITH"},{"data":"Deflect","floor":10,"key":"SMITH"},{"floor":15,"key":"REST"},{"floor":23,"key":"REST"},{"floor":27,"key":"REST"},{"floor":32,"key":"REST"},{"floor":40,"key":"RECALL"},{"floor":42,"key":"REST"},{"floor":45,"key":"REST"},{"data":"1","floor":49,"key":"LIFT"},{"floor":53,"key":"REST"}],"circlet_count":0,"master_deck":["AscendersBane","Defend_G","Defend_G","Defend_G","Defend_G","Survivor","Neutralize","HandOfGreed+1","Flying Knee","Unload","Flying Knee","Riddle With Holes","Deflect+1","Blade Dance","Backflip","Tactician","Adrenaline","Deflect","Dodge and Roll","Necronomicurse","Apotheosis","Terror","Outmaneuver+1","Footwork","Envenom","Outmaneuver+1","Tactician","Infinite Blades","Tactician","Footwork","Footwork","Finesse","Violence","Leg Sweep","Infinite Blades+1"],"relics":["Ring of the Snake","Membership Card","Akabeko","Boot","Kunai","Lantern","Bronze Scales","Runic Pyramid","Necronomicon","Singing Bowl","CeramicFish","Girya","Red Mask","Empty Cage","OrangePellets","Sling","Bottled Tornado","Bag of Preparation","Paper Crane","Pantograph","Unceasing Top","Bag of Marbles","Oddly Smooth Stone"],"acts_visited":["Exordium","TheCity","TheBeyond","TheEnding"],"potions_floor_usage":[7,7,13,16,22,24,33,35,41,50,56],"damage_taken":[{"damage":4,"enemies":"Small Slimes","floor":1,"turns":3},{"damage":0,"enemies":"2 Louse","floor":5,"turns":1},{"damage":0,"enemies":"Gremlin Nob","floor":7,"turns":2},{"damage":7,"enemies":"Jaw Worm","floor":8,"turns":2},{"damage":3,"enemies":"Large Slime","floor":11,"turns":3},{"damage":16,"enemies":"Lagavulin","floor":13,"turns":5},{"damage":0,"enemies":"Exordium Wildlife","floor":14,"turns":2},{"damage":0,"enemies":"Hexaghost","floor":16,"turns":7},{"damage":10,"enemies":"Shell Parasite","floor":18,"turns":4},{"damage":0,"enemies":"Chosen","floor":19,"turns":3},{"damage":25,"enemies":"Gremlin Leader","floor":24,"turns":4},{"damage":0,"enemies":"Snecko","floor":25,"turns":2},{"damage":40,"enemies":"Slavers","floor":28,"turns":5},{"damage":0,"enemies":"Snake Plant","floor":29,"turns":2},{"damage":5,"enemies":"Colosseum Slavers","floor":30,"turns":2},{"damage":0,"enemies":"Masked Bandits","floor":31,"turns":6},{"damage":13,"enemies":"Champ","floor":33,"turns":8},{"damage":0,"enemies":"3 Shapes","floor":35,"turns":4},{"damage":0,"enemies":"3 Darklings","floor":37,"turns":3},{"damage":5,"enemies":"Sphere and 2 Shapes","floor":39,"turns":5},{"damage":24,"enemies":"Giant Head","floor":41,"turns":6},{"damage":6,"enemies":"Nemesis","floor":44,"turns":5},{"damage":0,"enemies":"Maw","floor":46,"turns":4},{"damage":1,"enemies":"Giant Head","floor":47,"turns":6},{"damage":29,"enemies":"Jaw Worm Horde","floor":48,"turns":5},{"damage":33,"enemies":"Time Eater","floor":50,"turns":12},{"damage":72,"enemies":"Awakened One","floor":51,"turns":18},{"damage":40,"enemies":"Shield and Spear","floor":55,"turns":6},{"damage":54,"enemies":"The Heart","floor":56,"turns":9}],"seed_played":"-6432705174595837276","potions_obtained":[{"floor":1,"key":"Energy Potion"},{"floor":5,"key":"Strength Potion"},{"floor":7,"key":"Poison Potion"},{"floor":13,"key":"Explosive Potion"},{"floor":19,"key":"Fruit Juice"},{"floor":29,"key":"FairyPotion"},{"floor":31,"key":"FearPotion"},{"floor":33,"key":"ColorlessPotion"},{"floor":39,"key":"Swift Potion"},{"floor":44,"key":"Ancient Potion"},{"floor":46,"key":"EssenceOfSteel"}],"is_trial":false,"path_per_floor":["M","?","$","?","M","R","E","M","T","R","M","$","E","M","R","B",null,"M","M","?","T","$","R","E","M","T","R","E","M","?","?","R","B",null,"M","?","M","$","M","R","E","R","T","E","R","M","E","M","R","B","B",null,"R","$","E","B",null],"character_chosen":"THE_SILENT","items_purchased":["Membership Card","Unload","Akabeko","Blade Dance","Lantern","PowerPotion","Apotheosis","OrangePellets","Tactician","Infinite Blades","Sling","Footwork","Unceasing Top","GhostInAJar","Finesse","Bag of Marbles","Violence","Leg Sweep"],"campfire_rested":7,"item_purchase_floors":[3,3,3,12,12,12,22,38,38,38,38,54,54,54,54,54,54,54],"current_hp_per_floor":[55,55,55,55,55,55,55,48,48,48,45,45,29,29,47,47,57,47,47,26,26,31,50,27,27,27,47,7,7,2,4,24,11,55,57,57,59,59,56,56,34,57,57,51,74,74,75,48,48,40,24,67,81,81,41,12],"gold":47,"neow_bonus":"RANDOM_COLORLESS_2","is_daily":false,"chose_seed":false,"campfire_upgraded":2,"win_rate":0.0,"timestamp":1610761374,"path_taken":["M","?","$","?","M","R","E","M","T","R","M","?","E","M","R","BOSS","M","M","?","?","$","R","E","M","T","R","E","M","?","?","R","BOSS","M","?","?","$","M","R","E","R","T","E","R","M","E","M","R","BOSS","BOSS","R","$","E","BOSS"],"items_purchased_type":["Relic","Card","Relic","Card","Relic","Potion","Card","Relic","Card","Card","Relic","Card","Relic","Potion","Card","Relic","Card","Card"],"build_version":"2020-12-22","purchased_purges":5,"victory":true,"max_hp_per_floor":[60,60,60,60,60,60,60,60,60,60,60,60,60,60,60,60,60,60,60,60,60,65,65,67,67,67,67,67,67,67,69,69,69,69,71,71,73,73,75,75,77,77,77,77,77,77,79,81,81,81,81,81,81,81,81,81],"relic_stats":{"Singing Bowl":16,"counters":[29,144],"CeramicFish":126,"Bag of Preparation":[16],"Boot":[301],"OrangePellets":[10],"Bronze Scales":[491],"Pantograph":75,"Necronomicon":[46],"Kunai":[98],"obtain_stats":[{"Girya":28,"Lantern":12,"Singing Bowl":21,"CeramicFish":24,"Oddly Smooth Stone":55,"Bag of Preparation":43,"Bottled Tornado":41,"Paper Crane":44,"Boot":7,"Empty Cage":34,"Sling":38,"Akabeko":3,"OrangePellets":38,"Bronze Scales":13,"Pantograph":47,"Necronomicon":20,"Red Mask":31,"Bag of Marbles":54,"Membership Card":3,"Kunai":9,"Unceasing Top":54,"Ring of the Snake":0,"Runic Pyramid":17},{"Girya":13,"Lantern":5,"Singing Bowl":10,"CeramicFish":11,"Oddly Smooth Stone":28,"Bag of Preparation":21,"Bottled Tornado":21,"Paper Crane":22,"Boot":3,"Empty Cage":17,"Sling":19,"Akabeko":1,"OrangePellets":19,"Bronze Scales":6,"Pantograph":24,"Necronomicon":10,"Red Mask":16,"Bag of Marbles":27,"Membership Card":1,"Kunai":4,"Unceasing Top":27,"Ring of the Snake":0,"Runic Pyramid":8},{"Girya":43,"Lantern":11,"Singing Bowl":32,"CeramicFish":36,"Oddly Smooth Stone":135,"Bag of Preparation":79,"Bottled Tornado":79,"Paper Crane":84,"Boot":6,"Empty Cage":61,"Sling":68,"Akabeko":3,"OrangePellets":68,"Bronze Scales":16,"Pantograph":94,"Necronomicon":32,"Red Mask":53,"Bag of Marbles":129,"Membership Card":3,"Kunai":8,"Unceasing Top":129,"Ring of the Snake":0,"Runic Pyramid":25}],"Unceasing Top":[7],"Ring of the Snake":[58]},"card_choices":[{"not_picked":["Chrysalis","Secret Weapon"],"picked":"HandOfGreed","floor":0},{"not_picked":["Deadly Poison","Setup"],"picked":"Flying Knee","floor":1},{"not_picked":["Prepared","Accuracy"],"picked":"Flying Knee","floor":5},{"not_picked":["Slice","Acrobatics"],"picked":"Riddle With Holes","floor":7},{"not_picked":["Deadly Poison","Poisoned Stab"],"picked":"Deflect","floor":8},{"not_picked":["Cloak And Dagger","Backstab","Bouncing Flask"],"picked":"SKIP","floor":11},{"not_picked":["Acrobatics","Prepared"],"picked":"Backflip","floor":13},{"not_picked":["Underhanded Strike","Well Laid Plans"],"picked":"Tactician","floor":14},{"not_picked":["Phantasmal Killer","Die Die Die"],"picked":"Adrenaline","floor":16},{"not_picked":["Slice","PiercingWail"],"picked":"Deflect","floor":18},{"not_picked":["Cloak And Dagger","Prepared"],"picked":"Dodge and Roll","floor":19},{"not_picked":["Poisoned Stab","Underhanded Strike+1","Dagger Spray"],"picked":"Singing Bowl","floor":24},{"not_picked":["Blade Dance","Leg Sweep"],"picked":"Terror","floor":25},{"not_picked":["Backstab","Tools of the Trade"],"picked":"Outmaneuver+1","floor":28},{"not_picked":["PiercingWail","Dagger Spray+1"],"picked":"Footwork","floor":29},{"not_picked":["Choke","Slice","Concentrate"],"picked":"Singing Bowl","floor":31},{"not_picked":["Grand Finale","Night Terror"],"picked":"Envenom","floor":33},{"not_picked":["Underhanded Strike","Cloak And Dagger","Endless Agony"],"picked":"Singing Bowl","floor":35},{"not_picked":["Flying Knee","Bouncing Flask+1","Sucker Punch+1"],"picked":"Singing Bowl","floor":37},{"not_picked":["Dagger Throw","Cloak And Dagger","Backflip"],"picked":"Singing Bowl","floor":39},{"not_picked":["Quick Slash","Escape Plan","Acrobatics"],"picked":"Singing Bowl","floor":41},{"not_picked":["Quick Slash+1","Dodge and Roll"],"picked":"Tactician","floor":44},{"not_picked":["Deflect+1","Infinite Blades"],"picked":"Footwork","floor":46},{"not_picked":["Slice","Backstab","Caltrops"],"picked":"Singing Bowl","floor":47},{"not_picked":["Accuracy","Flying Knee","Predator"],"picked":"Singing Bowl","floor":48},{"not_picked":["Flechettes","Slice"],"picked":"Infinite Blades+1","floor":55}],"player_experience":1165608,"relics_obtained":[{"floor":7,"key":"Boot"},{"floor":9,"key":"Kunai"},{"floor":13,"key":"Bronze Scales"},{"floor":20,"key":"Necronomicon"},{"floor":21,"key":"Singing Bowl"},{"floor":24,"key":"CeramicFish"},{"floor":28,"key":"Girya"},{"floor":31,"key":"Red Mask"},{"floor":41,"key":"Bottled Tornado"},{"floor":43,"key":"Bag of Preparation"},{"floor":44,"key":"Paper Crane"},{"floor":47,"key":"Pantograph"},{"floor":55,"key":"Oddly Smooth Stone"}],"event_choices":[{"damage_healed":0,"gold_gain":150,"player_choice":"AGREE","damage_taken":0,"max_hp_gain":0,"max_hp_loss":0,"event_name":"Liars Game","floor":2,"gold_loss":0,"cards_obtained":["Doubt"]},{"cards_removed":["Normality"],"damage_healed":0,"gold_gain":0,"player_choice":"Forget","damage_taken":0,"max_hp_gain":0,"max_hp_loss":0,"event_name":"Living Wall","floor":4,"gold_loss":0},{"damage_healed":0,"gold_gain":0,"player_choice":"Obtained Book","damage_taken":21,"max_hp_gain":0,"max_hp_loss":0,"event_name":"Cursed Tome","floor":20,"gold_loss":0},{"damage_healed":0,"gold_gain":0,"player_choice":"Fight","damage_taken":0,"max_hp_gain":0,"max_hp_loss":0,"event_name":"Colosseum","floor":30,"gold_loss":0},{"damage_healed":0,"gold_gain":0,"player_choice":"Fled From Nobs","damage_taken":0,"max_hp_gain":0,"max_hp_loss":0,"event_name":"Colosseum","floor":30,"gold_loss":0},{"damage_healed":0,"gold_gain":0,"player_choice":"Fought Bandits","damage_taken":0,"max_hp_gain":0,"max_hp_loss":0,"event_name":"Masked Bandits","floor":31,"gold_loss":0},{"damage_healed":0,"gold_gain":0,"player_choice":"Copied","damage_taken":0,"max_hp_gain":0,"max_hp_loss":0,"event_name":"Duplicator","floor":36,"gold_loss":0,"cards_obtained":["Outmaneuver"]}],"is_beta":false,"boss_relics":[{"not_picked":["Ring of the Serpent","Cursed Key"],"picked":"Runic Pyramid"},{"not_picked":["Snecko Eye","Astrolabe"],"picked":"Empty Cage"}],"items_purged_floors":[3,12,22,38,54],"is_endless":false,"potions_floor_spawned":[1,5,7,13,19,29,31,33,39,44,46,55],"ascension_level":20}}