{"host":"xt797mi8yhee06c1","time":1610803918,"event":{"mods":["100% Spire Juice","BaseMod","Bestiary","Koishi","Marisa£¨Ùöéë¡¡Øª×âÞÞ£©","Minty Spire (QoL Compilation)","Poor People Problems","Prisma Mod","Relic Filter","Shop Mod","Spicy Shops","StSLib","The Marked","The Servant 0.9.4","WarShipGirlsR/??á´Ò³R mod"],"gold_per_floor":[110,122,122,142,18,18,52,52,129,158,177,177,35,48,48,152,152,171,76,89,89,89,89,89,89],"floor_reached":24,"language":"KOR","playtime":1219,"items_purged":[],"score":204,"play_id":"0f0d23d0-2e5a-4925-a98a-8a6d4523b503","local_time":"20210116223158","is_ascension_mode":false,"campfire_choices":[{"data":"Moonworks:RagingMadness","floor":6.0,"key":"SMITH"},{"data":"Moonworks:BigBangBell","floor":12.0,"key":"SMITH"},{"floor":15.0,"key":"REST"},{"floor":23,"key":"REST"}],"circlet_count":0,"master_deck":["Moonworks:Strike","Moonworks:Strike","Moonworks:Defend","Moonworks:Defend","Moonworks:Defend","Moonworks:Defend","Moonworks:Ambush","Moonworks:LongDistanceShot","Moonworks:JonathanRush","Moonworks:SealedMemories+1","Moonworks:RagingMadness+1","Moonworks:JonathanRush","Moonworks:IndiscriminateFireSupport","Moonworks:SakisCookie","Moonworks:TacticalRetreat","Moonworks:BigBangBell+1","Moonworks:SakisCookie","Moonworks:RocketCannon","Moonworks:CloudOfSeagulls","Moonworks:SakisCookie","Moonworks:StarBlastingFuse","Moonworks:BigMagnum","Moonworks:ImOnFire","Moonworks:FullSpeedAlicianrone","Moonworks:IndiscriminateFireSupport+1","Moonworks:UnluckyCharm","Moonworks:WindyEnchantment"],"relics":["Moonworks:BrokenBomb","Moonworks:Homemark","NeowsBlessing","Regal Pillow","Unceasing Top","Shuriken","Anchor","SacredBark"],"acts_visited":["Exordium","TheCity"],"potions_floor_usage":[],"damage_taken":[{"damage":0.0,"enemies":"Small Slimes","floor":1.0,"turns":1.0},{"damage":0.0,"enemies":"Cultist","floor":2.0,"turns":1.0},{"damage":0.0,"enemies":"Jaw Worm","floor":4.0,"turns":1.0},{"damage":21.0,"enemies":"Lagavulin","floor":7.0,"turns":5.0},{"damage":8.0,"enemies":"Gremlin Nob","floor":10.0,"turns":3.0},{"damage":6.0,"enemies":"Lots of Slimes","floor":11.0,"turns":3.0},{"damage":1.0,"enemies":"Exordium Wildlife","floor":14.0,"turns":4.0},{"damage":33.0,"enemies":"Slime Boss","floor":16.0,"turns":6.0},{"damage":30.0,"enemies":"2 Thieves","floor":18.0,"turns":4.0},{"damage":22,"enemies":"3 Byrds","floor":20,"turns":4},{"damage":43,"enemies":"Gremlin Leader","floor":24,"turns":1}],"seed_played":"3266238330507161184","potions_obtained":[{"floor":2.0,"key":"SteroidPotion"},{"floor":7.0,"key":"Block Potion"},{"floor":11.0,"key":"Regen Potion"},{"floor":16.0,"key":"SmokeBomb"},{"floor":20,"key":"Swift Potion"}],"is_trial":false,"path_per_floor":["M","M","?","M","$","R","E","?","T","E","M","R","$","M","R","B",null,"M","$","M","?","?","R","E"],"character_chosen":"THE_STARBREAKER","items_purchased":["Moonworks:JonathanRush","Moonworks:IndiscriminateFireSupport","Moonworks:SakisCookie","Moonworks:RocketCannon","Moonworks:CloudOfSeagulls","Moonworks:ImOnFire","Moonworks:FullSpeedAlicianrone"],"campfire_rested":2,"item_purchase_floors":[5,5,5,13,13,19,19],"current_hp_per_floor":[60,60,60,60,60,60,41,41,41,33,29,29,29,28,60,27,60,30,30,8,8,8,41,0,0],"gold":89,"neow_bonus":"THREE_ENEMY_KILL","is_daily":false,"chose_seed":false,"campfire_upgraded":2,"win_rate":0.0,"timestamp":1610803918,"path_taken":["M","M","?","?","$","R","E","?","T","E","M","R","$","M","R","BOSS","M","$","?","?","?","R","E"],"items_purchased_type":["Card","Card","Card","Card","Card","Card","Card"],"build_version":"2020-12-22","purchased_purges":0,"victory":false,"max_hp_per_floor":[60,60,60,60,60,60,60,60,60,60,60,60,60,60,60,60,60,60,60,60,60,60,60,60,60],"card_choices":[{"not_picked":["Moonworks:LulusLuckyEgg","Moonworks:MixPhenomenon"],"picked":"Moonworks:JonathanRush","floor":1.0},{"not_picked":["Moonworks:ImOnFire","Moonworks:ImmovableObject"],"picked":"Moonworks:SealedMemories","floor":2.0},{"not_picked":["Moonworks:EvilSpyWorkPreparation","Moonworks:IndiscriminateFireSupport"],"picked":"Moonworks:RagingMadness","floor":4.0},{"not_picked":["Moonworks:IndiscriminateFireSupport","Moonworks:ReproductionOfRecords"],"picked":"Moonworks:TacticalRetreat","floor":7.0},{"not_picked":["Moonworks:CloudOfSeagulls","Moonworks:CastOff"],"picked":"Moonworks:BigBangBell","floor":10.0},{"not_picked":["Moonworks:IndiscriminateFireSupport","Moonworks:SelfDestruct"],"picked":"Moonworks:SakisCookie","floor":11.0},{"not_picked":["Moonworks:StiffCrystal","Moonworks:TacticalRetreat"],"picked":"Moonworks:SakisCookie","floor":14.0},{"not_picked":["Moonworks:FinalBattle","Moonworks:HolyNight"],"picked":"Moonworks:StarBlastingFuse","floor":16.0},{"not_picked":["Moonworks:FinalSurgery","Moonworks:IndiscriminateFireSupport"],"picked":"Moonworks:BigMagnum","floor":18.0},{"not_picked":["Moonworks:ImOnFire","Moonworks:SakisCookie"],"picked":"Moonworks:IndiscriminateFireSupport+1","floor":20}],"player_experience":370065,"relics_obtained":[{"floor":7.0,"key":"Regal Pillow"},{"floor":9.0,"key":"Shuriken"},{"floor":10.0,"key":"Anchor"}],"event_choices":[{"damage_healed":0.0,"max_hp_gain":0.0,"max_hp_loss":0.0,"gold_gain":0.0,"event_name":"Upgrade Shrine","player_choice":"Upgraded","floor":3.0,"gold_loss":0.0,"damage_taken":0.0,"cards_upgraded":["Moonworks:SealedMemories"]},{"damage_healed":0.0,"max_hp_gain":0.0,"max_hp_loss":0.0,"gold_gain":0.0,"event_name":"WeMeetAgain","player_choice":"Gave Potion","floor":8.0,"gold_loss":0.0,"damage_taken":0.0,"relics_obtained":["Unceasing Top"]},{"damage_healed":0,"gold_gain":0,"cards_transformed":["Moonworks:Strike","Moonworks:Strike"],"player_choice":"Became Test Subject","damage_taken":0,"max_hp_gain":0,"max_hp_loss":0,"event_name":"Drug Dealer","floor":21,"gold_loss":0,"cards_obtained":["Moonworks:UnluckyCharm","Moonworks:WindyEnchantment"]},{"damage_healed":0,"gold_gain":0,"player_choice":"Ignored","damage_taken":0,"max_hp_gain":0,"max_hp_loss":0,"event_name":"Beggar","floor":22,"gold_loss":0}],"is_beta":false,"boss_relics":[{"not_picked":["Tiny House","Astrolabe"],"picked":"SacredBark"}],"items_purged_floors":[],"is_endless":false,"potions_floor_spawned":[2,7,11,16,20],"killed_by":"Gremlin Leader","ascension_level":0}}