{"host":"kh6fvhxn285ncg0o","time":1610815018,"event":{"mods":["Act Like it!","BaseMod","Colored Map","Friendly Minions","Keyboard Shortcuts","Minty Spire (QoL Compilation)","Quick Restart","Relic Stats","StSLib","SuperFastMode"],"gold_per_floor":[17,17,31,41,55,85,85,160,160,160,177,188,27,55,55,130,130,140,140,590,608,28,28,28],"floor_reached":23,"language":"KOR","playtime":1815,"items_purged":["Strike_R"],"score":402,"play_id":"69dab78e-d839-4e31-972e-bb949dd54268","local_time":"20210117013658","is_ascension_mode":true,"campfire_choices":[{"data":"Carnage","floor":7.0,"key":"SMITH"},{"data":"Fire Breathing","floor":10.0,"key":"SMITH"},{"data":"Dark Embrace","floor":15.0,"key":"SMITH"}],"circlet_count":0,"master_deck":["AscendersBane","Strike_R","Strike_R","Defend_R","Defend_R","Defend_R","Defend_R","Bash","Battle Trance","Havoc","Carnage+1","Hemokinesis","Fire Breathing+1","Evolve","Seeing Red","Dark Embrace+1","Second Wind","Uppercut+1","Sentinel+1","Reaper","Reckless Charge","Inflame+1"],"relics":["Burning Blood","Eternal Feather","Ornamental Fan","Lee\u0027s Waffle","Bottled Lightning","Mark of Pain","Akabeko","Orrery","Oddly Smooth Stone"],"acts_visited":["Exordium","TheCity"],"potions_floor_usage":[21,21],"damage_taken":[{"damage":8.0,"enemies":"Small Slimes","floor":1.0,"turns":5.0},{"damage":1.0,"enemies":"Cultist","floor":3.0,"turns":3.0},{"damage":9.0,"enemies":"Jaw Worm","floor":4.0,"turns":3.0},{"damage":15.0,"enemies":"Blue Slaver","floor":5.0,"turns":4.0},{"damage":42.0,"enemies":"Lagavulin","floor":6.0,"turns":4.0},{"damage":8.0,"enemies":"Exordium Thugs","floor":11.0,"turns":4.0},{"damage":26.0,"enemies":"3 Louse","floor":12.0,"turns":3.0},{"damage":34.0,"enemies":"Gremlin Nob","floor":14.0,"turns":4.0},{"damage":6.0,"enemies":"Slime Boss","floor":16.0,"turns":6.0},{"damage":8.0,"enemies":"Spheric Guardian","floor":18.0,"turns":3.0},{"damage":26,"enemies":"Shell Parasite","floor":21,"turns":5},{"damage":22,"enemies":"Book of Stabbing","floor":23,"turns":3}],"seed_played":"3727801245441515019","potions_obtained":[{"floor":3.0,"key":"ElixirPotion"},{"floor":5.0,"key":"ElixirPotion"},{"floor":12.0,"key":"LiquidBronze"},{"floor":14.0,"key":"SpeedPotion"}],"is_trial":false,"path_per_floor":["M","?","M","M","M","E","R","?","T","R","M","M","$","E","R","B",null,"M","?","?","M","$","E"],"character_chosen":"IRONCLAD","items_purchased":["Lee\u0027s Waffle","Akabeko","Orrery","Oddly Smooth Stone"],"campfire_rested":0,"item_purchase_floors":[13,22,22,22],"current_hp_per_floor":[66,66,71,68,59,23,32,21,21,30,28,8,82,54,63,63,77,75,75,29,9,9,0,0],"gold":28,"neow_bonus":"TRANSFORM_TWO_CARDS","is_daily":false,"chose_seed":false,"campfire_upgraded":3,"win_rate":0.0,"timestamp":1610815018,"path_taken":["M","?","M","M","?","E","R","?","T","R","M","M","$","E","R","BOSS","M","?","?","M","$","E"],"items_purchased_type":["Relic","Relic","Relic","Relic"],"build_version":"2020-12-22","purchased_purges":1,"victory":false,"max_hp_per_floor":[75,75,75,75,75,75,75,75,75,75,75,75,82,82,82,82,82,82,82,82,82,82,82,82],"relic_stats":{"Lee\u0027s Waffle":74,"counters":[12,47],"Ornamental Fan":[12],"Eternal Feather":27,"obtain_stats":[{"Lee\u0027s Waffle":13,"Ornamental Fan":9,"Orrery":22,"Oddly Smooth Stone":22,"Eternal Feather":6,"Mark of Pain":17,"Bottled Lightning":14,"Burning Blood":0,"Akabeko":22},{"Lee\u0027s Waffle":7,"Ornamental Fan":5,"Orrery":11,"Oddly Smooth Stone":11,"Eternal Feather":5,"Mark of Pain":9,"Bottled Lightning":8,"Burning Blood":0,"Akabeko":11},{"Lee\u0027s Waffle":26,"Ornamental Fan":19,"Orrery":44,"Oddly Smooth Stone":44,"Eternal Feather":19,"Mark of Pain":36,"Bottled Lightning":30,"Burning Blood":0,"Akabeko":44}],"Burning Blood":66},"card_choices":[{"not_picked":["True Grit","Iron Wave"],"picked":"Carnage","floor":1.0},{"not_picked":["Sword Boomerang","Twin Strike"],"picked":"Hemokinesis","floor":3.0},{"not_picked":["Feel No Pain","Iron Wave"],"picked":"Fire Breathing","floor":4.0},{"not_picked":["Iron Wave","Thunderclap"],"picked":"Evolve","floor":5.0},{"not_picked":["Pummel","Thunderclap","Warcry"],"picked":"SKIP","floor":6.0},{"not_picked":["Sword Boomerang","Carnage"],"picked":"Seeing Red","floor":11.0},{"not_picked":["Seeing Red","Inflame"],"picked":"Dark Embrace","floor":12.0},{"not_picked":["Inflame","Corruption","Heavy Blade"],"picked":"SKIP","floor":14.0},{"not_picked":["Clothesline","Dual Wield"],"picked":"Second Wind","floor":18.0},{"not_picked":["Flex","Whirlwind"],"picked":"Uppercut+1","floor":21},{"not_picked":["Fire Breathing","Heavy Blade+1"],"picked":"Sentinel+1","floor":22},{"not_picked":["Armaments+1","Dropkick"],"picked":"Reaper","floor":22},{"not_picked":["Sever Soul","True Grit"],"picked":"Reckless Charge","floor":22},{"not_picked":["Havoc","Thunderclap"],"picked":"Inflame+1","floor":22}],"player_experience":3465625,"relics_obtained":[{"floor":6.0,"key":"Eternal Feather"},{"floor":9.0,"key":"Ornamental Fan"},{"floor":14.0,"key":"Bottled Lightning"}],"event_choices":[{"damage_healed":0.0,"max_hp_gain":0.0,"max_hp_loss":0.0,"gold_gain":0.0,"event_name":"Match and Keep!","player_choice":"0 cards matched","floor":2.0,"gold_loss":0.0,"damage_taken":0.0,"cards_obtained":[]},{"damage_healed":0.0,"max_hp_gain":0.0,"max_hp_loss":0.0,"gold_gain":75.0,"event_name":"World of Goop","player_choice":"Gather Gold","floor":8.0,"gold_loss":0.0,"damage_taken":11.0},{"damage_healed":0.0,"max_hp_gain":0.0,"max_hp_loss":0.0,"gold_gain":0.0,"event_name":"Ghosts","player_choice":"Ignored","floor":19.0,"gold_loss":0.0,"damage_taken":0.0},{"damage_healed":0.0,"max_hp_gain":0.0,"max_hp_loss":0.0,"gold_gain":450.0,"event_name":"Knowing Skull","player_choice":"GOLD GOLD GOLD GOLD GOLD ","floor":20.0,"potions_obtained":[],"gold_loss":0.0,"damage_taken":46.0,"cards_obtained":[]}],"is_beta":false,"boss_relics":[{"not_picked":["Black Star","Busted Crown"],"picked":"Mark of Pain"}],"items_purged_floors":[22],"is_endless":false,"potions_floor_spawned":[3,5,12,14],"killed_by":"Book of Stabbing","ascension_level":20}}