{"host":"hf8yoqke32w15p1q","time":1610818181,"event":{"mods":["Aspiration","BaseMod","BetterRewards","Colored Powertips","Conspire","Downfall","Hermit","Hubris","Infinite Spire","Minty Spire (QoL Compilation)","Shop Mod","StSLib","The Animator"],"gold_per_floor":[99,99,109,127,145,145,199,199,199,199,217,231,265,105,115,115,115,115],"floor_reached":16,"language":"ENG","playtime":638,"items_purged":[],"score":102,"play_id":"c4482164-2686-437d-a3f1-16cd07b0bc7b","local_time":"20210116122941","is_ascension_mode":false,"campfire_choices":[{"data":"hexamod:Sear","floor":1,"key":"SMITH"},{"floor":8,"key":"REST"},{"data":"hexamod:Firestarter","floor":10,"key":"SMITH"}],"circlet_count":0,"master_deck":["hexamod:Strike","hexamod:Strike","hexamod:Strike","hexamod:Strike","hexamod:Defend","hexamod:Defend","hexamod:Defend","hexamod:Defend","hexamod:Sear+1","hexamod:Float","hexamod:ChargedBarrage","hexamod:Firestarter+1","hexamod:InspiringFlames","hexamod:RadiantFlame","hexamod:NecessarySacrifice","hexamod:SearingWound","hexamod:SoulSteal","hexamod:TimeOfNeed","hexamod:SpectersWail"],"relics":["hexamod:SpiritBrand","Potion Belt","hubris:ToyBattleship"],"acts_visited":["Exordium"],"potions_floor_usage":[],"damage_taken":[{"damage":1,"enemies":"Cultist","floor":3,"turns":3},{"damage":7,"enemies":"2 Louse","floor":4,"turns":3},{"damage":3,"enemies":"Small Slimes","floor":5,"turns":3},{"damage":2,"enemies":"Blue Slaver","floor":11,"turns":3},{"damage":1,"enemies":"2 Fungi Beasts","floor":12,"turns":4},{"damage":34,"enemies":"3 Sentries","floor":13,"turns":8},{"damage":0,"enemies":"downfall:FleeingMerchant","floor":14,"turns":4},{"damage":16,"enemies":"Lots of Slimes","floor":15,"turns":3},{"damage":48,"enemies":"SI_SHIV_ARCHETYPE","floor":16,"turns":7}],"seed_played":"8293624702024212373","potions_obtained":[{"floor":2,"key":"Weak Potion"},{"floor":2,"key":"FairyPotion"},{"floor":2,"key":"Fire Potion"},{"floor":11,"key":"FearPotion"},{"floor":13,"key":"Explosive Potion"}],"is_trial":false,"path_per_floor":["R","?","M","M","M","?","T","R","?","R","M","M","E","$","M","B"],"character_chosen":"THE_SPIRIT","items_purchased":["hexamod:TimeOfNeed"],"campfire_rested":1,"item_purchase_floors":[14],"current_hp_per_floor":[77,77,76,69,66,66,66,77,77,77,75,74,40,40,24,0,0,0],"gold":115,"neow_bonus":"TEN_PERCENT_HP_BONUS","is_daily":false,"chose_seed":false,"campfire_upgraded":2,"win_rate":0.0,"timestamp":1610818181,"path_taken":["R","?","M","M","?","?","T","R","?","R","M","M","E","$","M","BOSS"],"items_purchased_type":["Card"],"build_version":"2020-12-22","purchased_purges":0,"victory":false,"max_hp_per_floor":[77,77,77,77,77,77,77,77,77,77,77,77,77,77,77,77,77,77],"card_choices":[{"not_picked":["hexamod:RetreatToShadows","hexamod:GhostShield"],"picked":"hexamod:ChargedBarrage","floor":3},{"not_picked":["hexamod:Haunt","hexamod:NightmareStrike"],"picked":"hexamod:Firestarter","floor":4},{"not_picked":["hexamod:NightmareStrike","hexamod:AdvancingGuard"],"picked":"hexamod:InspiringFlames","floor":5},{"not_picked":["hexamod:InspiringFlames","hexamod:DynamicBlow"],"picked":"hexamod:RadiantFlame","floor":11},{"not_picked":["hexamod:SpectersWail","hexamod:BacktrackSmack"],"picked":"hexamod:NecessarySacrifice","floor":12},{"not_picked":["hexamod:HauntingEcho","hexamod:InspiringFlames"],"picked":"hexamod:SearingWound","floor":13},{"not_picked":["hexamod:AdvancingGuard","hexamod:SpectersWail"],"picked":"hexamod:SoulSteal","floor":14},{"not_picked":["hexamod:BacktrackSmack","hexamod:GhostShield"],"picked":"hexamod:SpectersWail","floor":15}],"player_experience":429790,"relics_obtained":[{"floor":7,"key":"Potion Belt"},{"floor":13,"key":"hubris:ToyBattleship"}],"event_choices":[{"damage_healed":0,"gold_gain":0,"player_choice":"Got Potions","damage_taken":0,"max_hp_gain":0,"max_hp_loss":0,"event_name":"Lab","floor":2,"gold_loss":0}],"is_beta":false,"boss_relics":[],"items_purged_floors":[],"is_endless":false,"potions_floor_spawned":[4,5,11,13,15],"killed_by":"SI_SHIV_ARCHETYPE","ascension_level":0}}