{"host":"jscggscbx0p7706o","time":1610770063,"event":{"mods":["AchievementEnabler","BaseMod","Block Reminder","Colored Powertips","Minty Spire (QoL Compilation)","Permanent Neow","Quick Restart","StSLib"],"gold_per_floor":[116,116,191,205,216,241,260,260,260,260,278,305,380,395,395,499,499,465,380,380,380],"floor_reached":20,"language":"ENG","playtime":727,"items_purged":[],"score":278,"play_id":"1defcc8e-dc1e-4efa-bb2c-b2390ee2b26c","local_time":"20210116120743","is_ascension_mode":true,"campfire_choices":[{"data":"Dash","floor":8.0,"key":"SMITH"},{"floor":10.0,"key":"REST"},{"floor":15.0,"key":"REST"}],"circlet_count":0,"master_deck":["AscendersBane","Strike_G","Strike_G","Strike_G","Defend_G","Defend_G","Defend_G","Defend_G","Defend_G","Survivor","Neutralize","Dagger Throw","Deflect","Quick Slash","Quick Slash","Dash+1","Backstab","Predator","Deflect","After Image","Cloak And Dagger"],"relics":["Ring of the Snake","PreservedInsect","Centennial Puzzle","Question Card","Odd Mushroom","Empty Cage","Blue Candle"],"acts_visited":["Exordium","TheCity"],"potions_floor_usage":[],"damage_taken":[{"damage":0.0,"enemies":"Cultist","floor":1.0,"turns":4.0},{"damage":0.0,"enemies":"2 Louse","floor":4.0,"turns":3.0},{"damage":0.0,"enemies":"Small Slimes","floor":5.0,"turns":3.0},{"damage":12.0,"enemies":"Lagavulin","floor":6.0,"turns":5.0},{"damage":2.0,"enemies":"Blue Slaver","floor":7.0,"turns":4.0},{"damage":2.0,"enemies":"3 Louse","floor":11.0,"turns":4.0},{"damage":13.0,"enemies":"The Mushroom Lair","floor":12.0,"turns":4.0},{"damage":0.0,"enemies":"Looter","floor":14.0,"turns":3.0},{"damage":55.0,"enemies":"Hexaghost","floor":16.0,"turns":15.0},{"damage":15,"enemies":"2 Thieves","floor":18,"turns":5}],"seed_played":"7787718020253066601","potions_obtained":[{"floor":4.0,"key":"FearPotion"},{"floor":6.0,"key":"LiquidMemories"},{"floor":7.0,"key":"LiquidMemories"},{"floor":18,"key":"SkillPotion"}],"is_trial":false,"path_per_floor":["M","?","?","M","M","E","M","R","T","R","M","?","?","M","R","B",null,"M","?","?"],"character_chosen":"THE_SILENT","items_purchased":[],"campfire_rested":2,"item_purchase_floors":[],"current_hp_per_floor":[63,63,56,56,56,44,42,42,42,63,61,48,37,37,58,3,53,38,38,38,38],"gold":380,"neow_bonus":"RANDOM_COMMON_RELIC","is_daily":false,"chose_seed":false,"campfire_upgraded":1,"win_rate":0.0,"timestamp":1610770063,"path_taken":["M","?","?","M","?","E","M","R","T","R","M","?","?","M","R","BOSS","M","?","?"],"items_purchased_type":[],"build_version":"2020-12-22","purchased_purges":0,"victory":false,"max_hp_per_floor":[70,70,70,70,70,70,70,70,70,70,70,70,70,70,70,70,70,70,70,70,70],"card_choices":[{"not_picked":["Bane","Outmaneuver"],"picked":"Dagger Throw","floor":1.0},{"not_picked":["Endless Agony","Tactician"],"picked":"Deflect","floor":4.0},{"not_picked":["Flechettes","Deadly Poison"],"picked":"Quick Slash","floor":5.0},{"not_picked":["Deadly Poison","PiercingWail"],"picked":"Quick Slash","floor":6.0},{"not_picked":["Deadly Poison","Backflip"],"picked":"Dash","floor":7.0},{"not_picked":["Venomology","PiercingWail","Outmaneuver"],"picked":"Backstab","floor":11.0},{"not_picked":["Catalyst","Prepared","Blade Dance"],"picked":"Predator","floor":12.0},{"not_picked":["Accuracy","Setup","Slice"],"picked":"Deflect","floor":14.0},{"not_picked":["Storm of Steel","Bullet Time","Malaise"],"picked":"After Image","floor":16.0},{"not_picked":["Blade Dance","Deadly Poison+1","Reflex"],"picked":"Cloak And Dagger","floor":18}],"player_experience":269399,"relics_obtained":[{"floor":6.0,"key":"Centennial Puzzle"},{"floor":9.0,"key":"Question Card"},{"floor":12.0,"key":"Odd Mushroom"}],"event_choices":[{"damage_healed":0.0,"max_hp_gain":0.0,"max_hp_loss":0.0,"gold_gain":0.0,"event_name":"Shining Light","player_choice":"Ignored","floor":2.0,"gold_loss":0.0,"damage_taken":0.0},{"damage_healed":0.0,"max_hp_gain":0.0,"max_hp_loss":0.0,"gold_gain":75.0,"event_name":"FaceTrader","player_choice":"Touch","floor":3.0,"gold_loss":0.0,"damage_taken":7.0},{"damage_healed":0.0,"max_hp_gain":0.0,"max_hp_loss":0.0,"gold_gain":0.0,"event_name":"Mushrooms","player_choice":"Fought Mushrooms","floor":12.0,"gold_loss":0.0,"damage_taken":0.0},{"damage_healed":0.0,"max_hp_gain":0.0,"max_hp_loss":0.0,"gold_gain":75.0,"event_name":"World of Goop","player_choice":"Gather Gold","floor":13.0,"gold_loss":0.0,"damage_taken":11.0},{"damage_healed":0,"gold_gain":0,"player_choice":"Obtained Relic","damage_taken":0,"relics_obtained":["Blue Candle"],"max_hp_gain":0,"max_hp_loss":0,"event_name":"Addict","floor":19,"gold_loss":85}],"is_beta":false,"boss_relics":[{"not_picked":["Ring of the Serpent","Velvet Choker"],"picked":"Empty Cage"}],"items_purged_floors":[],"is_endless":false,"potions_floor_spawned":[4,6,7,18],"ascension_level":12}}