{"host":"9jj9tzo2iym4bpat","time":1610808563,"event":{"mods":["Act Like it!","BaseMod","CapriCore","Colored Map","Dark Map","Luminous","Marisa????????","Minty Spire (QoL Compilation)","Permanent Neow","StSLib","Td1madao Mod","The Animator","The Immortal","The Marked","The Servant 0.9.4","Yakumo Yukari mod"],"gold_per_floor":[137,137,137,153,172,172,183,183,183,214,224,252,268,228,228,326,326,341,355,403,37,47,47,81,81,134,161,76,76,90,90,90,186,186,202,202,202,217,72,104,116,116,116,116,126,47,372,58,67,67],"floor_reached":51,"language":"ENG","playtime":1793,"items_purged":["AT_purpleEX+1"],"score":1056,"play_id":"9e112022-d953-401b-8c5d-d2f020bc72a2","local_time":"20210116084923","is_ascension_mode":true,"campfire_choices":[{"data":"Line_surface_state_purple","floor":6,"key":"SMITH"},{"data":"ExistenceContinue_purple","floor":8,"key":"SMITH"},{"floor":15,"key":"REST"},{"floor":23,"key":"REST"},{"floor":25,"key":"REST"},{"floor":32,"key":"REST"},{"floor":42,"key":"REST"},{"floor":49,"key":"REST"}],"circlet_count":0,"master_deck":["AT_purpleEX","Defend_purpleEX+1","Defend_purpleEX","Defend_purpleEX+1","Defend_purpleEX","Observe_purple_1","Observe_purple_2","Line_surface_state_purple+1","OpenedBox_purple","Line_surface_state_purple+1","Fantasy_PerpetualMotionMachine_purple","ExistenceContinue_purple+1","Shallow_ocean_purpleEX","Shallow_ocean_purpleEX","PurpleNeedle_purple","WorldDissolvedintheRealm_purple+1","ProofOfUnderstanding_purple","Line_surface_state_purple","Charmbait_purple","OmniscientAndOmnipotent_Monster_purple+1","Line_surface_state_purple+1","Human_Monster_Realm_purple","OmniscientAndOmnipotent_Monster_purple","Charmbait_purple","ExistenceContinue_purple+1","WingOfChimera_purple+1","WatchEChange_purple","WatchEChange_purple+1","Charmbait_purple","Photoelasticity_Doppler_Effect_purple","Bait_Toxicbait_purple+1"],"relics":["Boundary_crack","Memoryfragments_purpleEX","Boot","Omamori","Pear","Potion Belt","Black Star","Whetstone","Nunchaku","Sling","Peace Pipe","Happy Flower","Art of War","Bag of Marbles","Antimatter_spacedebris","Darkstone Periapt","PureWater","Cursed Key","Dream Catcher","War Paint","Incense Burner","Strawberry","CeramicFish","Old Coin","Vajra","Bag of Preparation"],"acts_visited":["Exordium","TheCity","TheBeyond"],"potions_floor_usage":[5,12,14,16,33,50,50],"damage_taken":[{"damage":5,"enemies":"Small Slimes","floor":1,"turns":4},{"damage":0,"enemies":"Cultist","floor":4,"turns":3},{"damage":0,"enemies":"Jaw Worm","floor":5,"turns":5},{"damage":25,"enemies":"3 Louse","floor":7,"turns":5},{"damage":23,"enemies":"Gremlin Nob","floor":10,"turns":4},{"damage":6,"enemies":"2 Fungi Beasts","floor":11,"turns":3},{"damage":23,"enemies":"Lagavulin","floor":12,"turns":7},{"damage":3,"enemies":"Large Slime","floor":13,"turns":5},{"damage":7,"enemies":"Hexaghost","floor":16,"turns":7},{"damage":28,"enemies":"2 Thieves","floor":18,"turns":4},{"damage":0,"enemies":"Spheric Guardian","floor":19,"turns":2},{"damage":20,"enemies":"Centurion and Healer","floor":22,"turns":4},{"damage":24,"enemies":"Slavers","floor":24,"turns":3},{"damage":32,"enemies":"Gremlin Leader","floor":27,"turns":5},{"damage":0,"enemies":"3 Cultists","floor":30,"turns":3},{"damage":0,"enemies":"Champ","floor":33,"turns":4},{"damage":0,"enemies":"3 Darklings","floor":35,"turns":2},{"damage":0,"enemies":"3 Shapes","floor":38,"turns":1},{"damage":13,"enemies":"Giant Head","floor":40,"turns":5},{"damage":0,"enemies":"Sphere and 2 Shapes","floor":41,"turns":1},{"damage":0,"enemies":"3 Darklings","floor":45,"turns":2},{"damage":35,"enemies":"Nemesis","floor":47,"turns":3},{"damage":35,"enemies":"Awakened One","floor":50,"turns":9}],"seed_played":"6502000773719811300","potions_obtained":[{"floor":5,"key":"Fruit Juice"},{"floor":10,"key":"Fire Potion"},{"floor":12,"key":"EssenceOfSteel"},{"floor":14,"key":"Regen Potion"},{"floor":14,"key":"SkillPotion"},{"floor":14,"key":"EntropicBrew"},{"floor":16,"key":"FearPotion"},{"floor":30,"key":"DistilledChaos"},{"floor":38,"key":"FearPotion"}],"is_trial":false,"path_per_floor":["M","?","?","M","M","R","M","R","T","E","M","E","M","?","R","B",null,"M","M","T","$","M","R","E","R","T","E","?","?","M","?","R","B",null,"M","?","?","M","$","E","M","R","T","?","M","$","E","$","R","B",null],"character_chosen":"Youkari","items_purchased":["Nunchaku","Sling","Dream Catcher","Photoelasticity_Doppler_Effect_purple","Vajra","Bag of Preparation"],"campfire_rested":6,"item_purchase_floors":[21,21,39,46,48,48],"current_hp_per_floor":[67,67,67,69,75,75,51,51,51,38,33,12,12,12,37,31,85,58,59,59,59,40,65,41,66,66,34,34,34,35,35,60,60,85,85,85,85,85,85,72,72,85,92,92,92,92,57,57,84,49],"gold":67,"neow_bonus":"RANDOM_COMMON_RELIC","is_daily":false,"chose_seed":false,"campfire_upgraded":2,"win_rate":0.0,"timestamp":1610808563,"path_taken":["M","?","?","M","?","R","M","R","T","E","M","E","M","?","R","BOSS","M","?","?","$","M","R","E","R","T","E","?","?","M","?","R","BOSS","M","?","?","?","?","E","?","R","T","?","?","$","E","$","R","BOSS"],"items_purchased_type":["Relic","Relic","Relic","Card","Relic","Relic"],"build_version":"2020-12-22","purchased_purges":1,"victory":true,"max_hp_per_floor":[70,70,70,70,75,75,75,75,75,85,85,85,85,85,85,85,85,85,85,85,85,85,85,85,85,85,85,85,85,85,85,85,85,85,85,85,85,85,85,85,85,85,92,92,92,92,92,92,92,92],"card_choices":[{"not_picked":["Worldmountain_purple","WingOfChimera_purple"],"picked":"Line_surface_state_purple","floor":1},{"not_picked":["Erosivefilter_purple","Mirror_WaveAndshot_purple"],"picked":"Line_surface_state_purple","floor":4},{"not_picked":["WingOfChimera_purple","Erosivefilter_purple"],"picked":"Fantasy_PerpetualMotionMachine_purple","floor":5},{"not_picked":["Mirror_FormAndEmptin_purple","SharpContractionReality_purple"],"picked":"ExistenceContinue_purple","floor":7},{"not_picked":["MNeedle_purple","Mirror_WaveAndshot_purple"],"picked":"Shallow_ocean_purpleEX","floor":10},{"not_picked":["Fancifulhole_purple","Umbrella_purple"],"picked":"Shallow_ocean_purpleEX","floor":11},{"not_picked":["RuleDissolution_purple","SharpContractionReality_purple"],"picked":"PurpleNeedle_purple","floor":12},{"not_picked":["DimensionStaggered_purple","Extrememeaning_purpleEX"],"picked":"WorldDissolvedintheRealm_purple","floor":13},{"not_picked":["LoveAcrossDimensions_purple","Fancifulhole_purple"],"picked":"ProofOfUnderstanding_purple","floor":16},{"not_picked":["OmniscientAndOmnipotent_Monster_purple","MeetDecomposer_purple"],"picked":"Line_surface_state_purple","floor":18},{"not_picked":["MNeedle_purple","StateDuplicate_purple+1","Mirror_Drifter_purple"],"picked":"SKIP","floor":19},{"not_picked":["Extrememeaning_purpleEX","StretchesForeverDream_purple"],"picked":"Charmbait_purple","floor":22},{"not_picked":["Mirror_FourBoundary_purple","StateErode_purple+1"],"picked":"OmniscientAndOmnipotent_Monster_purple+1","floor":24},{"not_picked":["StateDuplicate_purple","MeetDecomposer_purple+1"],"picked":"Boundary_of_Extermination_purpleEX","floor":27},{"not_picked":["StretchesForeverDream_purple+1","Worldmountain_purple"],"picked":"Line_surface_state_purple+1","floor":30},{"not_picked":["BarrageBoundary_PipeDream_purple","LoveAcrossDimensions_purple"],"picked":"Human_Monster_Realm_purple","floor":33},{"not_picked":["Line_surface_state_purple","WatchEChange_purple"],"picked":"OmniscientAndOmnipotent_Monster_purple","floor":35},{"not_picked":["SfantasyHide_purple+1","AdvanceAttack_purple"],"picked":"ExistenceContinue_purple+1","floor":38},{"not_picked":["ExternalForce_HighSpeedFlying_purple","Worldmountain_purple"],"picked":"WingOfChimera_purple+1","floor":40},{"not_picked":["WeekHit_purple+1","StateErode_purple"],"picked":"WatchEChange_purple","floor":41},{"not_picked":["Yakumo_Ran_purple","PurpleNeedle_purple+1"],"picked":"WatchEChange_purple+1","floor":42},{"not_picked":["Charmbait_purple","Fantasy_PerpetualMotionMachine_purple+1","Umbrella_purple+1"],"picked":"SKIP","floor":45},{"not_picked":["CommonSense_AntiCommonSense_purple","Bait_HighSpeedFlying_purple","Umbrella_purple"],"picked":"SKIP","floor":47},{"not_picked":["ButterflyHabitatTemple_purple+1","Charmbait_purple"],"picked":"Bait_Toxicbait_purple+1","floor":49}],"player_experience":259608,"relics_obtained":[{"floor":9,"key":"Omamori"},{"floor":10,"key":"Pear"},{"floor":12,"key":"Potion Belt"},{"floor":20,"key":"Whetstone"},{"floor":24,"key":"Peace Pipe"},{"floor":24,"key":"Happy Flower"},{"floor":26,"key":"Art of War"},{"floor":27,"key":"Bag of Marbles"},{"floor":27,"key":"Antimatter_spacedebris"},{"floor":40,"key":"War Paint"},{"floor":40,"key":"Incense Burner"},{"floor":43,"key":"Strawberry"},{"floor":47,"key":"CeramicFish"},{"floor":47,"key":"Old Coin"}],"event_choices":[{"damage_healed":0,"gold_gain":0,"player_choice":"Grow","damage_taken":0,"max_hp_gain":0,"max_hp_loss":0,"event_name":"Living Wall","floor":2,"gold_loss":0,"cards_upgraded":["Line_surface_state_purple"]},{"damage_healed":0,"gold_gain":0,"cards_transformed":["AT_purpleEX"],"player_choice":"Transformed","damage_taken":0,"max_hp_gain":0,"max_hp_loss":0,"event_name":"Transmorgrifier","floor":3,"gold_loss":0,"cards_obtained":["OpenedBox_purple"]},{"damage_healed":0,"gold_gain":0,"player_choice":"Bought 3 Potions","damage_taken":0,"max_hp_gain":0,"max_hp_loss":0,"event_name":"The Woman in Blue","floor":14,"gold_loss":0},{"damage_healed":0,"gold_gain":0,"player_choice":"Obtained Relic","damage_taken":0,"relics_obtained":["Darkstone Periapt"],"max_hp_gain":0,"max_hp_loss":0,"event_name":"Addict","floor":28,"gold_loss":85},{"cards_removed":["Boundary_of_Extermination_purpleEX"],"damage_healed":0,"gold_gain":0,"player_choice":"Removed Power","damage_taken":0,"max_hp_gain":0,"max_hp_loss":0,"event_name":"Falling","floor":36,"gold_loss":0},{"damage_healed":0,"gold_gain":0,"player_choice":"2 cards matched","damage_taken":0,"max_hp_gain":0,"max_hp_loss":0,"event_name":"Match and Keep!","floor":37,"gold_loss":0,"cards_obtained":["Decay","Charmbait_purple"]},{"damage_healed":0,"gold_gain":0,"cards_transformed":["AT_purpleEX"],"player_choice":"Transformed","damage_taken":0,"max_hp_gain":0,"max_hp_loss":0,"event_name":"Transmorgrifier","floor":44,"gold_loss":0,"cards_obtained":["Charmbait_purple"]}],"is_beta":false,"boss_relics":[{"not_picked":["Philosopher\u0027s Stone","Seventeenyearold_girl_Forever"],"picked":"Black Star"},{"not_picked":["Runic Dome","SacredBark"],"picked":"Cursed Key"}],"items_purged_floors":[21],"is_endless":false,"potions_floor_spawned":[5,10,12,16,18,30,38,41],"ascension_level":2}}