{"host":"l84l8xigz5v5foa2","time":1610786601,"event":{"mods":["2.2 Compatiblity","AchievementEnabler","BaseMod","Better Note","Better Vampires","Card Filter","Colored Map","DeckTracker","Downfall","Gremlin Skip","Highlight Path","Keyboard Shortcuts","Minty Spire (QoL Compilation)","Permanent Neow","Quick Restart","Relic Filter","Relic Stats","StSLib","SuperFastMode","Transform Curses","Unknown Chances"],"gold_per_floor":[99,111,111,126,126,126,126,126,141,141,169,179,198,298,312,386,386,386,396,409,41,55,255,255,271,291,316,116,71,71,90,104,179,179,179,197,197,2,19,19,45,145,277,293,293,306,326,326,326,326],"floor_reached":48,"language":"ENG","playtime":2524,"items_purged":["hexamod:Defend","hexamod:Strike+1"],"score":1012,"play_id":"bf8744ad-8bc5-4d04-b360-391676405bb8","local_time":"20210116174321","is_ascension_mode":true,"campfire_choices":[{"data":"hexamod:Float","floor":1.0,"key":"SMITH"},{"data":"hexamod:ShieldOfDarkness","floor":6.0,"key":"SMITH"},{"data":"hexamod:Sear","floor":8.0,"key":"SMITH"},{"floor":18.0,"key":"RECALL"},{"floor":28.0,"key":"REST"},{"data":"hexamod:Haunt","floor":30.0,"key":"SMITH"},{"data":"hexamod:GhostShield","floor":35.0,"key":"SMITH"},{"floor":40.0,"key":"REST"},{"floor":45.0,"key":"REST"}],"circlet_count":0,"master_deck":["AscendersBane","hexamod:Defend+1","hexamod:Defend+1","hexamod:Defend+1","hexamod:Sear+1","hexamod:Float+1","hexamod:SoulSteal+1","hexamod:BacktrackSmack+1","hexamod:ShieldOfDarkness+1","hexamod:SpectersWail+1","hexamod:SwordOfDarkness+1","hexamod:SixthSeal","hexamod:SuperheatedStrike+1","hexamod:InspiringFlames+1","hexamod:GiftsFromTheDead+1","hexamod:TimeWarp+1","hexamod:NecessarySacrifice+1","hexamod:GhostShield+1","hexamod:TimeOfNeed+1","hexamod:Haunt+1","hexamod:NightmareGuise+1","hexamod:AdvancingGuard+1","hexamod:ThermalTransfer+1","hexamod:Rewind+1","hexamod:HexaLevel+1","hexamod:StepThrough+1","hexamod:RainOfEmbers+1","hexamod:FastForward+1","hexamod:SpectersWail+1","hexamod:RainOfEmbers","hexamod:PowerFromBeyond","hexamod:GhostOfSpirePast+1"],"relics":["hexamod:SpiritBrand","Singing Bowl","hexamod:BolsterEngine","Philosopher\u0027s Stone","Shuriken","Frozen Egg 2","downfall:HeartBlessingRed","downfall:HeartBlessingBlue","SlaversCollar","Potion Belt","downfall:GremlinWheel","Chemical X","Art of War"],"acts_visited":["Exordium","TheCity","TheBeyond"],"potions_floor_usage":[48],"damage_taken":[{"damage":7.0,"enemies":"Jaw Worm","floor":2.0,"turns":3.0},{"damage":0.0,"enemies":"Small Slimes","floor":4.0,"turns":3.0},{"damage":0.0,"enemies":"2 Louse","floor":9.0,"turns":4.0},{"damage":5.0,"enemies":"3 Sentries","floor":11.0,"turns":4.0},{"damage":0.0,"enemies":"Gremlin Gang","floor":12.0,"turns":3.0},{"damage":0.0,"enemies":"3 Louse","floor":13.0,"turns":3.0},{"damage":4.0,"enemies":"downfall:Heads","floor":14.0,"turns":4.0},{"damage":0.0,"enemies":"2 Fungi Beasts","floor":15.0,"turns":3.0},{"damage":34.0,"enemies":"IC_STATUS_ARCHETYPE","floor":16.0,"turns":9.0},{"damage":7.0,"enemies":"Chosen","floor":19.0,"turns":4.0},{"damage":16.0,"enemies":"Snecko","floor":20.0,"turns":5.0},{"damage":2.0,"enemies":"downfall:FleeingMerchant","floor":21.0,"turns":4.0},{"damage":0.0,"enemies":"Chosen and Byrds","floor":22.0,"turns":5.0},{"damage":7.0,"enemies":"Cultist and Chosen","floor":25.0,"turns":3.0},{"damage":8.0,"enemies":"Sentry and Sphere","floor":26.0,"turns":4.0},{"damage":2.0,"enemies":"Gremlin Leader","floor":27.0,"turns":5.0},{"damage":0.0,"enemies":"downfall:FleeingMerchant","floor":29.0,"turns":4.0},{"damage":0.0,"enemies":"Snecko","floor":31.0,"turns":5.0},{"damage":0.0,"enemies":"Snake Plant","floor":32.0,"turns":3.0},{"damage":29.0,"enemies":"WA_ARCHETYPE_CALM","floor":33.0,"turns":8.0},{"damage":9.0,"enemies":"3 Darklings","floor":36.0,"turns":4.0},{"damage":0.0,"enemies":"downfall:FleeingMerchant","floor":38.0,"turns":4.0},{"damage":3.0,"enemies":"Orb Walker","floor":39.0,"turns":4.0},{"damage":0.0,"enemies":"Orb Walker","floor":42.0,"turns":2.0},{"damage":11.0,"enemies":"downfall:FleeingMerchant","floor":43.0,"turns":3.0},{"damage":49.0,"enemies":"4 Shapes","floor":44.0,"turns":6.0},{"damage":34,"enemies":"Jaw Worm Horde","floor":46,"turns":4},{"damage":24,"enemies":"Transient","floor":47,"turns":6},{"damage":61,"enemies":"Giant Head","floor":48,"turns":5}],"seed_played":"-6324754119564394431","potions_obtained":[{"floor":9.0,"key":"GamblersBrew"},{"floor":12.0,"key":"Strength Potion"},{"floor":15.0,"key":"Block Potion"},{"floor":16.0,"key":"LiquidBronze"},{"floor":19.0,"key":"Swift Potion"},{"floor":25.0,"key":"Explosive Potion"},{"floor":26.0,"key":"sneckomod:MuddlingPotion"},{"floor":31.0,"key":"champ:CounterPotion"},{"floor":36.0,"key":"sneckomod:MuddlingPotion"},{"floor":42.0,"key":"FairyPotion"},{"floor":44.0,"key":"sneckomod:MuddlingPotion"},{"floor":46,"key":"Regen Potion"}],"is_trial":false,"path_per_floor":["R","M","?","M","?","R","T","R","M","?","E","M","M","?","M","B",null,"R","M","M","$","M","?","T","M","M","E","R","$","R","M","M","B",null,"R","M","?","$","M","R","T","?","$","M","R","M","M","E"],"character_chosen":"THE_SPIRIT","items_purchased":["Shuriken","hexamod:AdvancingGuard","hexamod:RainOfEmbers","Chemical X","hexamod:RainOfEmbers"],"campfire_rested":3,"item_purchase_floors":[21,29,38,43,43],"current_hp_per_floor":[57,50,50,50,50,50,50,50,50,55,50,50,52,48,48,14,56,56,49,33,31,31,31,31,26,18,18,53,55,55,55,55,26,71,71,64,64,64,61,87,87,87,76,27,53,21,27,0,0,0],"gold":326,"neow_bonus":"TRANSFORM_CARD","is_daily":false,"chose_seed":false,"campfire_upgraded":5,"win_rate":0.0,"timestamp":1610786601,"path_taken":["R","M","?","M","?","R","T","R","M","?","E","M","M","?","M","BOSS","R","M","M","$","M","?","T","M","?","E","R","$","R","M","M","BOSS","BOSS","R","M","?","$","?","R","T","?","$","?","R","M","?","E"],"items_purchased_type":["Relic","Card","Card","Relic","Card"],"build_version":"2020-12-22","purchased_purges":2,"victory":false,"max_hp_per_floor":[63,63,63,63,63,63,63,63,63,68,68,68,70,70,70,70,70,70,70,70,70,70,70,70,72,72,74,84,86,86,86,86,86,86,86,88,88,88,88,88,88,88,88,88,88,90,90,90,90,90],"relic_stats":{"Singing Bowl":12,"counters":[29,124],"Shuriken":[28],"Art of War":[1],"Chemical X":[6],"obtain_stats":[{"Potion Belt":41,"Singing Bowl":7,"downfall:HeartBlessingRed":28,"Frozen Egg 2":27,"SlaversCollar":34,"downfall:GremlinWheel":42,"Shuriken":21,"downfall:HeartBlessingBlue":28,"Philosopher\u0027s Stone":17,"Art of War":45,"Chemical X":43,"hexamod:BolsterEngine":11,"hexamod:SpiritBrand":0},{"Potion Belt":23,"Singing Bowl":2,"downfall:HeartBlessingRed":16,"Frozen Egg 2":16,"SlaversCollar":20,"downfall:GremlinWheel":24,"Shuriken":12,"downfall:HeartBlessingBlue":16,"Philosopher\u0027s Stone":9,"Art of War":26,"Chemical X":25,"hexamod:BolsterEngine":4,"hexamod:SpiritBrand":0},{"Potion Belt":98,"Singing Bowl":6,"downfall:HeartBlessingRed":66,"Frozen Egg 2":66,"SlaversCollar":86,"downfall:GremlinWheel":100,"Shuriken":49,"downfall:HeartBlessingBlue":66,"Philosopher\u0027s Stone":36,"Art of War":109,"Chemical X":103,"hexamod:BolsterEngine":14,"hexamod:SpiritBrand":0}]},"card_choices":[{"not_picked":["hexamod:GhostLash","hexamod:InspiringFlames"],"picked":"hexamod:BacktrackSmack","floor":2.0},{"not_picked":["hexamod:GiftsFromTheDead","hexamod:GhostShield"],"picked":"hexamod:ShieldOfDarkness","floor":4.0},{"not_picked":["hexamod:FirstSeal","hexamod:AdvancingGuard"],"picked":"hexamod:SpectersWail","floor":9.0},{"not_picked":["hexamod:BurningTouch","hexamod:PowerFromBeyond"],"picked":"hexamod:SwordOfDarkness","floor":11.0},{"not_picked":["hexamod:HeatMetal","hexamod:FastForward"],"picked":"hexamod:SixthSeal","floor":12.0},{"not_picked":["hexamod:GhostShield","hexamod:Firestarter","hexamod:SecondSeal"],"picked":"Singing Bowl","floor":13.0},{"not_picked":["hexamod:GhostLash","hexamod:HeatShield"],"picked":"hexamod:InspiringFlames","floor":14.0},{"not_picked":["hexamod:ShieldOfDarkness","hexamod:HeatShield"],"picked":"hexamod:GiftsFromTheDead","floor":15.0},{"not_picked":["hexamod:HexaLevel","hexamod:GiftsFromTheDead"],"picked":"hexamod:TimeWarp","floor":16.0},{"not_picked":["hexamod:ThermalTransfer","hexamod:HauntingEcho"],"picked":"hexamod:NecessarySacrifice","floor":19.0},{"not_picked":["hexamod:ShieldOfDarkness","hexamod:HauntingEcho"],"picked":"hexamod:GhostShield","floor":20.0},{"not_picked":["hexamod:SecondSeal","hexamod:ExtraCrispy"],"picked":"hexamod:TimeOfNeed","floor":21.0},{"not_picked":["hexamod:SpectersWail","hexamod:NightmareStrike"],"picked":"hexamod:Haunt","floor":22.0},{"not_picked":["hexamod:HeatMetal","hexamod:GhostLash","hexamod:SpectersWail"],"picked":"Singing Bowl","floor":25.0},{"not_picked":["hexamod:FastForward","hexamod:InspiringFlames+1"],"picked":"hexamod:NightmareGuise","floor":26.0},{"not_picked":["hexamod:Again","hexamod:HauntingEcho","hexamod:SpectersWail"],"picked":"Singing Bowl","floor":27.0},{"not_picked":["hexamod:GhostLash","hexamod:SpectralSpark","hexamod:GhostShield"],"picked":"Singing Bowl","floor":29.0},{"not_picked":["hexamod:FirstSeal","hexamod:Again"],"picked":"hexamod:ThermalTransfer","floor":31.0},{"not_picked":["hexamod:ShieldOfDarkness","hexamod:RecurringNightmare"],"picked":"hexamod:Rewind","floor":32.0},{"not_picked":["hexamod:ApocalypticArmor+1","hexamod:WildfireWeapon+1"],"picked":"hexamod:HexaLevel+1","floor":33.0},{"not_picked":["hexamod:SoulSteal","hexamod:AdvancingGuard","hexamod:PhantomFireball"],"picked":"Singing Bowl","floor":36.0},{"not_picked":["hexamod:PhantomFireball","hexamod:RetreatToShadows"],"picked":"hexamod:StepThrough","floor":38.0},{"not_picked":["hexamod:NightmareStrike","hexamod:RainOfEmbers"],"picked":"hexamod:FastForward+1","floor":39.0},{"not_picked":["hexamod:BacktrackSmack","hexamod:NightmareGuise"],"picked":"hexamod:SpectersWail","floor":43.0},{"not_picked":["hexamod:AdvancingGuard","hexamod:GhostLash"],"picked":"hexamod:PowerFromBeyond","floor":44.0},{"not_picked":["hexamod:SuperheatedStrike","hexamod:FastForward","hexamod:DynamicBlow"],"picked":"Singing Bowl","floor":46},{"not_picked":["hexamod:NightmareGuise","hexamod:RainOfEmbers"],"picked":"hexamod:GhostOfSpirePast+1","floor":47}],"player_experience":3270839,"relics_obtained":[{"floor":7.0,"key":"Singing Bowl"},{"floor":11.0,"key":"hexamod:BolsterEngine"},{"floor":27.0,"key":"Frozen Egg 2"},{"floor":41.0,"key":"Potion Belt"},{"floor":42.0,"key":"downfall:GremlinWheel"},{"floor":45.0,"key":"Art of War"}],"event_choices":[{"damage_healed":0.0,"max_hp_gain":5.0,"max_hp_loss":0.0,"gold_gain":0.0,"event_name":"Big Fish","player_choice":"Donut","floor":10.0,"gold_loss":0.0,"damage_taken":0.0},{"damage_healed":0.0,"max_hp_gain":0.0,"max_hp_loss":0.0,"gold_gain":200.0,"event_name":"Wheel of Change","player_choice":"Gold","floor":23.0,"gold_loss":0.0,"damage_taken":0.0},{"damage_healed":0.0,"max_hp_gain":0.0,"max_hp_loss":0.0,"gold_gain":0.0,"event_name":"Wheel of Change","player_choice":"Relic","floor":45.0,"gold_loss":0.0,"damage_taken":0.0}],"is_beta":false,"boss_relics":[{"not_picked":["Empty Cage","Calling Bell"],"picked":"Philosopher\u0027s Stone"},{"not_picked":["bronze:MakeshiftBattery","SacredBark"],"picked":"SlaversCollar"}],"items_purged_floors":[21,38],"is_endless":false,"potions_floor_spawned":[9,12,15,16,19,25,26,31,36,42,44,46],"killed_by":"Giant Head","ascension_level":20}}