{"host":"qmlry8i8enac5s44","time":1610789473,"event":{"mods":["Act Like it!","BaseMod","Colored Map","Gensokyo","Luminous","Marisa£®ÏF”Í°°ƒß¿Ì…≥£©","Minty Spire (QoL Compilation)","StSLib","°æ“≈ŒÔø®≈∆°øREMEMod"],"gold_per_floor":[113,126,126,126,136,162,180,180,180,180,180],"floor_reached":10,"language":"ZHS","playtime":548,"items_purged":[],"score":74,"play_id":"243832fc-625b-4fb4-931f-eeb6a09df859","local_time":"20210116173113","is_ascension_mode":true,"campfire_choices":[{"data":"MilkyWay","floor":8,"key":"SMITH"}],"circlet_count":0,"master_deck":["Strike_MRS","Strike_MRS","Strike_MRS","Defend_MRS","Defend_MRS","Defend_MRS","MasterSpark","UpSweep","Omniscience","MilkyWay+1","ManaConvection"],"relics":["MiniHakkero","REME_ComplimentaryCards","Boot","Gensokyo:LunaticRedEyes","Ginger","Ice Cream"],"acts_visited":["Exordium"],"potions_floor_usage":[5],"damage_taken":[{"damage":0.0,"enemies":"Gensokyo:Python","floor":1.0,"turns":4.0},{"damage":6.0,"enemies":"Gensokyo:Gryphon","floor":2.0,"turns":3.0},{"damage":0,"enemies":"Gensokyo:2_Kodama","floor":5,"turns":2},{"damage":15,"enemies":"Gensokyo:Aya","floor":6,"turns":7},{"damage":12,"enemies":"Gensokyo:VengefulSpirit","floor":7,"turns":4},{"damage":21,"enemies":"Gensokyo:Cirno","floor":10,"turns":4}],"seed_played":"-4129736426405854341","potions_obtained":[{"floor":2.0,"key":"Strength Potion"},{"floor":5,"key":"Fruit Juice"},{"floor":7,"key":"FearPotion"}],"is_trial":false,"path_per_floor":["M","M","?","?","M","E","M","R","T","E"],"character_chosen":"MARISA","items_purchased":[],"campfire_rested":0,"item_purchase_floors":[],"current_hp_per_floor":[75,69,69,39,44,29,17,17,17,0,0],"gold":180,"neow_bonus":"RANDOM_COMMON_RELIC","is_daily":false,"chose_seed":false,"campfire_upgraded":1,"win_rate":0.0,"timestamp":1610789473,"path_taken":["M","?","?","?","M","E","M","R","T","E"],"items_purchased_type":[],"build_version":"2020-12-22","purchased_purges":0,"victory":false,"max_hp_per_floor":[75,75,75,75,80,80,80,80,80,80,80],"card_choices":[{"not_picked":["EventHorizon","IllusionStar","DarkMatter"],"picked":"SKIP","floor":1.0},{"not_picked":["ChargeUpSpray","WitchLeyline","OpenUniverse"],"picked":"SKIP","floor":2.0},{"not_picked":["GravityBeat","SporeBomb"],"picked":"MilkyWay","floor":5},{"not_picked":["OneTimeOff","BigCrunch","LuminesStrike"],"picked":"SKIP","floor":6},{"not_picked":["SporeBomb","ShootingEcho"],"picked":"ManaConvection","floor":7}],"player_experience":336095,"relics_obtained":[{"floor":6,"key":"Ginger"},{"floor":9,"key":"Ice Cream"}],"event_choices":[],"is_beta":false,"boss_relics":[],"items_purged_floors":[],"is_endless":false,"potions_floor_spawned":[2,5,7],"killed_by":"Gensokyo:Cirno","ascension_level":2}}