{"host":"bb5r3ba2ig485dr2","time":1610830229,"event":{"mods":["Act Like it!","BaseMod","CapriCore","Chen","Curses Come First","Gensokyo","Hallownest","Koishi","Lobotomy","LobotomyExtend","Marisa（霧雨　魔理沙）","Minty Spire (QoL Compilation)","Random Character Button","Rare Cards Sparkle","Reimu（博??梦）","StSLib","Td1madao Mod","The Administrix","The Bug Knight","The Immortal","The Servant 0.9.4","The Wild Card"],"gold_per_floor":[13,25,25,25,44,44,54,54,100,116,146,146,159,194,194,291,291,302,98,1,1,15,46,46,57,134,151,162,162,162,162,162,162,162],"floor_reached":33,"language":"ENG","playtime":2654,"items_purged":[],"score":327,"play_id":"f68866f5-e84a-49bd-9a03-e2a502613d74","local_time":"20210116215029","is_ascension_mode":false,"campfire_choices":[{"data":"HollowMod:PogoStrike","floor":6,"key":"SMITH"},{"floor":8,"key":"DIG"},{"data":"HollowMod:ChannelNail","floor":12,"key":"SMITH"},{"data":"HollowMod:FocusHealStart","floor":15,"key":"SMITH"},{"floor":24,"key":"REST"},{"data":"HollowMod:ZotesMagnificence","floor":29,"key":"SMITH"},{"floor":32,"key":"REST"}],"circlet_count":0,"master_deck":["HollowMod:NailStrikeStart","HollowMod:NailStrikeStart","HollowMod:NailStrikeStart","HollowMod:NailStrikeStart","HollowMod:QuickDashStart","HollowMod:QuickDashStart","HollowMod:QuickDashStart","HollowMod:FocusHealStart+1","HollowMod:PogoStrike+1","HollowMod:HeavyBlow","HollowMod:HuntersJournal","HollowMod:SoulSplash","HollowMod:ChannelNail+1","HollowMod:GrimmsGift","HollowMod:LifebloodCore","HollowMod:ZotesMagnificence+1","HollowMod:RecoilStrike+1","HollowMod:PogoStrike+1","HollowMod:CycloneSlash+1","HollowMod:HornetsHelp","HollowMod:GoodIntentions","HollowMod:CloakDash","HollowMod:LifebloodCocoon"],"relics":["HollowMod:VesselMask","Shovel","LetterFromLob","Gensokyo:OccultBall","Kunai","HornCleat","RedLine:ReiMu","DollysMirror","Frozen Egg 2","Darkstone Periapt","Question Card"],"acts_visited":["Gensokyo:Gensokyo","Gensokyo:Gensokyoer"],"potions_floor_usage":[2,10,14,23,23,28],"damage_taken":[{"damage":0,"enemies":"Gensokyo:3_Fairies","floor":1,"turns":4},{"damage":0,"enemies":"Gensokyo:2_Kodama","floor":2,"turns":2},{"damage":0,"enemies":"Gensokyo:Python","floor":5,"turns":2},{"damage":6,"enemies":"Gensokyo:2_Rabbits","floor":7,"turns":4},{"damage":3,"enemies":"Gensokyo:3_Kodama","floor":10,"turns":5},{"damage":8,"enemies":"Gensokyo:Cirno","floor":11,"turns":7},{"damage":0,"enemies":"Gensokyo:VengefulSpirit","floor":13,"turns":3},{"damage":14,"enemies":"Gensokyo:Aya","floor":14,"turns":9},{"damage":0,"enemies":"Gensokyo:Reimu","floor":16,"turns":11},{"damage":0,"enemies":"Gensokyo:Chomper","floor":18,"turns":4},{"damage":0,"enemies":"Gensokyo:2_Gloops","floor":22,"turns":3},{"damage":61,"enemies":"Gensokyo:Koishi","floor":23,"turns":7},{"damage":28,"enemies":"Gensokyo:Slime_Group","floor":25,"turns":6},{"damage":0,"enemies":"Gensokyo:Chomper_and_Gloop","floor":27,"turns":5},{"damage":9,"enemies":"Gensokyo:Wraith","floor":28,"turns":6},{"damage":63,"enemies":"Gensokyo:Eiki","floor":33,"turns":8}],"seed_played":"2932181440309894530","potions_obtained":[{"floor":1,"key":"GrandPatriotsElixir:ReiMu"},{"floor":7,"key":"Dexterity Potion"},{"floor":11,"key":"Dexterity Potion"},{"floor":22,"key":"Fire Potion"},{"floor":27,"key":"SkillPotion"}],"is_trial":false,"path_per_floor":["M","M","?","$","M","R","M","R","T","M","E","R","M","E","R","B",null,"M","COS","$","?","M","E","R","M","T","M","M","R","M","T","R","B"],"character_chosen":"THE_BUGKNIGHT","items_purchased":["Fruit Juice"],"campfire_rested":2,"item_purchase_floors":[20],"current_hp_per_floor":[75,75,75,75,75,75,75,75,75,75,67,67,67,53,53,63,75,75,75,75,75,75,25,49,27,27,33,24,24,24,24,48,0,0],"gold":162,"neow_bonus":"ONE_RARE_RELIC","is_daily":false,"chose_seed":false,"campfire_upgraded":4,"win_rate":0.0,"timestamp":1610830229,"path_taken":["M","?","?","?","M","R","M","R","T","M","E","R","?","E","R","BOSS","M","COS","?","?","M","E","R","?","T","M","?","R","M","?","R","BOSS"],"items_purchased_type":["Potion"],"build_version":"2020-12-22","purchased_purges":0,"victory":false,"max_hp_per_floor":[75,75,75,75,75,75,75,75,75,75,75,75,75,75,75,75,75,75,75,75,75,75,80,80,80,80,80,80,80,80,80,80,80,80],"card_choices":[{"not_picked":["HollowMod:VengefulVoid","HollowMod:DashSlash"],"picked":"HollowMod:GreatSlash","floor":1},{"not_picked":["HollowMod:InfectionAssault","HollowMod:ShadowDash"],"picked":"HollowMod:HeavyBlow","floor":2},{"not_picked":["HollowMod:MothsMistake","HollowMod:NewJinnsSoul"],"picked":"HollowMod:HuntersJournal","floor":5},{"not_picked":["HollowMod:ShadowDash","HollowMod:BrokenVessel","HollowMod:DescendingDark"],"picked":"SKIP","floor":7},{"not_picked":["HollowMod:HeavyBlow","HollowMod:VengefulSpirit"],"picked":"HollowMod:SoulSplash","floor":10},{"not_picked":["HollowMod:GoodIntentions","HollowMod:MothsMistake"],"picked":"HollowMod:ChannelNail","floor":11},{"not_picked":["HollowMod:PureNailStrike","HollowMod:SoulSplash"],"picked":"HollowMod:GrimmsGift","floor":13},{"not_picked":["HollowMod:NewJinnsSoul","HollowMod:WraithStrike"],"picked":"HollowMod:LifebloodCore","floor":14},{"not_picked":["HollowMod:MidwifesHunger","HollowMod:HerrahsAnger"],"picked":"HollowMod:ZotesMagnificence","floor":16},{"not_picked":["HollowMod:InfectedCysts+1","HollowMod:BaldurShell+1"],"picked":"HollowMod:RecoilStrike+1","floor":18},{"not_picked":["HollowMod:LuriensSpire","HollowMod:NewJinnsSoul"],"picked":"HollowMod:CycloneSlash+1","floor":22},{"not_picked":["HollowMod:BrokenVessel+1","HollowMod:ShapeofUnn+1","HollowMod:NewJinnsSoul+1"],"picked":"SKIP","floor":23},{"not_picked":["HollowMod:Hiveblood","HollowMod:LifebloodCore"],"picked":"HollowMod:HornetsHelp","floor":25},{"not_picked":["HollowMod:CloakDash+1","HollowMod:DoubleDash"],"picked":"HollowMod:GoodIntentions","floor":25},{"not_picked":["HollowMod:DreamGate","HollowMod:CornifersMapStart"],"picked":"HollowMod:CloakDash","floor":27},{"not_picked":["HollowMod:CornifersMapStart","HollowMod:HuntersJournal"],"picked":"HollowMod:LifebloodCocoon","floor":28}],"player_experience":233227,"relics_obtained":[{"floor":1,"key":"LetterFromLob"},{"floor":5,"key":"Gensokyo:OccultBall"},{"floor":8,"key":"Kunai"},{"floor":11,"key":"Gensokyo:OccultBall"},{"floor":14,"key":"HornCleat"},{"floor":16,"key":"Gensokyo:OccultBall"},{"floor":23,"key":"Gensokyo:OccultBall"},{"floor":23,"key":"Frozen Egg 2"},{"floor":26,"key":"Darkstone Periapt"},{"floor":31,"key":"Question Card"}],"event_choices":[],"is_beta":false,"boss_relics":[{"not_picked":["Ectoplasm","HollowMod:VoidIdolRelic"],"picked":"RedLine:ReiMu"}],"items_purged_floors":[],"is_endless":false,"potions_floor_spawned":[1,7,11,22,27],"killed_by":"Gensokyo:Eiki","ascension_level":0}}