{"host":"fdn1l3zxrtmz275b","time":1610784732,"event":{"mods":["BaseMod","Downfall","GifTheSpireLib","Minty Spire (QoL Compilation)","StSLib"],"gold_per_floor":[109,209,219,239,50,50,76,94,120,138,203,220,39,39,39,154,154,168,187,286,286,286,286,286,286],"floor_reached":24,"language":"RUS","playtime":1158,"items_purged":[],"score":196,"play_id":"e7b51dc2-18a9-46f3-a545-d0d8636ed04b","local_time":"20210116111212","is_ascension_mode":false,"campfire_choices":[{"data":"Jack Of All Trades","floor":6,"key":"SMITH"},{"floor":15,"key":"REST"},{"floor":23,"key":"REST"}],"circlet_count":0,"master_deck":["Strike_R+1","Strike_R+1","Strike_R+1","Strike_R+1","Strike_R+1","Defend_R+1","Defend_R+1","Defend_R+1","Defend_R+1","Bash+1","Dual Wield","Sentinel","Dark Embrace","Battle Trance+1","Jack Of All Trades+1","Dropkick","Ghostly Armor","Exhume","Cleave","Master of Strategy","Hologram","Corruption","Uppercut","Havoc"],"relics":["Burning Blood","War Paint","Ancient Tea Set","Bronze Scales","Runic Pyramid"],"acts_visited":["Exordium","TheCity"],"potions_floor_usage":[7,7,11,12,16],"damage_taken":[{"damage":7,"enemies":"2 Louse","floor":1,"turns":3},{"damage":0,"enemies":"Cultist","floor":3,"turns":2},{"damage":12,"enemies":"Small Slimes","floor":4,"turns":4},{"damage":26,"enemies":"Lagavulin","floor":7,"turns":5},{"damage":7,"enemies":"Blue Slaver","floor":8,"turns":3},{"damage":9,"enemies":"Lots of Slimes","floor":10,"turns":6},{"damage":42,"enemies":"Gremlin Nob","floor":11,"turns":5},{"damage":1,"enemies":"Large Slime","floor":12,"turns":6},{"damage":42,"enemies":"The Guardian","floor":16,"turns":11},{"damage":45,"enemies":"2 Thieves","floor":18,"turns":4},{"damage":0,"enemies":"3 Byrds","floor":19,"turns":3},{"damage":69,"enemies":"Slavers","floor":24,"turns":6}],"seed_played":"-8171820595838293518","potions_obtained":[{"floor":3,"key":"LiquidMemories"},{"floor":4,"key":"Weak Potion"},{"floor":8,"key":"SpeedPotion"},{"floor":10,"key":"LiquidBronze"},{"floor":11,"key":"EssenceOfSteel"}],"is_trial":false,"path_per_floor":["M","?","M","M","$","R","E","M","T","M","?","M","$","?","R","B",null,"M","M","?","?","?","R","E"],"character_chosen":"IRONCLAD","items_purchased":["Dark Embrace","Battle Trance","Jack Of All Trades","Master of Strategy"],"campfire_rested":2,"item_purchase_floors":[5,5,5,13],"current_hp_per_floor":[79,79,80,74,74,74,54,53,53,50,14,19,19,19,43,7,80,41,47,47,47,32,57,0,0],"gold":286,"neow_bonus":"UPGRADE_CARD","is_daily":false,"chose_seed":false,"campfire_upgraded":1,"win_rate":0.0,"timestamp":1610784732,"path_taken":["M","?","M","?","$","R","E","?","T","M","?","M","$","?","R","BOSS","M","?","?","?","?","R","E"],"items_purchased_type":["Card","Card","Card","Card"],"build_version":"2020-12-22","purchased_purges":0,"victory":false,"max_hp_per_floor":[80,80,80,80,80,80,80,80,80,80,80,80,80,80,80,80,80,80,80,80,80,85,85,85,85],"card_choices":[{"not_picked":["Armaments","Anger"],"picked":"Wild Strike","floor":1},{"not_picked":["Heavy Blade","Inflame"],"picked":"Dual Wield","floor":3},{"not_picked":["Dark Embrace","True Grit"],"picked":"Sentinel","floor":4},{"not_picked":["Shrug It Off","Power Through"],"picked":"Dropkick","floor":7},{"not_picked":["Clash","Sword Boomerang"],"picked":"Ghostly Armor","floor":8},{"not_picked":["Thunderclap","Shrug It Off","Flex"],"picked":"SKIP","floor":10},{"not_picked":["Heavy Blade","Shockwave"],"picked":"Exhume","floor":11},{"not_picked":["Battle Trance","Sentinel"],"picked":"Cleave","floor":12},{"not_picked":["Brutality","Limit Break"],"picked":"Corruption","floor":16},{"not_picked":["Anger","Wild Strike"],"picked":"Uppercut","floor":18},{"not_picked":["Reckless Charge","Armaments"],"picked":"Havoc","floor":19}],"player_experience":111195,"relics_obtained":[{"floor":7,"key":"War Paint"},{"floor":9,"key":"Ancient Tea Set"},{"floor":11,"key":"Bronze Scales"}],"event_choices":[{"damage_healed":0,"gold_gain":100,"player_choice":"Pray","damage_taken":0,"max_hp_gain":0,"max_hp_loss":0,"event_name":"Golden Shrine","floor":2,"gold_loss":0},{"damage_healed":0,"gold_gain":0,"player_choice":"Searched \u00271\u0027 times","damage_taken":0,"max_hp_gain":0,"max_hp_loss":0,"event_name":"Dead Adventurer","floor":11,"gold_loss":0},{"cards_removed":["Wild Strike"],"damage_healed":0,"gold_gain":0,"player_choice":"Took Card","damage_taken":0,"max_hp_gain":0,"max_hp_loss":0,"event_name":"NoteForYourself","floor":14,"gold_loss":0,"cards_obtained":["Hologram"]},{"damage_healed":0,"gold_gain":99,"player_choice":"Stole From Cult","damage_taken":0,"max_hp_gain":0,"max_hp_loss":0,"event_name":"Nest","floor":20,"gold_loss":0},{"damage_healed":0,"gold_gain":0,"player_choice":"Simplicity","damage_taken":0,"max_hp_gain":0,"max_hp_loss":0,"event_name":"Back to Basics","floor":21,"gold_loss":0,"cards_upgraded":["Strike_R","Strike_R","Strike_R","Strike_R","Strike_R","Defend_R","Defend_R","Defend_R"]},{"damage_healed":0,"gold_gain":0,"player_choice":"Shed Blood","damage_taken":20,"max_hp_gain":5,"max_hp_loss":0,"event_name":"Forgotten Altar","floor":22,"gold_loss":0}],"is_beta":false,"boss_relics":[{"not_picked":["Empty Cage","Runic Dome"],"picked":"Runic Pyramid"}],"items_purged_floors":[],"is_endless":false,"potions_floor_spawned":[3,4,8,10,11],"killed_by":"Slavers","ascension_level":0}}