{"host":"8u7tvcybuv0u72fd","time":1610772222,"event":{"mods":["BaseMod","BetterRewards","Colored Map","Colored Powertips","Minty Spire (QoL Compilation)","Quick Restart","Shop Mod"],"gold_per_floor":[110,130,230,248,258,258,285,285,285,303,303,64,34,49,49,144,144,130,130,33,48,67,67,67,67,118,118,118,118,147,167,167,267,267,277,300,24,24,40,75,75,93,119,144,69,69,69,79,79,79,79,79,41,76,76,76],"floor_reached":55,"language":"ENG","playtime":3162,"items_purged":["Parasite","Strike_R"],"score":963,"play_id":"fba92c60-9e13-4a76-94a9-a16eea350a8e","local_time":"20210115234342","is_ascension_mode":false,"campfire_choices":[{"data":"Apotheosis","floor":6.0,"key":"SMITH"},{"data":"Body Slam","floor":8.0,"key":"SMITH"},{"data":"Bandage Up","floor":11.0,"key":"SMITH"},{"data":"Blind","floor":15.0,"key":"SMITH"},{"data":"Juggernaut","floor":23.0,"key":"SMITH"},{"data":"Chrysalis","floor":25.0,"key":"SMITH"},{"floor":32.0,"key":"REST"},{"data":"Barricade","floor":41.0,"key":"SMITH"},{"data":"Bash","floor":47.0,"key":"SMITH"},{"floor":49.0,"key":"RECALL"},{"data":"Perfected Strike","floor":52.0,"key":"SMITH"}],"circlet_count":0,"master_deck":["Strike_R","Strike_R","Strike_R","Strike_R","Defend_R+1","Defend_R+1","Defend_R","Defend_R","Bash+1","Bandage Up+1","Apotheosis+1","Swift Strike","Body Slam+1","Perfected Strike+1","Headbutt","Blind+1","Pommel Strike","Shrug It Off+1","Barricade+1","Madness+1","Madness+1","Feed","Shrug It Off+1"],"relics":["Black Blood","Happy Flower","Pantograph","Nunchaku","TungstenRod","Anchor","Sozu","Bag of Marbles","MerchantsRug","Thread and Needle","Pen Nib","Boot","Ancient Tea Set","Bronze Scales"],"acts_visited":["Exordium","TheCity","TheBeyond","TheEnding"],"potions_floor_usage":[55,55,55],"damage_taken":[{"damage":3.0,"enemies":"Jaw Worm","floor":1.0,"turns":3.0},{"damage":0.0,"enemies":"Cultist","floor":2.0,"turns":3.0},{"damage":0.0,"enemies":"2 Louse","floor":4.0,"turns":3.0},{"damage":8.0,"enemies":"Gremlin Gang","floor":5.0,"turns":7.0},{"damage":37.0,"enemies":"3 Sentries","floor":7.0,"turns":7.0},{"damage":0.0,"enemies":"Large Slime","floor":10.0,"turns":5.0},{"damage":20.0,"enemies":"Red Slaver","floor":14.0,"turns":5.0},{"damage":66.0,"enemies":"Hexaghost","floor":16.0,"turns":10.0},{"damage":6.0,"enemies":"2 Thieves","floor":18.0,"turns":4.0},{"damage":3.0,"enemies":"3 Byrds","floor":21.0,"turns":6.0},{"damage":22.0,"enemies":"Snake Plant","floor":22.0,"turns":4.0},{"damage":51.0,"enemies":"Slavers","floor":30.0,"turns":8.0},{"damage":32.0,"enemies":"Sentry and Sphere","floor":31.0,"turns":4.0},{"damage":75.0,"enemies":"Collector","floor":33.0,"turns":17.0},{"damage":12.0,"enemies":"3 Shapes","floor":35.0,"turns":6.0},{"damage":9.0,"enemies":"3 Darklings","floor":39.0,"turns":7.0},{"damage":2.0,"enemies":"Giant Head","floor":40.0,"turns":8.0},{"damage":1.0,"enemies":"Writhing Mass","floor":42.0,"turns":7.0},{"damage":0.0,"enemies":"Maw","floor":48.0,"turns":7.0},{"damage":81.0,"enemies":"Awakened One","floor":50.0,"turns":15.0},{"damage":74,"enemies":"Shield and Spear","floor":54,"turns":9},{"damage":72,"enemies":"The Heart","floor":55,"turns":9}],"seed_played":"-3441863093261966691","potions_obtained":[{"floor":4.0,"key":"AttackPotion"},{"floor":13.0,"key":"Fruit Juice"},{"floor":13.0,"key":"Dexterity Potion"},{"floor":14.0,"key":"EssenceOfSteel"},{"floor":16.0,"key":"PowerPotion"},{"floor":22.0,"key":"Fire Potion"},{"floor":31.0,"key":"Dexterity Potion"},{"floor":33.0,"key":"Weak Potion"}],"is_trial":false,"path_per_floor":["M","M","?","M","M","R","E","R","T","M","R","$","?","M","R","B",null,"M","T","?","M","M","R","?","R","T","$","T","T","E","M","R","B",null,"M","T","$","?","M","E","R","M","T","T","$","?","R","M","R","B",null,"R","$","E","B"],"character_chosen":"IRONCLAD","items_purchased":["Bandage Up","War Paint","Tiny Chest","Apotheosis","Happy Flower","Swift Strike","Juzu Bracelet","Blind","MerchantsRug","Thread and Needle"],"campfire_rested":1,"item_purchase_floors":[0,0,0,0,0,0,12,12,37,37],"current_hp_per_floor":[54,66,66,78,80,80,55,55,55,67,67,67,72,64,64,31,85,85,85,85,85,81,81,81,81,81,81,81,81,48,40,65,28,85,85,85,85,75,84,85,85,85,85,85,82,92,92,92,92,32,95,95,95,39,0,0],"gold":76,"neow_bonus":"","is_daily":false,"chose_seed":false,"campfire_upgraded":9,"win_rate":0.0,"timestamp":1610772222,"path_taken":["M","M","?","M","?","R","E","R","T","M","R","$","?","M","R","BOSS","M","?","?","M","M","R","?","R","T","$","?","?","E","M","R","BOSS","M","?","$","?","?","E","R","M","T","?","$","?","R","?","R","BOSS","R","$","E","BOSS"],"items_purchased_type":["Card","Relic","Relic","Card","Relic","Card","Relic","Card","Relic","Relic"],"build_version":"2020-12-22","purchased_purges":2,"victory":false,"max_hp_per_floor":[80,80,80,80,80,80,80,80,80,80,80,80,85,85,85,85,85,85,85,85,85,85,85,85,85,85,85,85,85,85,85,85,85,85,85,85,85,85,85,85,85,85,85,85,82,92,92,92,92,95,95,95,95,95,95,95],"card_choices":[{"not_picked":["Spot Weakness","Carnage","Power Through"],"picked":"SKIP","floor":1.0},{"not_picked":["Burning Pact","Iron Wave","Clothesline"],"picked":"SKIP","floor":2.0},{"not_picked":["Havoc","Combust","Evolve"],"picked":"SKIP","floor":4.0},{"not_picked":["Twin Strike","Pommel Strike"],"picked":"Body Slam","floor":5.0},{"not_picked":["Shockwave","Pummel","Perfected Strike"],"picked":"SKIP","floor":7.0},{"not_picked":["Shockwave","Pummel"],"picked":"Perfected Strike","floor":7.0},{"not_picked":["Twin Strike","Clash"],"picked":"Headbutt","floor":10.0},{"not_picked":["Burning Pact","Metallicize","Flex"],"picked":"SKIP","floor":14.0},{"not_picked":["Limit Break","Brutality"],"picked":"Juggernaut","floor":16.0},{"not_picked":["Cleave+1","Intimidate"],"picked":"Pommel Strike","floor":18.0},{"not_picked":["Wild Strike","Power Through+1","Havoc"],"picked":"SKIP","floor":21.0},{"not_picked":["Iron Wave","True Grit"],"picked":"Shrug It Off+1","floor":22.0},{"not_picked":["Body Slam","Sentinel+1","Wild Strike+1","Impervious+1"],"picked":"SKIP","floor":30.0},{"not_picked":["Wild Strike","Havoc+1","Armaments+1","Sever Soul"],"picked":"SKIP","floor":31.0},{"not_picked":["Corruption","Impervious+1","Offering+1"],"picked":"Barricade","floor":33.0},{"not_picked":["Pommel Strike","Blood for Blood","Dual Wield+1","Feel No Pain+1"],"picked":"SKIP","floor":35.0},{"not_picked":["Sword Boomerang+1","Pummel","Evolve+1"],"picked":"SKIP","floor":39.0},{"not_picked":["Sever Soul","Twin Strike+1"],"picked":"Feed","floor":40.0},{"not_picked":["Havoc+1","Perfected Strike","Warcry+1"],"picked":"SKIP","floor":42.0},{"not_picked":["Twin Strike+1","Body Slam","True Grit+1"],"picked":"SKIP","floor":48.0},{"not_picked":["Sentinel+1","Flex+1"],"picked":"Shrug It Off+1","floor":54}],"player_experience":1329519,"relics_obtained":[{"floor":7.0,"key":"Pantograph"},{"floor":19.0,"key":"Nunchaku"},{"floor":26.0,"key":"Smiling Mask"},{"floor":28.0,"key":"Question Card"},{"floor":29.0,"key":"Toxic Egg 2"},{"floor":30.0,"key":"Anchor"},{"floor":36.0,"key":"Bag of Marbles"},{"floor":40.0,"key":"Pen Nib"},{"floor":43.0,"key":"Boot"},{"floor":44.0,"key":"Ancient Tea Set"},{"floor":54,"key":"Bronze Scales"}],"event_choices":[{"damage_healed":0.0,"max_hp_gain":0.0,"max_hp_loss":0.0,"gold_gain":100.0,"event_name":"Golden Shrine","player_choice":"Pray","floor":3.0,"gold_loss":0.0,"damage_taken":0.0},{"damage_healed":0.0,"max_hp_gain":0.0,"max_hp_loss":0.0,"gold_gain":0.0,"event_name":"The Woman in Blue","player_choice":"Bought 2 Potions","floor":13.0,"gold_loss":0.0,"damage_taken":0.0},{"damage_healed":0.0,"max_hp_gain":0.0,"max_hp_loss":0.0,"gold_gain":0.0,"event_name":"WeMeetAgain","player_choice":"Paid Gold","floor":20.0,"gold_loss":97.0,"damage_taken":0.0,"relics_obtained":["TungstenRod"]},{"cards_removed":["Juggernaut"],"damage_healed":0.0,"max_hp_gain":0.0,"max_hp_loss":0.0,"gold_gain":0.0,"event_name":"NoteForYourself","player_choice":"Took Card","floor":24.0,"gold_loss":0.0,"damage_taken":0.0,"cards_obtained":["Chrysalis"]},{"damage_healed":0.0,"max_hp_gain":0.0,"max_hp_loss":0.0,"gold_gain":0.0,"event_name":"Winding Halls","player_choice":"Embrace Madness","floor":38.0,"gold_loss":0.0,"damage_taken":11.0,"cards_obtained":["Madness","Madness"]},{"cards_removed":["Chrysalis"],"damage_healed":0.0,"max_hp_gain":10.0,"max_hp_loss":0.0,"gold_gain":0.0,"event_name":"Bonfire Elementals","player_choice":"Offered Rare","floor":46.0,"gold_loss":0.0,"damage_taken":0.0}],"is_beta":false,"boss_relics":[{"not_picked":["Pandora\u0027s Box","Tiny House"],"picked":"Black Blood"},{"not_picked":["Philosopher\u0027s Stone","Runic Cube"],"picked":"Sozu"}],"items_purged_floors":[45,53],"is_endless":false,"potions_floor_spawned":[4,14,16,22,31,33,40,42,54],"killed_by":"The Heart","ascension_level":0}}