{"host":"CKW","time":1610779745,"event":{"mods":["AchievementEnabler","BaseMod","Card Forge","Colored Powertips","Gold Saver","Googly Eyes","Highlight Path","Marisa£¨Ùöéë¡¡Øª×âÞÞ£©","Minty Spire (QoL Compilation)","Quick Restart","Rare Cards Sparkle","Shop Mod","StSLib","SuperFastMode"],"gold_per_floor":[471,490,24,24,44,44,119,148,148,180,180,42,61,73,73,173,173,183,202,235,160,160,191,191,118,141,141,2,2,2,2],"floor_reached":30,"language":"ENG","playtime":1201,"items_purged":["UpSweep","Defend_MRS"],"score":362,"play_id":"bafa6e8a-4004-4aec-a3f3-2cad2fe62913","local_time":"20210116154905","is_ascension_mode":true,"campfire_choices":[{"data":"Strike_MRS","floor":6.0,"key":"SMITH"},{"data":"AsteroidBelt","floor":15.0,"key":"SMITH"},{"data":"StarDustReverie","floor":24.0,"key":"SMITH"},{"data":"UltimateShortwave","floor":27.0,"key":"SMITH"},{"data":"PulseMagic","floor":29.0,"key":"SMITH"}],"circlet_count":0,"master_deck":["Defend_MRS","EnergyFlow","EnergyFlow","NonDirectionalLaser","PulseMagic+1","AsteroidBelt+1","UltimateShortwave+1","AsteroidBelt","StarDustReverie+1","EnergyFlow","AsteroidBelt"],"relics":["MiniHakkero","Hammer of Thor","Seething Fire","Anvil of the Gods","MerchantsRug","WingedGreaves","Pantograph","Blood Vial","PreservedInsect","Sozu","Red Mask","Unceasing Top","Membership Card"],"acts_visited":["Exordium","TheCity"],"potions_floor_usage":[],"damage_taken":[{"damage":4.0,"enemies":"Jaw Worm","floor":1.0,"turns":3.0},{"damage":0.0,"enemies":"Small Slimes","floor":2.0,"turns":2.0},{"damage":0.0,"enemies":"Cultist","floor":5.0,"turns":4.0},{"damage":24.0,"enemies":"Gremlin Nob","floor":8.0,"turns":4.0},{"damage":0.0,"enemies":"Lagavulin","floor":10.0,"turns":6.0},{"damage":0.0,"enemies":"Gremlin Gang","floor":13.0,"turns":3.0},{"damage":1.0,"enemies":"Looter","floor":14.0,"turns":4.0},{"damage":14.0,"enemies":"Slime Boss","floor":16.0,"turns":6.0},{"damage":20.0,"enemies":"2 Thieves","floor":18.0,"turns":4.0},{"damage":14.0,"enemies":"Shell Parasite","floor":19.0,"turns":4.0},{"damage":24.0,"enemies":"Masked Bandits","floor":20.0,"turns":4.0},{"damage":0.0,"enemies":"Slavers","floor":23.0,"turns":4.0},{"damage":18,"enemies":"Chosen and Byrds","floor":30,"turns":7}],"seed_played":"1655755541657449817","potions_obtained":[{"floor":2.0,"key":"Fire Potion"},{"floor":5.0,"key":"BottledSpark"},{"floor":11.0,"key":"DistilledChaos"},{"floor":11.0,"key":"Strength Potion"}],"is_trial":false,"path_per_floor":["M","M","$","?","M","R","?","E","T","E","?","$","M","M","R","B",null,"M","M","?","?","?","E","R","$","T","R","$","R","M"],"character_chosen":"MARISA","items_purchased":["MerchantsRug","EnergyFlow","DollysMirror","NonDirectionalLaser","PreservedInsect","EnergyFlow","Membership Card","AsteroidBelt"],"campfire_rested":0,"item_purchase_floors":[3,3,3,3,12,25,28,28],"current_hp_per_floor":[71,71,71,53,53,53,42,18,18,18,18,18,20,21,21,34,75,55,43,21,21,7,9,9,9,9,9,9,9,0,0],"gold":2,"neow_bonus":"REMOVE_CARD","is_daily":false,"chose_seed":false,"campfire_upgraded":5,"win_rate":0.0,"timestamp":1610779745,"path_taken":["M","M","$","?","M","R","?","E","T","E","?","$","M","?","R","BOSS","M","?","?","?","?","E","R","$","T","R","?","R","M"],"items_purchased_type":["Relic","Card","Relic","Card","Relic","Card","Relic","Card"],"build_version":"2020-12-18","purchased_purges":2,"victory":false,"max_hp_per_floor":[75,75,75,75,75,75,75,75,75,75,75,75,75,75,75,75,75,75,75,75,75,80,80,80,80,80,80,80,80,80,80],"card_choices":[{"not_picked":["MilkyWay","OpenUniverse"],"picked":"NonDirectionalLaser","floor":1.0},{"not_picked":["SuperPerseids","MysteriousBeam","DarkSpark"],"picked":"SKIP","floor":2.0},{"not_picked":["Robbery","OpenUniverse"],"picked":"PulseMagic","floor":5.0},{"not_picked":["DC","CollectingQuirk"],"picked":"AsteroidBelt","floor":8.0},{"not_picked":["ChargeUpSpray","ShootingEcho"],"picked":"PowerUp","floor":10.0},{"not_picked":["DoubleSpark","EventHorizon","GravityBeat"],"picked":"SKIP","floor":13.0},{"not_picked":["Acceleration","AsteroidBelt","UnstableBomb"],"picked":"SKIP","floor":14.0},{"not_picked":["BinaryStars","TreasureHunter"],"picked":"UltimateShortwave","floor":16.0},{"not_picked":["WitchLeyline","MysteriousBeam","DoubleSpark"],"picked":"SKIP","floor":18.0},{"not_picked":["SporeBomb","MysteriousBeam","GrandCross"],"picked":"SKIP","floor":19.0},{"not_picked":["GravityBeat","SprinkleStarSeal"],"picked":"AsteroidBelt","floor":20.0},{"not_picked":["SprinkleStarSeal","NonDirectionalLaser"],"picked":"StarDustReverie","floor":23.0}],"player_experience":234864,"relics_obtained":[{"floor":8.0,"key":"Pocketwatch"},{"floor":9.0,"key":"Pantograph"},{"floor":10.0,"key":"Blood Vial"},{"floor":20.0,"key":"Red Mask"},{"floor":23.0,"key":"Unceasing Top"}],"event_choices":[{"damage_healed":0.0,"max_hp_gain":0.0,"max_hp_loss":0.0,"gold_gain":0.0,"event_name":"Scrap Ooze","player_choice":"Success","floor":4.0,"gold_loss":0.0,"damage_taken":18.0,"relics_obtained":["WingedGreaves"]},{"damage_healed":0.0,"max_hp_gain":0.0,"max_hp_loss":0.0,"gold_gain":75.0,"event_name":"World of Goop","player_choice":"Gather Gold","floor":7.0,"gold_loss":0.0,"damage_taken":11.0},{"damage_healed":0.0,"max_hp_gain":0.0,"max_hp_loss":0.0,"gold_gain":0.0,"event_name":"Lab","player_choice":"Got Potions","floor":11.0,"gold_loss":0.0,"damage_taken":0.0},{"damage_healed":0.0,"max_hp_gain":0.0,"max_hp_loss":0.0,"gold_gain":0.0,"event_name":"Masked Bandits","player_choice":"Fought Bandits","floor":20.0,"gold_loss":0.0,"damage_taken":0.0},{"cards_removed":["MasterSpark"],"damage_healed":0.0,"max_hp_gain":0.0,"max_hp_loss":0.0,"gold_gain":0.0,"event_name":"Beggar","player_choice":"Gave Gold","floor":21.0,"gold_loss":75.0,"damage_taken":0.0},{"damage_healed":0.0,"max_hp_gain":5.0,"max_hp_loss":0.0,"gold_gain":0.0,"event_name":"Forgotten Altar","player_choice":"Shed Blood","floor":22.0,"gold_loss":0.0,"damage_taken":19.0}],"is_beta":true,"boss_relics":[{"not_picked":["Cursed Key","Fusion Hammer"],"picked":"Sozu"}],"items_purged_floors":[3,28],"is_endless":false,"potions_floor_spawned":[2,5,13,16,20],"killed_by":"Chosen and Byrds","ascension_level":2}}