{"host":"aas8f8jvicx6tcxp","time":1610769319,"event":{"mods":["BaseMod","Better Third Choice","BetterRewards","Downfall","Hermit","Minty Spire (QoL Compilation)","Robot Space Explorer","StSLib","The Cursed"],"gold_per_floor":[99,99,5,5,5,5,80,92,92,124,171,171,187,204,216,318,318,318,332,15,15,15,15],"floor_reached":21,"language":"ENG","playtime":2012,"items_purged":[],"score":175,"play_id":"5c01a81c-2fc8-40f2-82cc-67241a3a419c","local_time":"20210115215519","is_ascension_mode":false,"campfire_choices":[{"data":"champ:Taunt","floor":1,"key":"SMITH"},{"floor":12,"key":"REST"},{"data":"champ:StanceDance","floor":18,"key":"SMITH"}],"circlet_count":0,"master_deck":["champ:Strike","champ:Strike","champ:Strike","champ:Strike","champ:Defend","champ:Defend","champ:Defend","champ:Defend","champ:Execute","champ:Taunt+1","champ:TornadoPunch","champ:CalledShot+1","expansioncontent:LastStand+1","TheCursedMod:Dregs","champ:PerfectedStrike","champ:VampiricStrike","champ:Devastate","champ:StanceDance+1","champ:RisingSlash","champ:AdrenalArmor","champ:Lariat"],"relics":["champ:ChampionCrown","downfall:HeartsMalice","Gremlin Horn","Pantograph","Bottled Lightning","Art of War","Black Star","CaptainsWheel"],"acts_visited":["Exordium","TheCity"],"potions_floor_usage":[13,16,16],"damage_taken":[{"damage":0,"enemies":"Jaw Worm","floor":2,"turns":1},{"damage":0,"enemies":"downfall:FleeingMerchant","floor":3,"turns":1},{"damage":0,"enemies":"Cultist","floor":5,"turns":1},{"damage":0,"enemies":"2 Louse","floor":8,"turns":2},{"damage":46,"enemies":"Lagavulin","floor":10,"turns":6},{"damage":9,"enemies":"Blue Slaver","floor":13,"turns":5},{"damage":0,"enemies":"2 Fungi Beasts","floor":14,"turns":3},{"damage":0,"enemies":"Exordium Wildlife","floor":15,"turns":5},{"damage":100,"enemies":"DF_ARCHETYPE_STREAMLINE","floor":16,"turns":13},{"damage":14,"enemies":"Spheric Guardian","floor":19,"turns":5},{"damage":0,"enemies":"downfall:FleeingMerchant","floor":20,"turns":4},{"damage":150,"enemies":"downfall:FleeingMerchant","floor":21,"turns":12}],"seed_played":"-224119443935047348","potions_obtained":[{"floor":8,"key":"SteroidPotion"},{"floor":13,"key":"PowerPotion"},{"floor":14,"key":"Fire Potion"}],"is_trial":false,"path_per_floor":["R","M","$","?","M","T","T","M","?","E","T","R","M","M","M","B",null,"R","M","$","?"],"character_chosen":"THE_CHAMP","items_purchased":["expansioncontent:LastStand","CaptainsWheel"],"campfire_rested":1,"item_purchase_floors":[3,20],"current_hp_per_floor":[90,90,90,90,90,90,90,90,90,54,54,81,72,72,72,20,90,90,76,76,0,0,0],"gold":15,"neow_bonus":"THREE_ENEMY_KILL","is_daily":false,"chose_seed":false,"campfire_upgraded":2,"win_rate":0.0,"timestamp":1610769319,"path_taken":["R","M","$","?","?","?","T","M","?","E","?","R","M","M","M","BOSS","R","M","$","?"],"items_purchased_type":["Card","Relic"],"build_version":"2020-12-22","purchased_purges":0,"victory":false,"max_hp_per_floor":[90,90,90,90,90,90,90,90,90,90,90,90,90,90,90,90,90,90,90,90,90,90,90],"card_choices":[{"not_picked":["champ:GutPunch","champ:Circumvent"],"picked":"champ:TornadoPunch","floor":2},{"not_picked":["champ:PreciseThrust","champ:RisingSlash"],"picked":"champ:CalledShot","floor":3},{"not_picked":["champ:EnGarde","champ:Backstep"],"picked":"champ:PerfectedStrike","floor":5},{"not_picked":["champ:TornadoPunch","champ:Backstep"],"picked":"champ:VampiricStrike","floor":8},{"not_picked":["champ:Duel","champ:Encircle"],"picked":"champ:Devastate","floor":10},{"not_picked":["champ:RisingSlash","champ:GutPunch"],"picked":"champ:StanceDance","floor":13},{"not_picked":["champ:Backstep","champ:PerfectedStrike","champ:IgnorePain"],"picked":"SKIP","floor":14},{"not_picked":["champ:FalseCounter","champ:StanceDance"],"picked":"champ:RisingSlash","floor":15},{"not_picked":["champ:RisingSlash","champ:Encircle"],"picked":"champ:AdrenalArmor","floor":19},{"not_picked":["champ:Shatter","champ:DeathBlow"],"picked":"champ:Lariat","floor":20}],"player_experience":304701,"relics_obtained":[{"floor":6,"key":"Gremlin Horn"},{"floor":7,"key":"Pantograph"},{"floor":10,"key":"Bottled Lightning"},{"floor":11,"key":"Art of War"}],"event_choices":[],"is_beta":false,"boss_relics":[{"not_picked":["bronze:MakeshiftBattery","Empty Cage"],"picked":"Black Star"}],"items_purged_floors":[],"is_endless":false,"potions_floor_spawned":[8,10,13,14],"killed_by":"downfall:FleeingMerchant","ascension_level":0}}