{"host":"7zdktqb5xjtif29d","time":1610836953,"event":{"mods":["AchievementEnabler","BaseMod","Colored Map","Colored Powertips","Dark Map","Highlight Path","Minty Spire (QoL Compilation)","Rare Cards Sparkle","SuperFastMode","Waifu the Spire","everything is the same but u backflip on backflip"],"gold_per_floor":[112,125,135,154,154,154,154,186,232,251,251,108,123,123,123,222,222,236,249,259,277,277,277],"floor_reached":22,"language":"ENG","playtime":1112,"items_purged":["Strike_G"],"score":219,"play_id":"786b281b-8ae4-4377-9ec1-0f7fe815790a","local_time":"20210116224233","is_ascension_mode":true,"campfire_choices":[{"data":"Deadly Poison","floor":6.0,"key":"SMITH"},{"floor":11.0,"key":"REST"},{"floor":15.0,"key":"REST"}],"circlet_count":0,"master_deck":["Strike_G","Strike_G","Strike_G","Strike_G","Defend_G","Defend_G","Defend_G","Defend_G","Defend_G","Survivor","Neutralize","Deadly Poison+1","Catalyst","Backflip","Noxious Fumes+1","Corpse Explosion","Bouncing Flask","Bane+1","Poisoned Stab+1"],"relics":["Ring of the Snake","Molten Egg 2","Regal Pillow","Sozu"],"acts_visited":["Exordium","TheCity"],"potions_floor_usage":[22],"damage_taken":[{"damage":1.0,"enemies":"Small Slimes","floor":1.0,"turns":4.0},{"damage":0.0,"enemies":"2 Louse","floor":2.0,"turns":2.0},{"damage":0.0,"enemies":"Cultist","floor":3.0,"turns":4.0},{"damage":1.0,"enemies":"3 Louse","floor":4.0,"turns":6.0},{"damage":65.0,"enemies":"3 Sentries","floor":8.0,"turns":10.0},{"damage":14.0,"enemies":"Gremlin Gang","floor":10.0,"turns":7.0},{"damage":26.0,"enemies":"Lots of Slimes","floor":13.0,"turns":5.0},{"damage":21.0,"enemies":"Hexaghost","floor":16.0,"turns":9.0},{"damage":18.0,"enemies":"2 Thieves","floor":18.0,"turns":4.0},{"damage":10.0,"enemies":"Shell Parasite","floor":19.0,"turns":4.0},{"damage":24,"enemies":"Sentry and Sphere","floor":20,"turns":4},{"damage":19,"enemies":"Shelled Parasite and Fungi","floor":21,"turns":4},{"damage":12,"enemies":"3 Cultists","floor":22,"turns":2}],"seed_played":"7159658671498098152","potions_obtained":[{"floor":2.0,"key":"DistilledChaos"},{"floor":3.0,"key":"CultistPotion"},{"floor":7.0,"key":"DuplicationPotion"},{"floor":7.0,"key":"DistilledChaos"},{"floor":10.0,"key":"Ancient Potion"},{"floor":16.0,"key":"SkillPotion"}],"is_trial":false,"path_per_floor":["M","M","M","M","?","R","?","E","T","M","R","$","M","?","R","B",null,"M","M","M","M","M"],"character_chosen":"THE_SILENT","items_purchased":["Noxious Fumes"],"campfire_rested":2,"item_purchase_floors":[12],"current_hp_per_floor":[76,76,76,75,80,80,80,15,15,1,40,40,14,14,53,32,82,64,54,30,11,0,0],"gold":277,"neow_bonus":"TEN_PERCENT_HP_BONUS","is_daily":false,"chose_seed":false,"campfire_upgraded":1,"win_rate":0.0,"timestamp":1610836953,"path_taken":["M","M","M","M","?","R","?","E","T","?","R","$","M","?","R","BOSS","M","M","?","M","M"],"items_purchased_type":["Card"],"build_version":"2020-12-22","purchased_purges":1,"victory":false,"max_hp_per_floor":[77,77,77,77,82,82,82,82,82,82,82,82,82,82,82,82,82,82,82,82,82,82,82],"card_choices":[{"not_picked":["Dagger Throw","Dagger Spray"],"picked":"Deadly Poison","floor":1.0},{"not_picked":["Expertise","Outmaneuver","Acrobatics"],"picked":"SKIP","floor":2.0},{"not_picked":["Dagger Spray","Outmaneuver","Concentrate"],"picked":"SKIP","floor":3.0},{"not_picked":["Backflip","Acrobatics"],"picked":"Catalyst","floor":4.0},{"not_picked":["Malaise","Reflex","Accuracy"],"picked":"SKIP","floor":8.0},{"not_picked":["Escape Plan","Outmaneuver"],"picked":"Backflip","floor":10.0},{"not_picked":["Acrobatics","Dodge and Roll","PiercingWail"],"picked":"SKIP","floor":13.0},{"not_picked":["Phantasmal Killer","Die Die Die+1"],"picked":"Corpse Explosion","floor":16.0},{"not_picked":["Flechettes+1","Quick Slash+1"],"picked":"Bouncing Flask","floor":18.0},{"not_picked":["Dash+1","Dagger Spray+1"],"picked":"Bane+1","floor":19.0},{"not_picked":["Underhanded Strike+1","Dagger Throw+1"],"picked":"Poisoned Stab+1","floor":20},{"not_picked":["Caltrops","Flying Knee+1","Expertise"],"picked":"SKIP","floor":21}],"player_experience":234247,"relics_obtained":[{"floor":8.0,"key":"Molten Egg 2"},{"floor":9.0,"key":"Regal Pillow"}],"event_choices":[{"damage_healed":0.0,"max_hp_gain":5.0,"max_hp_loss":0.0,"gold_gain":0.0,"event_name":"Big Fish","player_choice":"Donut","floor":5.0,"gold_loss":0.0,"damage_taken":0.0},{"damage_healed":0.0,"max_hp_gain":0.0,"max_hp_loss":0.0,"gold_gain":0.0,"event_name":"Lab","player_choice":"Got Potions","floor":7.0,"gold_loss":0.0,"damage_taken":0.0},{"damage_healed":0.0,"max_hp_gain":0.0,"max_hp_loss":0.0,"gold_gain":0.0,"event_name":"Accursed Blacksmith","player_choice":"Forge","floor":14.0,"gold_loss":0.0,"damage_taken":0.0,"cards_upgraded":["Noxious Fumes"]}],"is_beta":false,"boss_relics":[{"not_picked":["Ectoplasm","Pandora\u0027s Box"],"picked":"Sozu"}],"items_purged_floors":[12],"is_endless":false,"potions_floor_spawned":[2,3,8,10,16,21],"killed_by":"3 Cultists","ascension_level":3}}