{"host":"kdt6w7ix8lwe69i9","time":1610760662,"event":{"mods":["100% Spire Juice","Bartender","BaseMod","ChefMod","Downfall","Fiend Mod","Jorbs\u0027s Wanderer Trilogy","Minty Spire (QoL Compilation)","Reimu（博丽灵梦）","Robot Space Explorer","Shade Mod","StSLib","The Caster","The Cursed","The Disciple","The Dragon Tamer","The Druid","The Fake Hero","The Forsaken","The Gatherer","The Marked","TheBandit","TheSwordswoman"],"gold_per_floor":[513,513,513,99,174,203,203,203,276,293,309,309,337,347,347,446,446,459,473,473,473,488,488,488,488],"floor_reached":24,"language":"ENG","playtime":1439,"items_purged":["luka_mod:Surrender"],"score":204,"play_id":"386e842d-701f-484d-bab9-9e9778413b9a","local_time":"20210115203102","is_ascension_mode":false,"campfire_choices":[{"floor":8,"key":"REST"},{"data":"luka_mod:Edging","floor":12,"key":"SMITH"},{"floor":15,"key":"RECALL"},{"floor":23,"key":"REST"}],"circlet_count":0,"master_deck":["luka_mod:StrikeLukaOne","luka_mod:StrikeLukaTwo","luka_mod:StrikeLukaThree","luka_mod:StrikeLukaFour","luka_mod:StrikeLukaFive","luka_mod:StrikeLukaSix","luka_mod:Salt","luka_mod:Guard","luka_mod:Wait","luka_mod:Edging+1","luka_mod:FlailWildly","luka_mod:Meditation","luka_mod:RestrictedStrike","luka_mod:Optimistic","luka_mod:VaporizingRebellionSword","luka_mod:StrikeLuka","luka_mod:RestrictedStrike+1","luka_mod:ThunderThrust+1","luka_mod:Ora","luka_mod:WaterSlash+1","luka_mod:Granberia","luka_mod:BegIlias","luka_mod:AlicesGuard+1","Writhe","luka_mod:Determination","luka_mod:DeathSwordChaosStar"],"relics":["luka_mod:KeepsakeRing","Orichalcum","theForsaken:Lifeblossom","Dream Catcher","ClockworkSouvenir","Nunchaku","Unceasing Top","theForsaken:HumbleEgg","Strawberry","theForsaken:PaleLantern","Pen Nib"],"acts_visited":["Exordium","TheCity"],"potions_floor_usage":[13,16,16,24],"damage_taken":[{"damage":0,"enemies":"Small Slimes","floor":1,"turns":3},{"damage":40,"enemies":"Lagavulin","floor":6,"turns":7},{"damage":0,"enemies":"2 Louse","floor":10,"turns":2},{"damage":5,"enemies":"Jaw Worm","floor":11,"turns":3},{"damage":5,"enemies":"3 Sentries","floor":13,"turns":3},{"damage":8,"enemies":"3 Louse","floor":14,"turns":3},{"damage":16,"enemies":"Hexaghost","floor":16,"turns":6},{"damage":12,"enemies":"3 Byrds","floor":18,"turns":4},{"damage":4,"enemies":"Chosen","floor":19,"turns":3},{"damage":30,"enemies":"Snake Plant","floor":22,"turns":4},{"damage":55,"enemies":"Book of Stabbing","floor":24,"turns":5}],"seed_played":"-1384293123809486604","potions_obtained":[{"floor":10,"key":"hexamod:SoulburnPotion"},{"floor":11,"key":"DistilledChaos"},{"floor":14,"key":"GrandPatriotsElixir:ReiMu"},{"floor":22,"key":"Dexterity Potion"}],"is_trial":false,"path_per_floor":["M","?","?","$","?","E","T","R","T","M","M","R","E","M","R","B",null,"M","M","?","?","M","R","E"],"character_chosen":"LUKA_CLASS","items_purchased":["Dream Catcher","ClockworkSouvenir","luka_mod:Optimistic"],"campfire_rested":2,"item_purchase_floors":[4,4,4],"current_hp_per_floor":[40,40,40,40,29,20,20,32,32,36,40,40,45,47,47,35,47,37,38,38,38,14,28,0,0],"gold":488,"neow_bonus":"RANDOM_COMMON_RELIC","is_daily":false,"chose_seed":false,"campfire_upgraded":1,"win_rate":0.0,"timestamp":1610760662,"path_taken":["M","?","?","$","?","E","?","R","T","?","M","R","E","M","R","BOSS","M","M","?","?","?","R","E"],"items_purchased_type":["Relic","Relic","Card"],"build_version":"2020-12-22","purchased_purges":1,"victory":false,"max_hp_per_floor":[40,40,40,40,40,40,40,40,40,40,40,40,47,47,47,47,47,47,47,47,47,47,47,47,47],"card_choices":[{"not_picked":["luka_mod:HeroicStrike","luka_mod:FlashKill"],"picked":"luka_mod:RestrictedStrike","floor":1},{"not_picked":["luka_mod:Request","luka_mod:SereneDemonSword"],"picked":"luka_mod:VaporizingRebellionSword","floor":6},{"not_picked":["luka_mod:IliasesJudgement","luka_mod:PeacePreach"],"picked":"luka_mod:StrikeLuka","floor":8},{"not_picked":["luka_mod:Feel+1","luka_mod:PerfectTiming"],"picked":"luka_mod:RestrictedStrike+1","floor":10},{"not_picked":["luka_mod:WindSlash+1","luka_mod:DemonSkullBeheading+1"],"picked":"luka_mod:ThunderThrust+1","floor":11},{"not_picked":["luka_mod:StrikeLuka+1","luka_mod:HeroicStrike+1"],"picked":"luka_mod:Ora","floor":13},{"not_picked":["luka_mod:NotVerySharp","luka_mod:WindSlash+1"],"picked":"luka_mod:WaterSlash+1","floor":14},{"not_picked":["luka_mod:Tamamo","luka_mod:SealingStrike"],"picked":"luka_mod:Granberia","floor":16},{"not_picked":["luka_mod:HeroicStrike+1","luka_mod:StressRelief+1"],"picked":"luka_mod:BegIlias","floor":18},{"not_picked":["luka_mod:ThunderThrust+1","luka_mod:Struggle+1"],"picked":"luka_mod:AlicesGuard+1","floor":19},{"not_picked":["luka_mod:RestrictedStrike+1","luka_mod:FlashKill+1"],"picked":"luka_mod:Determination","floor":22},{"not_picked":["luka_mod:BladeOfHowlingWind","luka_mod:Cutscene"],"picked":"luka_mod:DeathSwordChaosStar","floor":23}],"player_experience":1829114,"relics_obtained":[{"floor":6,"key":"Nunchaku"},{"floor":7,"key":"Unceasing Top"},{"floor":9,"key":"theForsaken:HumbleEgg"},{"floor":13,"key":"Strawberry"}],"event_choices":[{"damage_healed":0,"gold_gain":0,"player_choice":"Box","damage_taken":0,"relics_obtained":["theForsaken:Lifeblossom"],"max_hp_gain":0,"max_hp_loss":0,"event_name":"Big Fish","floor":2,"gold_loss":0,"cards_obtained":["Regret"]},{"cards_removed":["Regret"],"damage_healed":0,"gold_gain":0,"player_choice":"Forget","damage_taken":0,"max_hp_gain":0,"max_hp_loss":0,"event_name":"Living Wall","floor":3,"gold_loss":0},{"damage_healed":0,"gold_gain":75,"player_choice":"Gather Gold","damage_taken":11,"max_hp_gain":0,"max_hp_loss":0,"event_name":"World of Goop","floor":5,"gold_loss":0},{"damage_healed":0,"gold_gain":0,"player_choice":"Opened","damage_taken":0,"relics_obtained":["Pen Nib"],"max_hp_gain":0,"max_hp_loss":0,"event_name":"The Mausoleum","floor":21,"gold_loss":0,"cards_obtained":["Writhe"]}],"is_beta":false,"boss_relics":[{"not_picked":["Coffee Dripper","RedLine:ReiMu"],"picked":"theForsaken:PaleLantern"}],"items_purged_floors":[4],"is_endless":false,"potions_floor_spawned":[10,11,14,22],"killed_by":"Book of Stabbing","ascension_level":0}}