{"host":"wnty67d4nhrob9mt","time":1610818340,"event":{"mods":["BaseMod","Block Reminder","Infinite Spire","Minty Spire (QoL Compilation)","Permanent Neow","Quick Restart","Relic Stats","Replay The Spire","StSLib","The Jungle"],"gold_per_floor":[114,129,144,159,174,174,204,219,244,274,304,381,381,411,411,423,423],"floor_reached":16,"language":"TUR","playtime":1790,"items_purged":[],"score":132,"play_id":"10c71e82-a261-4faa-aeb4-fd44911eb5aa","local_time":"20210116203220","daily_mods":["Allstar","Flight","Night Terrors"],"is_ascension_mode":false,"campfire_choices":[{"floor":6,"key":"REST"},{"floor":13,"key":"REST"},{"floor":15,"key":"REST"}],"circlet_count":0,"master_deck":["Strike_G","Strike_G","Strike_G","Strike_G","Strike_G","Defend_G","Defend_G","Defend_G","Defend_G","Defend_G","Survivor","Neutralize","Mayhem","Crow Ritual","Transmutation","Crow Ritual","Survey Options","ReplayTheSpireMod:Speed Training","Slice","Predator","Dagger Throw","Footwork","Catalyst","Draining Mist","Outmaneuver","Doppelganger","Cloak And Dagger"],"relics":["Ring of the Snake","Blood Vial","PreservedInsect","The Courier","Replay:Mystery Machine","Replay:Bandana"],"acts_visited":["Exordium"],"potions_floor_usage":[7,11,16],"damage_taken":[{"damage":11,"enemies":"2 Louse","floor":1,"turns":3},{"damage":2,"enemies":"Small Slimes","floor":2,"turns":4},{"damage":13,"enemies":"Jaw Worm","floor":3,"turns":6},{"damage":7,"enemies":"Large Slime","floor":4,"turns":7},{"damage":14,"enemies":"Exordium Thugs","floor":5,"turns":4},{"damage":22,"enemies":"Gremlin Nob","floor":7,"turns":5},{"damage":22,"enemies":"Looter","floor":8,"turns":4},{"damage":14,"enemies":"Lagavulin","floor":10,"turns":5},{"damage":6,"enemies":"Replay:BlueRogue","floor":11,"turns":6},{"damage":24,"enemies":"3 Sentries","floor":14,"turns":6},{"damage":61,"enemies":"Slime Boss","floor":16,"turns":10}],"seed_played":"2700428786693623746","potions_obtained":[{"floor":2,"key":"FearPotion"},{"floor":3,"key":"PowerPotion"},{"floor":8,"key":"SpeedPotion"},{"floor":10,"key":"Fire Potion"},{"floor":11,"key":"Strength Potion"}],"is_trial":false,"path_per_floor":["M","M","M","M","M","R","E","M","T","E","E","?","R","E","R","B"],"character_chosen":"THE_SILENT","items_purchased":[],"campfire_rested":3,"item_purchase_floors":[],"current_hp_per_floor":[59,57,44,37,23,65,43,23,23,11,7,7,60,36,55,0,0],"gold":423,"neow_bonus":"","is_daily":true,"chose_seed":false,"campfire_upgraded":0,"win_rate":0.0,"timestamp":1610818340,"path_taken":["M","M","M","M","M","R","E","M","T","E","E","?","R","E","R","BOSS"],"items_purchased_type":[],"build_version":"2020-12-22","purchased_purges":0,"victory":false,"max_hp_per_floor":[70,70,70,70,70,65,65,65,65,65,65,65,60,60,55,55,55],"relic_stats":{"Blood Vial":6,"counters":[11,60],"PreservedInsect":81,"obtain_stats":[{"Blood Vial":7,"Replay:Bandana":14,"PreservedInsect":9,"The Courier":10,"Replay:Mystery Machine":11,"Ring of the Snake":0},{"Blood Vial":6,"Replay:Bandana":10,"PreservedInsect":7,"The Courier":8,"Replay:Mystery Machine":9,"Ring of the Snake":0},{"Blood Vial":29,"Replay:Bandana":50,"PreservedInsect":33,"The Courier":38,"Replay:Mystery Machine":44,"Ring of the Snake":0}],"Ring of the Snake":[22]},"card_choices":[{"not_picked":["Footwork","Poisoned Stab"],"picked":"ReplayTheSpireMod:Speed Training","floor":1},{"not_picked":["Sucker Punch","Backflip"],"picked":"Slice","floor":2},{"not_picked":["Quick Slash","Deflect"],"picked":"Predator","floor":3},{"not_picked":["Underhanded Strike","Prepared"],"picked":"Dagger Throw","floor":4},{"not_picked":["ReplayTheSpireMod:Scrap Shanks","Poisoned Stab"],"picked":"Footwork","floor":5},{"not_picked":["Acrobatics","Blade Dance"],"picked":"Catalyst","floor":7},{"not_picked":["Hidden Blade","Accuracy"],"picked":"Draining Mist","floor":8},{"not_picked":["Riddle With Holes","Quick Slash"],"picked":"Outmaneuver","floor":10},{"not_picked":["Calculated Gamble","Dagger Throw"],"picked":"Doppelganger","floor":11},{"not_picked":["PiercingWail","Prepared"],"picked":"Cloak And Dagger","floor":14}],"player_experience":182524,"relics_obtained":[{"floor":7,"key":"Blood Vial"},{"floor":9,"key":"PreservedInsect"},{"floor":10,"key":"The Courier"},{"floor":11,"key":"Replay:Mystery Machine"},{"floor":14,"key":"Replay:Bandana"}],"event_choices":[{"damage_healed":0,"gold_gain":77,"player_choice":"Gained Gold","damage_taken":0,"max_hp_gain":0,"max_hp_loss":0,"event_name":"Golden Wing","floor":12,"gold_loss":0}],"is_beta":false,"boss_relics":[],"items_purged_floors":[],"is_endless":false,"potions_floor_spawned":[2,3,8,10,11],"killed_by":"Slime Boss","ascension_level":0}}