{"host":"w9yruvs4bqht6bhw","time":1610822610,"event":{"mods":["BaseMod","Colored Powertips","Minty Spire (QoL Compilation)"],"gold_per_floor":[109,74,74,88,98,128,128,139,221,238,238,238,238,258,258,258,258],"floor_reached":16,"language":"ENG","playtime":483,"items_purged":[],"score":153,"play_id":"0ba41d94-f4a4-4f11-ad16-de71c7171bda","local_time":"20210116134330","is_ascension_mode":true,"campfire_choices":[{"floor":7,"key":"REST"},{"floor":11,"key":"REST"},{"floor":13,"key":"REST"},{"data":"Fiend Fire","floor":15,"key":"SMITH"}],"circlet_count":0,"master_deck":["AscendersBane","Strike_R","Strike_R","Strike_R","Strike_R","Strike_R","Defend_R","Defend_R","Defend_R","Defend_R","Bash+1","True Grit","Headbutt","Fiend Fire+1"],"relics":["Burning Blood","Peace Pipe","Ginger","HornCleat"],"acts_visited":["Exordium"],"potions_floor_usage":[1,14,16],"damage_taken":[{"damage":10,"enemies":"2 Louse","floor":1,"turns":3},{"damage":6,"enemies":"Cultist","floor":4,"turns":3},{"damage":7,"enemies":"Jaw Worm","floor":5,"turns":3},{"damage":63,"enemies":"3 Sentries","floor":6,"turns":9},{"damage":19,"enemies":"2 Fungi Beasts","floor":8,"turns":3},{"damage":17,"enemies":"Large Slime","floor":10,"turns":6},{"damage":17,"enemies":"Gremlin Gang","floor":14,"turns":6},{"damage":75,"enemies":"Hexaghost","floor":16,"turns":10}],"seed_played":"6870903554085418931","potions_obtained":[{"floor":1,"key":"BloodPotion"},{"floor":10,"key":"Regen Potion"},{"floor":14,"key":"PowerPotion"}],"is_trial":false,"path_per_floor":["M","?","?","M","M","E","R","M","T","M","R","?","R","M","R","B"],"character_chosen":"IRONCLAD","items_purchased":[],"campfire_rested":3,"item_purchase_floors":[],"current_hp_per_floor":[63,80,80,80,79,22,46,33,33,22,46,46,70,74,74,0,0],"gold":258,"neow_bonus":"ONE_RARE_RELIC","is_daily":false,"chose_seed":false,"campfire_upgraded":1,"win_rate":0.0,"timestamp":1610822610,"path_taken":["M","?","?","M","?","E","R","M","T","M","R","?","R","M","R","BOSS"],"items_purchased_type":[],"build_version":"2020-12-22","purchased_purges":0,"victory":false,"max_hp_per_floor":[80,80,80,80,80,80,80,80,80,80,80,80,80,80,80,80,80],"card_choices":[{"not_picked":["Sentinel","Warcry","Dual Wield"],"picked":"SKIP","floor":1},{"not_picked":["Wild Strike","Metallicize"],"picked":"True Grit","floor":4},{"not_picked":["Flex","Thunderclap"],"picked":"Headbutt","floor":5},{"not_picked":["Havoc","Flex","Power Through"],"picked":"SKIP","floor":6},{"not_picked":["Cleave","Evolve","Wild Strike"],"picked":"SKIP","floor":8},{"not_picked":["Clash","Metallicize","Perfected Strike"],"picked":"SKIP","floor":10},{"not_picked":["Sword Boomerang","Battle Trance"],"picked":"Fiend Fire","floor":14}],"player_experience":401908,"relics_obtained":[{"floor":6,"key":"Ginger"},{"floor":9,"key":"HornCleat"}],"event_choices":[{"damage_healed":20,"gold_gain":0,"player_choice":"Healed","damage_taken":0,"max_hp_gain":0,"max_hp_loss":0,"event_name":"The Cleric","floor":2,"gold_loss":35},{"damage_healed":0,"gold_gain":0,"player_choice":"Forge","damage_taken":0,"max_hp_gain":0,"max_hp_loss":0,"event_name":"Accursed Blacksmith","floor":3,"gold_loss":0,"cards_upgraded":["Bash"]},{"damage_healed":0,"gold_gain":0,"player_choice":"Ignored","damage_taken":0,"max_hp_gain":0,"max_hp_loss":0,"event_name":"Liars Game","floor":12,"gold_loss":0}],"is_beta":false,"boss_relics":[],"items_purged_floors":[],"is_endless":false,"potions_floor_spawned":[1,10,14],"killed_by":"Hexaghost","ascension_level":10}}