{"host":"w9yruvs4bqht6bhw","time":1610833257,"event":{"mods":["BaseMod","Colored Powertips","Minty Spire (QoL Compilation)"],"gold_per_floor":[113,113,132,307,161,161,193,209,236,207,226,226,244,258,258,258,258],"floor_reached":16,"language":"ENG","playtime":456,"items_purged":["Doubt"],"score":163,"play_id":"33f48b67-f68f-484b-95c5-91624dab2bf0","local_time":"20210116164057","is_ascension_mode":true,"campfire_choices":[{"data":"Shockwave","floor":6,"key":"SMITH"},{"data":"Heavy Blade","floor":15,"key":"SMITH"}],"circlet_count":0,"master_deck":["AscendersBane","Strike_R","Strike_R","Strike_R","Strike_R","Strike_R","Defend_R","Defend_R","Defend_R","Defend_R","Bash","Shockwave+1","Spot Weakness","Heavy Blade+1","Infernal Blade","Clothesline"],"relics":["Burning Blood","Smiling Mask","Omamori"],"acts_visited":["Exordium"],"potions_floor_usage":[7,13],"damage_taken":[{"damage":8,"enemies":"2 Louse","floor":1,"turns":3},{"damage":15,"enemies":"Jaw Worm","floor":3,"turns":4},{"damage":37,"enemies":"3 Sentries","floor":7,"turns":7},{"damage":10,"enemies":"Small Slimes","floor":8,"turns":3},{"damage":14,"enemies":"Looter","floor":11,"turns":4},{"damage":12,"enemies":"3 Louse","floor":13,"turns":4},{"damage":4,"enemies":"2 Fungi Beasts","floor":14,"turns":3},{"damage":43,"enemies":"Hexaghost","floor":16,"turns":8}],"seed_played":"7967452356834301270","potions_obtained":[{"floor":0,"key":"BlessingOfTheForge"},{"floor":0,"key":"Ancient Potion"},{"floor":11,"key":"Ancient Potion"}],"is_trial":false,"path_per_floor":["M","?","M","?","$","R","E","M","T","?","M","?","M","M","R","B"],"character_chosen":"IRONCLAD","items_purchased":["Spot Weakness"],"campfire_rested":0,"item_purchase_floors":[5],"current_hp_per_floor":[70,70,61,61,61,61,30,26,26,26,18,44,38,40,40,0,0],"gold":258,"neow_bonus":"THREE_SMALL_POTIONS","is_daily":false,"chose_seed":false,"campfire_upgraded":2,"win_rate":0.0,"timestamp":1610833257,"path_taken":["M","?","M","?","$","R","E","?","T","?","M","?","M","M","R","BOSS"],"items_purchased_type":["Card"],"build_version":"2020-12-22","purchased_purges":1,"victory":false,"max_hp_per_floor":[80,80,80,80,80,80,80,80,80,80,80,80,80,80,80,80,80],"card_choices":[{"not_picked":["Havoc","Battle Trance"],"picked":"Shockwave","floor":1},{"not_picked":["Heavy Blade","Thunderclap","Cleave"],"picked":"SKIP","floor":3},{"not_picked":["Twin Strike","Wild Strike"],"picked":"Heavy Blade","floor":7},{"not_picked":["Exhume","Second Wind","Twin Strike"],"picked":"SKIP","floor":8},{"not_picked":["Sword Boomerang","Flex"],"picked":"Infernal Blade","floor":11},{"not_picked":["Reckless Charge","Dual Wield","Wild Strike"],"picked":"SKIP","floor":13},{"not_picked":["Feel No Pain","Sentinel"],"picked":"Clothesline","floor":14}],"player_experience":411149,"relics_obtained":[{"floor":7,"key":"Smiling Mask"},{"floor":9,"key":"Omamori"}],"event_choices":[{"damage_healed":0,"gold_gain":0,"player_choice":"Ignored","damage_taken":0,"max_hp_gain":0,"max_hp_loss":0,"event_name":"Golden Wing","floor":2,"gold_loss":0},{"damage_healed":0,"gold_gain":175,"player_choice":"AGREE","damage_taken":0,"max_hp_gain":0,"max_hp_loss":0,"event_name":"Liars Game","floor":4,"gold_loss":0,"cards_obtained":["Doubt"]},{"damage_healed":0,"gold_gain":0,"player_choice":"Left Gold","damage_taken":0,"max_hp_gain":0,"max_hp_loss":0,"event_name":"World of Goop","floor":10,"gold_loss":29},{"damage_healed":26,"gold_gain":0,"player_choice":"Banana","damage_taken":0,"max_hp_gain":0,"max_hp_loss":0,"event_name":"Big Fish","floor":12,"gold_loss":0}],"is_beta":false,"boss_relics":[],"items_purged_floors":[5],"is_endless":false,"potions_floor_spawned":[1,11],"killed_by":"Hexaghost","ascension_level":12}}