{"host":"2psfthmeyefnuu1p","time":1610763850,"event":{"mods":["Aspiration","BaseMod","Challenge The Spire","Conspire","Downfall","Faster Ascension Climbing","GungeonMod","Hermit","Lobotomy","Minty Spire (QoL Compilation)","Quick Restart","Replay The Spire","Robot Space Explorer","RumiaBox-露米娅的神秘盒子","Spicy Shops","StSLib","The Administrix","The Bladedancer","The Bug Knight","The Construct","The Cursed","The Gatherer","The Hayseed","The Jungle","The Runesmith","The Servant 0.9.4","TheWitcher","Uncapped","WarShipGirlsR/战舰少女R mod","[IsaacMod]以撒尖塔","noobMod","vexMod","【功能Mod】混沌之环修复补丁","篝火指南"],"gold_per_floor":[214,230,230,230,205,64,80,97,97,147,60,72,72,107,78,180,180,198,112,122,44,56,56,331,331,384,372,382,382,128,138,62,167,167,185,185,223,223,33,33,53,53,101,81,44,57,57,57,1,1,1,1,1,27,27,27],"floor_reached":55,"language":"ZHS","playtime":4078,"items_purged":["Regret"],"score":761,"play_id":"a8f86aee-9ec2-4367-af6a-9056fdff5b30","local_time":"20210116102410","is_ascension_mode":false,"campfire_choices":[{"floor":23,"key":"RECALL"},{"floor":40,"key":"DIG"},{"floor":47,"key":"DIG"}],"circlet_count":0,"master_deck":["construct:Strike_Gold","construct:Strike_Gold","construct:Strike_Gold","construct:Strike_Gold","construct:Strike_Gold","construct:Defend_Gold","construct:Defend_Gold","construct:Defend_Gold","construct:Defend_Gold","construct:AttackMode","construct:ShiftStrike","construct:FocusedBeam","Footwork","construct:Versatility","construct:Versatility","construct:ReactiveShield","construct:Reinforce","construct:SaveState+1","construct:FlakBarrage","construct:SweepLaser","construct:Chainstrike","construct:PowerUp+1","construct:Zapper","Replay:SS_forest_2","construct:FocusedBeam+1","ReplayTheSpireMod:Restless Dread","construct:PointDefense","construct:GatlingGun","construct:LaserCore+1","construct:SpinDrive","construct:GuardCore","construct:FierceBash","construct:FocusedBeam","construct:Synchronize","construct:Synchronize","construct:Autoturret+1","construct:Autoturret+1","construct:Hazardproof"],"relics":["construct:Cogwheel","HushsDoor","ice","SteamSale","Centennial Puzzle","Runesmith:Nanobots","GuppysPaw","SSSystem","TheBible","Replay:Bronze Core","DemoMod:MeatBun","DemoMod:ClearGuonStone","ReplayTheSpireMod:CursedCoin","Chameleon Ring","Shovel","BFFS","ReplayTheSpireMod:Lightbulb","Replay:Baseball","Oddly Smooth Stone","SacredBark","Thread and Needle","vexMod:MemoryStick","Potion Belt","Garlic","BelialBook","Replay:Mystery Machine","Frozen Egg 2","Chemical X","DoctorsRemote"],"acts_visited":["Exordium","Exordium","TheBeyond","TheEnding"],"potions_floor_usage":[16,16,22,22,33,33,50,50,50,50,50,55],"damage_taken":[{"damage":2,"enemies":"2 Louse","floor":1,"turns":4},{"damage":1,"enemies":"Jaw Worm","floor":2,"turns":5},{"damage":0,"enemies":"Small Slimes","floor":7,"turns":3},{"damage":0,"enemies":"Exordium Wildlife","floor":8,"turns":3},{"damage":19,"enemies":"Hiden Room Battle","floor":10,"turns":2},{"damage":12,"enemies":"Exordium Thugs","floor":12,"turns":4},{"damage":32,"enemies":"Gremlin Nob","floor":14,"turns":5},{"damage":30,"enemies":"Fading Forest","floor":16,"turns":11},{"damage":0,"enemies":"theJungle:Flameango_and_Byrd","floor":18,"turns":5},{"damage":17,"enemies":"theJungle:MUSHROOMGANG","floor":20,"turns":3},{"damage":16,"enemies":"theJungle:2_Flameangoes","floor":22,"turns":3},{"damage":0,"enemies":"theJungle:JungleHuntersEncounter","floor":28,"turns":4},{"damage":9,"enemies":"theJungle:2_Snecko_Cultists","floor":31,"turns":4},{"damage":48,"enemies":"theJungle:TotemBoss","floor":33,"turns":8},{"damage":32,"enemies":"3 Darklings","floor":35,"turns":5},{"damage":26,"enemies":"3 Shapes","floor":41,"turns":3},{"damage":23,"enemies":"Writhing Mass","floor":46,"turns":6},{"damage":98,"enemies":"Time Eater","floor":50,"turns":10},{"damage":75,"enemies":"Shield and Spear","floor":54,"turns":6},{"damage":0,"enemies":"Delirium","floor":55,"turns":16}],"seed_played":"7986208309258163766","potions_obtained":[{"floor":2,"key":"Toxic Potion"},{"floor":7,"key":"LiquidMemories"},{"floor":8,"key":"Strength Potion"},{"floor":18,"key":"Regen Potion"},{"floor":20,"key":"LiquidMemories"},{"floor":22,"key":"LiquidMemories"},{"floor":35,"key":"LiquidBronze"},{"floor":41,"key":"Regen Potion"},{"floor":42,"key":"Regen Potion"},{"floor":42,"key":"Venom Potion"},{"floor":44,"key":"DuplicationPotion"},{"floor":52,"key":"construct:ShiftPotion"},{"floor":52,"key":"DistilledChaos"}],"is_trial":false,"path_per_floor":["M","M","?","?","?","R","M","M","T","?","$","M","R","E","R","B",null,"M","$","M","$","M","R","?","?","T","R","M","?","R","M","R","B",null,"M","?","?","?","$","R","M","R","T","?","R","M","R","?","R","B",null,"R","$","E","B"],"character_chosen":"THE_CONSTRUCT_MOD","items_purchased":["Runesmith:Nanobots","construct:Versatility","construct:SaveState+1","construct:FlakBarrage","construct:PowerUp+1","Replay:SS_forest_2","DemoMod:MeatBun","ReplayTheSpireMod:CursedCoin","Chameleon Ring","BFFS","DemoMod:WeirdEgg","Replay:Baseball","construct:GatlingGun","Oddly Smooth Stone","vexMod:MemoryStick","Potion Belt","construct:FocusedBeam","construct:Synchronize","Replay:Mystery Machine","Chemical X","construct:Autoturret+1"],"campfire_rested":0,"item_purchase_floors":[6,6,11,11,15,19,21,27,27,30,30,30,30,32,39,39,39,39,45,49,49],"current_hp_per_floor":[83,82,82,75,75,75,75,75,75,56,56,44,44,12,12,69,90,90,90,73,87,71,71,71,71,71,71,71,43,43,34,34,14,132,100,100,66,122,122,122,96,96,96,96,96,73,73,73,73,115,156,156,156,81,81,81],"gold":27,"neow_bonus":"HUNDRED_GOLD","is_daily":false,"chose_seed":false,"campfire_upgraded":0,"win_rate":0.0,"timestamp":1610763850,"path_taken":["M","M","?","?","?","R","M","?","T","?","$","M","R","E","R","BOSS","M","$","?","$","M","R","?","?","T","R","?","?","R","M","R","BOSS","M","?","?","?","$","R","M","R","T","?","R","M","R","?","R","BOSS","R","$","E","BOSS"],"items_purchased_type":["Relic","Card","Card","Card","Card","Card","Relic","Relic","Relic","Relic","Relic","Relic","Card","Relic","Relic","Relic","Card","Card","Relic","Relic","Card"],"build_version":"2020-12-22","purchased_purges":1,"victory":false,"max_hp_per_floor":[85,85,85,85,85,85,85,85,85,85,85,85,85,85,85,90,90,94,94,98,98,103,103,103,103,103,103,109,109,109,113,113,132,132,139,139,139,122,122,122,131,131,131,131,131,140,140,140,140,156,156,156,156,166,101,101],"card_choices":[{"not_picked":[],"picked":"Bomb","floor":0},{"not_picked":["construct:Backfire","construct:Tumble"],"picked":"construct:ShiftStrike","floor":1},{"not_picked":["construct:ModeShift","construct:Autoturret"],"picked":"construct:FocusedBeam","floor":2},{"not_picked":["construct:FocusedBeam","construct:Stasis"],"picked":"construct:ReactiveShield","floor":7},{"not_picked":["construct:ShiftGuard","construct:ScrapCannon"],"picked":"Bomb","floor":8},{"not_picked":["construct:Backfire","construct:Backup"],"picked":"construct:Reinforce","floor":10},{"not_picked":["construct:Accumulate","construct:Versatility"],"picked":"construct:SweepLaser","floor":12},{"not_picked":["construct:Synchronize","construct:ScopeCore"],"picked":"construct:Chainstrike","floor":14},{"not_picked":["construct:PanicFire","construct:ShieldBurst"],"picked":"construct:ShieldGenerator","floor":16},{"not_picked":["construct:SyphonStrike","construct:Backfire"],"picked":"construct:Zapper","floor":18},{"not_picked":["construct:Construct_Overclock+1","construct:Forcefield","construct:PanicFire"],"picked":"SKIP","floor":20},{"not_picked":["construct:SyphonStrike","construct:Backfire+1"],"picked":"construct:FocusedBeam+1","floor":22},{"not_picked":["construct:Electrocute","construct:ScrapCannon"],"picked":"construct:PointDefense","floor":28},{"not_picked":["construct:Autoturret","construct:FocusedBeam"],"picked":"construct:LaserCore+1","floor":31},{"not_picked":["construct:HastyRepair","construct:MemoryTap"],"picked":"construct:SpinDrive","floor":33},{"not_picked":["construct:Accumulate","construct:Analyze"],"picked":"construct:GuardCore","floor":35},{"not_picked":["construct:UnbalancingBlast+1","construct:Reinforce"],"picked":"construct:FierceBash","floor":37},{"not_picked":["construct:Forcefield+1","construct:ScopeCore","construct:Anticipate+1"],"picked":"SKIP","floor":41},{"not_picked":["construct:Forcefield","construct:Analyze+1","construct:Accumulate"],"picked":"SKIP","floor":46},{"not_picked":["construct:Versatility","construct:SyphonStrike+1"],"picked":"construct:Hazardproof","floor":54}],"player_experience":163447,"relics_obtained":[{"floor":10,"key":"GuppysPaw"},{"floor":10,"key":"SSSystem"},{"floor":14,"key":"TheBible"},{"floor":26,"key":"DemoMod:ClearGuonStone"},{"floor":37,"key":"Thread and Needle"},{"floor":40,"key":"Garlic"},{"floor":43,"key":"BelialBook"},{"floor":47,"key":"Frozen Egg 2"},{"floor":54,"key":"DoctorsRemote"}],"event_choices":[{"damage_healed":0,"gold_gain":0,"player_choice":"Success","damage_taken":7,"relics_obtained":["Centennial Puzzle"],"max_hp_gain":0,"max_hp_loss":0,"event_name":"Scrap Ooze","floor":4,"gold_loss":0},{"damage_healed":0,"gold_gain":0,"player_choice":"Fight","damage_taken":0,"max_hp_gain":0,"max_hp_loss":0,"event_name":"HidenRoomEvent","floor":10,"gold_loss":0},{"damage_healed":0,"gold_gain":275,"player_choice":"Desecrate","damage_taken":0,"max_hp_gain":0,"max_hp_loss":0,"event_name":"Golden Shrine","floor":24,"gold_loss":0,"cards_obtained":["Regret"]},{"cards_removed":["construct:Defend_Gold"],"damage_healed":0,"gold_gain":0,"player_choice":"Offered Basic","damage_taken":0,"max_hp_gain":0,"max_hp_loss":0,"event_name":"Bonfire Elementals","floor":36,"gold_loss":0},{"damage_healed":122,"gold_gain":0,"player_choice":"Heal","damage_taken":0,"max_hp_gain":0,"max_hp_loss":17,"event_name":"The Moai Head","floor":38,"gold_loss":0},{"damage_healed":0,"gold_gain":0,"player_choice":"Bought 1 Potion","damage_taken":0,"max_hp_gain":0,"max_hp_loss":0,"event_name":"The Woman in Blue","floor":44,"gold_loss":0},{"cards_removed":["construct:ShieldGenerator"],"damage_healed":0,"gold_gain":0,"player_choice":"Removed Power","damage_taken":0,"max_hp_gain":0,"max_hp_loss":0,"event_name":"Falling","floor":48,"gold_loss":0}],"is_beta":false,"boss_relics":[{"not_picked":["Philosopher\u0027s Stone","conspire:SeveredTorchhead"],"picked":"Replay:Bronze Core"},{"not_picked":[]},{"not_picked":["Velvet Choker","vexMod:CursedCompass"],"picked":"SacredBark"},{"not_picked":[]}],"items_purged_floors":[27],"is_endless":false,"potions_floor_spawned":[2,7,8,18,20,22,35,41],"killed_by":"Delirium","ascension_level":0}}