{"host":"dyggtcpod2kd5hqt","time":1610825445,"event":{"mods":["2.2 Compatiblity","AchievementEnabler","BaseMod","Bestiary","Block Reminder","Colored Map","Colored Powertips","Minty Spire (QoL Compilation)","Quick Restart","Rare Cards Sparkle","Relic Stats","Unknown Chances"],"gold_per_floor":[115,132,132,149,149,149,174,192,192,43,43,78,43,64,64,189,189,209,227,52,52,52,83,102,102,102,115,115,115,159,159,159,284,284,297,297,630,245,287,287,349,349,376,376,431,431,129,221,221,251,251,251,28,54,54],"floor_reached":56,"language":"ENG","playtime":5318,"items_purged":["Parasite"],"score":1389,"play_id":"1d1b350d-39d1-45ca-8f06-1e2115b82855","local_time":"20210116143045","is_ascension_mode":true,"campfire_choices":[{"data":"PathToVictory","floor":6.0,"key":"SMITH"},{"data":"Scrawl","floor":11.0,"key":"SMITH"},{"floor":15.0,"key":"REST"},{"floor":29.0,"key":"REST"},{"floor":32.0,"key":"REST"},{"floor":40.0,"key":"RECALL"},{"floor":44.0,"key":"REST"},{"floor":49.0,"key":"REST"},{"floor":52.0,"key":"REST"}],"circlet_count":0,"master_deck":["Strike_P","Strike_P","Strike_P","Strike_P","Defend_P","Defend_P+1","Defend_P+1","Defend_P","Eruption","Vigilance","DevaForm","PathToVictory+1","Weave","Crescendo","Weave","Scrawl+1","PathToVictory+1","MentalFortress","JustLucky","Omniscience+1","Tantrum+1","TalkToTheHand","EmptyFist","DevaForm","FlurryOfBlows","FlurryOfBlows+1","Ghostly+1","Ghostly+1","Ghostly+1","Ghostly+1","Ghostly+1","PathToVictory+1","Wish+1","DeceiveReality+1","Madness+1","Madness+1","Madness+1","Weave","JustLucky","ThirdEye+1","Finesse+1","FlurryOfBlows+1","Adaptation+1"],"relics":["PureWater","Odd Mushroom","Shuriken","Toxic Egg 2","Fusion Hammer","Turnip","Happy Flower","Kunai","Nilry\u0027s Codex","Meat on the Bone","Cursed Key","Toolbox","Juzu Bracelet","HornCleat","Strange Spoon","Dream Catcher","Akabeko","ClockworkSouvenir","Bronze Scales"],"acts_visited":["Exordium","TheCity","TheBeyond","TheEnding"],"potions_floor_usage":[],"damage_taken":[{"damage":2.0,"enemies":"Jaw Worm","floor":1.0,"turns":3.0},{"damage":4.0,"enemies":"2 Louse","floor":2.0,"turns":4.0},{"damage":0.0,"enemies":"Small Slimes","floor":4.0,"turns":4.0},{"damage":0.0,"enemies":"The Mushroom Lair","floor":7.0,"turns":3.0},{"damage":6.0,"enemies":"Looter","floor":8.0,"turns":4.0},{"damage":18.0,"enemies":"3 Sentries","floor":12.0,"turns":10.0},{"damage":0.0,"enemies":"Exordium Wildlife","floor":14.0,"turns":2.0},{"damage":10.0,"enemies":"Hexaghost","floor":16.0,"turns":8.0},{"damage":0.0,"enemies":"3 Byrds","floor":18.0,"turns":4.0},{"damage":17.0,"enemies":"Shell Parasite","floor":19.0,"turns":4.0},{"damage":23.0,"enemies":"Book of Stabbing","floor":23.0,"turns":4.0},{"damage":6.0,"enemies":"Centurion and Healer","floor":24.0,"turns":3.0},{"damage":0.0,"enemies":"Cultist and Chosen","floor":27.0,"turns":4.0},{"damage":4.0,"enemies":"Gremlin Leader","floor":30.0,"turns":6.0},{"damage":12.0,"enemies":"Champ","floor":33.0,"turns":9.0},{"damage":0.0,"enemies":"3 Darklings","floor":35.0,"turns":3.0},{"damage":0.0,"enemies":"Orb Walker","floor":39.0,"turns":4.0},{"damage":5.0,"enemies":"Nemesis","floor":41.0,"turns":5.0},{"damage":0.0,"enemies":"Giant Head","floor":45.0,"turns":7.0},{"damage":6.0,"enemies":"Reptomancer","floor":48.0,"turns":4.0},{"damage":1.0,"enemies":"Donu and Deca","floor":50.0,"turns":9.0},{"damage":3.0,"enemies":"Shield and Spear","floor":54.0,"turns":7.0},{"damage":19,"enemies":"The Heart","floor":55,"turns":6}],"seed_played":"221324929117258196","potions_obtained":[{"floor":2.0,"key":"DistilledChaos"},{"floor":8.0,"key":"GamblersBrew"},{"floor":12.0,"key":"Explosive Potion"},{"floor":16.0,"key":"PowerPotion"},{"floor":23.0,"key":"Explosive Potion"},{"floor":24.0,"key":"Dexterity Potion"},{"floor":33.0,"key":"Strength Potion"},{"floor":45.0,"key":"SteroidPotion"}],"is_trial":false,"path_per_floor":["M","M","?","M","?","R","?","M","T","$","R","E","$","M","R","B",null,"M","M","$","?","?","E","M","?","T","M","?","R","E","?","R","B",null,"M","?","?","$","M","R","E","?","T","R","E","?","$","E","R","B",null,"R","$","E","B",null],"character_chosen":"WATCHER","items_purchased":["Weave","Scrawl","MentalFortress","EmptyFist","DevaForm","Madness+1","Weave","JustLucky","ThirdEye+1","Toolbox","Strange Spoon","Dream Catcher","ClockworkSouvenir"],"campfire_rested":6,"item_purchase_floors":[10,10,13,20,20,38,38,38,38,38,47,47,53],"current_hp_per_floor":[70,66,52,52,34,34,34,28,28,28,28,10,10,10,31,21,72,72,55,55,55,55,32,26,26,26,26,10,20,16,16,26,26,36,36,31,31,31,31,31,26,26,26,36,36,36,36,30,36,35,36,36,33,30,23],"gold":54,"neow_bonus":"ONE_RANDOM_RARE_CARD","is_daily":false,"chose_seed":false,"campfire_upgraded":2,"win_rate":0.0,"timestamp":1610825445,"path_taken":["M","M","?","M","?","R","?","M","T","$","R","E","$","M","R","BOSS","M","M","$","?","?","E","?","?","T","M","?","R","E","?","R","BOSS","M","?","?","$","M","R","E","?","T","R","E","?","$","E","R","BOSS","R","$","E","BOSS"],"items_purchased_type":["Card","Card","Card","Card","Card","Card","Card","Card","Card","Relic","Relic","Relic","Relic"],"build_version":"2020-12-22","purchased_purges":1,"victory":true,"max_hp_per_floor":[72,72,72,72,72,72,72,72,72,72,72,72,72,72,72,72,72,72,72,72,72,72,72,72,36,36,36,36,36,36,36,36,36,36,36,36,36,36,36,36,36,36,36,36,36,36,36,36,36,36,36,36,33,33,33],"relic_stats":{"Strange Spoon":[20],"Dream Catcher":2,"Happy Flower":[22],"counters":[23,117],"Shuriken":[68],"Bronze Scales":[50],"Turnip":[6],"Juzu Bracelet":0,"Kunai":[50],"Cursed Key":1,"obtain_stats":[{"Happy Flower":23,"Golden Idol":5,"Nilry\u0027s Codex":28,"Juzu Bracelet":41,"Odd Mushroom":7,"Cursed Key":34,"Akabeko":48,"ClockworkSouvenir":53,"Strange Spoon":47,"Dream Catcher":47,"HornCleat":45,"Shuriken":9,"Bronze Scales":54,"Toolbox":38,"Fusion Hammer":17,"Turnip":21,"Kunai":26,"PureWater":0,"Toxic Egg 2":12,"Meat on the Bone":30},{"Happy Flower":11,"Golden Idol":3,"Nilry\u0027s Codex":13,"Juzu Bracelet":18,"Odd Mushroom":4,"Cursed Key":15,"Akabeko":20,"ClockworkSouvenir":21,"Strange Spoon":19,"Dream Catcher":19,"HornCleat":19,"Shuriken":5,"Bronze Scales":22,"Toolbox":16,"Fusion Hammer":8,"Turnip":10,"Kunai":12,"PureWater":0,"Toxic Egg 2":6,"Meat on the Bone":14},{"Happy Flower":50,"Golden Idol":11,"Nilry\u0027s Codex":57,"Juzu Bracelet":84,"Odd Mushroom":14,"Cursed Key":72,"Akabeko":95,"ClockworkSouvenir":104,"Strange Spoon":91,"Dream Catcher":91,"HornCleat":91,"Shuriken":18,"Bronze Scales":111,"Toolbox":75,"Fusion Hammer":38,"Turnip":46,"Kunai":53,"PureWater":0,"Toxic Egg 2":28,"Meat on the Bone":63}],"Meat on the Bone":24},"card_choices":[{"not_picked":["Evaluate","EmptyBody"],"picked":"PathToVictory","floor":1.0},{"not_picked":["Pray","EmptyBody"],"picked":"Weave","floor":2.0},{"not_picked":["FlyingSleeves","SashWhip","EmptyBody"],"picked":"SKIP","floor":4.0},{"not_picked":["Collect","FlyingSleeves"],"picked":"Consecrate","floor":7.0},{"not_picked":["FlyingSleeves","ThirdEye"],"picked":"Crescendo","floor":8.0},{"not_picked":["MentalFortress","WreathOfFlame+1"],"picked":"PathToVictory+1","floor":12.0},{"not_picked":["Alpha+1","Crescendo+1"],"picked":"JustLucky","floor":14.0},{"not_picked":["Scrawl+1","DevaForm"],"picked":"Omniscience+1","floor":16.0},{"not_picked":["Consecrate+1","Collect+1"],"picked":"Tantrum+1","floor":18.0},{"not_picked":["EmptyFist","FlurryOfBlows"],"picked":"TalkToTheHand","floor":19.0},{"not_picked":["EmptyFist","EmptyBody+1"],"picked":"FlurryOfBlows","floor":23.0},{"not_picked":["BowlingBash","FollowUp"],"picked":"FlurryOfBlows+1","floor":24.0},{"not_picked":["WreathOfFlame+1","SignatureMove","Protect+1"],"picked":"SKIP","floor":27.0},{"not_picked":["Devotion","Conclude"],"picked":"PathToVictory+1","floor":30.0},{"not_picked":["SpiritShield+1","DevaForm"],"picked":"Wish+1","floor":33.0},{"not_picked":["Wallop","EmptyFist+1"],"picked":"DeceiveReality+1","floor":35.0},{"not_picked":["BowlingBash+1","WheelKick","CrushJoints+1"],"picked":"SKIP","floor":39.0},{"not_picked":["FollowUp+1","CutThroughFate","CrushJoints+1"],"picked":"SKIP","floor":41.0},{"not_picked":["Dramatic Entrance","Mayhem"],"picked":"Finesse+1","floor":42.0},{"not_picked":["Vengeance+1","Crescendo+1","Protect+1"],"picked":"SKIP","floor":45.0},{"not_picked":["DevaForm","JustLucky+1"],"picked":"FlurryOfBlows+1","floor":48.0},{"not_picked":["Judgement+1","Omniscience+1"],"picked":"Adaptation+1","floor":54.0}],"player_experience":747805,"relics_obtained":[{"floor":7.0,"key":"Odd Mushroom"},{"floor":9.0,"key":"Shuriken"},{"floor":12.0,"key":"Toxic Egg 2"},{"floor":23.0,"key":"Happy Flower"},{"floor":26.0,"key":"Kunai"},{"floor":28.0,"key":"Nilry\u0027s Codex"},{"floor":30.0,"key":"Meat on the Bone"},{"floor":41.0,"key":"Juzu Bracelet"},{"floor":45.0,"key":"HornCleat"},{"floor":48.0,"key":"Akabeko"},{"floor":54.0,"key":"Bronze Scales"}],"event_choices":[{"damage_healed":0.0,"max_hp_gain":0.0,"max_hp_loss":0.0,"gold_gain":0.0,"event_name":"Shining Light","player_choice":"Entered Light","floor":3.0,"gold_loss":0.0,"damage_taken":14.0,"cards_upgraded":["Defend_P","Defend_P"]},{"damage_healed":0.0,"max_hp_gain":0.0,"max_hp_loss":0.0,"gold_gain":0.0,"event_name":"Golden Idol","player_choice":"Take Damage","floor":5.0,"gold_loss":0.0,"damage_taken":18.0,"relics_obtained":["Golden Idol"]},{"damage_healed":0.0,"max_hp_gain":0.0,"max_hp_loss":0.0,"gold_gain":0.0,"event_name":"Mushrooms","player_choice":"Fought Mushrooms","floor":7.0,"gold_loss":0.0,"damage_taken":0.0},{"damage_healed":0.0,"max_hp_gain":0.0,"max_hp_loss":0.0,"gold_gain":0.0,"event_name":"The Mausoleum","player_choice":"Opened","floor":21.0,"gold_loss":0.0,"damage_taken":0.0,"relics_obtained":["Turnip"]},{"damage_healed":0.0,"max_hp_gain":0.0,"max_hp_loss":0.0,"gold_gain":0.0,"event_name":"The Woman in Blue","player_choice":"Bought 0 Potions","floor":22.0,"gold_loss":0.0,"damage_taken":0.0},{"damage_healed":0.0,"max_hp_gain":0.0,"max_hp_loss":36.0,"gold_gain":0.0,"event_name":"Ghosts","player_choice":"Became a Ghost","floor":25.0,"gold_loss":0.0,"damage_taken":0.0,"cards_obtained":["Ghostly","Ghostly","Ghostly","Ghostly","Ghostly"]},{"damage_healed":0.0,"max_hp_gain":0.0,"max_hp_loss":0.0,"gold_gain":0.0,"event_name":"Cursed Tome","player_choice":"Obtained Book","floor":28.0,"gold_loss":0.0,"damage_taken":16.0},{"damage_healed":0.0,"max_hp_gain":0.0,"max_hp_loss":0.0,"gold_gain":0.0,"event_name":"Vampires","player_choice":"Ignored","floor":31.0,"gold_loss":0.0,"damage_taken":0.0},{"damage_healed":0.0,"max_hp_gain":0.0,"max_hp_loss":0.0,"gold_gain":0.0,"event_name":"Winding Halls","player_choice":"Embrace Madness","floor":36.0,"gold_loss":0.0,"damage_taken":5.0,"cards_obtained":["Madness","Madness"]},{"damage_healed":0.0,"max_hp_gain":0.0,"max_hp_loss":0.0,"gold_gain":333.0,"event_name":"The Moai Head","player_choice":"Gave Idol","floor":37.0,"relics_lost":["Golden Idol"],"gold_loss":0.0,"damage_taken":0.0},{"damage_healed":0.0,"max_hp_gain":0.0,"max_hp_loss":0.0,"gold_gain":0.0,"event_name":"SensoryStone","player_choice":"Memory 1","floor":42.0,"gold_loss":0.0,"damage_taken":0.0},{"cards_removed":["Consecrate"],"damage_healed":0.0,"max_hp_gain":0.0,"max_hp_loss":0.0,"gold_gain":0.0,"event_name":"Falling","player_choice":"Removed Attack","floor":46.0,"gold_loss":0.0,"damage_taken":0.0}],"is_beta":false,"boss_relics":[{"not_picked":["Calling Bell","HolyWater"],"picked":"Fusion Hammer"},{"not_picked":["Tiny House","Empty Cage"],"picked":"Cursed Key"}],"items_purged_floors":[53],"is_endless":false,"potions_floor_spawned":[2,8,12,16,23,24,27,33,45],"ascension_level":2}}