{"host":"jexbkylv34f8xu3o","time":1610799242,"event":{"mods":["AchievementEnabler","BaseMod","Colored Map","Colored Powertips","GifTheSpireLib","Highlight Path","Minty Spire (QoL Compilation)","Quick Restart","StSLib"],"gold_per_floor":[113,132,82,82,100,120,147,226,226,254,279,57,57,57],"floor_reached":13,"language":"ENG","playtime":254,"items_purged":["Strike_R"],"score":140,"play_id":"6b132bb2-25a3-4ddd-a99d-8282d7de94c6","local_time":"20210116091402","is_ascension_mode":true,"campfire_choices":[],"circlet_count":0,"master_deck":["AscendersBane","Strike_R","Strike_R","Strike_R","Strike_R","Defend_R","Defend_R+1","Defend_R+1","Bash","Shrug It Off","Dropkick","Searing Blow","Shrug It Off","Seeing Red"],"relics":["Burning Blood","NeowsBlessing","CultistMask","Pear","Pocketwatch","Prayer Wheel","War Paint","HandDrill"],"acts_visited":["Exordium"],"potions_floor_usage":[],"damage_taken":[{"damage":0.0,"enemies":"Small Slimes","floor":1.0,"turns":1.0},{"damage":0.0,"enemies":"2 Louse","floor":2.0,"turns":1.0},{"damage":0.0,"enemies":"Cultist","floor":5.0,"turns":1.0},{"damage":13.0,"enemies":"Blue Slaver","floor":6.0,"turns":4.0},{"damage":61.0,"enemies":"Gremlin Nob","floor":7.0,"turns":6.0},{"damage":29.0,"enemies":"Lagavulin","floor":10.0,"turns":6.0},{"damage":20,"enemies":"Gremlin Nob","floor":13,"turns":4}],"seed_played":"-1839975300740011655","potions_obtained":[{"floor":2.0,"key":"DuplicationPotion"},{"floor":7.0,"key":"BloodPotion"}],"is_trial":false,"path_per_floor":["M","M","?","?","M","M","E","?","T","E","T","$","E"],"character_chosen":"IRONCLAD","items_purchased":["HandDrill"],"campfire_rested":0,"item_purchase_floors":[12],"current_hp_per_floor":[78,80,80,80,80,73,46,46,46,23,23,23,3,3],"gold":57,"neow_bonus":"THREE_ENEMY_KILL","is_daily":false,"chose_seed":false,"campfire_upgraded":0,"win_rate":0.0,"timestamp":1610799242,"path_taken":["M","M","?","?","?","M","E","?","T","E","?","$","E"],"items_purchased_type":["Relic"],"build_version":"2020-12-22","purchased_purges":1,"victory":false,"max_hp_per_floor":[80,80,80,80,80,80,90,90,90,90,90,90,90,90],"card_choices":[{"not_picked":["Clash","Armaments"],"picked":"Shrug It Off","floor":1.0},{"not_picked":["Flex","Warcry"],"picked":"Dropkick","floor":2.0},{"not_picked":["Shockwave","Power Through"],"picked":"Searing Blow","floor":5.0},{"not_picked":["Havoc","Body Slam"],"picked":"Shrug It Off","floor":6.0},{"not_picked":["Twin Strike","Pummel"],"picked":"Seeing Red","floor":7.0},{"not_picked":["Searing Blow","Anger","Rupture"],"picked":"SKIP","floor":10.0}],"player_experience":558908,"relics_obtained":[{"floor":7.0,"key":"Pear"},{"floor":9.0,"key":"Pocketwatch"},{"floor":10.0,"key":"Prayer Wheel"},{"floor":11.0,"key":"War Paint"}],"event_choices":[{"cards_removed":["Defend_R"],"damage_healed":0.0,"max_hp_gain":0.0,"max_hp_loss":0.0,"gold_gain":0.0,"event_name":"The Cleric","player_choice":"Card Removal","floor":3.0,"gold_loss":50.0,"damage_taken":0.0},{"damage_healed":0.0,"max_hp_gain":0.0,"max_hp_loss":0.0,"gold_gain":0.0,"event_name":"FaceTrader","player_choice":"Trade","floor":4.0,"gold_loss":0.0,"damage_taken":0.0,"relics_obtained":["CultistMask"]},{"damage_healed":0.0,"max_hp_gain":0.0,"max_hp_loss":0.0,"gold_gain":79.0,"event_name":"Golden Wing","player_choice":"Gained Gold","floor":8.0,"gold_loss":0.0,"damage_taken":0.0}],"is_beta":false,"boss_relics":[],"items_purged_floors":[12],"is_endless":false,"potions_floor_spawned":[2,7],"killed_by":"Gremlin Nob","ascension_level":10}}