{"host":"i0xrm7p89v8es8ob","time":1610807977,"event":{"mods":["ATMod(°¢èªMod)","Act Like it!","Aspiration","BaseMod","Conspire","Dota2Spire","Minty Spire (QoL Compilation)","Pale of the Ancients","Permanent Neow","Quick Restart","Relic Stats","Replay The Spire","Spicy Shops","StSLib","The Dragon Tamer","The IronCluck","The Servant 0.9.4","vexMod","¡¾ÒÅÎï¿¨ÅÆ¡¿REMEMod"],"gold_per_floor":[118,68,68,68,89,89,135,179,256,256,281,312,325,360,360,465,465,481,516,21,53,53,78,78,78,104,104,4,69,69,84,84,186,186,198,235,251,296,346,346,366,366,417,429,7,7,37,56,56,56,75,87,87,87,87,21,21,21,21,36],"floor_reached":61,"language":"ZHS","playtime":4965,"items_purged":[],"score":1423,"play_id":"b45fc6da-2df0-4399-a08b-6c2e8a6d806c","local_time":"20210116223937","is_ascension_mode":false,"campfire_choices":[{"data":"AT_FamilyPortrait","floor":6.0,"key":"SMITH"},{"data":"Spin","floor":10.0,"key":"SMITH"},{"data":"BestPractice","floor":15.0,"key":"SMITH"},{"data":"GearUp","floor":24.0,"key":"SMITH"},{"floor":30.0,"key":"REST"},{"data":"Seeing Red","floor":55,"key":"SMITH"},{"data":"Revamp","floor":57,"key":"SMITH"}],"circlet_count":0,"master_deck":["Strike_S","Strike_S","Strike_S","Strike_S","Defend_S","Defend_S","Defend_S","Defend_S","KidneyShot","Exchange","AT_Dispersion+1","AT_FamilyPortrait+1","Spin+1","conspire:SpireCoStock+1","Ricochet+1","Dilation","Defy","Ricochet+1","Foresight","SilverBlades+1","BestPractice+1","Defy+1","Deny","Manipulate","Gouge","GearUp+1","Revamp+1","ShatteredReality+1","Dilation","BestPractice+1","J.A.X.+1","ReplayTheSpireMod:Splinters","Armaments+1","Hidden Blade","SurpressingFire+1","Run Through+1","ShiftingGears+1","Turbo","Replay:Undeath\u0027s Touch+1","AT_ShrugMaster+1","Dark Shackles","Flex","Seeing Red+1","Starlight+1","Draining Mist+1"],"relics":["Uniform","REME_ComplimentaryCards","AT_ATBox","aspiration:Nostalgia","Ring of the Snake","conspire:GiftBox","Dota2Spire:OrchidMalevolence","vexMod:MysteryBossChallenge","aspiration:Stellarator","AT_BladeRuinedKing","Pen Nib","conspire:TopHat","PrismaticShard","AT_ArcaneBoots","Replay:Wax Seal","REME_PuzzleBoxRelic","aspiration:ArtOfWarUpgrade","vexMod:ImprovementManual","REME_HourglassOfDeath","Dota2Spire:Butterfly","CaptainsWheel","Toy Ornithopter","Dota2Spire:LotusOrb","War Paint","aspiration:Lifesprig","TungstenRod","paleoftheancients:Timepiece","Ice Cream","Letter Opener","paleoftheancients:SoulOfTheSilent","conspire:DeflatedDodgeball","Replay:Arrowhead"],"acts_visited":["Exordium","TheCity","TheBeyond","TheBeyond"],"potions_floor_usage":[52],"damage_taken":[{"damage":7.0,"enemies":"2 Louse","floor":1.0,"turns":3.0},{"damage":0.0,"enemies":"Small Slimes","floor":5.0,"turns":3.0},{"damage":28.0,"enemies":"Lagavulin","floor":7.0,"turns":9.0},{"damage":0.0,"enemies":"Jaw Worm","floor":8.0,"turns":5.0},{"damage":0.0,"enemies":"3 Louse","floor":11.0,"turns":1.0},{"damage":9.0,"enemies":"Exordium Wildlife","floor":12.0,"turns":7.0},{"damage":0.0,"enemies":"Large Slime","floor":13.0,"turns":2.0},{"damage":4.0,"enemies":"Looter","floor":14.0,"turns":4.0},{"damage":7.0,"enemies":"Slime Boss","floor":16.0,"turns":4.0},{"damage":6.0,"enemies":"2 Thieves","floor":18.0,"turns":2.0},{"damage":0.0,"enemies":"Chosen","floor":19.0,"turns":4.0},{"damage":9.0,"enemies":"Centurion and Healer","floor":21.0,"turns":5.0},{"damage":18.0,"enemies":"Gremlin Leader","floor":23.0,"turns":4.0},{"damage":0.0,"enemies":"Chosen and Byrds","floor":31.0,"turns":3.0},{"damage":0.0,"enemies":"Champ","floor":33.0,"turns":5.0},{"damage":10.0,"enemies":"3 Darklings","floor":35.0,"turns":3.0},{"damage":18.0,"enemies":"conspire:MimicChest","floor":36.0,"turns":6.0},{"damage":3.0,"enemies":"3 Shapes","floor":37.0,"turns":2.0},{"damage":9.0,"enemies":"2 Orb Walkers","floor":38.0,"turns":2.0},{"damage":5.0,"enemies":"Mind Bloom Boss Battle","floor":39.0,"turns":4.0},{"damage":0.0,"enemies":"Maw","floor":41.0,"turns":5.0},{"damage":22.0,"enemies":"4 Shapes","floor":44.0,"turns":2.0},{"damage":0.0,"enemies":"R_Hoarder","floor":47.0,"turns":5.0},{"damage":9.0,"enemies":"Jaw Worm Horde","floor":48.0,"turns":3.0},{"damage":4.0,"enemies":"Time Eater","floor":50.0,"turns":5.0},{"damage":35.0,"enemies":"Time Eater","floor":51.0,"turns":5.0},{"damage":6,"enemies":"Time Eater","floor":52,"turns":4},{"damage":0,"enemies":"Time Eater","floor":56,"turns":11},{"damage":79,"enemies":"paleoftheancients:N","floor":60,"turns":10}],"seed_played":"1990556613641172496","potions_obtained":[{"floor":5.0,"key":"Swift Potion"},{"floor":7.0,"key":"BlessingOfTheForge"},{"floor":8.0,"key":"Dota2Spire:HealingSalve"},{"floor":11.0,"key":"FairyPotion"},{"floor":14.0,"key":"Dota2Spire:Clarity"},{"floor":21.0,"key":"PowerPotion"},{"floor":23.0,"key":"PowerPotion"},{"floor":33.0,"key":"ColorlessPotion"},{"floor":35.0,"key":"REME_GoldPotion"},{"floor":36.0,"key":"SkillPotion"},{"floor":37.0,"key":"CultistPotion"},{"floor":52,"key":"REME_GoldPotion"},{"floor":56,"key":"Venom Potion"}],"is_trial":false,"path_per_floor":["M","?","?","$","M","R","E","M","T","R","M","M","M","M","R","B",null,"M","M","$","M","$","E","R","?","T","?","$","?","R","M","R","B",null,"M","?","M","?","?","R","M","?","T","M","$","?","E","M","R","B","M","M","?","T","R","M","R","T","?","B",null],"character_chosen":"THE_SERVANT","items_purchased":["AT_BladeRuinedKing","GearUp","Revamp","Pen Nib","Replay:Wax Seal","REME_PuzzleBoxRelic","Dota2Spire:LotusOrb","War Paint","aspiration:Lifesprig","Dota2Spire:HealingSalve"],"campfire_rested":1,"item_purchase_floors":[20,20,20,20,28,28,45,45,45,45],"current_hp_per_floor":[58,58,58,58,58,58,30,30,30,30,30,39,39,35,35,28,65,59,59,59,50,50,32,32,24,24,24,24,24,43,43,43,43,65,55,37,34,25,20,20,20,20,20,8,8,8,25,30,49,65,48,47,54,54,54,59,59,59,59,4],"gold":36,"neow_bonus":"NOSTALGIA","is_daily":false,"chose_seed":false,"campfire_upgraded":6,"win_rate":0.0,"timestamp":1610807977,"path_taken":["M","?","?","$","M","R","E","M","T","R","M","M","M","M","R","BOSS","M","M","$","M","$","E","R","?","T","?","?","?","R","M","R","BOSS","M","?","M","?","?","R","?","?","T","M","$","?","E","M","R","BOSS","M","M","?","T","R","M","R","T","?","BOSS"],"items_purchased_type":["Relic","Card","Card","Relic","Relic","Relic","Relic","Relic","Relic","Potion"],"build_version":"2020-12-22","purchased_purges":0,"victory":true,"max_hp_per_floor":[65,65,65,65,65,65,65,65,65,65,65,65,65,65,65,65,65,65,65,65,65,65,65,65,65,65,65,65,65,65,65,65,65,65,65,65,65,65,65,65,65,65,65,65,65,65,65,65,65,65,65,65,65,65,65,65,65,65,65,65],"relic_stats":{"counters":[29,128],"Pen Nib":[15],"Letter Opener":[347],"War Paint":["conspire:SpireCoStock","Defy"],"obtain_stats":[{"Ice Cream":50,"aspiration:Lifesprig":45,"AT_ATBox":0,"aspiration:Stellarator":17,"Dota2Spire:OrchidMalevolence":9,"AT_ArcaneBoots":50,"Uniform":0,"PrismaticShard":25,"conspire:TopHat":23,"Dota2Spire:LotusOrb":45,"aspiration:ArtOfWarUpgrade":40,"Replay:Wax Seal":28,"Ring of the Snake":0,"aspiration:Nostalgia":0,"vexMod:MysteryBossChallenge":17,"AT_BladeRuinedKing":20,"Pen Nib":20,"Letter Opener":50,"War Paint":45,"Replay:Arrowhead":58,"paleoftheancients:Timepiece":50,"conspire:GiftBox":7,"AT_SpeedBoots":26,"CaptainsWheel":39,"Dota2Spire:Butterfly":38,"REME_HourglassOfDeath":36,"Art of War":29,"paleoftheancients:SoulOfTheSilent":52,"REME_PuzzleBoxRelic":28,"conspire:DeflatedDodgeball":54,"vexMod:ImprovementManual":34,"Toy Ornithopter":43,"TungstenRod":47,"REME_ComplimentaryCards":0},{"Ice Cream":25,"aspiration:Lifesprig":22,"AT_ATBox":0,"aspiration:Stellarator":9,"Dota2Spire:OrchidMalevolence":4,"AT_ArcaneBoots":25,"Uniform":0,"PrismaticShard":13,"conspire:TopHat":13,"Dota2Spire:LotusOrb":22,"aspiration:ArtOfWarUpgrade":20,"Replay:Wax Seal":13,"Ring of the Snake":0,"aspiration:Nostalgia":0,"vexMod:MysteryBossChallenge":9,"AT_BladeRuinedKing":11,"Pen Nib":11,"Letter Opener":25,"War Paint":22,"Replay:Arrowhead":28,"paleoftheancients:Timepiece":25,"conspire:GiftBox":3,"AT_SpeedBoots":13,"CaptainsWheel":20,"Dota2Spire:Butterfly":19,"REME_HourglassOfDeath":17,"Art of War":13,"paleoftheancients:SoulOfTheSilent":27,"REME_PuzzleBoxRelic":13,"conspire:DeflatedDodgeball":27,"vexMod:ImprovementManual":15,"Toy Ornithopter":21,"TungstenRod":23,"REME_ComplimentaryCards":0},{"Ice Cream":98,"aspiration:Lifesprig":85,"AT_ATBox":0,"aspiration:Stellarator":38,"Dota2Spire:OrchidMalevolence":20,"AT_ArcaneBoots":97,"Uniform":0,"PrismaticShard":53,"conspire:TopHat":53,"Dota2Spire:LotusOrb":85,"aspiration:ArtOfWarUpgrade":78,"Replay:Wax Seal":53,"Ring of the Snake":0,"aspiration:Nostalgia":0,"vexMod:MysteryBossChallenge":38,"AT_BladeRuinedKing":44,"Pen Nib":44,"Letter Opener":98,"War Paint":85,"Replay:Arrowhead":118,"paleoftheancients:Timepiece":98,"conspire:GiftBox":15,"AT_SpeedBoots":53,"CaptainsWheel":78,"Dota2Spire:Butterfly":74,"REME_HourglassOfDeath":70,"Art of War":53,"paleoftheancients:SoulOfTheSilent":107,"REME_PuzzleBoxRelic":53,"conspire:DeflatedDodgeball":107,"vexMod:ImprovementManual":61,"Toy Ornithopter":83,"TungstenRod":90,"REME_ComplimentaryCards":0}],"Toy Ornithopter":30,"TungstenRod":45,"Ring of the Snake":[58]},"card_choices":[{"not_picked":["Unruled","Defy"],"picked":"Spin","floor":1.0},{"not_picked":["Starlight","Advance"],"picked":"Ricochet","floor":5.0},{"not_picked":["FloweringNight","Deny"],"picked":"Dilation","floor":7.0},{"not_picked":["StarChef","PendulumOfEternity"],"picked":"Defy","floor":7.0},{"not_picked":["Misdirection","ShatteredReality"],"picked":"Ricochet","floor":8.0},{"not_picked":["WasteNot","TimeWarp"],"picked":"Foresight","floor":11.0},{"not_picked":["ReturningBlade","FastForward"],"picked":"SilverBlades","floor":12.0},{"not_picked":["Rewind","Spin"],"picked":"BestPractice","floor":13.0},{"not_picked":["Unruled","WasteNot"],"picked":"Defy","floor":14.0},{"not_picked":["ForgedInTime","LightFlow"],"picked":"Deny","floor":16.0},{"not_picked":["Ricochet","Reset+1"],"picked":"Manipulate","floor":18.0},{"not_picked":["Rearm","InstantArmor"],"picked":"Gouge","floor":19.0},{"not_picked":["DoubleEdge","ShiftingGears"],"picked":"ShatteredReality","floor":21.0},{"not_picked":["TimeWarp","Ricochet"],"picked":"Dilation","floor":23.0},{"not_picked":["Replace","Sabotage"],"picked":"BestPractice+1","floor":25.0},{"not_picked":["SashWhip","AT_BodySlamDance"],"picked":"Armaments","floor":29.0},{"not_picked":["Backflip","Cold Snap"],"picked":"Hidden Blade","floor":31.0},{"not_picked":["Storm+1","REME_MusicOfDeath"],"picked":"SurpressingFire+1","floor":35.0},{"not_picked":["ReplayTheSpireMod:Exploit Weakness","DTMod:ComboAttack+1"],"picked":"Run Through+1","floor":36.0},{"not_picked":["Quick Slash","ThirdEye"],"picked":"ShiftingGears+1","floor":37.0},{"not_picked":["Sever Soul+1","Choke+1"],"picked":"Turbo","floor":38.0},{"not_picked":["Heavy Blade+1","ShatteredReality"],"picked":"Replay:Undeath\u0027s Touch+1","floor":39.0},{"not_picked":["DTMod:MagicField","DTMod:Cover"],"picked":"AT_ShrugMaster+1","floor":41.0},{"not_picked":["InnerPeace+1","Deadly Poison+1","TimeWarp+1"],"picked":"SKIP","floor":44.0},{"not_picked":["Replay:Parry","AT_LightSaberMaster"],"picked":"Dark Shackles","floor":46.0},{"not_picked":["Secret Weapon","Dodge and Roll","Survey Options"],"picked":"SKIP","floor":47.0},{"not_picked":["ShatteredReality","Self Repair"],"picked":"Flex","floor":48.0},{"not_picked":["Nirvana+1","Undo"],"picked":"Seeing Red","floor":51.0},{"not_picked":["Redo+1","Crescendo"],"picked":"Starlight+1","floor":52},{"not_picked":["ReplayTheSpireMod:Exploit Weakness+1","Barrage+1"],"picked":"Draining Mist+1","floor":56}],"player_experience":67858,"relics_obtained":[{"floor":7.0,"key":"conspire:GiftBox"},{"floor":9.0,"key":"Dota2Spire:OrchidMalevolence"},{"floor":23.0,"key":"conspire:TopHat"},{"floor":25.0,"key":"PrismaticShard"},{"floor":26.0,"key":"AT_SpeedBoots"},{"floor":29.0,"key":"Art of War"},{"floor":36.0,"key":"REME_HourglassOfDeath"},{"floor":38.0,"key":"Dota2Spire:Butterfly"},{"floor":39.0,"key":"CaptainsWheel"},{"floor":43.0,"key":"Toy Ornithopter"},{"floor":47.0,"key":"TungstenRod"},{"floor":52,"key":"paleoftheancients:SoulOfTheSilent"},{"floor":54,"key":"conspire:DeflatedDodgeball"},{"floor":58,"key":"Replay:Arrowhead"}],"event_choices":[{"damage_healed":0.0,"max_hp_gain":0.0,"max_hp_loss":0.0,"gold_gain":0.0,"event_name":"conspire:Investor","player_choice":"Invest 1","floor":2.0,"gold_loss":0.0,"damage_taken":0.0},{"damage_healed":0.0,"max_hp_gain":0.0,"max_hp_loss":0.0,"gold_gain":0.0,"event_name":"Living Wall","player_choice":"Grow","floor":3.0,"gold_loss":0.0,"damage_taken":0.0,"cards_upgraded":["AT_Dispersion"]},{"damage_healed":0.0,"max_hp_gain":0.0,"max_hp_loss":0.0,"gold_gain":0.0,"event_name":"Drug Dealer","player_choice":"Obtain J.A.X.","floor":27.0,"gold_loss":0.0,"damage_taken":0.0,"cards_obtained":["J.A.X."]},{"damage_healed":0.0,"max_hp_gain":0.0,"max_hp_loss":0.0,"gold_gain":0.0,"event_name":"Mysterious Sphere","player_choice":"Fight","floor":38.0,"gold_loss":0.0,"damage_taken":0.0},{"damage_healed":0.0,"max_hp_gain":0.0,"max_hp_loss":0.0,"gold_gain":0.0,"event_name":"MindBloom","player_choice":"Fight","floor":39.0,"gold_loss":0.0,"damage_taken":0.0},{"damage_healed":0.0,"max_hp_gain":0.0,"max_hp_loss":0.0,"gold_gain":0.0,"event_name":"Tomb of Lord Red Mask","player_choice":"Ignored","floor":42.0,"gold_loss":0.0,"damage_taken":0.0},{"damage_healed":0.0,"max_hp_gain":0.0,"max_hp_loss":0.0,"gold_gain":0.0,"event_name":"SensoryStone","player_choice":"Memory 1","floor":46.0,"gold_loss":0.0,"damage_taken":0.0}],"is_beta":false,"boss_relics":[{"not_picked":["Replay:Ancient Bell","Philosopher\u0027s Stone"],"picked":"vexMod:MysteryBossChallenge"},{"not_picked":["MysterySword","Fusion Hammer"],"picked":"vexMod:ImprovementManual"}],"items_purged_floors":[],"is_endless":false,"potions_floor_spawned":[5,7,8,11,14,21,23,33,35,36,37,47,52,56],"ascension_level":0}}