{"host":"i0xrm7p89v8es8ob","time":1610816771,"event":{"mods":["ATMod(∞¢Ë™Mod)","Act Like it!","Aspiration","BaseMod","Conspire","Dota2Spire","Hunter ¡‘»À","Minty Spire (QoL Compilation)","MostiFishMod","Pale of the Ancients","Permanent Neow","Quick Restart","Relic Stats","Replay The Spire","Spicy Shops","StSLib","The Blackbeard","The Cursed","The IronCluck","[IsaacMod]“‘»ˆº‚À˛","vexMod","°æ“≈ŒÔø®≈∆°øREMEMod"],"gold_per_floor":[409,450,545,545,578,578,510,510,510,521,549,624,624,639,639,756,756,767,767,793,566,598,598,656,656,727,677,720,752,752,787,787,905,905,922,987,987,987,1000,1000,1025,1045,1121,1121,1209,1209,1209,1244,1244,1319,1404,1478,1559,1634,1634,1709,1709,1521,1521,1629,1629,1629],"floor_reached":60,"language":"ZHS","playtime":3373,"items_purged":["blackbeard:BlackbeardDefend"],"score":1231,"play_id":"8aa9ff28-c54b-45b0-a76a-b140d8efbd24","local_time":"20210117010611","is_ascension_mode":false,"campfire_choices":[{"floor":6.0,"key":"REST"},{"data":"blackbeard:WeaponProficiency","floor":8.0,"key":"SMITH"},{"floor":15.0,"key":"REST"},{"data":"blackbeard:WoodenLeg","floor":23.0,"key":"SMITH"},{"data":"blackbeard:GoldenGuillotine","floor":30.0,"key":"SMITH"},{"floor":32.0,"key":"RECALL"},{"floor":40.0,"key":"REST"},{"data":"blackbeard:CaptainsHat","floor":44.0,"key":"SMITH"},{"data":"blackbeard:WoodenLeg","floor":46.0,"key":"SMITH"},{"floor":49.0,"key":"DIG"},{"data":"REME_FirmDetermination","floor":55.0,"key":"SMITH"},{"data":"EpicFetus","floor":57.0,"key":"SMITH"}],"circlet_count":0,"master_deck":["blackbeard:BlackbeardStrike","blackbeard:BlackbeardStrike","blackbeard:BlackbeardStrike","blackbeard:IntimidatingStrike","blackbeard:BlackbeardDefend","blackbeard:BlackbeardDefend","blackbeard:BlackbeardDefend","blackbeard:Cutlass","EpicFetus+1","GremlinNobPetCall","AT_ShrugMaster","blackbeard:GoldenGuillotine+1","blackbeard:Sword","ReplayTheSpireMod:Splinters","blackbeard:BuriedTreasure","blackbeard:PiratesWill","Injury","blackbeard:Fencing+1","blackbeard:GoldenDefense+1","blackbeard:WeaponProficiency+1","blackbeard:Anchor+1","blackbeard:Spear+1","blackbeard:Sharpening+1","blackbeard:PirateStrength+1","blackbeard:BoostMorale+1","blackbeard:Sword+1","blackbeard:Spear+1","blackbeard:WoodenLeg+1","ReplayTheSpireMod:Doomed","conspire:SpireCoStock+1","blackbeard:CaptainsHat+1","blackbeard:Fencing+1","blackbeard:CannonballSupply+1","blackbeard:BoostMorale+1","blackbeard:Bandana+1","Madness+1","Madness+1","blackbeard:Bandana+1","blackbeard:GoldenDefense+1","blackbeard:BrownPants+1","blackbeard:WoodenLeg+1","REME_FirmDetermination+1","blackbeard:InfiniteBarrage+1","Enlightenment+1"],"relics":["blackbeard:LoadTheCannons","REME_ComplimentaryCards","AT_ATBox","HushsDoor","DaveBox","MoneyPower","Old Coin","SynthV:TestCard","Pear","Dream Catcher","Toxic Egg 2","DianPoetry","Dota2Spire:MantaStyle","conspire:SpecialSausage","GuppysTail","Replay:Baseball","ReplayTheSpireMod:CursedCoin","blackbeard:PoorMathSkills","Chameleon Ring","blackbeard:CannonballsOfSteel","aspiration:RitualDagger","Dota2Spire:HeartOfTarrasque","Dota2Spire:MaskOfMadness","Singing Bowl","REME_LimitBreaker","paleoftheancients:Timepiece","paleoftheancients:KeyRelic","paleoftheancients:SoulOfTheCollector","Dota2Spire:LinkenSphere","Dota2Spire:BattleFury"],"acts_visited":["Exordium","TheCity","TheBeyond","TheBeyond"],"potions_floor_usage":[60,60],"damage_taken":[{"damage":6.0,"enemies":"Jaw Worm","floor":1.0,"turns":3.0},{"damage":62.0,"enemies":"Hiden Room Battle","floor":3.0,"turns":5.0},{"damage":8.0,"enemies":"Small Slimes","floor":5.0,"turns":4.0},{"damage":0.0,"enemies":"conspire:RoseBush","floor":10.0,"turns":3.0},{"damage":2.0,"enemies":"3 Louse","floor":11.0,"turns":3.0},{"damage":3.0,"enemies":"Lots of Slimes","floor":14.0,"turns":3.0},{"damage":17.0,"enemies":"Fading Forest","floor":16.0,"turns":11.0},{"damage":2.0,"enemies":"Shell Parasite","floor":18.0,"turns":2.0},{"damage":22.0,"enemies":"Spheric Guardian","floor":20.0,"turns":4.0},{"damage":9.0,"enemies":"Centurion and Healer","floor":22.0,"turns":4.0},{"damage":0.0,"enemies":"Book of Stabbing","floor":28.0,"turns":3.0},{"damage":0.0,"enemies":"3 Cultists","floor":29.0,"turns":5.0},{"damage":5.0,"enemies":"conspire:HollyBat","floor":31.0,"turns":5.0},{"damage":19.0,"enemies":"Pondfish","floor":33.0,"turns":5.0},{"damage":6.0,"enemies":"Orb Walker","floor":35.0,"turns":2.0},{"damage":6.0,"enemies":"Mind Bloom Boss Battle","floor":36.0,"turns":2.0},{"damage":29.0,"enemies":"3 Shapes","floor":39.0,"turns":5.0},{"damage":18.0,"enemies":"R_Hoarder","floor":41.0,"turns":4.0},{"damage":6.0,"enemies":"Spire Growth","floor":42.0,"turns":2.0},{"damage":45.0,"enemies":"Transient","floor":45.0,"turns":5.0},{"damage":9.0,"enemies":"3 Darklings","floor":48.0,"turns":3.0},{"damage":90.0,"enemies":"conspire:OrnateMirror","floor":50.0,"turns":5.0},{"damage":108.0,"enemies":"conspire:OrnateMirror","floor":51.0,"turns":8.0},{"damage":44.0,"enemies":"conspire:OrnateMirror","floor":52.0,"turns":5.0},{"damage":1098.0,"enemies":"conspire:OrnateMirror","floor":56.0,"turns":10.0},{"damage":261,"enemies":"LittleHush","floor":60,"turns":17}],"seed_played":"5962461240019026945","potions_obtained":[{"floor":2.0,"key":"REME_GoldPotion"},{"floor":2.0,"key":"Strength Potion"},{"floor":2.0,"key":"Milkshake"},{"floor":5.0,"key":"Dota2Spire:Clarity"},{"floor":10.0,"key":"Reflective Coating"},{"floor":14.0,"key":"conspire:TimeTravelPotion"},{"floor":18.0,"key":"ColorlessPotion"},{"floor":20.0,"key":"Languid Potion"},{"floor":25.0,"key":"DuplicationPotion"},{"floor":29.0,"key":"Adrenaline Potion"},{"floor":41.0,"key":"Strength Potion"},{"floor":42.0,"key":"PowerPotion"},{"floor":51.0,"key":"Swift Potion"}],"is_trial":false,"path_per_floor":["M","?","?","?","M","R","$","R","T","M","M","?","T","M","R","B",null,"M","?","M","$","M","R","$","?","T","?","E","M","R","M","R","B",null,"M","?","?","?","M","R","E","M","T","R","M","R","?","M","R","B","M","M","T","T","R","M","R","$","?","B"],"character_chosen":"BLACKBEARD_CLASS","items_purchased":["blackbeard:WeaponProficiency","GuppysTail","Replay:Baseball","ReplayTheSpireMod:CursedCoin","blackbeard:PoorMathSkills","Enlightenment+1","BlessingOfTheForge"],"campfire_rested":3,"item_purchase_floors":[7,17,21,24,24,58,58],"current_hp_per_floor":[69,69,17,17,9,34,34,34,34,34,32,21,21,18,43,26,75,73,73,51,51,42,42,42,42,42,42,42,42,42,37,37,18,75,69,71,71,61,32,56,38,58,58,58,52,52,52,45,45,97,76,67,67,67,67,99,99,99,99,0,0,0],"gold":1629,"neow_bonus":"ONE_RANDOM_RARE_CARD","is_daily":false,"chose_seed":false,"campfire_upgraded":7,"win_rate":0.0,"timestamp":1610816771,"path_taken":["M","?","?","?","?","R","$","R","T","M","?","?","?","M","R","BOSS","M","?","M","$","M","R","$","?","T","?","E","M","R","M","R","BOSS","M","?","?","?","M","R","E","M","T","R","M","R","?","M","R","BOSS","M","M","?","T","R","M","R","$","?","BOSS"],"items_purchased_type":["Card","Relic","Relic","Relic","Relic","Card","Potion"],"build_version":"2020-12-22","purchased_purges":1,"victory":false,"max_hp_per_floor":[75,75,85,85,85,85,85,85,85,85,85,85,85,85,85,85,75,75,75,75,75,75,75,75,75,75,75,75,75,75,75,75,75,75,75,83,83,83,83,83,83,83,83,83,83,83,83,85,85,97,99,99,99,99,99,99,99,99,99,99,99,99],"relic_stats":{"Dream Catcher":3,"Singing Bowl":4,"counters":[26,128],"obtain_stats":[{"GuppysTail":17,"Dota2Spire:MaskOfMadness":41,"AT_ATBox":0,"DaveBox":0,"Singing Bowl":43,"DianPoetry":9,"conspire:SpecialSausage":17,"Old Coin":0,"Dream Catcher":3,"Chameleon Ring":26,"Toxic Egg 2":4,"KeepersGift":0,"Dota2Spire:MantaStyle":13,"paleoftheancients:KeyRelic":50,"Pear":3,"ReplayTheSpireMod:CursedCoin":24,"blackbeard:LoadTheCannons":0,"blackbeard:CannonballsOfSteel":28,"Dota2Spire:BattleFury":54,"MoneyPower":0,"Dota2Spire:HeartOfTarrasque":36,"REME_LimitBreaker":49,"paleoftheancients:Timepiece":50,"Replay:Baseball":21,"SynthV:TestCard":1,"Dota2Spire:LinkenSphere":53,"aspiration:RitualDagger":34,"blackbeard:PoorMathSkills":24,"paleoftheancients:SoulOfTheCollector":51,"HushsDoor":0,"REME_ComplimentaryCards":0},{"GuppysTail":7,"Dota2Spire:MaskOfMadness":18,"AT_ATBox":0,"DaveBox":0,"Singing Bowl":19,"DianPoetry":3,"conspire:SpecialSausage":7,"Old Coin":0,"Dream Catcher":2,"Chameleon Ring":10,"Toxic Egg 2":2,"KeepersGift":0,"Dota2Spire:MantaStyle":5,"paleoftheancients:KeyRelic":22,"Pear":2,"ReplayTheSpireMod:CursedCoin":10,"blackbeard:LoadTheCannons":0,"blackbeard:CannonballsOfSteel":11,"Dota2Spire:BattleFury":24,"MoneyPower":0,"Dota2Spire:HeartOfTarrasque":16,"REME_LimitBreaker":21,"paleoftheancients:Timepiece":22,"Replay:Baseball":9,"SynthV:TestCard":1,"Dota2Spire:LinkenSphere":24,"aspiration:RitualDagger":14,"blackbeard:PoorMathSkills":10,"paleoftheancients:SoulOfTheCollector":23,"HushsDoor":0,"REME_ComplimentaryCards":0},{"GuppysTail":32,"Dota2Spire:MaskOfMadness":73,"AT_ATBox":0,"DaveBox":0,"Singing Bowl":75,"DianPoetry":12,"conspire:SpecialSausage":32,"Old Coin":0,"Dream Catcher":8,"Chameleon Ring":42,"Toxic Egg 2":8,"KeepersGift":0,"Dota2Spire:MantaStyle":18,"paleoftheancients:KeyRelic":88,"Pear":8,"ReplayTheSpireMod:CursedCoin":42,"blackbeard:LoadTheCannons":0,"blackbeard:CannonballsOfSteel":45,"Dota2Spire:BattleFury":101,"MoneyPower":0,"Dota2Spire:HeartOfTarrasque":64,"REME_LimitBreaker":83,"paleoftheancients:Timepiece":88,"Replay:Baseball":38,"SynthV:TestCard":3,"Dota2Spire:LinkenSphere":101,"aspiration:RitualDagger":60,"blackbeard:PoorMathSkills":42,"paleoftheancients:SoulOfTheCollector":96,"HushsDoor":0,"REME_ComplimentaryCards":0}]},"card_choices":[{"not_picked":[],"picked":"EpicFetus","floor":0.0},{"not_picked":["blackbeard:Upgrade","blackbeard:WoodenLeg"],"picked":"blackbeard:Sword","floor":1.0},{"not_picked":["blackbeard:WiseDefense","blackbeard:Eyepatch","blackbeard:VengefulSpirit","blackbeard:Dagger"],"picked":"blackbeard:BuriedTreasure","floor":2.0},{"not_picked":["blackbeard:GoldenDefense","blackbeard:BuriedTreasure","blackbeard:GoldenCannonball","blackbeard:Fencing"],"picked":"blackbeard:PiratesWill","floor":3.0},{"not_picked":["blackbeard:TheDrunkenSailor","blackbeard:DeadlyArsenal+1","blackbeard:SwordDance+1","blackbeard:Boarding"],"picked":"blackbeard:Fencing+1","floor":5.0},{"not_picked":["blackbeard:DeadlyArsenal+1","blackbeard:Provisioning+1","blackbeard:GoldenStrike","blackbeard:PiratesWill+1"],"picked":"blackbeard:GoldenDefense+1","floor":6.0},{"not_picked":["blackbeard:Eyepatch","blackbeard:SwordDance+1","blackbeard:RearmingStrike","blackbeard:Dagger+1"],"picked":"blackbeard:Anchor+1","floor":10.0},{"not_picked":["blackbeard:PiratesWill+1","blackbeard:DelayedPain+1","blackbeard:GoldenDefense+1","blackbeard:FieryDefense+1"],"picked":"blackbeard:Spear+1","floor":11.0},{"not_picked":["blackbeard:Dagger+1","blackbeard:RearmingStrike","blackbeard:Spear+1","blackbeard:CatONineTails+1"],"picked":"blackbeard:Sharpening+1","floor":14.0},{"not_picked":["blackbeard:SwordDance+1","blackbeard:DeadlyArsenal+1","blackbeard:PiratesWill+1","blackbeard:Sharpening+1"],"picked":"blackbeard:PirateStrength","floor":15.0},{"not_picked":["blackbeard:BountyHunter","blackbeard:ReapersScythe+1","blackbeard:TheDrunkenSailor","blackbeard:UndeadForm"],"picked":"blackbeard:BoostMorale+1","floor":16.0},{"not_picked":["blackbeard:WiseDefense+1","blackbeard:CannonballSupply+1","blackbeard:Toast+1","blackbeard:GoldenCannonball"],"picked":"blackbeard:Sword+1","floor":18.0},{"not_picked":["blackbeard:BeatUp+1","blackbeard:PiratesWill+1","blackbeard:DoubleBottom+1","blackbeard:Scrap+1"],"picked":"blackbeard:Spear+1","floor":20.0},{"not_picked":["blackbeard:CaptainsCabin+1","blackbeard:Sword+1","blackbeard:BlindAttacks","blackbeard:RearmingStrike"],"picked":"blackbeard:WoodenLeg","floor":22.0},{"not_picked":["blackbeard:GoldenStrike","blackbeard:BlindAttacks","blackbeard:DeadlyArsenal+1","blackbeard:PowerHungry+1"],"picked":"blackbeard:CaptainsHat","floor":28.0},{"not_picked":["blackbeard:RearmingStrike+1","blackbeard:FieryDefense+1","blackbeard:ArmorUp+1","blackbeard:Sword+1"],"picked":"blackbeard:Fencing+1","floor":29.0},{"not_picked":["blackbeard:Dagger+1","blackbeard:PirateEarring","blackbeard:DeadlyArsenal+1","blackbeard:AgileStrike"],"picked":"blackbeard:CannonballSupply+1","floor":31.0},{"not_picked":["blackbeard:MegaUpgrade+1","blackbeard:GoldenGuillotine","blackbeard:Salvager","blackbeard:WeaponMastery"],"picked":"blackbeard:BoostMorale+1","floor":33.0},{"not_picked":["blackbeard:VengefulSpirit+1","blackbeard:Fencing+1","blackbeard:TacticalRetreat+1","blackbeard:CaptainsCabin+1"],"picked":"blackbeard:Bandana+1","floor":35.0},{"not_picked":["blackbeard:JollyRoger+1","blackbeard:DoubleCannonball","blackbeard:CloakAndCannonball+1","blackbeard:TacticalRetreat+1"],"picked":"blackbeard:Bandana+1","floor":39.0},{"not_picked":["blackbeard:PirateHook","blackbeard:Dagger+1","blackbeard:DeadlyArsenal+1","blackbeard:BlindAttacks+1"],"picked":"blackbeard:GoldenDefense+1","floor":41.0},{"not_picked":["blackbeard:PowderKeg+1","blackbeard:DangerousBlow","blackbeard:BlindAttacks","blackbeard:Fencing+1"],"picked":"blackbeard:BrownPants+1","floor":42.0},{"not_picked":["blackbeard:Provisioning+1","blackbeard:Halberd+1","blackbeard:DoubleCannonball","blackbeard:CatONineTails+1"],"picked":"blackbeard:WoodenLeg","floor":45.0},{"not_picked":["ChaosCard","BettingIsNotGood+1","Bandage Up+1","conspire:Banana+1"],"picked":"REME_FirmDetermination","floor":47.0},{"not_picked":["blackbeard:WiseDefense+1","blackbeard:CatONineTails+1","blackbeard:JollyRoger+1","blackbeard:DoubleCannonball","blackbeard:ChaoticDefense+1"],"picked":"Singing Bowl","floor":48.0},{"not_picked":["blackbeard:CloakAndCannonball+1","blackbeard:BeatUp","blackbeard:AgileStrike","blackbeard:Eyepatch+1","blackbeard:PiratesWill+1"],"picked":"Singing Bowl","floor":51.0},{"not_picked":["blackbeard:GoldenCannonball","blackbeard:Spear+1","blackbeard:SwordDance+1","blackbeard:BeatUp+1"],"picked":"blackbeard:InfiniteBarrage+1","floor":52.0}],"player_experience":61529,"relics_obtained":[{"floor":1.0,"key":"SynthV:TestCard"},{"floor":3.0,"key":"Pear"},{"floor":3.0,"key":"Dream Catcher"},{"floor":9.0,"key":"DianPoetry"},{"floor":13.0,"key":"Dota2Spire:MantaStyle"},{"floor":26.0,"key":"Chameleon Ring"},{"floor":28.0,"key":"blackbeard:CannonballsOfSteel"},{"floor":36.0,"key":"Dota2Spire:HeartOfTarrasque"},{"floor":41.0,"key":"Dota2Spire:MaskOfMadness"},{"floor":43.0,"key":"Singing Bowl"},{"floor":49.0,"key":"REME_LimitBreaker"},{"floor":51.0,"key":"paleoftheancients:SoulOfTheCollector"},{"floor":53.0,"key":"Dota2Spire:LinkenSphere"},{"floor":54.0,"key":"Dota2Spire:BattleFury"}],"event_choices":[{"damage_healed":0.0,"max_hp_gain":0.0,"max_hp_loss":0.0,"gold_gain":0.0,"event_name":"HidenRoomEvent","player_choice":"Fight","floor":3.0,"gold_loss":0.0,"damage_taken":0.0},{"damage_healed":0.0,"max_hp_gain":0.0,"max_hp_loss":0.0,"gold_gain":75.0,"event_name":"World of Goop","player_choice":"Gather Gold","floor":12.0,"gold_loss":0.0,"damage_taken":11.0},{"damage_healed":0.0,"max_hp_gain":0.0,"max_hp_loss":0.0,"gold_gain":0.0,"event_name":"Accursed Blacksmith","player_choice":"Forge","floor":19.0,"gold_loss":0.0,"damage_taken":0.0,"cards_upgraded":["blackbeard:PirateStrength"]},{"damage_healed":0.0,"max_hp_gain":0.0,"max_hp_loss":0.0,"gold_gain":0.0,"event_name":"conspire:Investor","player_choice":"Invest 1","floor":27.0,"gold_loss":0.0,"damage_taken":0.0},{"damage_healed":0.0,"max_hp_gain":0.0,"max_hp_loss":0.0,"gold_gain":0.0,"event_name":"MindBloom","player_choice":"Fight","floor":36.0,"gold_loss":0.0,"damage_taken":0.0},{"cards_removed":["blackbeard:BlackbeardStrike"],"damage_healed":0.0,"max_hp_gain":0.0,"max_hp_loss":0.0,"gold_gain":0.0,"event_name":"Falling","player_choice":"Removed Attack","floor":37.0,"gold_loss":0.0,"damage_taken":0.0},{"damage_healed":0.0,"max_hp_gain":0.0,"max_hp_loss":0.0,"gold_gain":0.0,"event_name":"Winding Halls","player_choice":"Embrace Madness","floor":38.0,"gold_loss":0.0,"damage_taken":10.0,"cards_obtained":["Madness","Madness"]},{"damage_healed":0.0,"max_hp_gain":0.0,"max_hp_loss":0.0,"gold_gain":0.0,"event_name":"SensoryStone","player_choice":"Memory 1","floor":47.0,"gold_loss":0.0,"damage_taken":0.0}],"is_beta":false,"boss_relics":[{"not_picked":["aspiration:SecretTechniqueScroll","xbg"],"picked":"conspire:SpecialSausage"},{"not_picked":[]},{"not_picked":["Kintsugi","vexMod:BigBerry"],"picked":"aspiration:RitualDagger"},{"not_picked":[]}],"items_purged_floors":[21],"is_endless":false,"potions_floor_spawned":[5,10,14,18,20,29,41,42,51],"killed_by":"LittleHush","ascension_level":0}}