{"host":"vex7walpoxzv48nx","time":1610832120,"event":{"mods":["BaseMod","Bestiary","Minty Spire (QoL Compilation)","Permanent Neow","Quick Restart","Relic Stats"],"gold_per_floor":[110,122,47,58,71,111,111,139,165,202,127,127,27,27,27,113,113,139,160,160,178,178,178],"floor_reached":22,"language":"ENG","playtime":1797,"items_purged":["Strike_P","Strike_P"],"score":472,"play_id":"dce6c6ba-48bc-4a3c-93a3-d8f5532acf5e","local_time":"20210116222200","daily_mods":["Heirloom"],"is_ascension_mode":true,"campfire_choices":[{"data":"Eruption","floor":7.0,"key":"SMITH"},{"floor":12,"key":"REST"},{"data":"Vigilance","floor":15,"key":"SMITH"}],"circlet_count":0,"master_deck":["AscendersBane","Defend_P","Defend_P","Eruption+1","Vigilance+1","FlurryOfBlows","ReachHeaven","Sanctity","FollowUp","Conclude","FlurryOfBlows","Tantrum","BowlingBash","FlyingSleeves","Blasphemy","Wallop","DeceiveReality","Halt","CarveReality"],"relics":["PureWater","Prayer Wheel","CeramicFish","Tiny Chest","Sozu","Frozen Egg 2"],"acts_visited":["Exordium","TheCity"],"potions_floor_usage":[16,19],"damage_taken":[{"damage":2.0,"enemies":"Jaw Worm","floor":1.0,"turns":3.0},{"damage":0.0,"enemies":"Small Slimes","floor":2.0,"turns":2.0},{"damage":0.0,"enemies":"Cultist","floor":4.0,"turns":2.0},{"damage":5.0,"enemies":"Lots of Slimes","floor":5.0,"turns":4.0},{"damage":17.0,"enemies":"3 Sentries","floor":6.0,"turns":7.0},{"damage":17,"enemies":"3 Louse","floor":8,"turns":3},{"damage":11,"enemies":"Exordium Thugs","floor":10,"turns":3},{"damage":0,"enemies":"Slime Boss","floor":16,"turns":4},{"damage":35,"enemies":"Shell Parasite","floor":18,"turns":4},{"damage":2,"enemies":"2 Thieves","floor":19,"turns":3},{"damage":28,"enemies":"Shelled Parasite and Fungi","floor":22,"turns":2}],"seed_played":"-3931821769884132283","potions_obtained":[{"floor":4.0,"key":"ColorlessPotion"},{"floor":5.0,"key":"Ancient Potion"},{"floor":16,"key":"SpeedPotion"}],"is_trial":true,"path_per_floor":["M","M","$","M","M","E","R","M","T","M","?","R","$","?","R","B",null,"M","M","T","?","M"],"character_chosen":"WATCHER","items_purchased":[],"campfire_rested":1,"item_purchase_floors":[],"current_hp_per_floor":[59,59,59,59,54,37,37,20,20,9,9,29,29,29,29,29,58,23,21,21,21,0,0],"gold":178,"neow_bonus":"","is_daily":false,"chose_seed":false,"campfire_upgraded":2,"win_rate":0.0,"timestamp":1610832120,"path_taken":["M","M","$","M","M","E","R","M","T","M","?","R","$","?","R","BOSS","M","?","?","?","M"],"items_purchased_type":[],"build_version":"2020-12-22","purchased_purges":2,"victory":false,"max_hp_per_floor":[68,68,68,68,68,68,68,68,68,68,68,68,68,68,68,68,68,68,68,68,68,68,68],"relic_stats":{"Sozu":0,"counters":[11,37],"CeramicFish":81,"Prayer Wheel":8,"Tiny Chest":1,"obtain_stats":[{"Sozu":17,"CeramicFish":6,"Prayer Wheel":0,"Tiny Chest":9,"PureWater":0,"Frozen Egg 2":20},{"Sozu":8,"CeramicFish":5,"Prayer Wheel":0,"Tiny Chest":6,"PureWater":0,"Frozen Egg 2":10},{"Sozu":28,"CeramicFish":18,"Prayer Wheel":0,"Tiny Chest":21,"PureWater":0,"Frozen Egg 2":35}]},"card_choices":[{"not_picked":["EmptyBody","WheelKick"],"picked":"FlurryOfBlows","floor":1.0},{"not_picked":["ForeignInfluence","SignatureMove","Evaluate"],"picked":"SKIP","floor":1.0},{"not_picked":["SashWhip","JustLucky"],"picked":"ReachHeaven","floor":2.0},{"not_picked":["Halt","Prostrate"],"picked":"Sanctity","floor":2.0},{"not_picked":["Meditate","BowlingBash"],"picked":"FollowUp","floor":4.0},{"not_picked":["CutThroughFate","JustLucky"],"picked":"Conclude","floor":4.0},{"not_picked":["Nirvana","CrushJoints","SignatureMove"],"picked":"SKIP","floor":5.0},{"not_picked":["SashWhip","Evaluate","Weave"],"picked":"SKIP","floor":5.0},{"not_picked":["FollowUp","MasterReality"],"picked":"FlurryOfBlows","floor":6.0},{"not_picked":["Collect","WheelKick"],"picked":"Tantrum","floor":8},{"not_picked":["Evaluate","Prostrate","LikeWater"],"picked":"SKIP","floor":8},{"not_picked":["PathToVictory","Prostrate"],"picked":"BowlingBash","floor":10},{"not_picked":["CrushJoints","LikeWater"],"picked":"FlyingSleeves","floor":10},{"not_picked":["SpiritShield","ConjureBlade"],"picked":"Blasphemy","floor":16},{"not_picked":["Perseverance","Consecrate"],"picked":"Wallop","floor":18},{"not_picked":["WaveOfTheHand","CrushJoints","SignatureMove"],"picked":"SKIP","floor":18},{"not_picked":["Protect","Pray"],"picked":"DeceiveReality","floor":19},{"not_picked":["Prostrate","BowlingBash","SashWhip"],"picked":"SKIP","floor":19}],"player_experience":144311,"relics_obtained":[{"floor":6.0,"key":"CeramicFish"},{"floor":9,"key":"Tiny Chest"},{"floor":20,"key":"Frozen Egg 2"}],"event_choices":[{"cards_removed":["Strike_P"],"damage_healed":0,"gold_gain":0,"player_choice":"Card Removal","damage_taken":0,"max_hp_gain":0,"max_hp_loss":0,"event_name":"The Cleric","floor":11,"gold_loss":75},{"cards_removed":["Defend_P"],"damage_healed":0,"gold_gain":0,"player_choice":"Purged","damage_taken":0,"max_hp_gain":0,"max_hp_loss":0,"event_name":"Purifier","floor":14,"gold_loss":0},{"damage_healed":0,"gold_gain":0,"cards_transformed":["Defend_P","Strike_P"],"player_choice":"Became Test Subject","damage_taken":0,"max_hp_gain":0,"max_hp_loss":0,"event_name":"Drug Dealer","floor":21,"gold_loss":0,"cards_obtained":["Halt","CarveReality"]}],"is_beta":false,"boss_relics":[{"not_picked":["Busted Crown","Empty Cage"],"picked":"Sozu"}],"items_purged_floors":[3,13],"is_endless":false,"potions_floor_spawned":[4,5,16],"killed_by":"Shelled Parasite and Fungi","ascension_level":20}}