{"host":"bfxnw9us3ok3sr4c","time":1610821274,"event":{"mods":["Act Like it!","BaseMod","BetterRewards","Colored Map","Colored Powertips","Downfall","Hallownest","Hubris","Infinite Spire","Minty Spire (QoL Compilation)","StSLib","The Cursed"],"gold_per_floor":[99,111,131,145,91,109,109,136,36,48,48,48,48,48,62,166,166,66,78,78,92,102,102,102,102,202,36,36,48,48,77,110,223,223,223,247,278,278,278,298,366,366,77,131,166,211,211,237,288,320],"floor_reached":51,"language":"ENG","playtime":5152,"items_purged":["downfall:Bewildered","Regret"],"score":1077,"play_id":"6826cdf9-1291-49a4-aaf6-71ed3ca4a625","local_time":"20210116212114","is_ascension_mode":false,"campfire_choices":[{"floor":1,"key":"RECALL"},{"floor":9,"key":"DIG"},{"floor":12,"key":"DIG"},{"floor":18,"key":"DIG"},{"floor":25,"key":"DIG"},{"data":"champ:ArenaPreparation","floor":35,"key":"SMITH"},{"floor":47,"key":"DIG"}],"circlet_count":0,"master_deck":["champ:Strike","champ:Strike","champ:Strike","champ:Strike","champ:Defend","champ:Defend","champ:Defend","champ:Defend","champ:Execute","champ:Taunt+1","champ:BerserkersShout","champ:CrookedStrike","champ:CalledShot","champ:SkillfulDodge","champ:Endure","champ:ArenaPreparation+1","champ:PreciseThrust","champ:Devastate","champ:ShieldSlam+1","champ:VampiricStrike","champ:GutPunch+1","champ:CrownThrow+1","Injury","champ:DancingMaster","hubris:Despair","champ:StanceDance+1","champ:FocusedBerserking+1","champ:EnGarde+1","champ:Backstep+1","champ:BladeFlurry+1","champ:Circumvent+1","champ:TripleStrike","champ:ShieldWall+1","champ:Haymaker+1","champ:BringItOn+1","champ:EndlessRage+1","champ:FocusedDefense+1","champ:EnragedBash+1"],"relics":["champ:ChampionCrown","Shovel","StoneCalendar","downfall:HeartBlessingRed","infinitespire:Satchel","Blue Candle","hubris:Towel","Toxic Egg 2","bronze:MakeshiftBattery","downfall:HeartBlessingGreen","TungstenRod","Darkstone Periapt","hubris:CrystalStatue","Bronze Scales","Du-Vu Doll","Eternal Feather","Black Star","infinitespire:Midas Blood","hubris:Reverence","Mummified Hand","infinitespire:EmpoweringShard","HandDrill","Anchor","Turnip","Orichalcum","Singing Bowl","Bottled Lightning","Ice Cream","Question Card"],"acts_visited":["Exordium","TheCity","TheBeyond"],"potions_floor_usage":[16,16,16,19,29,31,33,33,44,44,45,50,50],"damage_taken":[{"damage":14,"enemies":"Small Slimes","floor":2,"turns":3},{"damage":44,"enemies":"Jaw Worm","floor":3,"turns":5},{"damage":23,"enemies":"2 Louse","floor":4,"turns":2},{"damage":35,"enemies":"downfall:FleeingMerchant","floor":5,"turns":4},{"damage":46,"enemies":"Red Slaver","floor":6,"turns":6},{"damage":46,"enemies":"Gremlin Nob","floor":8,"turns":3},{"damage":35,"enemies":"Blue Slaver","floor":10,"turns":3},{"damage":20,"enemies":"2 Fungi Beasts","floor":15,"turns":2},{"damage":45,"enemies":"IC_STATUS_ARCHETYPE","floor":16,"turns":7},{"damage":29,"enemies":"Shell Parasite","floor":19,"turns":3},{"damage":17,"enemies":"Chosen","floor":21,"turns":3},{"damage":32,"enemies":"Snake Plant","floor":22,"turns":4},{"damage":31,"enemies":"downfall:FleeingMerchant","floor":27,"turns":4},{"damage":29,"enemies":"Centurion and Healer","floor":29,"turns":4},{"damage":21,"enemies":"Book of Stabbing","floor":31,"turns":3},{"damage":33,"enemies":"3 Cultists","floor":32,"turns":4},{"damage":32,"enemies":"WA_ARCHETYPE_CALM","floor":33,"turns":4},{"damage":24,"enemies":"Orb Walker","floor":36,"turns":3},{"damage":31,"enemies":"3 Darklings","floor":37,"turns":5},{"damage":46,"enemies":"infinitespire:Three Voidlings","floor":40,"turns":4},{"damage":46,"enemies":"downfall:FleeingMerchant","floor":43,"turns":3},{"damage":87,"enemies":"Giant Head","floor":44,"turns":7},{"damage":40,"enemies":"Writhing Mass","floor":45,"turns":2},{"damage":37,"enemies":"Nemesis","floor":46,"turns":3},{"damage":20,"enemies":"Sphere and 2 Shapes","floor":48,"turns":3},{"damage":66,"enemies":"Transient","floor":49,"turns":5},{"damage":73,"enemies":"DF_ARCHETYPE_ORBS","floor":50,"turns":7}],"seed_played":"843913183454370863","potions_obtained":[{"floor":6,"key":"champ:TechniquePotion"},{"floor":8,"key":"ColorlessPotion"},{"floor":10,"key":"Regen Potion"},{"floor":15,"key":"SkillPotion"},{"floor":16,"key":"AttackPotion"},{"floor":21,"key":"EssenceOfSteel"},{"floor":28,"key":"CultistPotion"},{"floor":29,"key":"Strength Potion"},{"floor":31,"key":"CultistPotion"},{"floor":32,"key":"Guardian:BlockOnCardUsePotion"},{"floor":44,"key":"Slimebound:ThreeZeroPotion"},{"floor":48,"key":"Energy Potion"},{"floor":49,"key":"Weak Potion"}],"is_trial":false,"path_per_floor":["R","M","M","M","$","M","T","E","R","M","?","R","?","T","M","B",null,"R","M","?","M","M","?","T","R","?","$","?","M","AVR","E","M","B",null,"R","M","M","?","?","?","T","AVR","$","E","M","E","R","M","M","B",null],"character_chosen":"THE_CHAMP","items_purchased":["champ:Endure","champ:FocusedBerserking+1","champ:EnGarde+1","ColorlessPotion","Anchor","Turnip","champ:TechniquePotion","DuplicationPotion","champ:BringItOn+1"],"campfire_rested":0,"item_purchase_floors":[5,27,27,27,43,43,43,43,43],"current_hp_per_floor":[99,95,91,88,88,77,77,51,51,41,74,74,74,74,74,89,99,99,99,71,64,52,52,52,52,76,75,75,66,66,70,77,85,123,123,123,123,123,123,114,114,114,113,81,91,101,122,122,127,127],"gold":320,"neow_bonus":"TEN_PERCENT_HP_BONUS","is_daily":false,"chose_seed":false,"campfire_upgraded":1,"win_rate":0.0,"timestamp":1610821274,"path_taken":["R","M","M","M","$","M","T","E","R","M","?","R","?","?","M","BOSS","R","M","?","?","M","?","T","R","?","$","?","M","AVR","E","M","BOSS","R","M","M","?","?","?","T","AVR","?","E","?","E","R","M","M","BOSS"],"items_purchased_type":["Card","Card","Card","Potion","Relic","Relic","Potion","Potion","Card"],"build_version":"2020-12-22","purchased_purges":2,"victory":true,"max_hp_per_floor":[99,99,99,99,99,99,99,99,99,99,99,99,99,99,99,99,99,99,99,99,99,99,99,99,99,123,123,123,123,123,123,123,123,123,123,123,123,123,123,123,123,123,123,123,123,125,125,125,127,127],"card_choices":[{"not_picked":["champ:Backstep","champ:GutPunch"],"picked":"champ:BerserkersShout","floor":2},{"not_picked":["champ:SkillfulDodge","champ:FancyFootwork"],"picked":"champ:CrookedStrike","floor":3},{"not_picked":["champ:CrookedStrike","champ:HeartStrike"],"picked":"champ:CalledShot","floor":4},{"not_picked":["champ:GutPunch","champ:CalledShot"],"picked":"champ:SkillfulDodge","floor":5},{"not_picked":["champ:EndlessRage","champ:Backstep"],"picked":"champ:ArenaPreparation","floor":6},{"not_picked":["champ:PreemptiveStrike","champ:TornadoPunch"],"picked":"champ:PreciseThrust","floor":8},{"not_picked":["champ:Shatter","champ:TornadoPunch"],"picked":"champ:Devastate","floor":10},{"not_picked":["champ:Circumvent+1","champ:Shatter"],"picked":"champ:ShieldSlam+1","floor":15},{"not_picked":["champ:SteelEdge","champ:CheapShot"],"picked":"champ:VampiricStrike","floor":16},{"not_picked":["champ:AdrenalArmor+1","champ:BladeFlurry"],"picked":"champ:GutPunch+1","floor":19},{"not_picked":["champ:Haymaker","champ:GutPunch"],"picked":"champ:CrownThrow+1","floor":21},{"not_picked":["champ:TornadoPunch","champ:CrownThrow","champ:BladeFlurry"],"picked":"SKIP","floor":22},{"not_picked":["champ:EnGarde+1","champ:FanOfKnives"],"picked":"champ:StanceDance+1","floor":27},{"not_picked":["champ:DeathBlow+1","champ:BladeFlurry+1"],"picked":"champ:Backstep+1","floor":29},{"not_picked":["champ:PerfectedStrike","champ:StanceDance+1"],"picked":"champ:BladeFlurry+1","floor":31},{"not_picked":["champ:Backstep+1","champ:StanceDance+1"],"picked":"champ:Circumvent+1","floor":32},{"not_picked":["champ:Devastate","champ:IgnorePain+1"],"picked":"champ:TripleStrike","floor":33},{"not_picked":["champ:Backstep+1","champ:PerfectedStrike+1"],"picked":"champ:ShieldWall+1","floor":36},{"not_picked":["champ:TornadoPunch","champ:CrookedStrike","champ:SkillfulDodge+1"],"picked":"SKIP","floor":37},{"not_picked":["champ:ArenaPreparation+1","champ:IronFortress"],"picked":"champ:Haymaker+1","floor":43},{"not_picked":["champ:Improvising","champ:RisingSlash"],"picked":"champ:EndlessRage+1","floor":44},{"not_picked":["champ:FancyFootwork+1","champ:DefensiveShout+1"],"picked":"champ:FocusedDefense+1","floor":45},{"not_picked":["champ:SteelEdge","champ:DeathBlow","champ:GutPunch+1"],"picked":"Singing Bowl","floor":46},{"not_picked":["champ:BringItOn+1","champ:TornadoPunch","champ:Backstep+1"],"picked":"champ:EnragedBash+1","floor":48},{"not_picked":["champ:Shatter","champ:Devastate","champ:EnragedBash","champ:AdrenalArmor+1"],"picked":"Singing Bowl","floor":49}],"player_experience":253902,"relics_obtained":[{"floor":7,"key":"Shovel"},{"floor":8,"key":"StoneCalendar"},{"floor":9,"key":"infinitespire:Satchel"},{"floor":12,"key":"Blue Candle"},{"floor":14,"key":"Toxic Egg 2"},{"floor":18,"key":"TungstenRod"},{"floor":24,"key":"hubris:CrystalStatue"},{"floor":25,"key":"Bronze Scales"},{"floor":31,"key":"infinitespire:Midas Blood"},{"floor":31,"key":"hubris:Reverence"},{"floor":39,"key":"Mummified Hand"},{"floor":41,"key":"infinitespire:EmpoweringShard"},{"floor":44,"key":"Orichalcum"},{"floor":44,"key":"Singing Bowl"},{"floor":46,"key":"Bottled Lightning"},{"floor":46,"key":"Ice Cream"},{"floor":47,"key":"Question Card"}],"event_choices":[{"damage_healed":33,"gold_gain":0,"player_choice":"Banana","damage_taken":0,"max_hp_gain":0,"max_hp_loss":0,"event_name":"Big Fish","floor":11,"gold_loss":0}],"is_beta":false,"boss_relics":[{"not_picked":["Fusion Hammer","hubris:TerracottaHorce"],"picked":"bronze:MakeshiftBattery"},{"not_picked":["hubris:RunicObelisk","Snecko Eye","hubris:GrandSneckoEye"]}],"items_purged_floors":[30,42],"is_endless":false,"potions_floor_spawned":[6,8,10,15,16,21,29,31,32,40,44,48,49],"ascension_level":0}}