{"host":"cf32014d19ld5mat","time":1610800138,"event":{"mods":["AchievementEnabler","BaseMod","Block Reminder","Minty Spire (QoL Compilation)","Random Character Button","Relic Stats","StSLib"],"gold_per_floor":[364,364,214,233,233,263,263,283,283,301,317,98,119,152,152,248,248,263,263,280,297,311,311,343,91,161,161,161,191,191,208,208,313,313,323,335,335,346,364,364,398,398,398,398,429,529,554,52,52,52,52,52,52,86,86],"floor_reached":56,"language":"ENG","playtime":3269,"items_purged":["Pain","Strike_G+1","Strike_G+1"],"score":1937,"play_id":"c808cb5b-bfc6-4533-bcd5-5dab8f3ca2c1","local_time":"20210116122858","is_ascension_mode":true,"campfire_choices":[{"data":"Glass Knife","floor":7.0,"key":"SMITH"},{"data":"Calculated Gamble","floor":15.0,"key":"SMITH"},{"floor":23.0,"key":"REST"},{"data":"Ghostly","floor":30.0,"key":"SMITH"},{"data":"Ghostly","floor":32.0,"key":"SMITH"},{"data":"Ghostly","floor":40.0,"key":"SMITH"},{"data":"Ghostly","floor":42.0,"key":"SMITH"},{"floor":44.0,"key":"RECALL"},{"data":"Wraith Form v2","floor":49.0,"key":"SMITH"},{"data":"Crippling Poison","floor":52,"key":"SMITH"}],"circlet_count":0,"master_deck":["AscendersBane","Strike_G+1","Defend_G+1","Defend_G+1","Defend_G+1","Defend_G+1","Survivor","Neutralize","Riddle With Holes","Glass Knife+1","Noxious Fumes","Dash","Dagger Spray","Cloak And Dagger","Deadly Poison","Caltrops","Well Laid Plans","Skewer","Calculated Gamble+1","Concentrate","Deflect","Wraith Form v2+1","Eviscerate+1","Corpse Explosion+1","Finisher+1","Leg Sweep","Ghostly","Ghostly+1","Ghostly+1","Ghostly+1","Ghostly+1","Crippling Poison+1","Doppelganger","Catalyst","Backflip+1","PiercingWail+1","Noxious Fumes","Crippling Poison","PiercingWail","Acrobatics+1"],"relics":["Ring of the Snake","Orrery","WarpedTongs","Eternal Feather","Mummified Hand","Snake Skull","Odd Mushroom","Bottled Lightning","Astrolabe","Tough Bandages","Potion Belt","HornCleat","MutagenicStrength","Anchor","HoveringKite","Toy Ornithopter","Boot","Nunchaku","Membership Card","Art of War","InkBottle","Ice Cream"],"acts_visited":["Exordium","TheCity","TheBeyond","TheEnding"],"potions_floor_usage":[50,54,55,55,55],"damage_taken":[{"damage":2.0,"enemies":"Cultist","floor":1.0,"turns":6.0},{"damage":0.0,"enemies":"2 Louse","floor":4.0,"turns":2.0},{"damage":31.0,"enemies":"Gremlin Nob","floor":6.0,"turns":5.0},{"damage":2.0,"enemies":"Small Slimes","floor":8.0,"turns":3.0},{"damage":8.0,"enemies":"Blue Slaver","floor":10.0,"turns":3.0},{"damage":0.0,"enemies":"Exordium Wildlife","floor":11.0,"turns":3.0},{"damage":13.0,"enemies":"The Mushroom Lair","floor":13.0,"turns":3.0},{"damage":8.0,"enemies":"3 Sentries","floor":14.0,"turns":5.0},{"damage":0.0,"enemies":"Hexaghost","floor":16.0,"turns":8.0},{"damage":3.0,"enemies":"3 Byrds","floor":18.0,"turns":5.0},{"damage":17.0,"enemies":"Shell Parasite","floor":20.0,"turns":6.0},{"damage":5.0,"enemies":"Shelled Parasite and Fungi","floor":21.0,"turns":3.0},{"damage":12.0,"enemies":"Centurion and Healer","floor":22.0,"turns":5.0},{"damage":1.0,"enemies":"Gremlin Leader","floor":24.0,"turns":6.0},{"damage":0.0,"enemies":"Slavers","floor":29.0,"turns":6.0},{"damage":0.0,"enemies":"Snake Plant","floor":31.0,"turns":5.0},{"damage":8.0,"enemies":"Collector","floor":33.0,"turns":9.0},{"damage":0.0,"enemies":"3 Shapes","floor":35.0,"turns":3.0},{"damage":0.0,"enemies":"3 Darklings","floor":36.0,"turns":3.0},{"damage":2.0,"enemies":"Transient","floor":38.0,"turns":5.0},{"damage":16.0,"enemies":"Writhing Mass","floor":39.0,"turns":7.0},{"damage":1.0,"enemies":"Nemesis","floor":41.0,"turns":9.0},{"damage":2.0,"enemies":"Giant Head","floor":45.0,"turns":9.0},{"damage":1.0,"enemies":"Reptomancer","floor":47.0,"turns":9.0},{"damage":3,"enemies":"Donu and Deca","floor":50,"turns":7},{"damage":29,"enemies":"Shield and Spear","floor":54,"turns":8},{"damage":29,"enemies":"The Heart","floor":55,"turns":11}],"seed_played":"4177198327360867887","potions_obtained":[{"floor":1.0,"key":"Energy Potion"},{"floor":8.0,"key":"BlessingOfTheForge"},{"floor":10.0,"key":"SmokeBomb"},{"floor":13.0,"key":"CultistPotion"},{"floor":18.0,"key":"Poison Potion"},{"floor":29.0,"key":"Regen Potion"},{"floor":31.0,"key":"CultistPotion"},{"floor":33.0,"key":"ColorlessPotion"},{"floor":45.0,"key":"Energy Potion"}],"is_trial":false,"path_per_floor":["M","?","$","M","?","E","R","M","T","M","M","$","?","E","R","B",null,"M","?","M","M","M","R","E","$","T","?","?","E","R","M","R","B",null,"M","M","?","M","M","R","E","R","T","R","E","?","E","$","R","B",null,"R","$","E","B",null],"character_chosen":"THE_SILENT","items_purchased":["Orrery","Snake Skull","Potion Belt","Membership Card","Art of War","InkBottle","Noxious Fumes","Crippling Poison","PiercingWail"],"campfire_rested":1,"item_purchase_floors":[3,12,25,48,48,48,48,48,48],"current_hp_per_floor":[61,61,61,61,61,30,42,40,40,32,32,32,19,11,26,26,54,51,51,34,29,17,50,49,49,49,49,31,31,31,31,31,23,29,29,29,29,27,11,31,30,31,31,31,29,29,28,28,31,28,30,31,31,16,2],"gold":86,"neow_bonus":"TWO_FIFTY_GOLD","is_daily":false,"chose_seed":false,"campfire_upgraded":8,"win_rate":0.0,"timestamp":1610800138,"path_taken":["M","?","$","?","?","E","R","M","T","?","M","$","?","E","R","BOSS","M","?","M","M","M","R","E","$","T","?","?","E","R","M","R","BOSS","M","M","?","M","M","R","E","R","T","R","E","?","E","$","R","BOSS","R","$","E","BOSS"],"items_purchased_type":["Relic","Relic","Relic","Relic","Relic","Relic","Card","Card","Card"],"build_version":"2020-12-22","purchased_purges":3,"victory":true,"max_hp_per_floor":[63,63,63,63,63,63,63,63,63,63,63,63,63,63,63,63,63,63,63,63,63,63,63,63,63,63,63,31,31,31,31,31,31,31,31,31,31,31,31,31,31,31,31,31,31,31,31,31,31,31,31,31,31,31,31],"relic_stats":{"counters":[27,154],"Astrolabe":["Eviscerate","Corpse Explosion","Finisher"],"HoveringKite":[26],"Eternal Feather":67,"Snake Skull":[174],"Boot":[23],"WarpedTongs":[144],"Tough Bandages":[255],"Nunchaku":[2],"Mummified Hand":[82],"Art of War":[12],"obtain_stats":[{"Potion Belt":25,"Ice Cream":54,"Astrolabe":17,"HoveringKite":34,"Eternal Feather":6,"Snake Skull":12,"Odd Mushroom":13,"Boot":45,"WarpedTongs":5,"Tough Bandages":24,"Anchor":29,"Nunchaku":47,"HornCleat":26,"Mummified Hand":9,"MutagenicStrength":27,"Orrery":3,"Art of War":48,"Bottled Lightning":14,"Membership Card":48,"Toy Ornithopter":41,"InkBottle":48,"Ring of the Snake":0},{"Potion Belt":14,"Ice Cream":26,"Astrolabe":9,"HoveringKite":17,"Eternal Feather":3,"Snake Skull":6,"Odd Mushroom":7,"Boot":23,"WarpedTongs":2,"Tough Bandages":14,"Anchor":15,"Nunchaku":24,"HornCleat":14,"Mummified Hand":4,"MutagenicStrength":14,"Orrery":1,"Art of War":24,"Bottled Lightning":8,"Membership Card":24,"Toy Ornithopter":22,"InkBottle":24,"Ring of the Snake":0},{"Potion Belt":63,"Ice Cream":143,"Astrolabe":38,"HoveringKite":83,"Eternal Feather":13,"Snake Skull":22,"Odd Mushroom":25,"Boot":119,"WarpedTongs":8,"Tough Bandages":63,"Anchor":69,"Nunchaku":128,"HornCleat":63,"Mummified Hand":16,"MutagenicStrength":63,"Orrery":6,"Art of War":128,"Bottled Lightning":30,"Membership Card":128,"Toy Ornithopter":110,"InkBottle":128,"Ring of the Snake":0}],"Toy Ornithopter":20,"InkBottle":[10],"Ring of the Snake":[54]},"card_choices":[{"not_picked":["Poisoned Stab","Dagger Throw"],"picked":"Riddle With Holes","floor":1.0},{"not_picked":["Masterful Stab","Blade Dance"],"picked":"Dash","floor":3.0},{"not_picked":["Tactician","Outmaneuver"],"picked":"Dagger Spray","floor":3.0},{"not_picked":["Prepared","Backflip"],"picked":"Cloak And Dagger","floor":3.0},{"not_picked":["Backflip","Cloak And Dagger"],"picked":"Deadly Poison","floor":3.0},{"not_picked":["Deadly Poison","Slice"],"picked":"Caltrops","floor":3.0},{"not_picked":["Dodge and Roll","PiercingWail"],"picked":"Well Laid Plans","floor":4.0},{"not_picked":["Glass Knife","Acrobatics"],"picked":"Skewer","floor":6.0},{"not_picked":["Distraction","Prepared","Slice"],"picked":"SKIP","floor":8.0},{"not_picked":["Slice","Masterful Stab"],"picked":"Calculated Gamble","floor":10.0},{"not_picked":["Slice","Prepared"],"picked":"Concentrate","floor":11.0},{"not_picked":["Choke","Masterful Stab"],"picked":"Deflect","floor":13.0},{"not_picked":["Sucker Punch","Riddle With Holes","Deflect"],"picked":"SKIP","floor":14.0},{"not_picked":["Die Die Die","Adrenaline"],"picked":"Wraith Form v2","floor":16.0},{"not_picked":["Blade Dance","Distraction","Prepared+1"],"picked":"SKIP","floor":18.0},{"not_picked":["All Out Attack+1","Caltrops"],"picked":"Leg Sweep","floor":20.0},{"not_picked":["Backstab","Acrobatics","Dagger Throw"],"picked":"SKIP","floor":21.0},{"not_picked":["Tools of the Trade","Noxious Fumes","Slice"],"picked":"SKIP","floor":22.0},{"not_picked":["Caltrops+1","Masterful Stab","Acrobatics"],"picked":"SKIP","floor":24.0},{"not_picked":["Tactician","Underhanded Strike"],"picked":"Crippling Poison","floor":29.0},{"not_picked":["Well Laid Plans","Flechettes","Predator"],"picked":"SKIP","floor":31.0},{"not_picked":["Unload","A Thousand Cuts"],"picked":"Doppelganger","floor":33.0},{"not_picked":["Bouncing Flask","Sucker Punch"],"picked":"Catalyst","floor":35.0},{"not_picked":["Cloak And Dagger","Heel Hook+1","Well Laid Plans+1"],"picked":"SKIP","floor":36.0},{"not_picked":["Blade Dance","Outmaneuver+1","Backflip"],"picked":"SKIP","floor":38.0},{"not_picked":["Deadly Poison","Dagger Throw"],"picked":"Backflip+1","floor":39.0},{"not_picked":["Deflect+1","Doppelganger","Dagger Throw"],"picked":"SKIP","floor":41.0},{"not_picked":["Sucker Punch+1","Calculated Gamble+1"],"picked":"PiercingWail+1","floor":45.0},{"not_picked":["Backflip","Poisoned Stab","Concentrate+1"],"picked":"SKIP","floor":47.0},{"not_picked":["Blade Dance","Crippling Poison+1"],"picked":"Acrobatics+1","floor":54}],"player_experience":976490,"relics_obtained":[{"floor":6.0,"key":"Eternal Feather"},{"floor":9.0,"key":"Mummified Hand"},{"floor":13.0,"key":"Odd Mushroom"},{"floor":14.0,"key":"Bottled Lightning"},{"floor":24.0,"key":"Tough Bandages"},{"floor":26.0,"key":"HornCleat"},{"floor":29.0,"key":"Anchor"},{"floor":41.0,"key":"Toy Ornithopter"},{"floor":45.0,"key":"Boot"},{"floor":47.0,"key":"Nunchaku"},{"floor":54,"key":"Ice Cream"}],"event_choices":[{"damage_healed":0.0,"max_hp_gain":0.0,"max_hp_loss":0.0,"gold_gain":0.0,"event_name":"Match and Keep!","player_choice":"2 cards matched","floor":2.0,"gold_loss":0.0,"damage_taken":0.0,"cards_obtained":["Glass Knife","Noxious Fumes"]},{"damage_healed":0.0,"max_hp_gain":0.0,"max_hp_loss":0.0,"gold_gain":0.0,"event_name":"Accursed Blacksmith","player_choice":"Rummage","floor":5.0,"gold_loss":0.0,"damage_taken":0.0,"relics_obtained":["WarpedTongs"],"cards_obtained":["Pain"]},{"damage_healed":0.0,"max_hp_gain":0.0,"max_hp_loss":0.0,"gold_gain":0.0,"event_name":"Mushrooms","player_choice":"Fought Mushrooms","floor":13.0,"gold_loss":0.0,"damage_taken":0.0},{"damage_healed":0.0,"max_hp_gain":0.0,"max_hp_loss":0.0,"gold_gain":0.0,"event_name":"Back to Basics","player_choice":"Simplicity","floor":19.0,"gold_loss":0.0,"damage_taken":0.0,"cards_upgraded":["Strike_G","Strike_G","Strike_G","Defend_G","Defend_G","Defend_G","Defend_G"]},{"damage_healed":0.0,"max_hp_gain":0.0,"max_hp_loss":0.0,"gold_gain":0.0,"event_name":"Drug Dealer","player_choice":"Inject Mutagens","floor":27.0,"gold_loss":0.0,"damage_taken":0.0,"relics_obtained":["MutagenicStrength"]},{"damage_healed":0.0,"max_hp_gain":0.0,"max_hp_loss":32.0,"gold_gain":0.0,"event_name":"Ghosts","player_choice":"Became a Ghost","floor":28.0,"gold_loss":0.0,"damage_taken":0.0,"cards_obtained":["Ghostly","Ghostly","Ghostly","Ghostly","Ghostly"]},{"damage_healed":0.0,"max_hp_gain":0.0,"max_hp_loss":0.0,"gold_gain":0.0,"event_name":"SensoryStone","player_choice":"Memory 1","floor":37.0,"gold_loss":0.0,"damage_taken":0.0},{"damage_healed":0.0,"max_hp_gain":0.0,"max_hp_loss":0.0,"gold_gain":100.0,"event_name":"Golden Shrine","player_choice":"Pray","floor":46.0,"gold_loss":0.0,"damage_taken":0.0}],"is_beta":false,"boss_relics":[{"not_picked":["Calling Bell","SlaversCollar"],"picked":"Astrolabe"},{"not_picked":["Fusion Hammer","Cursed Key"],"picked":"HoveringKite"}],"items_purged_floors":[12,25,48],"is_endless":false,"potions_floor_spawned":[1,8,10,13,16,18,20,29,31,33,35,36,38,45],"ascension_level":10}}