{"host":"e4wnmsyty9uvvtwf","time":1610779080,"event":{"mods":["Act Like it!","BaseMod","Colored Map","Colored Powertips","Gensokyo","Koishi","Minty Spire (QoL Compilation)","Rare Cards Sparkle","StSLib"],"gold_per_floor":[16,27,27,39,39,39,58,74,100,55,55,55,23,55,55,152,152,371,371,122,122,372,372,390,417,489,489,699,728,728,738,738,836,836,848,848,859,242,242,242,252,279,279,61,61,76,101,120,120,120],"floor_reached":51,"language":"ZHS","playtime":2078,"items_purged":["Parasite"],"score":1065,"play_id":"d3ca0c72-5f35-4677-ad7f-601e38f3fabc","local_time":"20210116143800","is_ascension_mode":true,"campfire_choices":[{"data":"Koishi:HauntingSlash","floor":6,"key":"SMITH"},{"data":"Koishi:HeartStoppingHorror","floor":12,"key":"SMITH"},{"floor":15,"key":"REST"},{"data":"Writhe","floor":23,"key":"PURGE"},{"data":"Koishi:RoseHell","floor":30,"key":"SMITH"},{"data":"Koishi:StingingMind","floor":32,"key":"SMITH"},{"data":"Koishi:UnconsciousUrges","floor":40,"key":"SMITH"},{"data":"Koishi:GhostParty","floor":49,"key":"SMITH"}],"circlet_count":0,"master_deck":["Koishi:BasicStrike","Koishi:BasicStrike","Koishi:BasicStrike+1","Koishi:BasicDefend","Koishi:BasicDefend","Koishi:BasicDefend+1","Koishi:BasicDefend","Koishi:Provoke","Koishi:HauntingSlash+1","Koishi:Untouchable","Koishi:StingingMind+1","Koishi:EmbryosDream","Koishi:MindNumbingTerror","Koishi:UnconsciousUrges","Koishi:ParalyzingFear+1","Koishi:HeartStoppingHorror+1","Koishi:RacingHeart","Koishi:MindNumbingTerror","Koishi:RoseHell+1","Koishi:SprinkleStarAndHeart","Koishi:SuperEgo","Koishi:PredatoryInstincts","Koishi:PredatoryInstincts+1","Koishi:PerfectMindControl","Koishi:UnconsciousUprising+1","Koishi:PhantomBarrier+1","Koishi:HeartStoppingHorror+1","Koishi:RacingHeart+1","Koishi:MassHysteria+1","Koishi:HeartfeltFancy+1","Koishi:SilentAndRestless+1","Koishi:GhostParty+1","Koishi:Prune+1","Clumsy","Koishi:EmbryosDream+1","Koishi:VengefulSpirit+1","Koishi:SpiritedAway+1","Koishi:Heartbroken+1","Koishi:DreadfulBlow+1"],"relics":["Koishi:ImaginaryFriend","Peace Pipe","Lantern","Strawberry","Cursed Key","OrangePellets","Meat on the Bone","Frozen Egg 2","Prayer Wheel","Molten Egg 2","Coffee Dripper","Turnip","Shuriken","Eternal Feather","Boot","Bottled Lightning","Mummified Hand","Koishi:AHoleWhereASisterShouldBe","Du-Vu Doll","InkBottle"],"acts_visited":["Exordium","Gensokyo:Gensokyo","Gensokyo:Gensokyoer"],"potions_floor_usage":[29],"damage_taken":[{"damage":2,"enemies":"Gensokyo:Python","floor":1,"turns":6},{"damage":3,"enemies":"Gensokyo:Gryphon","floor":2,"turns":5},{"damage":4,"enemies":"Gensokyo:3_Fairies","floor":4,"turns":5},{"damage":1,"enemies":"Gensokyo:VengefulSpirit","floor":7,"turns":5},{"damage":32,"enemies":"Gensokyo:5_Fairies","floor":8,"turns":8},{"damage":24,"enemies":"Gensokyo:Aya","floor":14,"turns":7},{"damage":18,"enemies":"Gensokyo:Reimu","floor":16,"turns":11},{"damage":12,"enemies":"Gensokyo:Chomper","floor":18,"turns":4},{"damage":8,"enemies":"Gensokyo:AngelMirror","floor":24,"turns":5},{"damage":18,"enemies":"Gensokyo:Koishi","floor":25,"turns":6},{"damage":12,"enemies":"Gensokyo:Wraith","floor":28,"turns":4},{"damage":34,"enemies":"Gensokyo:Tenshi","floor":29,"turns":4},{"damage":13,"enemies":"Gensokyo:Mirror_and_Dog","floor":31,"turns":4},{"damage":34,"enemies":"Gensokyo:Eternal_Rivals","floor":33,"turns":10},{"damage":14,"enemies":"Gensokyo:AncientGuardian","floor":35,"turns":5},{"damage":5,"enemies":"Gensokyo:3_Bats","floor":37,"turns":5},{"damage":39,"enemies":"Gensokyo:AtlasGolem","floor":41,"turns":5},{"damage":10,"enemies":"Gensokyo:Marisa","floor":42,"turns":8},{"damage":0,"enemies":"Gensokyo:3_Boulders","floor":46,"turns":4},{"damage":1,"enemies":"Gensokyo:Doremy","floor":47,"turns":4},{"damage":9,"enemies":"Gensokyo:Rafflesia","floor":48,"turns":5},{"damage":0,"enemies":"Gensokyo:Scarlet_Devils","floor":50,"turns":8}],"seed_played":"-2166139694611115317","potions_obtained":[{"floor":2,"key":"BlessingOfTheForge"},{"floor":14,"key":"Strength Potion"},{"floor":16,"key":"SpeedPotion"},{"floor":24,"key":"Explosive Potion"},{"floor":25,"key":"EssenceOfSteel"},{"floor":29,"key":"Ancient Potion"},{"floor":46,"key":"EntropicBrew"}],"is_trial":false,"path_per_floor":["M","M","?","M","?","R","M","M","T","$","?","R","COS","E","R","B",null,"M","?","COS","?","?","R","M","E","T","?","M","E","R","M","R","B",null,"M","?","M","COS","?","R","M","E","T","$","?","M","E","M","R","B",null],"character_chosen":"KOISHI","items_purchased":["Koishi:RacingHeart","Koishi:AHoleWhereASisterShouldBe"],"campfire_rested":1,"item_purchase_floors":[10,44],"current_hp_per_floor":[53,52,52,48,48,48,57,29,29,29,29,29,29,18,38,34,59,53,53,53,53,53,53,49,39,39,39,43,31,31,36,36,34,59,51,25,42,42,42,63,39,47,47,47,47,64,64,64,64,64],"gold":120,"neow_bonus":"ONE_RARE_RELIC","is_daily":false,"chose_seed":false,"campfire_upgraded":6,"win_rate":0.0,"timestamp":1610779080,"path_taken":["M","?","?","M","?","R","M","?","T","?","?","R","COS","E","R","BOSS","M","?","COS","?","?","R","M","E","T","?","M","E","R","M","R","BOSS","M","?","M","COS","?","R","M","E","T","$","?","M","E","M","R","BOSS"],"items_purchased_type":["Card","Relic"],"build_version":"2020-12-22","purchased_purges":1,"victory":true,"max_hp_per_floor":[60,60,60,60,60,60,60,60,60,60,60,60,60,67,67,67,67,67,67,67,67,67,67,67,67,67,67,67,67,67,67,67,67,67,67,67,67,67,67,67,67,67,67,64,64,64,64,64,64,64],"card_choices":[{"not_picked":["Koishi:CatchAndRose","Koishi:RacingHeart"],"picked":"Koishi:Untouchable","floor":1},{"not_picked":["Koishi:UnansweredLove","Koishi:RorschachInDanmaku"],"picked":"Koishi:StingingMind","floor":2},{"not_picked":["Koishi:Whimsy","Koishi:DreadfulBlow"],"picked":"Koishi:EmbryosDream","floor":4},{"not_picked":["Koishi:HeartfeltFancy","Koishi:LastRemote"],"picked":"Koishi:MindNumbingTerror","floor":5},{"not_picked":["Koishi:PhantomStrike","Koishi:SubconsciousSweep"],"picked":"Koishi:UnconsciousUrges","floor":5},{"not_picked":["Koishi:LastRemote","Koishi:BloodcurdlingScream"],"picked":"Koishi:ParalyzingFear","floor":7},{"not_picked":["Koishi:ReflexRadar","Koishi:FleetingPhantom"],"picked":"Koishi:HeartStoppingHorror","floor":8},{"not_picked":["Koishi:EmbersOfLove","Koishi:JumpScare"],"picked":"Koishi:MindNumbingTerror","floor":14},{"not_picked":["Koishi:ConditionedTeleport","Koishi:PerfectMindControl"],"picked":"Koishi:RoseHell","floor":16},{"not_picked":["Koishi:HeartfeltFancy","Koishi:SubconsciousSweep+1"],"picked":"Koishi:UnconsciousUrges","floor":18},{"not_picked":["Koishi:PhantomBarrier","Koishi:Vanish"],"picked":"Koishi:SprinkleStarAndHeart","floor":24},{"not_picked":["Koishi:GhostParty","Koishi:SprinkleStarAndHeart"],"picked":"Koishi:SuperEgo","floor":25},{"not_picked":["Koishi:ReflexRadar","Koishi:BloodcurdlingScream"],"picked":"Koishi:PredatoryInstincts+1","floor":28},{"not_picked":["Koishi:UnansweredLove","Koishi:EmbersOfLove"],"picked":"Koishi:PerfectMindControl","floor":29},{"not_picked":["Koishi:MindNumbingTerror+1","Koishi:PhantomBarrier"],"picked":"Koishi:UnconsciousUprising+1","floor":31},{"not_picked":["Koishi:PhantomStrike+1","Koishi:SprinkleStarAndHeart+1"],"picked":"Koishi:PhantomBarrier+1","floor":31},{"not_picked":["Koishi:FadingMemory","Koishi:Ego+1"],"picked":"Koishi:HeartStoppingHorror+1","floor":33},{"not_picked":["Koishi:SubterraneanRose","Koishi:EmbryosDream+1"],"picked":"Koishi:RacingHeart+1","floor":35},{"not_picked":["Koishi:DanmakuParanoia","Koishi:ApparitionsStalkTheNight"],"picked":"Koishi:MassHysteria+1","floor":35},{"not_picked":["Koishi:MassHysteria+1","Koishi:PhantomBarrier"],"picked":"Koishi:HeartfeltFancy+1","floor":37},{"not_picked":["Koishi:SpiritedAway+1","Koishi:JumpScare"],"picked":"Koishi:SilentAndRestless+1","floor":37},{"not_picked":["Koishi:ParalyzingFear+1","Koishi:FleetingPhantom+1"],"picked":"Koishi:GhostParty","floor":41},{"not_picked":["Koishi:Jaunt+1","Koishi:CatchAndRose+1","Koishi:RacingHeart+1"],"picked":"SKIP","floor":41},{"not_picked":["Koishi:EmbryosDream","Koishi:SubconsciousSweep+1"],"picked":"Koishi:Prune+1","floor":42},{"not_picked":["Koishi:SubterraneanRose","Koishi:Jaunt+1"],"picked":"Koishi:EmbryosDream+1","floor":46},{"not_picked":["Koishi:TremblingHands+1","Koishi:PhantomStrike+1"],"picked":"Koishi:VengefulSpirit+1","floor":46},{"not_picked":["Koishi:Vanish","Koishi:SubconsciousSweep+1"],"picked":"Koishi:SpiritedAway+1","floor":47},{"not_picked":["Koishi:FreudianInstinct+1","Koishi:ParalyzingFear+1"],"picked":"Koishi:Heartbroken+1","floor":48},{"not_picked":["Koishi:SubterraneanRose+1","Koishi:VengefulSpirit+1"],"picked":"Koishi:DreadfulBlow+1","floor":48}],"player_experience":539521,"relics_obtained":[{"floor":9,"key":"Juzu Bracelet"},{"floor":14,"key":"Strawberry"},{"floor":25,"key":"Meat on the Bone"},{"floor":26,"key":"Frozen Egg 2"},{"floor":29,"key":"Molten Egg 2"},{"floor":42,"key":"Bottled Lightning"},{"floor":43,"key":"Mummified Hand"},{"floor":47,"key":"InkBottle"}],"event_choices":[],"is_beta":false,"boss_relics":[{"not_picked":["Black Star","SacredBark"],"picked":"Cursed Key"},{"not_picked":["Sozu","Runic Pyramid"],"picked":"Coffee Dripper"}],"items_purged_floors":[44],"is_endless":false,"potions_floor_spawned":[2,14,16,24,25,29,35,42,46,47],"ascension_level":7}}