{"host":"56d873i5r3uhle0q","time":1610779173,"event":{"mods":["100% Spire Juice","Act Like it!","Aspiration","BaseMod","Block Reminder","Conspire","Gensokyo","Hermit","Jedi Mod","Marisa????????","Marked Mod","Minty Spire (QoL Compilation)","Replay The Spire","StSLib","The Animator","The Bug Knight","The Cursed","The Jungle","The Marked","The Servant 0.9.4","everything is the same but u backflip on backflip","vexMod","??????REMEMod"],"gold_per_floor":[119,14,27,45,257,272,272,272,272,290,10,21,21,31,31,130,130,143,62,0,0,0],"floor_reached":21,"language":"ENG","playtime":900,"items_purged":["Strike_G","Strike_G"],"score":173,"play_id":"2defb93c-1ccf-4894-9f18-286bc9804f29","local_time":"20210115233933","is_ascension_mode":false,"campfire_choices":[{"floor":7.0,"key":"REST"},{"floor":13.0,"key":"REST"},{"floor":15.0,"key":"REST"}],"circlet_count":0,"master_deck":["Strike_G","Strike_G","Strike_G","Defend_G","Defend_G","Defend_G","Defend_G","Defend_G","Survivor","Neutralize","Defend_G","HollowMod:PogoStrike","Escape Plan+1","Choke","Storm of Steel","Toxin Wave+1","Blade Dance","Footwork","REME_SpectralBlade","Footwork"],"relics":["Ring of the Snake","REME_ComplimentaryCards","Basket Of Snakes","jedi:cryingmask","jedi:Pinwheel"],"acts_visited":["Gensokyo:Gensokyo","Gensokyo:Gensokyoer"],"potions_floor_usage":[],"damage_taken":[{"damage":2.0,"enemies":"Gensokyo:2_Kodama","floor":1.0,"turns":4.0},{"damage":8.0,"enemies":"Gensokyo:Gryphon","floor":3.0,"turns":6.0},{"damage":4.0,"enemies":"Gensokyo:3_Fairies","floor":4.0,"turns":5.0},{"damage":10.0,"enemies":"Gensokyo:Gryphon_and_Rabbit","floor":5.0,"turns":6.0},{"damage":0.0,"enemies":"Gensokyo:3_Kodama","floor":6.0,"turns":3.0},{"damage":12.0,"enemies":"Gensokyo:Kitsune","floor":10.0,"turns":3.0},{"damage":11.0,"enemies":"Gensokyo:Python_and_Kodama","floor":12.0,"turns":4.0},{"damage":6.0,"enemies":"Gensokyo:2_Rabbits","floor":14.0,"turns":3.0},{"damage":52,"enemies":"Gensokyo:Yukari","floor":16,"turns":8},{"damage":13,"enemies":"Gensokyo:Chomper","floor":18,"turns":5}],"seed_played":"1861255974799652482","potions_obtained":[{"floor":5.0,"key":"jedi:hoardpotion"},{"floor":10.0,"key":"Elixir"},{"floor":12.0,"key":"Swift Potion"}],"is_trial":false,"path_per_floor":["M","COS","M","M","M","M","R","?","T","M","$","M","R","M","R","B",null,"M","$","?","?"],"character_chosen":"THE_SILENT","items_purchased":["Blade Dance","Footwork","Footwork"],"campfire_rested":3,"item_purchase_floors":[11,11,19],"current_hp_per_floor":[68,68,60,56,46,46,67,60,60,48,48,37,58,52,70,18,70,57,57,57,0,0],"gold":0,"neow_bonus":"ONE_RARE_RELIC","is_daily":false,"chose_seed":false,"campfire_upgraded":0,"win_rate":0.0,"timestamp":1610779173,"path_taken":["M","COS","M","M","M","?","R","?","T","M","$","M","R","M","R","BOSS","M","$","?","?"],"items_purchased_type":["Card","Card","Card"],"build_version":"2020-12-22","purchased_purges":2,"victory":false,"max_hp_per_floor":[70,70,70,70,70,70,70,70,70,70,70,70,70,70,70,70,70,70,70,70,70,70],"card_choices":[{"not_picked":["Outmaneuver","Dodge and Roll","Poisoned Stab"],"picked":"SKIP","floor":1.0},{"not_picked":["Cloak And Dagger+1","PiercingWail+1"],"picked":"Escape Plan+1","floor":3.0},{"not_picked":["Caltrops","Slice"],"picked":"Choke","floor":3.0},{"not_picked":["Deflect","Endless Agony","Outmaneuver"],"picked":"SKIP","floor":4.0},{"not_picked":["Endless Agony","Dash","Predator"],"picked":"SKIP","floor":5.0},{"not_picked":["Bane","Blur"],"picked":"Toxin Wave","floor":6.0},{"not_picked":["Poisoned Stab","PiercingWail","Skewer"],"picked":"SKIP","floor":10.0},{"not_picked":["Bane","Die Die Die","Flying Knee"],"picked":"SKIP","floor":12.0},{"not_picked":["Underhanded Strike","Deflect","Flying Knee"],"picked":"SKIP","floor":14.0},{"not_picked":["REME_CopyPotion","Unload"],"picked":"REME_SpectralBlade","floor":16},{"not_picked":["Deflect","Heel Hook","Crippling Poison"],"picked":"SKIP","floor":18}],"player_experience":533465,"relics_obtained":[{"floor":9.0,"key":"jedi:Pinwheel"}],"event_choices":[],"is_beta":false,"boss_relics":[{"not_picked":["vexMod:TanglingVine","Replay:Fungal Core","Philosopher\u0027s Stone"]}],"items_purged_floors":[11,11],"is_endless":false,"potions_floor_spawned":[5,10,12,18],"ascension_level":0}}