{"host":"wshh0nphwn6jv7vj","time":1610755902,"event":{"mods":["BaseMod","Bestiary","Minty Spire (QoL Compilation)","Relic Stats"],"gold_per_floor":[116,133,58,74,20,47,47,75,75,110,122,133,144,159,159,231,231,251,268,286,286,286,286,286],"floor_reached":23,"language":"ENG","playtime":1235,"items_purged":[],"score":398,"play_id":"2fb10895-43e2-4b74-a3ab-a5086b343a06","local_time":"20210115191142","is_ascension_mode":true,"campfire_choices":[{"data":"Sunder","floor":15,"key":"SMITH"}],"circlet_count":0,"master_deck":["AscendersBane","Strike_B+1","Strike_B","Strike_B","Defend_B","Defend_B","Defend_B","Defend_B","Zap","Dualcast","Cold Snap","Cold Snap","Beam Cell","Compile Driver+1","Defragment","Lockon","Glacier","Melter","Self Repair","Sunder+1","Rebound","Core Surge","Blizzard","Writhe"],"relics":["Cracked Core","NeowsBlessing","Whetstone","CaptainsWheel","Anchor","Black Star","Mercury Hourglass"],"acts_visited":["Exordium","TheCity"],"potions_floor_usage":[8,10,16,18,20,23],"damage_taken":[{"damage":0,"enemies":"Jaw Worm","floor":1,"turns":1},{"damage":0,"enemies":"Small Slimes","floor":2,"turns":1},{"damage":0,"enemies":"Cultist","floor":4,"turns":1},{"damage":18,"enemies":"3 Sentries","floor":6,"turns":10},{"damage":9,"enemies":"Lagavulin","floor":8,"turns":5},{"damage":23,"enemies":"3 Sentries","floor":10,"turns":6},{"damage":7,"enemies":"Gremlin Gang","floor":11,"turns":4},{"damage":0,"enemies":"Exordium Wildlife","floor":12,"turns":6},{"damage":1,"enemies":"Blue Slaver","floor":13,"turns":3},{"damage":5,"enemies":"Large Slime","floor":14,"turns":4},{"damage":13,"enemies":"Slime Boss","floor":16,"turns":14},{"damage":0,"enemies":"Chosen","floor":18,"turns":2},{"damage":20,"enemies":"Shell Parasite","floor":19,"turns":4},{"damage":29,"enemies":"Snake Plant","floor":20,"turns":6},{"damage":27,"enemies":"Slavers","floor":23,"turns":2}],"seed_played":"-5756527352376898536","potions_obtained":[{"floor":2,"key":"PowerPotion"},{"floor":4,"key":"CultistPotion"},{"floor":8,"key":"Dexterity Potion"},{"floor":11,"key":"FearPotion"},{"floor":16,"key":"AttackPotion"},{"floor":18,"key":"SteroidPotion"}],"is_trial":false,"path_per_floor":["M","M","?","M","$","E","?","E","T","E","M","M","M","M","R","B",null,"M","M","M","?","?","E"],"character_chosen":"DEFECT","items_purchased":["Compile Driver"],"campfire_rested":0,"item_purchase_floors":[5],"current_hp_per_floor":[64,64,64,64,64,46,69,60,60,37,30,30,36,31,31,25,60,60,47,25,25,25,0,0],"gold":286,"neow_bonus":"THREE_ENEMY_KILL","is_daily":false,"chose_seed":false,"campfire_upgraded":1,"win_rate":0.0,"timestamp":1610755902,"path_taken":["M","M","?","M","$","E","?","E","T","E","M","M","M","M","R","BOSS","M","M","M","?","?","E"],"items_purchased_type":["Card"],"build_version":"2020-12-22","purchased_purges":0,"victory":false,"max_hp_per_floor":[71,71,71,71,71,71,71,71,71,71,71,71,71,71,71,71,71,71,71,71,71,71,71,71],"relic_stats":{"counters":[15,69],"Black Star":0,"Whetstone":["Strike_B","Compile Driver"],"obtain_stats":[{"CaptainsWheel":8,"Anchor":10,"NeowsBlessing":0,"Black Star":17,"Whetstone":6,"Cracked Core":0,"Mercury Hourglass":22},{"CaptainsWheel":5,"Anchor":6,"NeowsBlessing":0,"Black Star":11,"Whetstone":4,"Cracked Core":0,"Mercury Hourglass":14},{"CaptainsWheel":18,"Anchor":24,"NeowsBlessing":0,"Black Star":55,"Whetstone":13,"Cracked Core":0,"Mercury Hourglass":67}],"Mercury Hourglass":[18]},"card_choices":[{"not_picked":["Force Field","Steam"],"picked":"Cold Snap","floor":1},{"not_picked":["Compile Driver","Reinforced Body"],"picked":"Cold Snap","floor":2},{"not_picked":["Multi-Cast","Turbo"],"picked":"Beam Cell","floor":4},{"not_picked":["Beam Cell","Leap"],"picked":"Defragment","floor":6},{"not_picked":["Skim","Consume"],"picked":"Lockon","floor":8},{"not_picked":["Turbo","Steam"],"picked":"Glacier","floor":10},{"not_picked":["Go for the Eyes","Ball Lightning"],"picked":"Melter","floor":11},{"not_picked":["Multi-Cast","Leap"],"picked":"Self Repair","floor":12},{"not_picked":["Fusion","Barrage"],"picked":"Sunder","floor":13},{"not_picked":["Heatsinks","Gash"],"picked":"Rebound","floor":14},{"not_picked":["Multi-Cast","Seek"],"picked":"Core Surge","floor":16},{"not_picked":["Beam Cell","Redo","Leap"],"picked":"SKIP","floor":18},{"not_picked":["Streamline","Sweeping Beam"],"picked":"Blizzard","floor":19},{"not_picked":["Heatsinks","Go for the Eyes","Barrage+1"],"picked":"SKIP","floor":20}],"player_experience":1579223,"relics_obtained":[{"floor":6,"key":"Whetstone"},{"floor":8,"key":"CaptainsWheel"},{"floor":10,"key":"Anchor"}],"event_choices":[{"cards_removed":["Strike_B"],"damage_healed":0,"gold_gain":0,"player_choice":"Card Removal","damage_taken":0,"max_hp_gain":0,"max_hp_loss":0,"event_name":"The Cleric","floor":3,"gold_loss":75},{"damage_healed":23,"gold_gain":0,"player_choice":"Banana","damage_taken":0,"max_hp_gain":0,"max_hp_loss":0,"event_name":"Big Fish","floor":7,"gold_loss":0},{"damage_healed":0,"gold_gain":0,"player_choice":"Ignored","damage_taken":0,"max_hp_gain":0,"max_hp_loss":0,"event_name":"Vampires","floor":21,"gold_loss":0},{"damage_healed":0,"gold_gain":0,"player_choice":"Opened","damage_taken":0,"relics_obtained":["Mercury Hourglass"],"max_hp_gain":0,"max_hp_loss":0,"event_name":"The Mausoleum","floor":22,"gold_loss":0,"cards_obtained":["Writhe"]}],"is_beta":false,"boss_relics":[{"not_picked":["Fusion Hammer","Philosopher\u0027s Stone"],"picked":"Black Star"}],"items_purged_floors":[],"is_endless":false,"potions_floor_spawned":[2,4,8,11,13,16,18],"killed_by":"Slavers","ascension_level":17}}