{"host":"lxihx0b6awoz2w1j","time":1610810393,"event":{"mods":["Act Like it!","BaseMod","Better Third Choice","CapriCore","Colored Powertips","Conspire","Fox Events","Gensokyo","Hermit","Hubris","Infinite Spire","JesterMod","Luminous","Marisa????????","Melee Mod","Minty Spire (QoL Compilation)","Prisma Mod","Quick Restart","Relic Stats","Replay The Spire","Shade Mod","Spicy Shops","StSLib","The Alterego","The Blue Laboratory","The Cursed","The Disciple","The Forsaken","The Gatherer","The Immortal","The Jungle","The Marked","The Runesmith","The Senshi","The Servant 0.9.4","The Spell Scribe","Waifu the Spire"],"gold_per_floor":[118,134,134,151,32,63,63,80,80,112,131,131,159,174,174,174,174],"floor_reached":16,"language":"ENG","playtime":908,"items_purged":[],"score":128,"play_id":"211e46ea-2363-44f0-9c78-0fe2218261dd","local_time":"20210116161953","is_ascension_mode":true,"campfire_choices":[{"floor":7.0,"key":"REST"},{"floor":15,"key":"DIG"}],"circlet_count":0,"master_deck":["theSenshi:SailorKick","theSenshi:SailorKick","theSenshi:SailorKick","theSenshi:SailorKick","theSenshi:SailorBlock","theSenshi:SailorBlock","theSenshi:SailorBlock","theSenshi:SailorBlock","theSenshi:RoseThrow","theSenshi:MoonPrismPowerMakeUp","theSenshi:SailorMercuryAssists","theSenshi:MoonPunch","Decay","theSenshi:SailorMarsAssists","theSenshi:TallSilhouette","theSenshi:TuxedoSmokingBomber","theSenshi:RainbowMoonHeartAche","theSenshi:MoonTiaraMagic","theSenshi:TuxedoSmokingBomber","theSenshi:MoonlightKnight","theSenshi:SailorMercuryAssists","theSenshi:IWillPunishYou","Flash of Steel","theSenshi:CrisisMakeUp"],"relics":["theSenshi:TransformationBroochRelic","theForsaken:Gavel","hubris:SphereOfDissonance","hubris:TinFlute","Molten Egg 2","Vajra"],"acts_visited":["Exordium"],"potions_floor_usage":[16],"damage_taken":[{"damage":0.0,"enemies":"conspire:RoseBush","floor":1.0,"turns":3.0},{"damage":0.0,"enemies":"Cultist","floor":2.0,"turns":3.0},{"damage":17.0,"enemies":"infinitespire:Voidling","floor":4.0,"turns":5.0},{"damage":37.0,"enemies":"Gremlin Nob","floor":6.0,"turns":5.0},{"damage":0.0,"enemies":"3 Louse","floor":8.0,"turns":3.0},{"damage":10.0,"enemies":"3 Sentries","floor":10.0,"turns":6.0},{"damage":2.0,"enemies":"Large Slime","floor":11.0,"turns":4.0},{"damage":9.0,"enemies":"Gremlin Nob","floor":13.0,"turns":4.0},{"damage":3.0,"enemies":"2 Fungi Beasts","floor":14.0,"turns":3.0},{"damage":33,"enemies":"Hexaghost","floor":16,"turns":10}],"seed_played":"-8071826118431064616","potions_obtained":[{"floor":1.0,"key":"SpeedPotion"},{"floor":6.0,"key":"SmokeBomb"},{"floor":8.0,"key":"blueLaboratory:HummingbirdPotion"}],"is_trial":false,"path_per_floor":["M","M","?","M","$","E","R","M","T","E","M","?","E","M","R","B"],"character_chosen":"THE_SENSHI","items_purchased":["theSenshi:TallSilhouette","theSenshi:TuxedoSmokingBomber"],"campfire_rested":1,"item_purchase_floors":[5,5],"current_hp_per_floor":[75,75,75,71,71,34,56,56,56,46,44,44,35,32,32,0,0],"gold":174,"neow_bonus":"RANDOM_COMMON_RELIC","is_daily":false,"chose_seed":false,"campfire_upgraded":0,"win_rate":0.0,"timestamp":1610810393,"path_taken":["M","M","?","M","$","E","R","M","T","E","?","?","E","?","R","BOSS"],"items_purchased_type":["Card","Card"],"build_version":"2020-12-22","purchased_purges":0,"victory":false,"max_hp_per_floor":[75,75,75,75,75,75,75,75,75,75,75,75,75,75,75,75,75],"relic_stats":{"counters":[10,46],"obtain_stats":[{"theSenshi:TransformationBroochRelic":0,"hubris:SphereOfDissonance":6,"Vajra":15,"Molten Egg 2":13,"theForsaken:Gavel":0,"hubris:TinFlute":9},{"theSenshi:TransformationBroochRelic":0,"hubris:SphereOfDissonance":4,"Vajra":9,"Molten Egg 2":8,"theForsaken:Gavel":0,"hubris:TinFlute":5},{"theSenshi:TransformationBroochRelic":0,"hubris:SphereOfDissonance":16,"Vajra":36,"Molten Egg 2":33,"theForsaken:Gavel":0,"hubris:TinFlute":19}]},"card_choices":[{"not_picked":["theSenshi:HesSoDreamy","theSenshi:LunasBite"],"picked":"theSenshi:SailorMercuryAssists","floor":1.0},{"not_picked":["theSenshi:SailorUranusAssists","theSenshi:SailorChibiMoonAssists"],"picked":"theSenshi:MoonPunch","floor":2.0},{"not_picked":["theSenshi:HesSoDreamy","theSenshi:MoonKick"],"picked":"theSenshi:SailorMarsAssists","floor":4.0},{"not_picked":["theSenshi:MoonKick","theSenshi:MoonPunch"],"picked":"theSenshi:RainbowMoonHeartAche","floor":6.0},{"not_picked":["theSenshi:LunasBite","theSenshi:Overload"],"picked":"theSenshi:MoonTiaraMagic","floor":8.0},{"not_picked":["theSenshi:LunaWiseMentor","theSenshi:PlutosSolemnity"],"picked":"theSenshi:TuxedoSmokingBomber","floor":10.0},{"not_picked":["theSenshi:SailorMercuryAssists","theSenshi:MoonPunch"],"picked":"theSenshi:MoonlightKnight","floor":11.0},{"not_picked":["theSenshi:MarsPride","theSenshi:Overload"],"picked":"theSenshi:CrisisMakeUp","floor":13.0},{"not_picked":["theSenshi:TuxedoSmokingBomber+1","theSenshi:MarsPride","theSenshi:SteeledNerves"],"picked":"SKIP","floor":14.0}],"player_experience":624458,"relics_obtained":[{"floor":6.0,"key":"hubris:SphereOfDissonance"},{"floor":9.0,"key":"hubris:TinFlute"},{"floor":13.0,"key":"Molten Egg 2"},{"floor":15,"key":"Vajra"}],"event_choices":[{"damage_healed":0.0,"max_hp_gain":0.0,"max_hp_loss":0.0,"gold_gain":0.0,"event_name":"Wheel of Change","player_choice":"Cursed","floor":3.0,"gold_loss":0.0,"damage_taken":0.0,"cards_obtained":["Decay"]},{"damage_healed":0.0,"max_hp_gain":0.0,"max_hp_loss":0.0,"gold_gain":0.0,"event_name":"Match and Keep!","player_choice":"3 cards matched","floor":12.0,"gold_loss":0.0,"damage_taken":0.0,"cards_obtained":["theSenshi:SailorMercuryAssists","theSenshi:IWillPunishYou","Flash of Steel"]}],"is_beta":false,"boss_relics":[],"items_purged_floors":[],"is_endless":false,"potions_floor_spawned":[1,6,8],"killed_by":"Hexaghost","ascension_level":1}}