{"host":"zig6x0mxqzam82fb","time":1610756100,"event":{"mods":["BaseMod","Block Reminder","Colored Map","Colored Powertips","Marisa????????","Minty Spire (QoL Compilation)","Relic Stats","StSLib","The Cursed","The Marked","Waifu the Spire"],"gold_per_floor":[117,129,129,145,156,156,184,184,184,194,221,249,266,278,278,373,373,391,407,407,195,205,205,231,231,231,259,273,33,58,90,102,214,226,256,268,331,253,145,145,158,191,217,267,267,300,300,332,332,332],"floor_reached":51,"language":"ENG","playtime":3611,"items_purged":["Strike_G","Strike_G"],"score":1015,"play_id":"99a0fc9a-1346-47bd-a099-e114d2b0da46","local_time":"20210115191500","is_ascension_mode":true,"campfire_choices":[{"data":"Deadly Poison","floor":6,"key":"SMITH"},{"floor":8,"key":"REST"},{"floor":15,"key":"REST"},{"floor":23,"key":"REST"},{"floor":25,"key":"REST"},{"floor":32,"key":"REST"},{"floor":40,"key":"REST"},{"floor":47,"key":"REST"},{"floor":49,"key":"REST"}],"circlet_count":0,"master_deck":["Strike_G","Strike_G","Defend_G","Defend_G","Defend_G","Defend_G","Survivor","Neutralize","Choke","Blur","Deadly Poison+1","Slice","Acrobatics","Wraith Form v2","Blade Dance+1","Crippling Poison","A Thousand Cuts","Well Laid Plans","Escape Plan+1","Crippling Poison","Deadly Poison","Leg Sweep","Phantasmal Killer","PiercingWail","Catalyst","Dodge and Roll+1","Terror","Distraction+1","Corpse Explosion","CurseOfTheBell","Setup+1","Dagger Spray+1","Infinite Blades","Backflip+1","Bouncing Flask","Deflect+1","Deadly Poison+1","Die Die Die"],"relics":["Ring of the Snake","PreservedInsect","StoneCalendar","Gambling Chip","Vajra","Blue Candle","Fusion Hammer","Membership Card","Dream Catcher","Kunai","Anchor","Prayer Wheel","MawBank","Calling Bell","MealTicket","Mummified Hand","Peace Pipe","CatCart","HornCleat","Oddly Smooth Stone","Strawberry","Lizard Tail","Dead Branch","Snake Skull"],"acts_visited":["Exordium","TheCity","TheBeyond"],"potions_floor_usage":[7,16,24,33,33,37,37,50],"damage_taken":[{"damage":5,"enemies":"Jaw Worm","floor":1,"turns":6},{"damage":0,"enemies":"Cultist","floor":2,"turns":4},{"damage":0,"enemies":"2 Louse","floor":4,"turns":3},{"damage":13,"enemies":"Exordium Thugs","floor":5,"turns":5},{"damage":7,"enemies":"Lagavulin","floor":7,"turns":3},{"damage":0,"enemies":"Looter","floor":10,"turns":2},{"damage":18,"enemies":"Gremlin Nob","floor":12,"turns":3},{"damage":19,"enemies":"Large Slime","floor":13,"turns":5},{"damage":0,"enemies":"3 Louse","floor":14,"turns":3},{"damage":38,"enemies":"The Guardian","floor":16,"turns":10},{"damage":0,"enemies":"3 Byrds","floor":18,"turns":3},{"damage":14,"enemies":"Spheric Guardian","floor":19,"turns":4},{"damage":3,"enemies":"Snecko","floor":22,"turns":4},{"damage":12,"enemies":"Book of Stabbing","floor":24,"turns":4},{"damage":15,"enemies":"Gremlin Leader","floor":27,"turns":5},{"damage":7,"enemies":"Centurion and Healer","floor":28,"turns":6},{"damage":17,"enemies":"3 Cultists","floor":31,"turns":6},{"damage":32,"enemies":"Automaton","floor":33,"turns":12},{"damage":8,"enemies":"3 Darklings","floor":35,"turns":4},{"damage":11,"enemies":"Orin","floor":37,"turns":8},{"damage":0,"enemies":"Orb Walker","floor":41,"turns":2},{"damage":12,"enemies":"Nemesis","floor":42,"turns":7},{"damage":10,"enemies":"Mind Bloom Boss Battle","floor":44,"turns":6},{"damage":28,"enemies":"Reptomancer","floor":46,"turns":5},{"damage":10,"enemies":"Nemesis","floor":48,"turns":7},{"damage":94,"enemies":"Time Eater","floor":50,"turns":11}],"seed_played":"5310381024773767474","potions_obtained":[{"floor":2,"key":"Fire Potion"},{"floor":5,"key":"Energy Potion"},{"floor":10,"key":"Regen Potion"},{"floor":13,"key":"LiquidMemories"},{"floor":19,"key":"Block Potion"},{"floor":20,"key":"Regen Potion"},{"floor":20,"key":"EntropicBrew"},{"floor":24,"key":"PowerPotion"},{"floor":33,"key":"DistilledChaos"},{"floor":37,"key":"PowerPotion"}],"is_trial":false,"path_per_floor":["M","M","?","M","M","R","E","R","T","M","T","E","M","M","R","B",null,"M","M","?","$","M","R","E","R","T","E","M","$","T","M","R","B",null,"M","?","?","?","$","R","M","E","T","?","?","E","R","E","R","B",null],"character_chosen":"THE_SILENT","items_purchased":["Membership Card","Crippling Poison","Catalyst","Prayer Wheel","HornCleat"],"campfire_rested":8,"item_purchase_floors":[21,21,29,29,39],"current_hp_per_floor":[58,58,58,58,45,45,38,59,59,59,59,41,22,22,43,20,58,58,44,44,44,41,62,50,70,70,55,48,48,48,31,52,35,61,53,53,42,42,57,70,70,58,65,55,55,27,50,40,63,12],"gold":332,"neow_bonus":"RANDOM_COMMON_RELIC","is_daily":false,"chose_seed":false,"campfire_upgraded":1,"win_rate":0.0,"timestamp":1610756100,"path_taken":["M","M","?","M","M","R","E","R","T","?","?","E","M","M","R","BOSS","M","M","?","$","M","R","E","R","T","E","M","$","?","M","R","BOSS","M","?","?","?","$","R","?","E","T","?","?","E","R","E","R","BOSS"],"items_purchased_type":["Relic","Card","Card","Relic","Relic"],"build_version":"2020-12-22","purchased_purges":2,"victory":true,"max_hp_per_floor":[70,70,70,70,70,70,70,70,70,70,70,70,70,70,70,70,70,70,70,70,70,70,70,70,70,70,70,70,70,70,70,70,70,70,70,70,70,70,70,70,70,70,77,77,77,77,77,77,77,77],"relic_stats":{"counters":[26,138],"Blue Candle":[1],"Dead Branch":[42],"StoneCalendar":[210],"PreservedInsect":302,"Snake Skull":[15],"MawBank":108,"Peace Pipe":0,"Dream Catcher":5,"Lizard Tail":38,"Mummified Hand":[24],"Gambling Chip":[79],"Prayer Wheel":3,"MealTicket":15,"Kunai":[23],"obtain_stats":[{"Blue Candle":12,"Dead Branch":46,"Vajra":11,"Oddly Smooth Stone":42,"StoneCalendar":7,"PreservedInsect":0,"Snake Skull":48,"MawBank":30,"Calling Bell":34,"Peace Pipe":34,"Dream Catcher":24,"Anchor":27,"Lizard Tail":44,"HornCleat":39,"Mummified Hand":34,"Gambling Chip":9,"Strawberry":43,"Prayer Wheel":29,"MealTicket":34,"Fusion Hammer":17,"Membership Card":21,"Kunai":26,"CatCart":37,"Ring of the Snake":0},{"Blue Candle":7,"Dead Branch":24,"Vajra":6,"Oddly Smooth Stone":22,"StoneCalendar":5,"PreservedInsect":0,"Snake Skull":25,"MawBank":16,"Calling Bell":18,"Peace Pipe":18,"Dream Catcher":14,"Anchor":15,"Lizard Tail":23,"HornCleat":20,"Mummified Hand":18,"Gambling Chip":5,"Strawberry":22,"Prayer Wheel":16,"MealTicket":18,"Fusion Hammer":10,"Membership Card":12,"Kunai":14,"CatCart":20,"Ring of the Snake":0},{"Blue Candle":26,"Dead Branch":120,"Vajra":23,"Oddly Smooth Stone":109,"StoneCalendar":21,"PreservedInsect":0,"Snake Skull":127,"MawBank":70,"Calling Bell":88,"Peace Pipe":88,"Dream Catcher":59,"Anchor":64,"Lizard Tail":115,"HornCleat":100,"Mummified Hand":88,"Gambling Chip":21,"Strawberry":109,"Prayer Wheel":70,"MealTicket":88,"Fusion Hammer":44,"Membership Card":51,"Kunai":59,"CatCart":100,"Ring of the Snake":0}],"Ring of the Snake":[52]},"card_choices":[{"not_picked":["Sucker Punch","Bane"],"picked":"Choke","floor":1},{"not_picked":["Reflex","Dagger Throw"],"picked":"Blur","floor":2},{"not_picked":["Dagger Spray","Predator"],"picked":"Deadly Poison","floor":4},{"not_picked":["Phantasmal Killer","Caltrops"],"picked":"Slice","floor":5},{"not_picked":["Prepared","All Out Attack"],"picked":"Slice","floor":7},{"not_picked":["Prepared","Deflect"],"picked":"Acrobatics","floor":10},{"not_picked":["Well Laid Plans","Bane"],"picked":"Wraith Form v2","floor":12},{"not_picked":["Flying Knee","Dagger Throw"],"picked":"Blade Dance","floor":13},{"not_picked":["Poisoned Stab","Dagger Throw"],"picked":"Crippling Poison","floor":14},{"not_picked":["Grand Finale","Unload"],"picked":"A Thousand Cuts","floor":16},{"not_picked":["Blade Dance","Slice+1"],"picked":"Well Laid Plans","floor":18},{"not_picked":["Skewer+1","Outmaneuver+1"],"picked":"Escape Plan+1","floor":19},{"not_picked":["Masterful Stab+1","Expertise"],"picked":"Deadly Poison","floor":22},{"not_picked":["Dodge and Roll","Deflect","Sucker Punch"],"picked":"SKIP","floor":24},{"not_picked":["Flying Knee","Setup"],"picked":"Leg Sweep","floor":25},{"not_picked":["Dagger Spray","Well Laid Plans"],"picked":"Phantasmal Killer","floor":27},{"not_picked":["Underhanded Strike+1","Flying Knee+1"],"picked":"PiercingWail","floor":28},{"not_picked":["Quick Slash","Outmaneuver"],"picked":"Dodge and Roll+1","floor":31},{"not_picked":["Storm of Steel","Bane"],"picked":"Terror","floor":31},{"not_picked":["Terror","Backflip"],"picked":"Distraction+1","floor":32},{"not_picked":["A Thousand Cuts","Adrenaline"],"picked":"Corpse Explosion","floor":33},{"not_picked":["Deadly Poison","Sucker Punch"],"picked":"Setup+1","floor":35},{"not_picked":["Prepared+1","Caltrops"],"picked":"Dagger Spray+1","floor":35},{"not_picked":["Flying Knee+1","Outmaneuver+1"],"picked":"Infinite Blades","floor":41},{"not_picked":["Underhanded Strike+1","Dagger Spray"],"picked":"Backflip+1","floor":41},{"not_picked":["A Thousand Cuts","Choke+1"],"picked":"Bouncing Flask","floor":42},{"not_picked":["Endless Agony","Sucker Punch"],"picked":"Deflect+1","floor":44},{"not_picked":["Underhanded Strike+1","Flying Knee","Sucker Punch+1"],"picked":"SKIP","floor":46},{"not_picked":["Reflex","Deflect"],"picked":"Deadly Poison+1","floor":47},{"not_picked":["Dagger Throw","Backflip+1"],"picked":"Die Die Die","floor":48}],"player_experience":475593,"relics_obtained":[{"floor":7,"key":"StoneCalendar"},{"floor":9,"key":"Gambling Chip"},{"floor":11,"key":"Vajra"},{"floor":12,"key":"Blue Candle"},{"floor":24,"key":"Dream Catcher"},{"floor":26,"key":"Kunai"},{"floor":27,"key":"Anchor"},{"floor":30,"key":"MawBank"},{"floor":34,"key":"MealTicket"},{"floor":34,"key":"Mummified Hand"},{"floor":34,"key":"Peace Pipe"},{"floor":37,"key":"CatCart"},{"floor":42,"key":"Oddly Smooth Stone"},{"floor":43,"key":"Strawberry"},{"floor":44,"key":"Lizard Tail"},{"floor":46,"key":"Dead Branch"},{"floor":48,"key":"Snake Skull"}],"event_choices":[{"cards_removed":["Defend_G"],"damage_healed":0,"gold_gain":0,"player_choice":"Purged","damage_taken":0,"max_hp_gain":0,"max_hp_loss":0,"event_name":"Purifier","floor":3,"gold_loss":0},{"damage_healed":0,"gold_gain":0,"player_choice":"Got Potions","damage_taken":0,"max_hp_gain":0,"max_hp_loss":0,"event_name":"Lab","floor":20,"gold_loss":0},{"damage_healed":0,"gold_gain":0,"player_choice":"Ignored","damage_taken":0,"max_hp_gain":0,"max_hp_loss":0,"event_name":"Tomb of Lord Red Mask","floor":36,"gold_loss":0},{"damage_healed":0,"gold_gain":0,"player_choice":"Fight","damage_taken":0,"max_hp_gain":0,"max_hp_loss":0,"event_name":"OrinTheCat","floor":37,"gold_loss":0},{"cards_removed":["Strike_G"],"damage_healed":0,"gold_gain":0,"player_choice":"Upgrade and Remove","damage_taken":0,"max_hp_gain":0,"max_hp_loss":0,"event_name":"Designer","floor":38,"gold_loss":90,"cards_upgraded":["Blade Dance"]},{"damage_healed":0,"gold_gain":0,"player_choice":"Fight","damage_taken":0,"max_hp_gain":0,"max_hp_loss":0,"event_name":"MindBloom","floor":44,"gold_loss":0},{"cards_removed":["Slice"],"damage_healed":0,"gold_gain":0,"player_choice":"Removed Attack","damage_taken":0,"max_hp_gain":0,"max_hp_loss":0,"event_name":"Falling","floor":45,"gold_loss":0}],"is_beta":false,"boss_relics":[{"not_picked":["Snecko Eye","Coffee Dripper"],"picked":"Fusion Hammer"},{"not_picked":["Philosopher\u0027s Stone","Velvet Choker"],"picked":"Calling Bell"}],"items_purged_floors":[21,29],"is_endless":false,"potions_floor_spawned":[2,5,10,13,14,19,24,31,33,37,42],"ascension_level":7}}