{"host":"mmro3auxcbu5pwad","time":1610809186,"event":{"mods":["Aspiration","BaseMod","Conspire","Energized Spire","Halation","Hubris","Infinite Spire","Minty Spire (QoL Compilation)","Permanent Neow","Replay The Spire","StSLib","vexMod"],"gold_per_floor":[116,134,209,21,39,39,39,39,62,62,62,76,91,108,108,108,108],"floor_reached":16,"language":"ENG","playtime":851,"items_purged":[],"score":92,"play_id":"d9970df3-a0d6-4db8-aefd-c483bb4d9787","local_time":"20210116155946","is_ascension_mode":false,"campfire_choices":[{"data":"Eruption","floor":6,"key":"SMITH"},{"data":"Vigilance","floor":8,"key":"SMITH"},{"data":"TalkToTheHand","floor":11,"key":"SMITH"},{"data":"Crescendo","floor":15,"key":"SMITH"}],"circlet_count":0,"master_deck":["Strike_P","Strike_P","Strike_P","Strike_P","Defend_P","Defend_P","Defend_P","Defend_P","Eruption+1","Vigilance+1","CurseOfTheBell","TalkToTheHand+1","Enlightenment","FollowUp","Sanctity+1","EmptyBody","Regret","Crescendo+1","Replay:ManipulateFuture"],"relics":["Calling Bell","Blood Vial","infinitespire:EmpoweringShard","hubris:FunFungus","Replay:Accelerometer","Replay:Wax Seal"],"acts_visited":["Exordium"],"potions_floor_usage":[],"damage_taken":[{"damage":0,"enemies":"Jaw Worm","floor":1,"turns":3},{"damage":0,"enemies":"2 Louse","floor":2,"turns":2},{"damage":0,"enemies":"conspire:RoseBush","floor":5,"turns":3},{"damage":3,"enemies":"Large Slime","floor":12,"turns":4},{"damage":8,"enemies":"Red Slaver","floor":13,"turns":3},{"damage":16,"enemies":"Lots of Slimes","floor":14,"turns":5},{"damage":55,"enemies":"Fading Forest","floor":16,"turns":8}],"seed_played":"2918295082502406777","potions_obtained":[{"floor":13,"key":"BottledMiracle"}],"is_trial":false,"path_per_floor":["M","M","?","$","M","R","?","R","T","?","R","M","M","M","R","B"],"character_chosen":"WATCHER","items_purchased":["Enlightenment","FollowUp","Sanctity+1"],"campfire_rested":0,"item_purchase_floors":[4,4,4],"current_hp_per_floor":[72,72,61,61,63,63,63,63,63,63,63,63,57,46,46,6,6],"gold":108,"neow_bonus":"BOSS_RELIC","is_daily":false,"chose_seed":false,"campfire_upgraded":4,"win_rate":0.0,"timestamp":1610809186,"path_taken":["M","M","?","$","M","R","?","R","T","?","R","M","M","M","R","BOSS"],"items_purchased_type":["Card","Card","Card"],"build_version":"2020-12-22","purchased_purges":0,"victory":false,"max_hp_per_floor":[72,72,72,72,72,72,72,72,72,72,72,72,72,72,72,72,72],"card_choices":[{"not_picked":["SignatureMove","LikeWater","Replay:Vibes"],"picked":"SKIP","floor":1},{"not_picked":["Pray","Conclude"],"picked":"TalkToTheHand","floor":2},{"not_picked":["SignatureMove","CrushJoints"],"picked":"EmptyBody","floor":5},{"not_picked":["FollowUp","ThirdEye"],"picked":"Crescendo","floor":12},{"not_picked":["Replay:BluntJabs","Replay:Hum"],"picked":"Replay:ManipulateFuture","floor":13},{"not_picked":["SignatureMove","Crescendo","Collect"],"picked":"SKIP","floor":14}],"player_experience":40965,"relics_obtained":[{"floor":0,"key":"Blood Vial"},{"floor":0,"key":"infinitespire:EmpoweringShard"},{"floor":0,"key":"hubris:FunFungus"},{"floor":9,"key":"Replay:Wax Seal"}],"event_choices":[{"damage_healed":0,"gold_gain":75,"player_choice":"Gather Gold","damage_taken":11,"max_hp_gain":0,"max_hp_loss":0,"event_name":"World of Goop","floor":3,"gold_loss":0},{"damage_healed":0,"gold_gain":0,"player_choice":"Box","damage_taken":0,"relics_obtained":["Replay:Accelerometer"],"max_hp_gain":0,"max_hp_loss":0,"event_name":"Big Fish","floor":7,"gold_loss":0,"cards_obtained":["Regret"]},{"damage_healed":0,"gold_gain":0,"player_choice":"Leave","damage_taken":0,"max_hp_gain":0,"max_hp_loss":0,"event_name":"conspire:Investor","floor":10,"gold_loss":0}],"is_beta":false,"boss_relics":[],"items_purged_floors":[],"is_endless":false,"potions_floor_spawned":[13],"killed_by":"Fading Forest","ascension_level":0}}