{"host":"pgqkv8mh62pnrbci","time":1610780096,"event":{"mods":["2.2 Compatiblity","AchievementEnabler","BaseMod","Custom Start","DeckTracker","Minty Spire (QoL Compilation)","Replay The Spire","StSLib","SuperFastMode","¡¼?Úª?ø«¡½REMEMod"],"gold_per_floor":[119,119,44,44,44,44,57,57,57,70,81,81,101,115,115,187,187,205,221,221,18,32,59,59,70,120,138,170,170,95,108,108,179,179,195,31,48,98,109,138,138,165,210,45,80,105,121,149,149,149,149,149,16,42,72,72],"floor_reached":55,"language":"KOR","playtime":1877,"items_purged":["ReplayTheSpireMod:Splinters","Strike_G","Strike_G"],"score":1741,"play_id":"fd002123-9daf-45d3-bd8d-a4f8577b5ab4","local_time":"20210116155456","is_ascension_mode":true,"campfire_choices":[{"data":"Neutralize","floor":6.0,"key":"SMITH"},{"data":"REME_Flogging","floor":8.0,"key":"SMITH"},{"data":"Hidden Blade","floor":12.0,"key":"SMITH"},{"data":"Dash","floor":15.0,"key":"SMITH"},{"data":"Venomology","floor":24.0,"key":"SMITH"},{"data":"Specialist","floor":29.0,"key":"SMITH"},{"data":"A Thousand Cuts","floor":32.0,"key":"SMITH"},{"floor":41.0,"key":"RECALL"},{"floor":49,"key":"REST"},{"floor":52,"key":"DIG"}],"circlet_count":0,"master_deck":["AscendersBane","Strike_G","Defend_G+1","Defend_G+1","Defend_G+1","Defend_G+1","Defend_G+1","Survivor+1","Neutralize+1","REME_Flogging+1","ReplayTheSpireMod:The Works","Hidden Blade+1","PiercingWail","Dash+1","Blade Dance","Venomology+1","Blade Dance","Specialist+1","Blur","ReplayTheSpireMod:Scrap Shanks","Sneak Up","ReplayTheSpireMod:Tripwire","A Thousand Cuts+1","Terror+1","REME_CopyPotion","Backflip","Accuracy","Acrobatics","Reflex+1","Bullet Time","Reflex","Well Laid Plans","Blur+1","Prepared+1","Burst","Hidden Blade","Storm of Steel+1"],"relics":["Sizzling Blood","Bottled Tornado","Black Star","Nloth\u0027s Gift","Mango","Lantern","Oddly Smooth Stone","Toy Ornithopter","Potion Belt","Fusion Hammer","Paper Crane","Bag of Marbles","Thread and Needle","Replay:Bottled Eggs","Bag of Preparation","Gremlin Food","Omamori","Shovel","FossilizedHelix","Basket Of Snakes","Bottled Lightning","Golden Egg","Replay:Mystery Machine"],"acts_visited":["Exordium","TheCity","TheBeyond","TheEnding"],"potions_floor_usage":[45,45,45,47,48,50,50,54,54,55,55,55],"damage_taken":[{"damage":1.0,"enemies":"2 Louse","floor":1.0,"turns":3.0},{"damage":0.0,"enemies":"Cultist","floor":7.0,"turns":4.0},{"damage":0.0,"enemies":"Small Slimes","floor":10.0,"turns":2.0},{"damage":0.0,"enemies":"Red Slaver","floor":11.0,"turns":2.0},{"damage":3.0,"enemies":"3 Louse","floor":13.0,"turns":2.0},{"damage":9.0,"enemies":"Blue Slaver","floor":14.0,"turns":2.0},{"damage":0.0,"enemies":"The Guardian","floor":16.0,"turns":8.0},{"damage":14.0,"enemies":"Shell Parasite","floor":18.0,"turns":4.0},{"damage":0.0,"enemies":"Spheric Guardian","floor":19.0,"turns":2.0},{"damage":0.0,"enemies":"Snecko","floor":22.0,"turns":4.0},{"damage":13.0,"enemies":"Book of Stabbing","floor":23.0,"turns":4.0},{"damage":13.0,"enemies":"Centurion and Healer","floor":25.0,"turns":4.0},{"damage":0.0,"enemies":"3 Cultists","floor":27.0,"turns":3.0},{"damage":0.0,"enemies":"Replay:Snechameleon","floor":28.0,"turns":4.0},{"damage":0.0,"enemies":"Cultist and Chosen","floor":31.0,"turns":3.0},{"damage":49.0,"enemies":"Champ","floor":33.0,"turns":8.0},{"damage":34.0,"enemies":"3 Darklings","floor":35.0,"turns":3.0},{"damage":0.0,"enemies":"Orb Walker","floor":37.0,"turns":2.0},{"damage":0.0,"enemies":"Jaw Worm Horde","floor":39.0,"turns":2.0},{"damage":19.0,"enemies":"Giant Head","floor":40.0,"turns":6.0},{"damage":26.0,"enemies":"Nemesis","floor":42.0,"turns":6.0},{"damage":12,"enemies":"Reptomancer","floor":45,"turns":3},{"damage":0,"enemies":"Mind Bloom Boss Battle","floor":46,"turns":3},{"damage":10,"enemies":"Maw","floor":47,"turns":5},{"damage":0,"enemies":"Nemesis","floor":48,"turns":4},{"damage":20,"enemies":"Donu and Deca","floor":50,"turns":8},{"damage":37,"enemies":"Shield and Spear","floor":54,"turns":5},{"damage":80,"enemies":"The Heart","floor":55,"turns":5}],"seed_played":"-8528929380484618210","potions_obtained":[{"floor":1.0,"key":"Dexterity Potion"},{"floor":10.0,"key":"PowerPotion"},{"floor":14.0,"key":"Explosive Potion"},{"floor":16.0,"key":"LiquidBronze"},{"floor":18.0,"key":"Block Potion"},{"floor":22.0,"key":"SpeedPotion"},{"floor":27.0,"key":"Poison Potion"},{"floor":33.0,"key":"Adrenaline Potion"},{"floor":35.0,"key":"Fire Potion"},{"floor":42.0,"key":"SteroidPotion"},{"floor":46,"key":"Ancient Potion"},{"floor":47,"key":"BlessingOfTheForge"},{"floor":54,"key":"SpeedPotion"}],"is_trial":false,"path_per_floor":["M","?","$","?","?","R","M","R","T","M","M","R","M","M","R","B",null,"M","M","?","$","M","E","R","M","T","M","E","R","?","M","R","B",null,"M","$","M","?","M","E","R","E","T","$","E","?","M","E","R","B",null,"R","$","E","B"],"character_chosen":"THE_SILENT","items_purchased":["Specialist","Accuracy","Bag of Preparation","Venom Potion","Hidden Blade"],"campfire_rested":1,"item_purchase_floors":[21,36,44,53,53],"current_hp_per_floor":[70,70,70,74,74,74,78,78,78,82,82,82,82,77,77,81,82,72,76,76,76,80,85,85,76,76,80,84,84,84,88,88,53,85,60,60,64,64,73,63,63,46,46,46,53,57,56,65,93,80,92,92,92,64,0,0],"gold":72,"neow_bonus":"TWENTY_PERCENT_HP_BONUS","is_daily":false,"chose_seed":false,"campfire_upgraded":7,"win_rate":0.0,"timestamp":1610780096,"path_taken":["M","?","$","?","?","R","M","R","T","M","M","R","?","M","R","BOSS","M","M","?","$","M","E","R","M","T","?","E","R","?","M","R","BOSS","M","$","M","?","M","E","R","E","T","?","E","?","M","E","R","BOSS","R","$","E","BOSS"],"items_purchased_type":["Card","Card","Relic","Potion","Card"],"build_version":"2020-12-22","purchased_purges":3,"victory":false,"max_hp_per_floor":[78,78,78,82,82,82,82,82,82,82,82,82,82,82,82,82,82,82,82,82,82,82,96,96,96,96,96,96,96,96,96,96,96,96,96,96,96,96,96,96,96,96,96,96,96,96,96,96,96,96,96,96,96,96,96,96],"card_choices":[{"not_picked":["Underhanded Strike","Riddle With Holes"],"picked":"ReplayTheSpireMod:The Works","floor":1.0},{"not_picked":["Toxin Wave","All Out Attack"],"picked":"Hidden Blade","floor":7.0},{"not_picked":["Catalyst","Dagger Throw"],"picked":"PiercingWail","floor":10.0},{"not_picked":["ReplayTheSpireMod:The Works","REME_ShadowStrike"],"picked":"Dash","floor":11.0},{"not_picked":["Setup","Deadly Poison","Deflect"],"picked":"SKIP","floor":13.0},{"not_picked":["Slice","ReplayTheSpireMod:Speed Training"],"picked":"Blade Dance","floor":14.0},{"not_picked":["Envenom","Replay:Bag of Tricks"],"picked":"Venomology","floor":16.0},{"not_picked":["Dash","Dagger Throw","Outmaneuver"],"picked":"SKIP","floor":18.0},{"not_picked":["Sucker Punch","REME_ShadowStrike"],"picked":"Blade Dance","floor":19.0},{"not_picked":["Prepared","Bane"],"picked":"Blur","floor":22.0},{"not_picked":["All Out Attack","Calculated Gamble"],"picked":"ReplayTheSpireMod:Scrap Shanks","floor":23.0},{"not_picked":["Dodge and Roll","Malaise"],"picked":"Sneak Up","floor":25.0},{"not_picked":["Catalyst","Poisoned Stab"],"picked":"ReplayTheSpireMod:Tripwire","floor":27.0},{"not_picked":["Footwork","Poisoned Stab"],"picked":"A Thousand Cuts","floor":28.0},{"not_picked":["Deadly Poison+1","PiercingWail"],"picked":"Terror","floor":31.0},{"not_picked":["Phantasmal Killer","Night Terror"],"picked":"REME_CopyPotion","floor":33.0},{"not_picked":["Slice+1","Backflip","Cloak And Dagger"],"picked":"SKIP","floor":35.0},{"not_picked":["Slice+1","Cloak And Dagger"],"picked":"Backflip","floor":35.0},{"not_picked":["Backflip","Dagger Spray"],"picked":"Acrobatics","floor":37.0},{"not_picked":["Sucker Punch","Flying Knee+1"],"picked":"Reflex+1","floor":39.0},{"not_picked":["Noxious Fumes","Cloak And Dagger"],"picked":"Bullet Time","floor":40.0},{"not_picked":["Skewer+1","Dagger Spray"],"picked":"Reflex","floor":42.0},{"not_picked":["Slice","REME_LeechingPoison"],"picked":"Well Laid Plans","floor":45},{"not_picked":["Distraction","Prepared"],"picked":"Blur+1","floor":46},{"not_picked":["Dodge and Roll","Hidden Blade"],"picked":"Prepared+1","floor":47},{"not_picked":["Draining Mist","Reflex"],"picked":"Burst","floor":48},{"not_picked":["Underhanded Strike+1","Well Laid Plans"],"picked":"Storm of Steel","floor":54}],"player_experience":634725,"relics_obtained":[{"floor":9.0,"key":"Bottled Tornado"},{"floor":23.0,"key":"Mango"},{"floor":23.0,"key":"Lantern"},{"floor":26.0,"key":"Oddly Smooth Stone"},{"floor":28.0,"key":"Toy Ornithopter"},{"floor":28.0,"key":"Potion Belt"},{"floor":40.0,"key":"Paper Crane"},{"floor":40.0,"key":"Bag of Marbles"},{"floor":42.0,"key":"Thread and Needle"},{"floor":42.0,"key":"Replay:Bottled Eggs"},{"floor":45,"key":"Gremlin Food"},{"floor":45,"key":"Omamori"},{"floor":46,"key":"Shovel"},{"floor":48,"key":"FossilizedHelix"},{"floor":48,"key":"Basket Of Snakes"},{"floor":52,"key":"Bottled Lightning"},{"floor":54,"key":"Golden Egg"},{"floor":54,"key":"Replay:Mystery Machine"}],"event_choices":[{"cards_removed":["Strike_G"],"damage_healed":0.0,"max_hp_gain":0.0,"max_hp_loss":0.0,"gold_gain":0.0,"event_name":"Purifier","player_choice":"Purged","floor":5.0,"gold_loss":0.0,"damage_taken":0.0},{"damage_healed":0.0,"max_hp_gain":0.0,"max_hp_loss":0.0,"gold_gain":0.0,"event_name":"N\u0027loth","player_choice":"Traded Relic","floor":20.0,"relics_lost":["REME_ComplimentaryCards"],"gold_loss":0.0,"damage_taken":0.0,"relics_obtained":["Nloth\u0027s Gift"]},{"cards_removed":["Strike_G"],"damage_healed":0.0,"max_hp_gain":0.0,"max_hp_loss":0.0,"gold_gain":0.0,"event_name":"Beggar","player_choice":"Gave Gold","floor":30.0,"gold_loss":75.0,"damage_taken":0.0},{"damage_healed":0.0,"max_hp_gain":0.0,"max_hp_loss":0.0,"gold_gain":50.0,"event_name":"Golden Shrine","player_choice":"Pray","floor":38.0,"gold_loss":0.0,"damage_taken":0.0},{"damage_healed":0,"gold_gain":0,"player_choice":"Fight","damage_taken":0,"max_hp_gain":0,"max_hp_loss":0,"event_name":"MindBloom","floor":46,"gold_loss":0}],"is_beta":false,"boss_relics":[{"not_picked":["Sozu","Runic Pyramid"],"picked":"Black Star"},{"not_picked":["Empty Cage","REME_ChargedStone"],"picked":"Fusion Hammer"}],"items_purged_floors":[3,21,36],"is_endless":false,"potions_floor_spawned":[1,10,14,16,18,22,27,33,35,42,46,47,54],"killed_by":"The Heart","ascension_level":19}}