{"host":"hvseegfg1v8jz7jr","time":1610826198,"event":{"mods":["AchievementEnabler","Ascension Reborn","Aspiration","BaseMod","Clawfect","Colored Map","Colored Powertips","Conspire","Energized Spire","GifTheSpireLib","Googly Eyes","Halation","Highlight Path","Hubris","Minty Spire (QoL Compilation)","Replay The Spire","Shop Mod","Small Relic Pack","Spikes Relics","StSLib","Stuff the Spire","The Alterego","Unceasing Turn Reminder","vexMod"],"gold_per_floor":[114,130,142,142,157,190,225,250,250,250,224,224,239,239,239,344,344,361,361,389,364,364,392,421,439,488,488,332,332,373,373,373,473,473,483,483,483,483,483,408,441,473,473,433,451,451,451,486,486,486],"floor_reached":51,"language":"ENG","playtime":3392,"items_purged":["Cleave"],"score":1078,"play_id":"8526a4b6-c6c1-4c70-94d2-0753e12f151d","local_time":"20210116124318","daily_mods":["Vintage","Allstar","Diverse","Colorless Cards","Heirloom","Time Dilation","Flight"],"is_ascension_mode":true,"campfire_choices":[{"floor":15.0,"key":"DIG"},{"floor":32.0,"key":"REST"},{"floor":49,"key":"REST"}],"circlet_count":0,"master_deck":["Strike_R+1","Strike_R+1","Strike_R+1","Strike_R+1","Strike_R+3","Defend_R+1","Defend_R+2","Defend_R+2","Defend_R+1","Bash+1","Forethought","Panache","Sharp Hide","Mayhem+1","Replay:Sssssssssshield+1","Blade Dance","Madness+1","Double Energy+1","Iron Wave","Clawfect:ClawForTheEyes+1","Cloak And Dagger","Inflame+1","StuffTheSpire:Incantation","Adrenaline+1","alterego_mod:Punishment+1","hubris:NaturalOne","Injury","alterego_mod:BiFurious"],"relics":["Burning Blood","replay:Trail_Library","CrustySpines","Iron Hammer","hubris:BottledRain","Blue Doll","Pen Nib","Peace Pipe","Replay:Accelerometer","Paper Frog","Golden Egg","hubris:TenFootPole","hubris:Icosahedron","Pantograph","Replay:Grab Bag","energizedSpire:EnergizedDie","Fusion Hammer","Runic Cube","Replay:Ringing Soul","Prayer Wheel","Bottled Lightning","Replay:Baseball","halation:LettersToHer","StuffTheSpire:Gunfinga","vexMod:BarristanHead","aspiration:HatOfInfinitePower","hubris:EmptyBottle","MutagenicStrength","StuffTheSpire:Barrel","aspiration:ChemicalBlood","vexMod:ImprovementManual","aspiration:FetidBarrel","aspiration:StickyExplosives_weak","Simple Rune","Strawberry","Toxic Egg 2","LugNut","StrikeDummy"],"acts_visited":["Exordium","TheCity","TheBeyond"],"potions_floor_usage":[41,41,41,48,48,50,50,50,50,50,50,50],"damage_taken":[{"damage":0.0,"enemies":"conspire:RoseBush","floor":1.0,"turns":2.0},{"damage":11.0,"enemies":"Jaw Worm","floor":2.0,"turns":3.0},{"damage":0.0,"enemies":"Cultist","floor":3.0,"turns":3.0},{"damage":0.0,"enemies":"3 Louse","floor":5.0,"turns":4.0},{"damage":20.0,"enemies":"Gremlin Nob","floor":6.0,"turns":4.0},{"damage":2.0,"enemies":"Lagavulin","floor":7.0,"turns":4.0},{"damage":20.0,"enemies":"3 Sentries","floor":8.0,"turns":6.0},{"damage":0.0,"enemies":"Looter","floor":13.0,"turns":1.0},{"damage":24.0,"enemies":"The Guardian","floor":16.0,"turns":5.0},{"damage":0.0,"enemies":"conspire:FuzzyDice","floor":18.0,"turns":3.0},{"damage":21.0,"enemies":"conspire:MimicChest","floor":20.0,"turns":5.0},{"damage":2.0,"enemies":"conspire:Head Lice","floor":23.0,"turns":4.0},{"damage":26.0,"enemies":"Slavers","floor":24.0,"turns":4.0},{"damage":8.0,"enemies":"Shell Parasite","floor":25.0,"turns":3.0},{"damage":4.0,"enemies":"Replay:Snechameleon","floor":27.0,"turns":3.0},{"damage":6.0,"enemies":"Slavers","floor":31.0,"turns":3.0},{"damage":6.0,"enemies":"Collector","floor":33.0,"turns":4.0},{"damage":7,"enemies":"Orb Walker","floor":35,"turns":3},{"damage":14,"enemies":"Giant Head","floor":41,"turns":7},{"damage":6,"enemies":"Nemesis","floor":42,"turns":5},{"damage":0,"enemies":"3 Shapes","floor":45,"turns":3},{"damage":13,"enemies":"R_Hoarder","floor":46,"turns":3},{"damage":32,"enemies":"Nemesis","floor":48,"turns":5},{"damage":63,"enemies":"Donu and Deca","floor":50,"turns":8}],"seed_played":"3645461482273634020","potions_obtained":[{"floor":1.0,"key":"Energy Potion"},{"floor":6.0,"key":"CultistPotion"},{"floor":7.0,"key":"BloodPotion"},{"floor":16.0,"key":"Swift Potion"},{"floor":33.0,"key":"BloodPotion"},{"floor":45,"key":"BlessingOfTheForge"},{"floor":48,"key":"Dexterity Potion"}],"is_trial":true,"path_per_floor":["M","M","M","?","M","E","E","E","T","?","$","$","M","?","R_BF","B",null,"M","?","?","?","$","E","E","M","T","E","$","?","?","E","R_BF","B",null,"M","?","$","?","T","$","E","E","T","?","M","E","?","E","R","B",null],"character_chosen":"IRONCLAD","items_purchased":["Clawfect:ClawForTheEyes+1","hubris:EmptyBottle"],"campfire_rested":2,"item_purchase_floors":[11,28],"current_hp_per_floor":[80,75,80,80,80,66,70,56,56,61,61,61,67,67,67,67,85,85,85,73,73,73,77,57,55,55,57,57,57,43,46,74,97,97,96,99,99,99,99,99,103,113,116,119,119,122,112,86,122,89],"gold":486,"neow_bonus":"","is_daily":false,"chose_seed":false,"campfire_upgraded":0,"win_rate":0.0,"timestamp":1610826198,"path_taken":["M","M","M","?","M","E","E","E","T","?","?","$","M","?","R_BF","BOSS","M","?","?","?","$","E","E","M","T","E","?","?","?","E","R_BF","BOSS","M","?","$","?","?","$","E","E","T","?","?","E","?","E","R","BOSS"],"items_purchased_type":["Card","Relic"],"build_version":"2020-12-22","purchased_purges":1,"victory":true,"max_hp_per_floor":[80,80,80,80,80,80,80,80,80,85,85,85,85,85,85,85,85,85,85,88,88,88,88,88,88,88,88,88,88,91,94,94,97,97,97,100,100,100,100,100,103,113,116,119,119,122,122,122,122,122],"card_choices":[{"not_picked":["StuffTheSpire:Incineration","StuffTheSpire:Rend"],"picked":"Blade Dance","floor":6.0},{"not_picked":["SashWhip","Chaos"],"picked":"FTL","floor":7.0},{"not_picked":["alterego_mod:SuperDuperMasochism","StuffTheSpire:RockThrow"],"picked":"Double Energy","floor":8.0},{"not_picked":["PathToVictory","StuffTheSpire:RockThrow"],"picked":"Cloak And Dagger","floor":20.0},{"not_picked":["Clawfect:ClawpileDriver","Sunder","alterego_mod:Lingerie+1"],"picked":"SKIP","floor":23.0},{"not_picked":["Abandon+1","Heavy Blade","Clawfect:ClawAndGloom"],"picked":"SKIP","floor":24.0},{"not_picked":["alterego_mod:DiscoLights","StuffTheSpire:RagingBull","alterego_mod:Nekomimi"],"picked":"SKIP","floor":27.0},{"not_picked":["alterego_mod:PerceptionDisorder","alterego_mod:Cooking"],"picked":"Inflame","floor":30.0},{"not_picked":["StuffTheSpire:ClusterCrunch","FTL"],"picked":"StuffTheSpire:Incantation","floor":31.0},{"not_picked":["Scrawl","alterego_mod:BrynhildrRomantia"],"picked":"Adrenaline","floor":33.0},{"not_picked":["Whirlwind","StuffTheSpire:Synthwave+1"],"picked":"alterego_mod:Punishment+1","floor":41},{"not_picked":["CrushJoints","alterego_mod:Skirt","Replay:Hum+1"],"picked":"SKIP","floor":42},{"not_picked":["alterego_mod:Cooking+1","Reforge+1","ReplayReversal+1"],"picked":"SKIP","floor":46},{"not_picked":["Flying Knee+1","Power Through+1","alterego_mod:Pet+1"],"picked":"SKIP","floor":48}],"player_experience":150671,"relics_obtained":[{"floor":1.0,"key":"Iron Hammer"},{"floor":2.0,"key":"hubris:BottledRain"},{"floor":3.0,"key":"Blue Doll"},{"floor":5.0,"key":"Pen Nib"},{"floor":6.0,"key":"Peace Pipe"},{"floor":7.0,"key":"Replay:Accelerometer"},{"floor":8.0,"key":"Paper Frog"},{"floor":9.0,"key":"Golden Egg"},{"floor":13.0,"key":"hubris:TenFootPole"},{"floor":15.0,"key":"Pantograph"},{"floor":18.0,"key":"Replay:Ringing Soul"},{"floor":20.0,"key":"Bottled Lightning"},{"floor":23.0,"key":"Replay:Baseball"},{"floor":24.0,"key":"halation:LettersToHer"},{"floor":25.0,"key":"StuffTheSpire:Gunfinga"},{"floor":26.0,"key":"halation:LettersToHer"},{"floor":26.0,"key":"vexMod:BarristanHead"},{"floor":27.0,"key":"aspiration:HatOfInfinitePower"},{"floor":30.0,"key":"StuffTheSpire:Barrel"},{"floor":31.0,"key":"aspiration:ChemicalBlood"},{"floor":35,"key":"aspiration:FetidBarrel"},{"floor":39,"key":"halation:LettersToHer"},{"floor":39,"key":"aspiration:StickyExplosives_weak"},{"floor":41,"key":"Simple Rune"},{"floor":42,"key":"Strawberry"},{"floor":43,"key":"halation:LettersToHer"},{"floor":43,"key":"Toxic Egg 2"},{"floor":45,"key":"LugNut"},{"floor":48,"key":"StrikeDummy"}],"event_choices":[{"damage_healed":0.0,"max_hp_gain":0.0,"max_hp_loss":0.0,"gold_gain":0.0,"event_name":"conspire:LoneGhost","player_choice":"Disagree","floor":4.0,"gold_loss":0.0,"damage_taken":0.0},{"damage_healed":0.0,"max_hp_gain":5.0,"max_hp_loss":0.0,"gold_gain":0.0,"event_name":"Big Fish","player_choice":"Donut","floor":10.0,"gold_loss":0.0,"damage_taken":0.0},{"damage_healed":0.0,"max_hp_gain":0.0,"max_hp_loss":0.0,"gold_gain":0.0,"event_name":"Drug Dealer","player_choice":"Inject Mutagens","floor":29.0,"gold_loss":0.0,"damage_taken":0.0,"relics_obtained":["MutagenicStrength"]},{"damage_healed":0,"gold_gain":0,"player_choice":"Upgraded Two","damage_taken":0,"max_hp_gain":0,"max_hp_loss":0,"event_name":"Designer","floor":44,"gold_loss":40,"cards_upgraded":["Strike_R","Defend_R"]}],"is_beta":false,"boss_relics":[{"not_picked":["halation:PlatinumPhoenix","aspiration:FutureDiary"],"picked":"Replay:Grab Bag"},{"not_picked":["Replay:Bronze Core","hubris:VirtuousBlindfold"],"picked":"energizedSpire:EnergizedDie"},{"not_picked":["vexMod:TanglingVine","vexMod:DeviousBotling"],"picked":"Fusion Hammer"},{"not_picked":["Pandora\u0027s Box","halation:Yufonium"],"picked":"Runic Cube"},{"not_picked":["halation:Prosthetics","Snecko Heart"],"picked":"vexMod:ImprovementManual"}],"items_purged_floors":[40],"is_endless":false,"potions_floor_spawned":[1,6,7,8,16,20,23,27,33,45,48],"ascension_level":0}}