{"host":"g868zphnms2wggi3","time":1610794478,"event":{"mods":["Act Like it!","BaseMod","Colored Map","Gensokyo","GifTheSpireLib","Good Game Mod","Infinite Spire","KinomotoSakuraMod(ƒæ÷Æ±æ”£)","Koishi","Minty Spire (QoL Compilation)","Reimu£®≤©¿ˆ¡È√Œ£©","Remilia£®¿Ÿ√◊¿Ú—«£©","Replay The Spire","StSLib","The Necromancer"],"gold_per_floor":[110,110,126,126,144,144,163,192,216,141,167,368,385,460,460,561,561,581,601,204,279,294,294,327,327,327,359,274,274,292,302,302,402,402,419,419,419,294,314,367,378,378,378,392,392,406,421,452,452,452],"floor_reached":51,"language":"ZHS","playtime":6050,"items_purged":["Defend_RM","Strike_RM","Defend_RM+1"],"score":907,"play_id":"ebb7d615-1d7b-4af3-9ce2-513e9968db9f","local_time":"20210116185438","is_ascension_mode":false,"campfire_choices":[{"data":"MastersStateliness","floor":6.0,"key":"SMITH"},{"floor":15.0,"key":"REST"},{"floor":23.0,"key":"REST"},{"floor":25.0,"key":"REST"},{"data":"ScarletMeister","floor":32,"key":"SMITH"},{"floor":42,"key":"REST"},{"floor":49,"key":"REST"}],"circlet_count":0,"master_deck":["Strike_RM+1","Strike_RM+1","Defend_RM+1","RedMoon+1","ScarletShoot+1","Free:ReiMu+1","NightDance+1","MastersStateliness+1","UnstableMagic+1","ScarletCoffin+1","ScarletMeister+1","BloodySeventeenLaser+1","LeisurelyOfLord+1","LeisurelyOfLord+1","MastersStateliness+1","CeilingFear+1","ReplayTheSpireMod:Haul+1","EternalNight+1","ForecastOfChange+1","BloodAndWine+1"],"relics":["ScarletHat","REME:ComplimentaryCards","Omamori","Gremlin Food","ReplayTheSpireMod:Lightbulb","Calling Bell","Question Card","WingedGreaves","War Paint","infinitespire:ShieldingShard","Replay:Wax Seal","Boot","Bottled Lightning","Anchor","FossilizedHelix","PreservedInsect","Gungnir","Quantum Egg","Philosopher\u0027s Stone","infinitespire:BottledMercury","Pen Nib","Blue Doll","infinitespire:EmpoweringShard","Whetstone","Pear"],"acts_visited":["Exordium","TheCity","TheBeyond"],"potions_floor_usage":[30,39],"damage_taken":[{"damage":0.0,"enemies":"Small Slimes","floor":1.0,"turns":4.0},{"damage":14.0,"enemies":"infinitespire:Voidling","floor":3.0,"turns":4.0},{"damage":0.0,"enemies":"Jaw Worm","floor":5.0,"turns":3.0},{"damage":0.0,"enemies":"Large Slime","floor":7.0,"turns":4.0},{"damage":26.0,"enemies":"Gremlin Nob","floor":8.0,"turns":6.0},{"damage":0.0,"enemies":"3 Sentries","floor":11.0,"turns":4.0},{"damage":0.0,"enemies":"Red Slaver","floor":13.0,"turns":3.0},{"damage":32.0,"enemies":"Fading Forest","floor":16.0,"turns":11.0},{"damage":4.0,"enemies":"2 Thieves","floor":18.0,"turns":4.0},{"damage":41.0,"enemies":"3 Byrds","floor":19.0,"turns":1.0},{"damage":4.0,"enemies":"Centurion and Healer","floor":22.0,"turns":8.0},{"damage":22.0,"enemies":"Slavers","floor":24.0,"turns":6.0},{"damage":37.0,"enemies":"Nightmare","floor":27.0,"turns":7.0},{"damage":0,"enemies":"Cultist and Chosen","floor":30,"turns":6},{"damage":0,"enemies":"Sentry and Sphere","floor":31,"turns":3},{"damage":8,"enemies":"Automaton","floor":33,"turns":9},{"damage":11,"enemies":"Orb Walker","floor":35,"turns":3},{"damage":0,"enemies":"3 Darklings","floor":39,"turns":3},{"damage":0,"enemies":"R_Hoarder","floor":40,"turns":4},{"damage":0,"enemies":"Jaw Worm Horde","floor":41,"turns":2},{"damage":8,"enemies":"Maw","floor":44,"turns":6},{"damage":0,"enemies":"Spire Growth","floor":46,"turns":5},{"damage":21,"enemies":"Transient","floor":47,"turns":5},{"damage":15,"enemies":"Reptomancer","floor":48,"turns":4},{"damage":46,"enemies":"Donu and Deca","floor":50,"turns":7}],"seed_played":"3632475554166662439","potions_obtained":[{"floor":7.0,"key":"SkillPotion"},{"floor":8.0,"key":"SkillPotion"},{"floor":11.0,"key":"FearPotion"},{"floor":16.0,"key":"ZuzhouPotion:ReiMu"},{"floor":18.0,"key":"Fire Potion"},{"floor":18.0,"key":"Death Potion"},{"floor":19.0,"key":"Swift Potion"},{"floor":22.0,"key":"PowerPotion"},{"floor":30,"key":"Fire Potion"},{"floor":30,"key":"EssenceOfSteel"},{"floor":33,"key":"Toxic Potion"},{"floor":37,"key":"Flashbang"},{"floor":39,"key":"LiquidBronze"},{"floor":46,"key":"PowerPotion"}],"is_trial":false,"path_per_floor":["M","?","M","?","M","R","M","E","T","$","E","?","M","?","R","B",null,"M","M","$","?","M","R","E","R","T","NM","?","?","M","M","R","B",null,"M","?","?","$","M","E","M","R","T","M","?","M","M","E","R","B",null],"character_chosen":"REMILIA","items_purchased":["ScarletMeister","BloodySeventeenLaser"],"campfire_rested":5,"item_purchase_floors":[20,20],"current_hp_per_floor":[82,82,70,70,70,70,74,54,54,54,54,22,23,12,36,28,82,82,41,41,33,40,64,46,70,70,37,37,92,92,92,92,88,92,81,58,58,58,58,66,66,92,92,85,85,92,92,94,102,81],"gold":452,"neow_bonus":"TEN_PERCENT_HP_BONUS","is_daily":false,"chose_seed":false,"campfire_upgraded":2,"win_rate":0.0,"timestamp":1610794478,"path_taken":["M","?","M","?","?","R","M","E","T","$","E","?","?","?","R","BOSS","M","M","$","?","?","R","E","R","T","NM","?","?","M","M","R","BOSS","M","?","?","$","?","E","M","R","T","M","?","M","M","E","R","BOSS"],"items_purchased_type":["Card","Card"],"build_version":"2020-12-22","purchased_purges":3,"victory":true,"max_hp_per_floor":[82,82,82,82,82,82,82,82,82,82,82,82,82,82,82,82,82,82,82,82,82,82,82,82,82,82,82,82,92,92,92,92,92,92,92,92,92,92,92,92,92,92,92,92,92,92,92,102,102,102],"card_choices":[{"not_picked":["SuperhumanBloodyKnife","UnderTheZenith"],"picked":"NightDance","floor":1.0},{"not_picked":["EndlessAdversity","UnstableMagic"],"picked":"MastersStateliness","floor":3.0},{"not_picked":["ScarletSymphony","RedNightlessCastle"],"picked":"UnstableMagic","floor":5.0},{"not_picked":["RedRainbow","EndlessAdversity","BombardNight"],"picked":"SKIP","floor":7.0},{"not_picked":["EndlessAdversity","CharismaGuard","DiffusionOfMisfortune"],"picked":"SKIP","floor":8.0},{"not_picked":["MastersStateliness","BloodyTrap","AfternoonTea"],"picked":"SKIP","floor":11.0},{"not_picked":["ScarletDream","DiffusionOfMisfortune","UltimateOffering"],"picked":"SKIP","floor":13.0},{"not_picked":["HeartBreak","TricksterDevil"],"picked":"ScarletCoffin","floor":16.0},{"not_picked":["BloodHunter","MiserableFate","FavorOfDestiny","EmergencyRegeneration"],"picked":"SKIP","floor":18.0},{"not_picked":["MiserableFate","ScarletImprint","StarOfDavid+1","DiffusionOfMisfortune"],"picked":"SKIP","floor":19.0},{"not_picked":["ForbiddenFruit","BlasphemousPunishment","CharismaGuard+1"],"picked":"LeisurelyOfLord","floor":22.0},{"not_picked":["BloodHunter","FavorOfDestiny","EndlessAdversity","RedNightlessCastle"],"picked":"SKIP","floor":24.0},{"not_picked":["BloodHunter","FavorOfDestiny","EndlessAdversity","RedNightlessCastle"],"picked":"SKIP","floor":24.0},{"not_picked":["BombardNight","BloodyHallows","VampireFantasy"],"picked":"LeisurelyOfLord+1","floor":27.0},{"not_picked":["ScarletImprint","CharismaGuard","AfternoonTea"],"picked":"MastersStateliness","floor":30},{"not_picked":["ScarletSymphony","ScarletImprint","BlasphemousPunishment+1","DevilSight+1"],"picked":"SKIP","floor":31},{"not_picked":["ScarletSymphony","ScarletImprint","BlasphemousPunishment+1","DevilSight+1"],"picked":"SKIP","floor":31},{"not_picked":["BloodyHallows","CurseOfVladTepes","HellCatastrophe"],"picked":"CeilingFear","floor":33},{"not_picked":["UnderTheZenith","CharismaGuard+1","ScarletDevil+1","Stigmanizer"],"picked":"SKIP","floor":35},{"not_picked":["infinitespire:UltimateForm","ReplayTheSpireMod:??????????????????????"],"picked":"ReplayTheSpireMod:Haul","floor":36},{"not_picked":["Maim+1","NightDance","BlasphemousPunishment+1"],"picked":"EternalNight+1","floor":39},{"not_picked":["MiserableFate","EternalNight+1","VampireKiss+1"],"picked":"ForecastOfChange","floor":40},{"not_picked":["Stigmanizer","EmergencyRegeneration+1","VampireKiss","EndlessAdversity+1"],"picked":"SKIP","floor":41},{"not_picked":["DiffusionOfMisfortune+1","FavorOfDestiny+1","MastersStateliness","ForbiddenFruit+1"],"picked":"SKIP","floor":44},{"not_picked":["StarOfDavid+1","ScarletSymphony","AfternoonTea+1","ForbiddenFruit"],"picked":"SKIP","floor":46},{"not_picked":["Stigmanizer","RedRainbow+1","CharismaGuard","VampireFantasy"],"picked":"SKIP","floor":47},{"not_picked":["AfternoonTea","RedMagic","TwelveNightmare"],"picked":"BloodAndWine","floor":48}],"player_experience":168050,"relics_obtained":[{"floor":8.0,"key":"Omamori"},{"floor":9.0,"key":"Gremlin Food"},{"floor":11.0,"key":"ReplayTheSpireMod:Lightbulb"},{"floor":17.0,"key":"Question Card"},{"floor":17.0,"key":"WingedGreaves"},{"floor":17.0,"key":"War Paint"},{"floor":24.0,"key":"infinitespire:ShieldingShard"},{"floor":24.0,"key":"Replay:Wax Seal"},{"floor":24.0,"key":"Boot"},{"floor":26.0,"key":"Bottled Lightning"},{"floor":27.0,"key":"Anchor"},{"floor":30,"key":"PreservedInsect"},{"floor":30,"key":"Gungnir"},{"floor":33,"key":"Quantum Egg"},{"floor":39,"key":"infinitespire:BottledMercury"},{"floor":40,"key":"Pen Nib"},{"floor":43,"key":"Blue Doll"},{"floor":44,"key":"infinitespire:EmpoweringShard"},{"floor":46,"key":"Whetstone"},{"floor":48,"key":"Pear"}],"event_choices":[{"cards_removed":["Defend_RM"],"damage_healed":0.0,"max_hp_gain":0.0,"max_hp_loss":0.0,"gold_gain":0.0,"event_name":"Living Wall","player_choice":"Forget","floor":2.0,"gold_loss":0.0,"damage_taken":0.0},{"cards_removed":["Strike_RM"],"damage_healed":0.0,"max_hp_gain":0.0,"max_hp_loss":0.0,"gold_gain":0.0,"event_name":"Purifier","player_choice":"Purged","floor":4.0,"gold_loss":0.0,"damage_taken":0.0},{"damage_healed":0.0,"max_hp_gain":0.0,"max_hp_loss":0.0,"gold_gain":75.0,"event_name":"World of Goop","player_choice":"Gather Gold","floor":14.0,"gold_loss":0.0,"damage_taken":11.0},{"damage_healed":0.0,"max_hp_gain":0.0,"max_hp_loss":0.0,"gold_gain":75.0,"event_name":"FaceTrader","player_choice":"Touch","floor":21.0,"gold_loss":0.0,"damage_taken":8.0},{"damage_healed":0.0,"max_hp_gain":0.0,"max_hp_loss":0.0,"gold_gain":0.0,"event_name":"Addict","player_choice":"Obtained Relic","floor":28.0,"gold_loss":85.0,"damage_taken":0.0,"relics_obtained":["FossilizedHelix"]},{"damage_healed":0,"gold_gain":0,"player_choice":"Got Potions","damage_taken":0,"max_hp_gain":0,"max_hp_loss":0,"event_name":"Lab","floor":37,"gold_loss":0},{"damage_healed":0,"gold_gain":0,"player_choice":"Forge","damage_taken":0,"max_hp_gain":0,"max_hp_loss":0,"event_name":"Accursed Blacksmith","floor":45,"gold_loss":0,"cards_upgraded":["ForecastOfChange"]}],"is_beta":false,"boss_relics":[{"not_picked":["Fusion Hammer","ReplayTheSpireMod:SealedPack"],"picked":"Calling Bell"},{"not_picked":["Replay:Wanted Poster","Snecko Eye"],"picked":"Philosopher\u0027s Stone"}],"items_purged_floors":[10,20,38],"is_endless":false,"potions_floor_spawned":[7,8,11,16,18,19,22,31,33,41,44,47,48],"ascension_level":0}}