{"host":"e3fr1g3um1afn0bb","time":1610806896,"event":{"mods":["2.2 Compatiblity","Act Like it!","BaseMod","CapriCore","Colored Map","Custom Start","Hermit","Luminous","Marisa£¨Ùöéë¡¡Øª×âÞÞ£©","Minty Spire (QoL Compilation)","Prisma Mod","Rare Cards Sparkle","Shade Mod","StSLib","Td1madao Mod","The Alterego","The Animator","The Dragon Tamer","The Fake Hero","The Jungle","TheHero","WarShipGirlsR/??á´Ò³R mod","Yakumo Yukari mod"],"gold_per_floor":[112,122,139,139,156,184,184,215,215,215,215,215,42,67,67,186,186,202,223,258,279,279,279,293,293,293,259,272,197,197,197,197,327,327,340,361,1360,1384,1121,1121,1136,1136,1162,1162,1162,629,629,962,962,962,962,962],"floor_reached":50,"language":"KOR","playtime":3103,"items_purged":["Normality","Normality"],"score":548,"play_id":"c64bc5eb-80e8-4a1c-b088-cf3e1feb60d8","local_time":"20210116232136","is_ascension_mode":false,"metric_token":1503,"campfire_choices":[{"floor":7,"key":"REST"},{"floor":10,"key":"REST"},{"floor":12,"key":"REST"},{"data":"DTMod:InvisibleFlame","floor":15,"key":"SMITH"},{"floor":23,"key":"REST"},{"floor":30,"key":"REST"},{"floor":32,"key":"REST"},{"floor":40,"key":"REST"},{"floor":42,"key":"REST"},{"floor":49,"key":"RECALL"}],"dtmod_dragon_data":[0,58,1,0,13,3],"circlet_count":0,"master_deck":["DTMod:Strike+1","DTMod:Strike+1","DTMod:Strike+1","DTMod:Strike+1","DTMod:DoubleHit","DTMod:TargetDefense+1","DTMod:TargetDefense+1","DTMod:TargetDefense+1","DTMod:TargetDefense+1","DTMod:SwitchingTactic","DTMod:ForkedFire","DTMod:ComboAttack","DTMod:Threaten","DTMod:MaximumCharge","DTMod:InvisibleFlame+1","DTMod:HeadStart","DTMod:BizarreTactic","DTMod:FlameSlash","DTMod:EchoTactic","CurseOfTheBell","DTMod:TauntingStrike+1","DTMod:MagiciansMark","DTMod:SneakAttack+1","DTMod:Training","DTMod:InvisibleFlame","DTMod:Dissolve","DTMod:Haste+1","DTMod:EchoTactic","DTMod:ForkedFire+1","DTMod:Training+1","DTMod:ComboAttack","Dramatic Entrance","DTMod:HeatWave","DTMod:DragonDance","DTMod:GearUp","DTMod:BurningForce","DTMod:BuildUp","Madness","Madness"],"relics":["DTMod:PactStone","Kunai","Juzu Bracelet","Ornamental Fan","DTMod:OddArmor","Calling Bell","Centennial Puzzle","Question Card","Ginger","Red Mask","Enchiridion","Pear","Busted Crown","Bag of Preparation","Lee\u0027s Waffle","Dream Catcher"],"acts_visited":["Exordium","TheCity","TheBeyond"],"potions_floor_usage":[16,16,16,28,28,41,50,50],"damage_taken":[{"damage":0,"enemies":"Cultist","floor":1,"turns":4},{"damage":0,"enemies":"2 Louse","floor":2,"turns":3},{"damage":0,"enemies":"Small Slimes","floor":3,"turns":2},{"damage":0,"enemies":"Blue Slaver","floor":5,"turns":3},{"damage":0,"enemies":"Gremlin Nob","floor":6,"turns":4},{"damage":7,"enemies":"Lagavulin","floor":8,"turns":7},{"damage":0,"enemies":"Exordium Wildlife","floor":14,"turns":3},{"damage":26,"enemies":"The Guardian","floor":16,"turns":9},{"damage":0,"enemies":"Shell Parasite","floor":18,"turns":4},{"damage":8,"enemies":"Chosen","floor":19,"turns":6},{"damage":0,"enemies":"Masked Bandits","floor":20,"turns":5},{"damage":9,"enemies":"Shelled Parasite and Fungi","floor":21,"turns":6},{"damage":0,"enemies":"Chosen and Byrds","floor":24,"turns":5},{"damage":0,"enemies":"3 Cultists","floor":28,"turns":5},{"damage":33,"enemies":"Champ","floor":33,"turns":12},{"damage":0,"enemies":"Orb Walker","floor":35,"turns":2},{"damage":0,"enemies":"3 Darklings","floor":36,"turns":2},{"damage":12,"enemies":"4 Shapes","floor":38,"turns":6},{"damage":0,"enemies":"Transient","floor":41,"turns":5},{"damage":64,"enemies":"Time Eater","floor":50,"turns":11}],"seed_played":"5414173033470103981","potions_obtained":[{"floor":1,"key":"BlessingOfTheForge"},{"floor":3,"key":"Swift Potion"},{"floor":6,"key":"Block Potion"},{"floor":19,"key":"SkillPotion"},{"floor":24,"key":"LiquidMemories"},{"floor":33,"key":"ColorlessPotion"},{"floor":36,"key":"Fire Potion"}],"is_trial":false,"path_per_floor":["M","M","M","?","M","E","R","E","T","R","?","R","$","M","R","B",null,"M","M","?","M","?","R","M","?","T","$","M","?","R","?","R","B",null,"M","M","?","M","$","R","M","R","T","?","?","$","?","?","R","B"],"character_chosen":"THE_DT","items_purchased":["DTMod:OddArmor","DTMod:BizarreTactic","DTMod:Dissolve","Fire Potion","Dramatic Entrance","DTMod:HeatWave","Lee\u0027s Waffle","DTMod:BurningForce","AttackPotion","DTMod:BuildUp","Dream Catcher"],"campfire_rested":8,"item_purchase_floors":[13,13,27,39,39,39,46,46,46,46,46],"current_hp_per_floor":[49,49,49,37,37,37,49,42,42,49,49,49,49,49,49,23,49,49,41,41,32,32,46,46,30,40,40,40,40,57,57,59,26,59,59,59,59,47,47,59,59,59,59,59,59,66,58,58,58,0,0,0],"gold":962,"neow_bonus":"TEN_PERCENT_HP_BONUS","is_daily":false,"chose_seed":false,"campfire_upgraded":1,"win_rate":0.0,"timestamp":1610806896,"path_taken":["M","?","M","?","M","E","R","E","T","R","?","R","$","M","R","BOSS","M","M","?","M","?","R","M","?","T","?","M","?","R","?","R","BOSS","M","M","?","M","$","R","M","R","T","?","?","$","?","?","R","BOSS"],"items_purchased_type":["Relic","Card","Card","Potion","Card","Card","Relic","Card","Potion","Card","Relic"],"build_version":"2020-12-22","purchased_purges":2,"victory":false,"max_hp_per_floor":[49,49,49,49,49,49,49,49,49,49,49,49,49,49,49,49,49,49,49,49,49,49,49,49,49,59,59,59,59,59,59,59,59,59,59,59,59,59,59,59,59,59,59,59,59,66,66,66,66,66,66,66],"card_choices":[{"not_picked":["DTMod:BalancedStrike","DTMod:BreakAttack"],"picked":"DTMod:ForkedFire","floor":1},{"not_picked":["DTMod:BlueScale","DTMod:CleansingStrike"],"picked":"DTMod:ComboAttack","floor":2},{"not_picked":["DTMod:Haste","DTMod:PurifyingFlame"],"picked":"DTMod:Threaten","floor":3},{"not_picked":["DTMod:DarkBreath","DTMod:BizarreTactic"],"picked":"DTMod:MaximumCharge","floor":5},{"not_picked":["DTMod:PurifyingFlame","DTMod:Punisher"],"picked":"DTMod:InvisibleFlame","floor":6},{"not_picked":["DTMod:HeatWave","DTMod:CleansingStrike"],"picked":"DTMod:HeadStart","floor":8},{"not_picked":["DTMod:MasterPlan","DTMod:HeatWave"],"picked":"DTMod:FlameSlash","floor":14},{"not_picked":["DTMod:Outburst","DTMod:FierySynthesis"],"picked":"DTMod:EchoTactic","floor":16},{"not_picked":["DTMod:LastStand","DTMod:BalancedStrike","DTMod:RunningTactic+1"],"picked":"DTMod:InvisibleFlame","floor":18},{"not_picked":["DTMod:BreakAttack+1","DTMod:ComboAttack","DTMod:BlazingStrike"],"picked":"DTMod:TauntingStrike+1","floor":19},{"not_picked":["DTMod:Hide","DTMod:Cover","DTMod:Weaken"],"picked":"DTMod:MagiciansMark","floor":20},{"not_picked":["DTMod:QuickFly","DTMod:HeatWave+1","DTMod:Coolant"],"picked":"DTMod:SneakAttack+1","floor":21},{"not_picked":["DTMod:RunningTactic","DTMod:BizarreTactic","DTMod:ResonanceForm"],"picked":"DTMod:InvisibleFlame","floor":24},{"not_picked":["DTMod:BlazingStrike+1","DTMod:Shift","DTMod:QuickFly"],"picked":"DTMod:Haste+1","floor":28},{"not_picked":["DTMod:StunTrap","DTMod:ExcessFootwork","DTMod:GearUp"],"picked":"DTMod:EchoTactic","floor":33},{"not_picked":["DTMod:BizarreTactic"],"picked":"DTMod:ForkedFire+1","floor":35},{"not_picked":["DTMod:BreakAttack"],"picked":"DTMod:Training+1","floor":36},{"not_picked":["DTMod:HeatWave+1"],"picked":"DTMod:ComboAttack","floor":38},{"not_picked":["DTMod:ComboAttack+1"],"picked":"DTMod:DragonDance","floor":41},{"not_picked":[],"picked":"DTMod:GearUp","floor":45}],"player_experience":196655,"relics_obtained":[{"floor":6,"key":"Juzu Bracelet"},{"floor":8,"key":"Ornamental Fan"},{"floor":17,"key":"Centennial Puzzle"},{"floor":17,"key":"Question Card"},{"floor":17,"key":"Ginger"},{"floor":20,"key":"Red Mask"},{"floor":25,"key":"Enchiridion"},{"floor":26,"key":"Pear"},{"floor":43,"key":"Bag of Preparation"}],"event_choices":[{"damage_healed":0,"gold_gain":0,"player_choice":"Success","damage_taken":12,"relics_obtained":["Kunai"],"max_hp_gain":0,"max_hp_loss":0,"event_name":"Scrap Ooze","floor":4,"gold_loss":0},{"damage_healed":0,"gold_gain":0,"player_choice":"Take Wound","damage_taken":0,"relics_obtained":["Golden Idol"],"max_hp_gain":0,"max_hp_loss":0,"event_name":"Golden Idol","floor":11,"gold_loss":0,"cards_obtained":["Injury"]},{"damage_healed":0,"gold_gain":0,"player_choice":"Fought Bandits","damage_taken":0,"max_hp_gain":0,"max_hp_loss":0,"event_name":"Masked Bandits","floor":20,"gold_loss":0},{"damage_healed":0,"gold_gain":0,"player_choice":"Read","damage_taken":0,"max_hp_gain":0,"max_hp_loss":0,"event_name":"The Library","floor":22,"gold_loss":0,"cards_obtained":["DTMod:Training"]},{"damage_healed":0,"gold_gain":0,"player_choice":"Obtained Book","damage_taken":16,"max_hp_gain":0,"max_hp_loss":0,"event_name":"Cursed Tome","floor":25,"gold_loss":0},{"cards_removed":["Injury"],"damage_healed":0,"gold_gain":0,"player_choice":"Gave Gold","damage_taken":0,"max_hp_gain":0,"max_hp_loss":0,"event_name":"Beggar","floor":29,"gold_loss":75},{"damage_healed":0,"gold_gain":0,"player_choice":"Simplicity","damage_taken":0,"max_hp_gain":0,"max_hp_loss":0,"event_name":"Back to Basics","floor":31,"gold_loss":0,"cards_upgraded":["DTMod:Strike","DTMod:Strike","DTMod:Strike","DTMod:Strike","DTMod:TargetDefense","DTMod:TargetDefense","DTMod:TargetDefense","DTMod:TargetDefense"]},{"damage_healed":0,"gold_gain":999,"player_choice":"Gold","damage_taken":0,"max_hp_gain":0,"max_hp_loss":0,"event_name":"MindBloom","floor":37,"gold_loss":0,"cards_obtained":["Normality","Normality"]},{"cards_removed":["DTMod:InvisibleFlame"],"damage_healed":0,"gold_gain":0,"player_choice":"Removed Power","damage_taken":0,"max_hp_gain":0,"max_hp_loss":0,"event_name":"Falling","floor":44,"gold_loss":0},{"damage_healed":0,"gold_gain":0,"player_choice":"Embrace Madness","damage_taken":8,"max_hp_gain":0,"max_hp_loss":0,"event_name":"Winding Halls","floor":47,"gold_loss":0,"cards_obtained":["Madness","Madness"]},{"damage_healed":0,"gold_gain":333,"player_choice":"Gave Idol","damage_taken":0,"max_hp_gain":0,"max_hp_loss":0,"event_name":"The Moai Head","floor":48,"relics_lost":["Golden Idol"],"gold_loss":0}],"is_beta":false,"boss_relics":[{"not_picked":["Velvet Choker","Coffee Dripper"],"picked":"Calling Bell"},{"not_picked":["Runic Dome","Snecko Eye"],"picked":"Busted Crown"}],"items_purged_floors":[39,46],"is_endless":false,"potions_floor_spawned":[1,3,6,19,24,33,36],"killed_by":"Time Eater","ascension_level":0}}