{"host":"a7ive3y9k7sy3f3w","time":1610793250,"event":{"mods":["2.2 Compatiblity","AchievementEnabler","BaseMod","Colored Map","DeckTracker","Highlight Path","Minty Spire (QoL Compilation)","Random Character Button","Rare Cards Sparkle"],"gold_per_floor":[113,124,135,135,135,135,146,146,146,157,157,169,192,152,152,252,252,262,275,33,33,47,47,81,81,107,107,107,107,153,171,171,171,171],"floor_reached":33,"language":"POL","playtime":1855,"items_purged":[],"score":255,"play_id":"4ca843cd-14bc-4323-941a-b574daf969ea","local_time":"20210116113410","is_ascension_mode":false,"campfire_choices":[{"data":"Spot Weakness","floor":6,"key":"SMITH"},{"data":"Heavy Blade","floor":8,"key":"SMITH"},{"data":"Thunderclap","floor":11,"key":"SMITH"},{"data":"Sentinel","floor":15,"key":"SMITH"},{"data":"Juggernaut","floor":23,"key":"SMITH"},{"floor":25,"key":"REST"},{"floor":28,"key":"REST"},{"floor":32,"key":"REST"}],"circlet_count":0,"master_deck":["Strike_R","Strike_R","Strike_R","Strike_R","Strike_R","Defend_R","Defend_R","Defend_R","Defend_R","Bash","Heavy Blade+1","Thunderclap+1","Spot Weakness+1","Clothesline","Sentinel+1","Juggernaut+1","Cleave","Sword Boomerang+1","Iron Wave","Sword Boomerang","Metallicize","RitualDagger","Heavy Blade","Dropkick","Anger"],"relics":["Burning Blood","HornCleat","Bag of Preparation","Dream Catcher","Odd Mushroom","SacredBark","Letter Opener","Bronze Scales","Oddly Smooth Stone","PreservedInsect"],"acts_visited":["Exordium","TheCity"],"potions_floor_usage":[16,16,16,22,33,33],"damage_taken":[{"damage":5,"enemies":"Cultist","floor":1,"turns":4},{"damage":15,"enemies":"Jaw Worm","floor":2,"turns":4},{"damage":0,"enemies":"Small Slimes","floor":3,"turns":4},{"damage":1,"enemies":"2 Fungi Beasts","floor":7,"turns":3},{"damage":1,"enemies":"Large Slime","floor":10,"turns":3},{"damage":2,"enemies":"3 Louse","floor":12,"turns":3},{"damage":12,"enemies":"The Mushroom Lair","floor":13,"turns":4},{"damage":32,"enemies":"The Guardian","floor":16,"turns":8},{"damage":11,"enemies":"Chosen","floor":18,"turns":6},{"damage":21,"enemies":"2 Thieves","floor":19,"turns":4},{"damage":12,"enemies":"Snake Plant","floor":22,"turns":7},{"damage":55,"enemies":"Book of Stabbing","floor":24,"turns":7},{"damage":17,"enemies":"Centurion and Healer","floor":31,"turns":5},{"damage":98,"enemies":"Champ","floor":33,"turns":13}],"seed_played":"-675409493710406326","potions_obtained":[{"floor":10,"key":"AttackPotion"},{"floor":12,"key":"FearPotion"},{"floor":13,"key":"LiquidMemories"},{"floor":19,"key":"EssenceOfSteel"},{"floor":24,"key":"Explosive Potion"},{"floor":31,"key":"Swift Potion"}],"is_trial":false,"path_per_floor":["M","M","M","T","T","R","M","R","T","M","R","M","?","?","R","B",null,"M","M","$","?","M","R","E","R","T","?","R","?","T","M","R","B"],"character_chosen":"IRONCLAD","items_purchased":["Letter Opener"],"campfire_rested":3,"item_purchase_floors":[20],"current_hp_per_floor":[88,79,85,85,85,85,88,88,88,88,88,88,82,82,82,56,88,83,68,68,88,82,82,33,59,59,53,79,79,79,68,88,0,0],"gold":171,"neow_bonus":"TEN_PERCENT_HP_BONUS","is_daily":false,"chose_seed":false,"campfire_upgraded":5,"win_rate":0.0,"timestamp":1610793250,"path_taken":["M","M","M","?","?","R","M","R","T","M","R","M","?","?","R","BOSS","M","M","$","?","M","R","E","R","T","?","R","?","?","?","R","BOSS"],"items_purchased_type":["Relic"],"build_version":"2020-12-22","purchased_purges":0,"victory":false,"max_hp_per_floor":[88,88,88,88,88,88,88,88,88,88,88,88,88,88,88,88,88,88,88,88,88,88,88,88,88,88,88,88,88,88,88,88,88,88],"card_choices":[{"not_picked":["Clash","Headbutt"],"picked":"Heavy Blade","floor":1},{"not_picked":["Warcry","Rupture"],"picked":"Thunderclap","floor":2},{"not_picked":["Sword Boomerang","Anger"],"picked":"Spot Weakness","floor":3},{"not_picked":["Infernal Blade","Havoc"],"picked":"Clothesline","floor":7},{"not_picked":["Infernal Blade","Rupture","Carnage"],"picked":"SKIP","floor":10},{"not_picked":["Havoc","Hemokinesis","Combust"],"picked":"SKIP","floor":12},{"not_picked":["Warcry","Pommel Strike"],"picked":"Sentinel","floor":13},{"not_picked":["Exhume","Berserk"],"picked":"Juggernaut","floor":16},{"not_picked":["Wild Strike","Bloodletting+1"],"picked":"Cleave","floor":18},{"not_picked":["Spot Weakness","Seeing Red"],"picked":"Sword Boomerang+1","floor":19},{"not_picked":["Battle Trance+1","Headbutt"],"picked":"Iron Wave","floor":22},{"not_picked":["Exhume","True Grit"],"picked":"Sword Boomerang","floor":24},{"not_picked":["Warcry","Cleave"],"picked":"Metallicize","floor":25},{"not_picked":["Carnage","Iron Wave+1"],"picked":"Heavy Blade","floor":28},{"not_picked":["Blood for Blood","Evolve"],"picked":"Dropkick","floor":31},{"not_picked":["Power Through","Clothesline"],"picked":"Anger","floor":32}],"player_experience":39269,"relics_obtained":[{"floor":4,"key":"HornCleat"},{"floor":5,"key":"Bag of Preparation"},{"floor":9,"key":"Dream Catcher"},{"floor":13,"key":"Odd Mushroom"},{"floor":24,"key":"Bronze Scales"},{"floor":26,"key":"Oddly Smooth Stone"},{"floor":30,"key":"PreservedInsect"}],"event_choices":[{"damage_healed":0,"gold_gain":0,"player_choice":"Fought Mushrooms","damage_taken":0,"max_hp_gain":0,"max_hp_loss":0,"event_name":"Mushrooms","floor":13,"gold_loss":0},{"damage_healed":0,"gold_gain":0,"player_choice":"Left Gold","damage_taken":0,"max_hp_gain":0,"max_hp_loss":0,"event_name":"World of Goop","floor":14,"gold_loss":40},{"damage_healed":29,"gold_gain":0,"player_choice":"Heal","damage_taken":0,"max_hp_gain":0,"max_hp_loss":0,"event_name":"The Library","floor":21,"gold_loss":0},{"damage_healed":0,"gold_gain":0,"player_choice":"Joined the Cult","damage_taken":6,"max_hp_gain":0,"max_hp_loss":0,"event_name":"Nest","floor":27,"gold_loss":0,"cards_obtained":["RitualDagger"]},{"damage_healed":0,"gold_gain":0,"player_choice":"Ignored","damage_taken":0,"max_hp_gain":0,"max_hp_loss":0,"event_name":"The Mausoleum","floor":29,"gold_loss":0}],"is_beta":false,"boss_relics":[{"not_picked":["Runic Dome","Runic Pyramid"],"picked":"SacredBark"}],"items_purged_floors":[],"is_endless":false,"potions_floor_spawned":[10,12,13,19,24,31],"killed_by":"Champ","ascension_level":0}}