{"host":"od5czx9kemjopzpf","time":1610795493,"event":{"mods":["Aspiration","BaseMod","Minty Spire (QoL Compilation)","Replay The Spire","Spicy Shops","StSLib"],"gold_per_floor":[118,118,134,152,169,197,216,216,294,294,294,294,306,340,340,340,340],"floor_reached":16,"language":"ZHS","playtime":956,"items_purged":[],"score":112,"play_id":"142a2a6d-3148-4571-9832-72ced9eae3a4","local_time":"20210116191133","is_ascension_mode":false,"campfire_choices":[{"data":"Prepared","floor":8,"key":"SMITH"},{"data":"Acrobatics","floor":11,"key":"SMITH"},{"floor":15,"key":"REST"}],"circlet_count":0,"master_deck":["Strike_G","Strike_G","Strike_G","Strike_G","Defend_G","Defend_G","Defend_G","Defend_G","Survivor","Neutralize","Finisher","Dagger Spray","Anger","Prepared+1","Steam Power","Acrobatics+1","Replay:Parry","Neutralize","Rebound","Outmaneuver"],"relics":["Ring of the Snake","aspiration:Nostalgia","Iron Core","FossilizedHelix","Iron Hammer","ReplayTheSpireMod:TigerMarble"],"acts_visited":["Exordium"],"potions_floor_usage":[14,16,16],"damage_taken":[{"damage":0,"enemies":"2 Louse","floor":1,"turns":3},{"damage":0,"enemies":"Cultist","floor":3,"turns":3},{"damage":0,"enemies":"Small Slimes","floor":4,"turns":3},{"damage":18,"enemies":"Exordium Thugs","floor":5,"turns":5},{"damage":25,"enemies":"Replay:BlueRogue","floor":6,"turns":6},{"damage":7,"enemies":"Gremlin Gang","floor":7,"turns":4},{"damage":0,"enemies":"2 Fungi Beasts","floor":13,"turns":3},{"damage":18,"enemies":"3 Sentries","floor":14,"turns":7},{"damage":24,"enemies":"The Guardian","floor":16,"turns":4}],"seed_played":"-825873710299375302","potions_obtained":[{"floor":4,"key":"Strength Potion"},{"floor":5,"key":"CultistPotion"},{"floor":13,"key":"Adrenaline Potion"}],"is_trial":false,"path_per_floor":["M","?","M","M","M","E","M","R","T","?","R","?","M","E","R","B"],"character_chosen":"THE_SILENT","items_purchased":[],"campfire_rested":1,"item_purchase_floors":[],"current_hp_per_floor":[70,70,70,70,52,27,20,20,20,20,20,20,20,2,23,0,0],"gold":340,"neow_bonus":"NOSTALGIA","is_daily":false,"chose_seed":false,"campfire_upgraded":2,"win_rate":0.0,"timestamp":1610795493,"path_taken":["M","?","M","M","M","E","?","R","T","?","R","?","?","E","R","BOSS"],"items_purchased_type":[],"build_version":"2020-12-22","purchased_purges":0,"victory":false,"max_hp_per_floor":[70,70,70,70,70,70,70,70,70,70,70,70,70,70,70,70,70],"card_choices":[{"not_picked":["Deadly Poison","Cold Snap"],"picked":"Finisher","floor":1},{"not_picked":["All Out Attack","Bane"],"picked":"Dagger Spray","floor":3},{"not_picked":["Riddle With Holes","Turbo"],"picked":"Anger","floor":4},{"not_picked":["Rebound","Deflect"],"picked":"Prepared","floor":5},{"not_picked":["Poison Darts","All Out Attack"],"picked":"Steam Power","floor":6},{"not_picked":["Predator","Dagger Throw"],"picked":"Acrobatics","floor":7},{"not_picked":["Body Slam","ReplayReversal"],"picked":"Rebound","floor":13},{"not_picked":["Force Field","Replay:Poison Smokescreen"],"picked":"Outmaneuver","floor":14}],"player_experience":15066,"relics_obtained":[{"floor":6,"key":"FossilizedHelix"},{"floor":9,"key":"Iron Hammer"},{"floor":14,"key":"ReplayTheSpireMod:TigerMarble"}],"event_choices":[{"cards_removed":["Defend_G"],"damage_healed":0,"gold_gain":0,"player_choice":"Offered Basic","damage_taken":0,"max_hp_gain":0,"max_hp_loss":0,"event_name":"Bonfire Elementals","floor":2,"gold_loss":0},{"damage_healed":0,"gold_gain":0,"player_choice":"2 cards matched","damage_taken":0,"max_hp_gain":0,"max_hp_loss":0,"event_name":"Match and Keep!","floor":12,"gold_loss":0,"cards_obtained":["Replay:Parry","Neutralize"]}],"is_beta":false,"boss_relics":[],"items_purged_floors":[],"is_endless":false,"potions_floor_spawned":[4,5,13],"killed_by":"The Guardian","ascension_level":0}}