{"host":"37dk0reb6x0du8wx","time":1610771600,"event":{"mods":["BaseMod","Colored Map","DeckTracker","Minty Spire (QoL Compilation)","Quick Restart","StSLib"],"gold_per_floor":[110,30,30,30,30,30,56,74,74,85,10,29,29,48,48,48,48],"floor_reached":16,"language":"KOR","playtime":358,"items_purged":["Strike_B"],"score":150,"play_id":"59aa06de-881f-4a23-9cef-927c540fb27a","local_time":"20210116133320","is_ascension_mode":true,"campfire_choices":[{"data":"Defragment","floor":6,"key":"SMITH"},{"data":"Zap","floor":13,"key":"SMITH"},{"floor":15,"key":"REST"}],"circlet_count":0,"master_deck":["Strike_B","Strike_B","Strike_B","Defend_B","Defend_B","Defend_B+1","Defend_B+1","Zap+1","Dualcast","Auto Shields","Defragment+1","Conserve Battery","Capacitor","Leap"],"relics":["Cracked Core","NeowsBlessing","Girya","Gambling Chip","Turnip"],"acts_visited":["Exordium"],"potions_floor_usage":[16,16],"damage_taken":[{"damage":0,"enemies":"Cultist","floor":1,"turns":1},{"damage":0,"enemies":"Lagavulin","floor":7,"turns":1},{"damage":0,"enemies":"Small Slimes","floor":8,"turns":1},{"damage":0,"enemies":"Jaw Worm","floor":10,"turns":3},{"damage":7,"enemies":"Lots of Slimes","floor":12,"turns":5},{"damage":4,"enemies":"3 Louse","floor":14,"turns":3},{"damage":86,"enemies":"Hexaghost","floor":16,"turns":14}],"seed_played":"-5597927829740979820","potions_obtained":[{"floor":1,"key":"PotionOfCapacity"},{"floor":8,"key":"Swift Potion"},{"floor":14,"key":"Swift Potion"}],"is_trial":false,"path_per_floor":["M","$","T","?","?","R","E","M","T","M","$","M","R","M","R","B"],"character_chosen":"DEFECT","items_purchased":["Defragment"],"campfire_rested":1,"item_purchase_floors":[2],"current_hp_per_floor":[75,75,75,60,65,65,65,65,65,65,65,58,58,54,78,0,0],"gold":48,"neow_bonus":"THREE_ENEMY_KILL","is_daily":false,"chose_seed":false,"campfire_upgraded":2,"win_rate":0.0,"timestamp":1610771600,"path_taken":["M","?","?","?","?","R","E","M","T","M","$","M","R","M","R","BOSS"],"items_purchased_type":["Card"],"build_version":"2020-12-22","purchased_purges":1,"victory":false,"max_hp_per_floor":[75,75,75,75,80,80,80,80,80,80,80,80,80,80,80,80,80],"card_choices":[{"not_picked":["Glacier","Ball Lightning"],"picked":"Auto Shields","floor":1},{"not_picked":["Barrage","Rainbow","Coolheaded"],"picked":"SKIP","floor":7},{"not_picked":["Go for the Eyes","Hello World","Ball Lightning"],"picked":"SKIP","floor":8},{"not_picked":["Sweeping Beam","Stack"],"picked":"Conserve Battery","floor":10},{"not_picked":["Barrage","Fusion"],"picked":"Capacitor","floor":12},{"not_picked":["Compile Driver","Static Discharge"],"picked":"Leap","floor":14}],"player_experience":194500,"relics_obtained":[{"floor":3,"key":"Girya"},{"floor":7,"key":"Gambling Chip"},{"floor":9,"key":"Turnip"}],"event_choices":[{"damage_healed":0,"gold_gain":0,"player_choice":"Entered Light","damage_taken":15,"max_hp_gain":0,"max_hp_loss":0,"event_name":"Shining Light","floor":4,"gold_loss":0,"cards_upgraded":["Defend_B","Defend_B"]},{"damage_healed":0,"gold_gain":0,"player_choice":"Donut","damage_taken":0,"max_hp_gain":5,"max_hp_loss":0,"event_name":"Big Fish","floor":5,"gold_loss":0}],"is_beta":false,"boss_relics":[],"items_purged_floors":[11],"is_endless":false,"potions_floor_spawned":[1,8,14],"killed_by":"Hexaghost","ascension_level":4}}