{"host":"roto7j7840a50pxh","time":1610821922,"event":{"mods":["Act Like it!","BaseMod","Better Altar","Better Note","Better Sensory Stone","Better Skull","Better Third Choice","BetterRewards","Colored Map","Colored Powertips","Downfall","Hermit","Highlight Path","Hubris","Infinite Spire","Minty Spire (QoL Compilation)","Robot Space Explorer","Shade Mod","Spicy Shops","StSLib","The Cursed","The Dragon Tamer","The Hierophant","The Necromancer","The Runesmith","The Servant 0.9.4","TheVacant"],"gold_per_floor":[114,134,134,134,149,190,190,224,248,248,281,281,281,302,302,428,428,449,449,327,347,360,394,5,81,99,113,113,146,146,272,272,287,287,620,620,620,699,193,193,212,247,207,207,207],"floor_reached":51,"language":"ENG","playtime":2708,"items_purged":["Injury"],"score":1346,"play_id":"1fffd52c-99ae-4f1d-86da-84367d89c6a3","local_time":"20210116133202","is_ascension_mode":true,"campfire_choices":[{"floor":7.0,"key":"REST"},{"data":"Apotheosis","floor":10.0,"key":"SMITH"},{"data":"hermit:OverwhelmingPower","floor":13.0,"key":"SMITH"},{"data":"hermit:Maintenance","floor":15,"key":"SMITH"},{"floor":30,"key":"REST"},{"data":"hermit:TakeCover","floor":32,"key":"SMITH"},{"data":"hermit:Maintenance","floor":40,"key":"SMITH"},{"data":"hermit:Adapt","floor":42,"key":"SMITH"},{"data":"Sadistic Nature","floor":49,"key":"SMITH"}],"circlet_count":0,"master_deck":["hermit:Strike_Hermit","hermit:Strike_Hermit","hermit:Strike_Hermit","hermit:Strike_Hermit","hermit:Defend_Hermit","hermit:Defend_Hermit","hermit:Defend_Hermit","hermit:Defend_Hermit","hermit:Snapshot","hermit:Covet+1","Sadistic Nature+1","hermit:Quickdraw","hermit:Brawl","Apotheosis+1","hermit:LowProfile+1","hermit:Feint","hermit:CursedWeapon","hermit:Misfire","hermit:Headshot","hermit:OverwhelmingPower+1","hermit:Quickdraw","hermit:Vantage+1","hermit:Maintenance+1","hermit:HeroicBravado","hermit:TrackingShot+1","hermit:HeroicBravado","hermit:WideOpen","hermit:Glare","hermit:Maintenance+1","hermit:Reprieve","hermit:Showdown+1","Sadistic Nature","hermit:Brawl","hermit:Coalescence+1","hermit:Gestalt+1","hermit:GoldenBullet","hermit:HighCaliber+1","hermit:CalledShot","hermit:Adapt+1","hermit:GhostlyPresence+1","hermit:TakeCover+1","hermit:FatalDesire","hermit:Glare","hermit:Deadeye","hermit:Quickdraw","hermit:Glare","infinitespire:Collect","infinitespire:Execution+1","hermit:TakeCover+1"],"relics":["hermit:Momento","Membership Card","PreservedInsect","hubris:Potato","infinitespire:MutagenicDexterity","hubris:Teleporter","Toy Ornithopter","Art of War","hubris:SlimyHat","hubris:PeanutButter","SacredBark","Bronze Scales","Bottled Flame","DollysMirror","War Paint","Ornamental Fan","Orrery","hubris:TinFlute","Bag of Preparation","SlaversCollar","hubris:Towel","Meat on the Bone","Mummified Hand","Medical Kit","Anchor","infinitespire:Lucky Rock","hubris:TenFootPole","Strawberry"],"acts_visited":["Exordium","TheCity","TheBeyond"],"potions_floor_usage":[18,21,23,23,23,29,31,33,50,50],"damage_taken":[{"damage":0.0,"enemies":"2 Louse","floor":1.0,"turns":3.0},{"damage":0.0,"enemies":"Cultist","floor":2.0,"turns":3.0},{"damage":10.0,"enemies":"infinitespire:Voidling","floor":5.0,"turns":2.0},{"damage":6.0,"enemies":"Lagavulin","floor":6.0,"turns":6.0},{"damage":2.0,"enemies":"3 Sentries","floor":8.0,"turns":5.0},{"damage":0.0,"enemies":"Gremlin Nob","floor":11.0,"turns":2.0},{"damage":0.0,"enemies":"Exordium Thugs","floor":14.0,"turns":3.0},{"damage":4,"enemies":"The Guardian","floor":16,"turns":11},{"damage":0,"enemies":"Chosen","floor":18,"turns":5},{"damage":4,"enemies":"2 Thieves","floor":21,"turns":3},{"damage":0,"enemies":"Centurion and Healer","floor":22,"turns":6},{"damage":49,"enemies":"Gremlin Leader","floor":23,"turns":5},{"damage":1,"enemies":"Snecko","floor":27,"turns":4},{"damage":0,"enemies":"Sentry and Sphere","floor":29,"turns":2},{"damage":0,"enemies":"Book of Stabbing","floor":31,"turns":2},{"damage":31,"enemies":"Collector","floor":33,"turns":9},{"damage":0,"enemies":"Orb Walker","floor":35,"turns":1},{"damage":0,"enemies":"3 Shapes","floor":46,"turns":2},{"damage":0,"enemies":"Nemesis","floor":47,"turns":3},{"damage":38,"enemies":"Awakened One","floor":50,"turns":11}],"seed_played":"7508898216185226662","potions_obtained":[{"floor":5.0,"key":"SteroidPotion"},{"floor":8.0,"key":"EntropicBrew"},{"floor":14.0,"key":"Block Potion"},{"floor":18,"key":"Dexterity Potion"},{"floor":21,"key":"PowerPotion"},{"floor":27,"key":"AttackPotion"},{"floor":29,"key":"LiquidBronze"},{"floor":46,"key":"Guardian:BlockOnCardUsePotion"}],"is_trial":false,"path_per_floor":["M","M","?","T","M","E","R","E","T","R","E","?","R","M","R","B",null,"M","?","$","M","M","E","$","T","M","M","R","E","R","B",null,"M","?","?","R","R","T","$","AVR","M","E","?","R","B",null],"character_chosen":"HERMIT","items_purchased":["Membership Card","Sadistic Nature","hermit:Quickdraw","hermit:Brawl","Apotheosis","PreservedInsect","hermit:LowProfile","hubris:Potato","hermit:Feint","Bronze Scales","hermit:WideOpen","hermit:Glare","DollysMirror","hermit:Brawl","War Paint","Ornamental Fan","Orrery","Mummified Hand","hermit:Deadeye","hermit:Quickdraw","hermit:Glare","Medical Kit","bronze:BurnAndBuffPotion","Anchor","infinitespire:Lucky Rock"],"campfire_rested":2,"item_purchase_floors":[0,0,0,0,0,0,0,0,0,20,20,20,24,24,24,24,24,44,44,44,44,44,44,44,44],"current_hp_per_floor":[34,34,34,34,24,18,40,38,38,38,38,38,38,38,38,34,65,70,70,70,71,71,26,26,26,25,30,52,57,57,31,64,64,64,64,64,64,64,64,64,64,71,71,71,43],"gold":207,"neow_bonus":"","is_daily":false,"chose_seed":false,"campfire_upgraded":7,"win_rate":0.0,"timestamp":1610821922,"path_taken":["M","M","?","?","M","E","R","E","T","R","E","?","R","M","R","BOSS","M","?","$","M","M","E","?","T","M","M","R","E","R","BOSS","M","?","?","R","R","T","?","AVR","?","E","?","R","BOSS"],"items_purchased_type":["Relic","Card","Card","Card","Card","Relic","Card","Relic","Card","Relic","Card","Card","Relic","Card","Relic","Relic","Relic","Relic","Card","Card","Card","Relic","Potion","Relic","Relic"],"build_version":"2020-12-22","purchased_purges":1,"victory":true,"max_hp_per_floor":[75,75,75,75,75,75,75,75,75,75,75,75,75,75,75,75,75,75,75,75,75,75,75,75,75,75,75,75,75,75,75,75,75,75,75,75,75,75,75,75,75,82,82,82,82],"card_choices":[{"not_picked":["hermit:FullyLoaded","hermit:Vantage"],"picked":"hermit:CursedWeapon","floor":1.0},{"not_picked":["hermit:Roulette","hermit:Feint"],"picked":"hermit:Misfire","floor":2.0},{"not_picked":["hermit:BodyArmor","hermit:Snipe"],"picked":"hermit:Headshot","floor":5.0},{"not_picked":["hermit:CalledShot","hermit:Quickdraw"],"picked":"hermit:OverwhelmingPower","floor":6.0},{"not_picked":["hermit:Combo","hermit:Vantage"],"picked":"hermit:Quickdraw","floor":8.0},{"not_picked":["hermit:Roulette","hermit:HoleUp"],"picked":"hermit:Vantage","floor":11.0},{"not_picked":["hermit:Grudge","hermit:Snipe"],"picked":"hermit:Maintenance","floor":14.0},{"not_picked":["hermit:Gambit","hermit:Dissolve"],"picked":"hermit:HeroicBravado","floor":16},{"not_picked":["hermit:LuckOfTheDraw+1","hermit:Glare"],"picked":"hermit:TrackingShot+1","floor":18},{"not_picked":["hermit:Coalescence","hermit:Feint"],"picked":"hermit:Maintenance","floor":21},{"not_picked":["hermit:TakeAim","hermit:Feint"],"picked":"hermit:Reprieve","floor":22},{"not_picked":["hermit:Grudge","hermit:HoleUp"],"picked":"hermit:Showdown+1","floor":23},{"not_picked":["hermit:Vantage","hermit:Desperado+1"],"picked":"hermit:Coalescence+1","floor":24},{"not_picked":["hermit:ItchyTrigger","hermit:Roughhouse"],"picked":"hermit:Gestalt+1","floor":24},{"not_picked":["hermit:Snipe+1","hermit:Headshot+1"],"picked":"hermit:GoldenBullet","floor":24},{"not_picked":["hermit:Ricochet+1","hermit:Dive"],"picked":"hermit:HighCaliber+1","floor":24},{"not_picked":["hermit:CursedWeapon","hermit:Roulette+1"],"picked":"hermit:CalledShot","floor":24},{"not_picked":["hermit:Dive","hermit:Headshot"],"picked":"hermit:Adapt","floor":27},{"not_picked":["hermit:Coalescence","hermit:Roulette+1"],"picked":"hermit:GhostlyPresence+1","floor":29},{"not_picked":["hermit:Ricochet","hermit:HoleUp+1"],"picked":"hermit:TakeCover","floor":31},{"not_picked":["hermit:HighNoon","hermit:BlackWind"],"picked":"hermit:FatalDesire","floor":33},{"not_picked":["hermit:Snipe","hermit:Feint+1"],"picked":"hermit:Glare","floor":35},{"not_picked":["hermit:FinalCanter","hermit:FullyLoaded+1","hermit:Ricochet"],"picked":"SKIP","floor":46},{"not_picked":["hermit:Shortfuse","hermit:LoneWolf+1"],"picked":"hermit:TakeCover+1","floor":47}],"player_experience":1541075,"relics_obtained":[{"floor":4.0,"key":"hubris:Teleporter"},{"floor":6.0,"key":"Toy Ornithopter"},{"floor":8.0,"key":"Art of War"},{"floor":9.0,"key":"hubris:SlimyHat"},{"floor":11.0,"key":"hubris:PeanutButter"},{"floor":23,"key":"Bottled Flame"},{"floor":26,"key":"hubris:TinFlute"},{"floor":31,"key":"Bag of Preparation"},{"floor":43,"key":"Meat on the Bone"},{"floor":47,"key":"Strawberry"}],"event_choices":[{"damage_healed":0.0,"max_hp_gain":0.0,"max_hp_loss":0.0,"gold_gain":0.0,"event_name":"Golden Idol","player_choice":"Take Wound","floor":3.0,"gold_loss":0.0,"damage_taken":0.0,"relics_obtained":["Golden Idol"],"cards_obtained":["Injury"]},{"damage_healed":0.0,"max_hp_gain":0.0,"max_hp_loss":0.0,"gold_gain":0.0,"event_name":"Upgrade Shrine","player_choice":"Upgraded","floor":12.0,"gold_loss":0.0,"damage_taken":0.0,"cards_upgraded":["hermit:Vantage"]},{"cards_removed":["Apotheosis"],"damage_healed":0,"gold_gain":0,"player_choice":"Take \u0026 Give","damage_taken":0,"max_hp_gain":0,"max_hp_loss":0,"event_name":"betterNote:BetterNote","floor":19,"gold_loss":0,"cards_obtained":["hermit:HeroicBravado"]},{"damage_healed":0,"gold_gain":333,"player_choice":"Gave Idol","damage_taken":0,"max_hp_gain":0,"max_hp_loss":0,"event_name":"The Moai Head","floor":38,"relics_lost":["Golden Idol"],"gold_loss":0},{"damage_healed":0,"gold_gain":0,"player_choice":"Upgrade","damage_taken":0,"max_hp_gain":0,"max_hp_loss":0,"event_name":"Designer","floor":48,"gold_loss":40,"cards_upgraded":["infinitespire:Execution"]}],"is_beta":false,"boss_relics":[{"not_picked":["Ectoplasm","Runic Dome"],"picked":"SacredBark"},{"not_picked":["Snecko Eye","Astrolabe"],"picked":"SlaversCollar"}],"items_purged_floors":[20],"is_endless":false,"potions_floor_spawned":[5,8,14,18,21,27,29,46],"ascension_level":5}}