{"host":"sc0o2qwpf9j16a4i","time":1610806973,"event":{"mods":["AchievementEnabler","BaseMod","BetterRewards","Block Reminder","Colored Map","Colored Powertips","Custom Start","Highlight Path","Minty Spire (QoL Compilation)","Relic Stats"],"gold_per_floor":[119,139,139,157,45,45,63,77,77,93,93,126,179,179,179,250,250,263,263,263,278,178,178,208,208,276,289,289,306,16,41,41,115,115,126,126,137,155,155,155,11,45,45,70,80,93,123,80,80,80,80,80,80,6,40,40],"floor_reached":57,"language":"ENG","playtime":3284,"items_purged":["Strike_G","Strike_G","Strike_G+1"],"score":3760,"play_id":"6c7dd9f6-08a5-4d46-bc56-6c73b1412657","local_time":"20210116162253","is_ascension_mode":true,"campfire_choices":[{"floor":6,"key":"REST"},{"data":"Neutralize","floor":11,"key":"SMITH"},{"data":"Noxious Fumes","floor":15,"key":"SMITH"},{"floor":23,"key":"REST"},{"floor":25,"key":"RECALL"},{"floor":32,"key":"REST"},{"floor":40,"key":"REST"},{"floor":49,"key":"REST"},{"floor":53,"key":"REST"}],"circlet_count":0,"master_deck":["AscendersBane","Strike_G+1","Defend_G+1","Defend_G+1","Defend_G+1","Defend_G+1","Defend_G+1","Survivor","Neutralize+1","Noxious Fumes+1","Infinite Blades","Dash","Deadly Poison","Predator","Flying Knee","Dagger Throw","Leg Sweep","Corpse Explosion","Dagger Spray","Deflect","Dodge and Roll","Deflect+1","Footwork","Malaise","Finesse","Dark Shackles","Good Instincts","Bane+1","Dash+1","Tactician","Dodge and Roll","Tactician+1","Backflip+1","Calculated Gamble","Noxious Fumes+1","Footwork+1","Catalyst","Wraith Form v2+1"],"relics":["Ring of the Snake","PreservedInsect","Paper Crane","Orichalcum","CultistMask","Matryoshka","InkBottle","Omamori","Gremlin Horn","Fusion Hammer","Happy Flower","Kunai","Bag of Preparation","Question Card","Runic Pyramid","Mummified Hand","Frozen Egg 2","TungstenRod","Bird Faced Urn","Anchor"],"acts_visited":["Exordium","TheCity","TheBeyond","TheEnding"],"potions_floor_usage":[7,12,16,18,33,41,44,56,56],"damage_taken":[{"damage":2,"enemies":"Jaw Worm","floor":1,"turns":4},{"damage":0,"enemies":"Cultist","floor":2,"turns":4},{"damage":3,"enemies":"2 Louse","floor":4,"turns":3},{"damage":0,"enemies":"Gremlin Gang","floor":7,"turns":4},{"damage":0,"enemies":"Red Slaver","floor":8,"turns":4},{"damage":6,"enemies":"3 Louse","floor":10,"turns":3},{"damage":6,"enemies":"Lagavulin","floor":12,"turns":4},{"damage":5,"enemies":"Hexaghost","floor":16,"turns":9},{"damage":2,"enemies":"3 Byrds","floor":18,"turns":2},{"damage":0,"enemies":"Spheric Guardian","floor":21,"turns":4},{"damage":0,"enemies":"Gremlin Leader","floor":24,"turns":7},{"damage":6,"enemies":"Snecko","floor":27,"turns":5},{"damage":13,"enemies":"Centurion and Healer","floor":29,"turns":5},{"damage":0,"enemies":"Book of Stabbing","floor":31,"turns":5},{"damage":6,"enemies":"Automaton","floor":33,"turns":12},{"damage":0,"enemies":"Orb Walker","floor":35,"turns":4},{"damage":0,"enemies":"3 Shapes","floor":37,"turns":4},{"damage":0,"enemies":"Maw","floor":38,"turns":8},{"damage":0,"enemies":"Nemesis","floor":42,"turns":9},{"damage":0,"enemies":"Reptomancer","floor":44,"turns":8},{"damage":0,"enemies":"4 Shapes","floor":45,"turns":4},{"damage":0,"enemies":"Writhing Mass","floor":46,"turns":11},{"damage":2,"enemies":"Giant Head","floor":47,"turns":11},{"damage":0,"enemies":"Donu and Deca","floor":50,"turns":10},{"damage":2,"enemies":"Time Eater","floor":51,"turns":18},{"damage":13,"enemies":"Shield and Spear","floor":55,"turns":8},{"damage":0,"enemies":"The Heart","floor":56,"turns":13}],"seed_played":"-8468338792336180236","potions_obtained":[{"floor":2,"key":"Fire Potion"},{"floor":4,"key":"Fire Potion"},{"floor":7,"key":"Energy Potion"},{"floor":12,"key":"ColorlessPotion"},{"floor":24,"key":"BlessingOfTheForge"},{"floor":31,"key":"Fruit Juice"},{"floor":35,"key":"AttackPotion"},{"floor":44,"key":"LiquidMemories"},{"floor":47,"key":"LiquidBronze"}],"is_trial":false,"path_per_floor":["M","M","?","M","$","R","M","M","T","M","R","E","?","T","R","B",null,"M","?","?","M","$","R","E","R","T","M","?","M","$","E","R","B",null,"M","?","M","M","?","R","$","E","T","E","M","M","E","$","R","B","B",null,"R","$","E","B",null],"character_chosen":"THE_SILENT","items_purchased":["PreservedInsect","Noxious Fumes","Paper Crane","Orichalcum","Infinite Blades","Predator","Bag of Preparation","Tactician","GhostInAJar","Footwork+1","Catalyst"],"campfire_rested":6,"item_purchase_floors":[0,0,0,0,0,5,30,41,41,48,54],"current_hp_per_floor":[30,30,30,27,27,46,46,46,46,40,40,34,34,34,34,29,57,55,55,55,55,55,66,66,66,66,60,60,47,47,47,66,60,65,65,55,55,55,55,66,71,71,71,71,71,71,69,69,71,71,69,71,71,71,60,68],"gold":40,"neow_bonus":"","is_daily":false,"chose_seed":false,"campfire_upgraded":2,"win_rate":0.0,"timestamp":1610806973,"path_taken":["M","M","?","?","$","R","M","M","T","M","R","E","?","?","R","BOSS","M","?","?","?","?","R","E","R","T","M","?","M","$","E","R","BOSS","M","?","M","M","?","R","$","E","T","E","M","M","E","?","R","BOSS","BOSS","R","$","E","BOSS"],"items_purchased_type":["Relic","Card","Relic","Relic","Card","Card","Relic","Card","Potion","Card","Card"],"build_version":"2020-12-22","purchased_purges":3,"victory":true,"max_hp_per_floor":[66,66,66,66,66,66,66,66,66,66,66,66,66,66,66,66,66,66,66,66,66,66,66,66,66,66,66,66,66,66,66,66,66,66,66,66,66,66,66,66,71,71,71,71,71,71,71,71,71,71,71,71,71,71,71,71],"relic_stats":{"Gremlin Horn":[38,38],"Happy Flower":[45],"counters":[47,293],"PreservedInsect":647,"Bag of Preparation":[28],"Orichalcum":[192],"Question Card":13,"Mummified Hand":[32],"Bird Faced Urn":[10],"Kunai":[40],"obtain_stats":[{"Gremlin Horn":14,"Nilry\u0027s Codex":28,"Bag of Preparation":30,"Matryoshka":9,"Mummified Hand":42,"MealTicket":20,"Fusion Hammer":34,"Kunai":26,"InkBottle":12,"Ring of the Snake":0,"Runic Pyramid":34,"Happy Flower":24,"Dead Branch":12,"Oddly Smooth Stone":26,"PreservedInsect":0,"Omamori":14,"Paper Crane":0,"Orichalcum":0,"Frozen Egg 2":43,"Question Card":31,"Akabeko":8,"Anchor":55,"Busted Crown":17,"Ornamental Fan":9,"Bird Faced Urn":47,"CultistMask":3,"TungstenRod":44},{"Gremlin Horn":27,"Nilry\u0027s Codex":12,"Bag of Preparation":33,"Matryoshka":25,"Mummified Hand":39,"MealTicket":11,"Fusion Hammer":14,"Kunai":31,"InkBottle":27,"Ring of the Snake":0,"Runic Pyramid":35,"Happy Flower":31,"Dead Branch":8,"Oddly Smooth Stone":12,"PreservedInsect":20,"Omamori":27,"Paper Crane":20,"Orichalcum":20,"Frozen Egg 2":39,"Question Card":34,"Akabeko":6,"Anchor":46,"Busted Crown":9,"Ornamental Fan":6,"Bird Faced Urn":43,"CultistMask":22,"TungstenRod":40},{"Gremlin Horn":136,"Nilry\u0027s Codex":58,"Bag of Preparation":168,"Matryoshka":129,"Mummified Hand":210,"MealTicket":55,"Fusion Hammer":76,"Kunai":158,"InkBottle":136,"Ring of the Snake":0,"Runic Pyramid":185,"Happy Flower":158,"Dead Branch":38,"Oddly Smooth Stone":58,"PreservedInsect":110,"Omamori":136,"Paper Crane":110,"Orichalcum":110,"Frozen Egg 2":210,"Question Card":173,"Akabeko":31,"Anchor":280,"Busted Crown":47,"Ornamental Fan":31,"Bird Faced Urn":244,"CultistMask":118,"TungstenRod":218}],"InkBottle":[67],"TungstenRod":6,"Ring of the Snake":[94]},"card_choices":[{"not_picked":["Prepared","Infinite Blades"],"picked":"Dash","floor":1},{"not_picked":["Eviscerate","All Out Attack"],"picked":"Deadly Poison","floor":2},{"not_picked":["Concentrate","Underhanded Strike","Dodge and Roll"],"picked":"SKIP","floor":4},{"not_picked":["Poisoned Stab","Prepared","Dash"],"picked":"SKIP","floor":7},{"not_picked":["Backflip","Prepared"],"picked":"Flying Knee","floor":8},{"not_picked":["Eviscerate","Prepared"],"picked":"Dagger Throw","floor":10},{"not_picked":["Expertise","PiercingWail"],"picked":"Leg Sweep","floor":12},{"not_picked":["Wraith Form v2","Doppelganger"],"picked":"Corpse Explosion","floor":16},{"not_picked":["Skewer","Distraction"],"picked":"Dagger Spray","floor":18},{"not_picked":["Bane","Underhanded Strike+1"],"picked":"Deflect","floor":21},{"not_picked":["Sucker Punch","Deadly Poison"],"picked":"Dodge and Roll","floor":24},{"not_picked":["Dagger Spray","Noxious Fumes"],"picked":"Deflect+1","floor":27},{"not_picked":["Slice","Flying Knee","Underhanded Strike"],"picked":"SKIP","floor":29},{"not_picked":["Doppelganger","Quick Slash"],"picked":"Footwork","floor":31},{"not_picked":["Grand Finale","Wraith Form v2","Corpse Explosion"],"picked":"Malaise","floor":33},{"not_picked":["Heel Hook","Dagger Spray","Bane","Skewer+1"],"picked":"SKIP","floor":35},{"not_picked":["Deep Breath","Forethought","Mayhem"],"picked":"Finesse","floor":36},{"not_picked":["Jack Of All Trades","HandOfGreed","PanicButton"],"picked":"Dark Shackles","floor":36},{"not_picked":["Chrysalis","Jack Of All Trades","Mind Blast"],"picked":"Good Instincts","floor":36},{"not_picked":["Bouncing Flask","Outmaneuver","Infinite Blades+1"],"picked":"Bane+1","floor":37},{"not_picked":["Poisoned Stab","Flechettes","Sucker Punch+1"],"picked":"Dash+1","floor":38},{"not_picked":["Bouncing Flask","Expertise","Accuracy"],"picked":"Dodge and Roll","floor":42},{"not_picked":["Acrobatics","Dash","Bane"],"picked":"Tactician+1","floor":44},{"not_picked":["Sucker Punch","Slice","Poisoned Stab"],"picked":"Backflip+1","floor":45},{"not_picked":["Prepared","Infinite Blades+1","Outmaneuver"],"picked":"Calculated Gamble","floor":46},{"not_picked":["Riddle With Holes","Setup","Blade Dance"],"picked":"Noxious Fumes+1","floor":47},{"not_picked":["Terror","Predator","Dagger Spray"],"picked":"Wraith Form v2+1","floor":55}],"player_experience":653804,"relics_obtained":[{"floor":9,"key":"Matryoshka"},{"floor":12,"key":"InkBottle"},{"floor":14,"key":"Omamori"},{"floor":14,"key":"Gremlin Horn"},{"floor":24,"key":"Happy Flower"},{"floor":26,"key":"Kunai"},{"floor":31,"key":"Question Card"},{"floor":42,"key":"Mummified Hand"},{"floor":43,"key":"Frozen Egg 2"},{"floor":44,"key":"TungstenRod"},{"floor":47,"key":"Bird Faced Urn"},{"floor":55,"key":"Anchor"}],"event_choices":[{"damage_healed":0,"gold_gain":0,"player_choice":"Trade","damage_taken":0,"relics_obtained":["CultistMask"],"max_hp_gain":0,"max_hp_loss":0,"event_name":"FaceTrader","floor":3,"gold_loss":0},{"damage_healed":0,"gold_gain":53,"player_choice":"Gained Gold","damage_taken":0,"max_hp_gain":0,"max_hp_loss":0,"event_name":"Golden Wing","floor":13,"gold_loss":0},{"damage_healed":0,"gold_gain":0,"player_choice":"Ignored","damage_taken":0,"max_hp_gain":0,"max_hp_loss":0,"event_name":"Vampires","floor":19,"gold_loss":0},{"cards_removed":["Strike_G"],"damage_healed":0,"gold_gain":0,"player_choice":"Offered Basic","damage_taken":0,"max_hp_gain":0,"max_hp_loss":0,"event_name":"Bonfire Elementals","floor":20,"gold_loss":0},{"damage_healed":0,"gold_gain":0,"player_choice":"Simplicity","damage_taken":0,"max_hp_gain":0,"max_hp_loss":0,"event_name":"Back to Basics","floor":28,"gold_loss":0,"cards_upgraded":["Strike_G","Strike_G","Defend_G","Defend_G","Defend_G","Defend_G","Defend_G"]},{"damage_healed":0,"gold_gain":0,"player_choice":"Memory 3","damage_taken":10,"max_hp_gain":0,"max_hp_loss":0,"event_name":"SensoryStone","floor":36,"gold_loss":0},{"damage_healed":0,"gold_gain":0,"player_choice":"Ignored","damage_taken":0,"max_hp_gain":0,"max_hp_loss":0,"event_name":"Tomb of Lord Red Mask","floor":39,"gold_loss":0}],"is_beta":false,"boss_relics":[{"not_picked":["Runic Dome","Calling Bell"],"picked":"Fusion Hammer"},{"not_picked":["Sozu","WristBlade"],"picked":"Runic Pyramid"}],"items_purged_floors":[5,22,30],"is_endless":false,"potions_floor_spawned":[2,4,7,12,24,31,35,42,44,47],"ascension_level":20}}