{"host":"a4220vmwe0snk9yx","time":1610813141,"event":{"mods":["100% Spire Juice","AchievementEnabler","BaseMod","Bestiary","Better Altar","Better Skull","BetterRewards","CapriCore","Card Forge","Chen","Gold Saver","HololiveMod","Koishi","Marisa（霧雨　魔理沙）","Minty Spire (QoL Compilation)","Prisma Mod","Reimu（博??梦）","StSLib","SuperFastMode","The Alterego","The Animator","The Immortal","The Wild Card","Waifu the Spire","WarShipGirlsR/??少女R mod","Yakumo Yukari mod"],"gold_per_floor":[402,430,447,447,68,68,68,68,68,68,79,111,111,122,122,233,233,248,159,84,99,99,99,131,149,172,186,186,218,228,241,241,337,337,378,398,398,413,413,439,439,237,260,277,288,288,303,315,315,315,315],"floor_reached":50,"language":"ENG","playtime":3064,"items_purged":["animator:Defend","animator:Strike","animator:Strike_MadokaMagica+1"],"score":566,"play_id":"fa8c0156-bd64-4ea9-bd52-3ba39dd6dd7c","local_time":"20210116110541","is_ascension_mode":false,"campfire_choices":[{"data":"animator:KyokoSakura","floor":6.0,"key":"SMITH"},{"data":"animator:YuiTsuruno","floor":10.0,"key":"SMITH"},{"data":"animator:MamiTomoe","floor":13.0,"key":"SMITH"},{"data":"animator:IrohaTamaki","floor":15.0,"key":"SMITH"},{"data":"animator:Kyubey","floor":23.0,"key":"SMITH"},{"data":"animator:Kyubey","floor":32.0,"key":"SMITH"},{"data":"animator:SuzuneAmano","floor":41,"key":"SMITH"},{"floor":49,"key":"RECALL"}],"circlet_count":0,"master_deck":["animator:Defend_MadokaMagica+1","animator:IrohaTamaki+1","animator:YuiTsuruno+1","animator:KyokoSakura+1","animator:MadokaKaname+1","animator:MamiTomoe+1","animator:Kyubey+1","animator:MamiTomoe+1","animator:Kyubey+1","animator:SuzuneAmano+1","animator:NagisaMomoe+1","animator:SayakaMiki+1"],"relics":["animator:LivingPicture","animator:TheMissingPiece","Hammer of Thor","Seething Fire","Anvil of the Gods","Tiny Chest","CrazyTorch:ReiMu","Smiling Mask","Mark of Pain","Letter Opener","Whetstone","MealTicket","animator:AlchemistGlove","RedLine:ReiMu","Mango","Art of War","War Paint"],"acts_visited":["Exordium","TheCity","TheBeyond"],"potions_floor_usage":[45,45,45,50],"damage_taken":[{"damage":0.0,"enemies":"Small Slimes","floor":1.0,"turns":4.0},{"damage":1.0,"enemies":"Cultist","floor":2.0,"turns":5.0},{"damage":0.0,"enemies":"2 Louse","floor":3.0,"turns":2.0},{"damage":0.0,"enemies":"Looter","floor":11.0,"turns":3.0},{"damage":29.0,"enemies":"Lagavulin","floor":12.0,"turns":4.0},{"damage":0.0,"enemies":"3 Louse","floor":14.0,"turns":1.0},{"damage":30.0,"enemies":"Slime Boss","floor":16.0,"turns":7.0},{"damage":5.0,"enemies":"Shell Parasite","floor":18.0,"turns":4.0},{"damage":5.0,"enemies":"3 Byrds","floor":21.0,"turns":6.0},{"damage":21.0,"enemies":"Slavers","floor":24.0,"turns":4.0},{"damage":0.0,"enemies":"Cultist and Chosen","floor":25.0,"turns":4.0},{"damage":7.0,"enemies":"Snecko","floor":27.0,"turns":4.0},{"damage":1.0,"enemies":"Book of Stabbing","floor":29.0,"turns":3.0},{"damage":0.0,"enemies":"Shelled Parasite and Fungi","floor":30.0,"turns":2.0},{"damage":0.0,"enemies":"Sentry and Sphere","floor":31.0,"turns":1.0},{"damage":38.0,"enemies":"Champ","floor":33.0,"turns":6.0},{"damage":29.0,"enemies":"3 Darklings","floor":35.0,"turns":5.0},{"damage":3.0,"enemies":"3 Shapes","floor":36.0,"turns":4.0},{"damage":22.0,"enemies":"Jaw Worm Horde","floor":38.0,"turns":3.0},{"damage":21,"enemies":"Giant Head","floor":40,"turns":5},{"damage":0,"enemies":"4 Shapes","floor":44,"turns":4},{"damage":0,"enemies":"Writhing Mass","floor":45,"turns":3},{"damage":5,"enemies":"Sphere and 2 Shapes","floor":47,"turns":3},{"damage":0,"enemies":"3 Darklings","floor":48,"turns":3},{"damage":79,"enemies":"Donu and Deca","floor":50,"turns":5}],"seed_played":"-3509551574936278865","potions_obtained":[{"floor":3.0,"key":"ColorlessPotion"},{"floor":12.0,"key":"Fire Potion"},{"floor":16.0,"key":"SkillPotion"},{"floor":18.0,"key":"Energy Potion"},{"floor":24.0,"key":"DistilledChaos"},{"floor":30.0,"key":"Fire Potion"},{"floor":31.0,"key":"SteroidPotion"},{"floor":38.0,"key":"Explosive Potion"},{"floor":44,"key":"LiquidMemories"},{"floor":47,"key":"Weak Potion"}],"is_trial":false,"path_per_floor":["M","M","M","?","$","R","$","?","T","R","M","E","R","M","R","B",null,"M","$","?","M","T","R","E","M","T","M","?","E","M","M","R","B",null,"M","M","?","M","T","E","R","$","T","M","M","?","M","M","R","B"],"character_chosen":"THE_ANIMATOR","items_purchased":["Tiny Chest","animator:MadokaKaname","animator:YachiyoNanami","War Paint"],"campfire_rested":0,"item_purchase_floors":[5,5,19,42],"current_hp_per_floor":[66,65,65,65,65,65,65,65,65,65,66,37,37,37,37,7,67,62,62,62,57,57,57,45,51,51,44,44,53,53,53,53,24,68,48,47,47,25,39,27,27,42,42,51,51,51,58,58,58,0,0],"gold":315,"neow_bonus":"REMOVE_CARD","is_daily":false,"chose_seed":false,"campfire_upgraded":7,"win_rate":0.0,"timestamp":1610813141,"path_taken":["M","M","M","?","$","R","?","?","T","R","M","E","R","M","R","BOSS","M","$","?","M","?","R","E","M","T","M","?","E","M","?","R","BOSS","M","M","?","M","?","E","R","$","T","M","M","?","M","?","R","BOSS"],"items_purchased_type":["Relic","Card","Card","Relic"],"build_version":"2020-12-22","purchased_purges":3,"victory":false,"max_hp_per_floor":[66,66,66,66,66,66,66,66,66,66,67,67,67,67,67,67,67,67,67,67,67,67,67,67,67,67,67,67,68,68,68,68,68,68,68,70,70,70,84,84,84,84,84,84,84,84,84,84,84,84,84],"card_choices":[{"not_picked":["animator:Mikaela","animator:Nanami","animator:PandorasActor"],"picked":"SKIP","floor":1.0},{"not_picked":["animator:UneriGinkaku","animator:Yuuichirou"],"picked":"animator:KyokoSakura","floor":2.0},{"not_picked":["animator:NarberalGamma","animator:Kuribayashi","animator:AcuraAkari"],"picked":"SKIP","floor":3.0},{"not_picked":["animator:KyokoSakura","animator:SayakaMiki"],"picked":"animator:MamiTomoe","floor":11.0},{"not_picked":["animator:Priestess","animator:Yoichi","animator:FeridBathory"],"picked":"SKIP","floor":12.0},{"not_picked":["animator:Yoichi","animator:Shinoa","animator:UneriGinkaku"],"picked":"SKIP","floor":14.0},{"not_picked":["animator:GoblinSlayer","animator:HigakiRinne"],"picked":"animator:Kyubey","floor":16.0},{"not_picked":["animator:KrulTepes","animator:LeleiLaLalena","animator:ZankiKiguchi"],"picked":"SKIP","floor":18.0},{"not_picked":["animator:IrohaTamaki","animator:KyokoSakura"],"picked":"animator:MamiTomoe","floor":21.0},{"not_picked":["animator:Kuribayashi","animator:Fredrika"],"picked":"animator:Kyubey","floor":24.0},{"not_picked":["animator:Mitsuba+1","animator:Mikaela","animator:Kuribayashi"],"picked":"SKIP","floor":25.0},{"not_picked":["animator:Tyuule","animator:Cocytus+1","animator:TsurugaMeisai"],"picked":"SKIP","floor":27.0},{"not_picked":["animator:Tyuule","animator:Cocytus+1","animator:TsurugaMeisai"],"picked":"SKIP","floor":27.0},{"not_picked":["animator:IrohaTamaki","animator:OrikoMikuni"],"picked":"animator:SuzuneAmano","floor":29.0},{"not_picked":["animator:Spearman+1","animator:NarberalGamma+1","animator:Arpeggio"],"picked":"SKIP","floor":30.0},{"not_picked":["animator:Konayuki+1","animator:RoryMercury","animator:Mitsuba"],"picked":"SKIP","floor":31.0},{"not_picked":["animator:Viivi+1","animator:Entoma+1"],"picked":"animator:NagisaMomoe+1","floor":35.0},{"not_picked":["animator:MamiTomoe","animator:NagisaMomoe"],"picked":"animator:SayakaMiki","floor":36.0},{"not_picked":["animator:KrulTepes","animator:Witch","animator:Shalltear+1"],"picked":"SKIP","floor":38.0},{"not_picked":["animator:OrikoMikuni","animator:SwordMaiden","animator:TsurugaMeisai"],"picked":"SKIP","floor":40},{"not_picked":["animator:CrowleyEusford","animator:GuildGirl","animator:UneriGinkaku"],"picked":"SKIP","floor":44},{"not_picked":["animator:ChaikaBohdan","animator:Hitei","animator:Shigure+1"],"picked":"SKIP","floor":47},{"not_picked":["animator:YuiTsuruno","animator:UneriGinkaku+1","animator:LeleiLaLalena+1"],"picked":"SKIP","floor":48}],"player_experience":920115,"relics_obtained":[{"floor":9.0,"key":"CrazyTorch:ReiMu"},{"floor":12.0,"key":"Smiling Mask"},{"floor":22.0,"key":"Letter Opener"},{"floor":24.0,"key":"Whetstone"},{"floor":26.0,"key":"MealTicket"},{"floor":29.0,"key":"animator:AlchemistGlove"},{"floor":39.0,"key":"Mango"},{"floor":40,"key":"Art of War"}],"event_choices":[{"cards_removed":["animator:Strike"],"damage_healed":0.0,"max_hp_gain":0.0,"max_hp_loss":0.0,"gold_gain":0.0,"event_name":"Bonfire Elementals","player_choice":"Offered Basic","floor":4.0,"gold_loss":0.0,"damage_taken":0.0},{"damage_healed":0.0,"max_hp_gain":0.0,"max_hp_loss":0.0,"gold_gain":0.0,"event_name":"Liars Game","player_choice":"Ignored","floor":8.0,"gold_loss":0.0,"damage_taken":0.0},{"cards_removed":["animator:Defend"],"damage_healed":0.0,"max_hp_gain":0.0,"max_hp_loss":0.0,"gold_gain":0.0,"event_name":"Beggar","player_choice":"Gave Gold","floor":20.0,"gold_loss":75.0,"damage_taken":0.0},{"cards_removed":["animator:Defend"],"damage_healed":0.0,"max_hp_gain":0.0,"max_hp_loss":0.0,"gold_gain":0.0,"event_name":"Purifier","player_choice":"Purged","floor":28.0,"gold_loss":0.0,"damage_taken":0.0},{"cards_removed":["animator:YachiyoNanami"],"damage_healed":0.0,"max_hp_gain":0.0,"max_hp_loss":0.0,"gold_gain":0.0,"event_name":"Falling","player_choice":"Removed Power","floor":37.0,"gold_loss":0.0,"damage_taken":0.0},{"damage_healed":0,"gold_gain":0,"player_choice":"Upgraded","damage_taken":0,"max_hp_gain":0,"max_hp_loss":0,"event_name":"Upgrade Shrine","floor":46,"gold_loss":0,"cards_upgraded":["animator:Defend_MadokaMagica"]}],"is_beta":false,"boss_relics":[{"not_picked":["SacredBark","Calling Bell"],"picked":"Mark of Pain"},{"not_picked":["Astrolabe","Busted Crown"],"picked":"RedLine:ReiMu"}],"items_purged_floors":[5,19,42],"is_endless":false,"potions_floor_spawned":[3,12,16,18,24,27,30,31,38,44,47],"killed_by":"Donu and Deca","ascension_level":0}}