{"host":"j8c8hlhqrhjej8u7","time":1610769786,"event":{"mods":["ATMod(阿瑾Mod)","BaseMod","Minty Spire (QoL Compilation)","StSLib","[功能]功能增强和修复MOD"],"gold_per_floor":[115,115,26,45,1,31,31,58,58,91,107,107,127,146,146,454,454,464,464,563,563,581,611,629,663,712,712,712,738,738,752,752,1065,1065,1084,1084,1100,1100,1120,1147,1163,1289,1289,1417,1429,1562,1542,1689,1689,1889],"floor_reached":51,"language":"ZHS","playtime":1274,"items_purged":["Strike_R","Strike_R","Strike_R","Defend_R","Defend_R","Defend_R","Strike_R","Strike_R","Defend_R","AT_EMC2+1","AT_DrawKnifeCut+1","Bash+1","Shrug It Off+1"],"score":1797,"play_id":"aea06b96-4dc3-493e-90be-c56a0c97ad9a","local_time":"20210116120306","is_ascension_mode":true,"campfire_choices":[{"data":"Flex","floor":15,"key":"SMITH"},{"floor":27,"key":"RECALL"},{"data":"Bash","floor":32,"key":"SMITH"},{"floor":49,"key":"REST"}],"circlet_count":0,"master_deck":["Rampage+1","Flex+1","Sword Boomerang+1","Flex+1"],"relics":["AT_ATBox","Busted Crown","Pocketwatch","Blood Vial","Matryoshka","War Paint","Mango","AT_Kusabimaru","Calipers","Brimstone","Happy Flower","Regal Pillow","Champion Belt","AT_ArchangelStaff","Strawberry","Calling Bell","Vajra","AT_BellowingDragoncrestRing","Unceasing Top","Boot","Potion Belt","Toolbox","StrikeDummy","Bag of Marbles","Art of War","Pen Nib","Shuriken","Darkstone Periapt","HandDrill","AT_EbonyIvory","Self Forming Clay","Black Star","Whetstone","AT_BellDemon","Orrery","Eternal Feather","Ornamental Fan","CeramicFish","Lee\u0027s Waffle","Smiling Mask","Red Skull","Magic Flower","AT_TheCollector","AT_RedNoBalance","Singing Bowl","Omamori","StoneCalendar","AT_DeathDance","Toy Ornithopter","Juzu Bracelet","Bronze Scales","Mercury Hourglass","Thread and Needle","AT_BladeRuinedKing","Akabeko","Lantern","Orichalcum","Strange Spoon","Ancient Tea Set","Kunai","PreservedInsect"],"acts_visited":["Exordium","TheCity","TheBeyond"],"potions_floor_usage":[33,33],"damage_taken":[{"damage":7.0,"enemies":"Small Slimes","floor":1.0,"turns":4.0},{"damage":0.0,"enemies":"Cultist","floor":4.0,"turns":2.0},{"damage":9.0,"enemies":"Lagavulin","floor":6.0,"turns":3.0},{"damage":0,"enemies":"Gremlin Nob","floor":8,"turns":2},{"damage":0,"enemies":"Lagavulin","floor":10,"turns":2},{"damage":0,"enemies":"2 Louse","floor":11,"turns":1},{"damage":0,"enemies":"Looter","floor":13,"turns":1},{"damage":0,"enemies":"Large Slime","floor":14,"turns":2},{"damage":20,"enemies":"The Guardian","floor":16,"turns":4},{"damage":12,"enemies":"2 Thieves","floor":18,"turns":2},{"damage":0,"enemies":"Spheric Guardian","floor":22,"turns":2},{"damage":1,"enemies":"Book of Stabbing","floor":23,"turns":2},{"damage":0,"enemies":"3 Cultists","floor":24,"turns":2},{"damage":4,"enemies":"Gremlin Leader","floor":25,"turns":2},{"damage":7,"enemies":"Book of Stabbing","floor":29,"turns":2},{"damage":0,"enemies":"Centurion and Healer","floor":31,"turns":1},{"damage":0,"enemies":"Collector","floor":33,"turns":1},{"damage":0,"enemies":"3 Darklings","floor":35,"turns":1},{"damage":0,"enemies":"3 Shapes","floor":37,"turns":1},{"damage":0,"enemies":"3 Darklings","floor":39,"turns":1},{"damage":0,"enemies":"Giant Head","floor":40,"turns":1},{"damage":0,"enemies":"4 Shapes","floor":41,"turns":1},{"damage":0,"enemies":"Nemesis","floor":42,"turns":1},{"damage":0,"enemies":"Reptomancer","floor":44,"turns":1},{"damage":0,"enemies":"Sphere and 2 Shapes","floor":45,"turns":2},{"damage":0,"enemies":"Giant Head","floor":46,"turns":2},{"damage":0,"enemies":"Reptomancer","floor":48,"turns":1},{"damage":0,"enemies":"Donu and Deca","floor":50,"turns":1}],"seed_played":"2611423456938469308","potions_obtained":[{"floor":1.0,"key":"ColorlessPotion"},{"floor":4.0,"key":"Dexterity Potion"},{"floor":4.0,"key":"GamblersBrew"},{"floor":16,"key":"Block Potion"},{"floor":23,"key":"AttackPotion"},{"floor":23,"key":"Explosive Potion"},{"floor":33,"key":"DuplicationPotion"},{"floor":35,"key":"LiquidMemories"},{"floor":39,"key":"SteroidPotion"}],"is_trial":false,"path_per_floor":["M","?","$","M","$","E","$","E","T","E","M","?","M","M","R","B",null,"M","?","?","$","M","E","M","E","T","R","$","E","?","M","R","B",null,"M","$","M","$","M","E","M","E","T","E","M","E","$","E","R","B",null],"character_chosen":"IRONCLAD","items_purchased":["Pocketwatch","Blood Vial","Shrug It Off","Matryoshka","War Paint","AT_Kusabimaru","Calipers","Brimstone","Boot","Potion Belt","Toolbox","Shuriken","Darkstone Periapt","HandDrill","Whetstone","AT_BellDemon","Orrery","Ornamental Fan","CeramicFish","Lee\u0027s Waffle","Lantern","Orichalcum","Strange Spoon"],"campfire_rested":1,"item_purchase_floors":[3,3,3,5,5,7,7,7,21,21,21,28,28,28,36,36,36,38,38,38,47,47,47],"current_hp_per_floor":[65,65,65,67,67,74,74,76,76,78,80,80,82,84,84,73,94,84,101,101,101,101,100,101,97,97,97,97,92,72,74,74,76,99,101,101,103,113,113,113,113,61,61,66,73,78,78,83,125,125],"gold":1889,"neow_bonus":"BOSS_RELIC","is_daily":false,"chose_seed":false,"campfire_upgraded":2,"win_rate":0.0,"timestamp":1610769786,"path_taken":["M","?","$","M","$","E","?","E","T","E","M","?","M","M","R","BOSS","M","?","?","$","M","E","M","E","T","R","$","E","?","M","R","BOSS","M","$","M","$","M","E","M","E","T","E","M","E","$","E","R","BOSS"],"items_purchased_type":["Relic","Relic","Card","Relic","Relic","Relic","Relic","Relic","Relic","Relic","Relic","Relic","Relic","Relic","Relic","Relic","Relic","Relic","Relic","Relic","Relic","Relic","Relic"],"build_version":"2020-12-22","purchased_purges":13,"victory":true,"max_hp_per_floor":[80,80,80,80,80,94,94,94,94,94,94,94,94,94,94,101,101,101,101,101,101,101,101,101,101,101,101,101,101,106,106,106,106,106,106,106,106,113,113,113,113,115,115,117,121,123,123,125,125,125],"card_choices":[{"not_picked":[],"picked":"Rampage","floor":1.0},{"not_picked":["Heavy Blade"],"picked":"SKIP","floor":1.0},{"not_picked":[],"picked":"AT_DrawKnifeCut","floor":4.0},{"not_picked":["Perfected Strike"],"picked":"SKIP","floor":4.0},{"not_picked":["Blood for Blood"],"picked":"SKIP","floor":6.0},{"not_picked":["Headbutt"],"picked":"SKIP","floor":8},{"not_picked":["Impervious"],"picked":"SKIP","floor":10},{"not_picked":["Pummel"],"picked":"SKIP","floor":11},{"not_picked":["Cleave"],"picked":"SKIP","floor":11},{"not_picked":["Entrench"],"picked":"SKIP","floor":13},{"not_picked":["Heavy Blade"],"picked":"SKIP","floor":13},{"not_picked":[],"picked":"Flex","floor":14},{"not_picked":["Pommel Strike"],"picked":"SKIP","floor":14},{"not_picked":["Clash"],"picked":"SKIP","floor":18},{"not_picked":["Twin Strike"],"picked":"SKIP","floor":18},{"not_picked":["Uppercut"],"picked":"SKIP","floor":22},{"not_picked":["Iron Wave"],"picked":"SKIP","floor":22},{"not_picked":["AT_ManFootWork+1"],"picked":"SKIP","floor":23},{"not_picked":["AT_BodySlamDance"],"picked":"SKIP","floor":24},{"not_picked":["Warcry"],"picked":"SKIP","floor":24},{"not_picked":["Bludgeon"],"picked":"SKIP","floor":25},{"not_picked":["Bludgeon"],"picked":"SKIP","floor":25},{"not_picked":[],"picked":"Sword Boomerang+1","floor":29},{"not_picked":["Headbutt"],"picked":"SKIP","floor":31},{"not_picked":["Infernal Blade"],"picked":"SKIP","floor":31},{"not_picked":["Headbutt"],"picked":"SKIP","floor":35},{"not_picked":["Bloodletting"],"picked":"SKIP","floor":35},{"not_picked":[],"picked":"Flex+1","floor":37},{"not_picked":["Rupture"],"picked":"SKIP","floor":37},{"not_picked":["Warcry"],"picked":"SKIP","floor":39},{"not_picked":["Thunderclap+1"],"picked":"SKIP","floor":39},{"not_picked":["Twin Strike"],"picked":"SKIP","floor":40},{"not_picked":["Pommel Strike+1"],"picked":"SKIP","floor":41},{"not_picked":["Flex+1"],"picked":"SKIP","floor":41},{"not_picked":["Sword Boomerang+1"],"picked":"Singing Bowl","floor":42},{"not_picked":["Fire Breathing"],"picked":"Singing Bowl","floor":44},{"not_picked":["AT_ManFootWork+1"],"picked":"Singing Bowl","floor":45},{"not_picked":["Power Through"],"picked":"Singing Bowl","floor":45},{"not_picked":["Sword Boomerang"],"picked":"Singing Bowl","floor":46},{"not_picked":["Perfected Strike"],"picked":"Singing Bowl","floor":48}],"player_experience":66729,"relics_obtained":[{"floor":6.0,"key":"Mango"},{"floor":8,"key":"Happy Flower"},{"floor":9,"key":"Regal Pillow"},{"floor":9,"key":"Champion Belt"},{"floor":10,"key":"AT_ArchangelStaff"},{"floor":16,"key":"Strawberry"},{"floor":17,"key":"Vajra"},{"floor":17,"key":"AT_BellowingDragoncrestRing"},{"floor":17,"key":"Unceasing Top"},{"floor":23,"key":"StrikeDummy"},{"floor":25,"key":"Bag of Marbles"},{"floor":26,"key":"Art of War"},{"floor":26,"key":"Pen Nib"},{"floor":29,"key":"AT_EbonyIvory"},{"floor":33,"key":"Self Forming Clay"},{"floor":37,"key":"Eternal Feather"},{"floor":39,"key":"Smiling Mask"},{"floor":40,"key":"Red Skull"},{"floor":40,"key":"Magic Flower"},{"floor":40,"key":"AT_TheCollector"},{"floor":41,"key":"AT_SilverBalance"},{"floor":42,"key":"Singing Bowl"},{"floor":42,"key":"Omamori"},{"floor":42,"key":"StoneCalendar"},{"floor":43,"key":"AT_DeathDance"},{"floor":44,"key":"Toy Ornithopter"},{"floor":44,"key":"Juzu Bracelet"},{"floor":44,"key":"Bronze Scales"},{"floor":45,"key":"Mercury Hourglass"},{"floor":46,"key":"Thread and Needle"},{"floor":46,"key":"AT_BladeRuinedKing"},{"floor":46,"key":"Akabeko"},{"floor":48,"key":"Ancient Tea Set"},{"floor":48,"key":"Kunai"},{"floor":48,"key":"PreservedInsect"}],"event_choices":[{"damage_healed":0.0,"max_hp_gain":0.0,"max_hp_loss":0.0,"gold_gain":0.0,"event_name":"Upgrade Shrine","player_choice":"Upgraded","floor":2.0,"gold_loss":0.0,"damage_taken":0.0,"cards_upgraded":["Rampage"]},{"damage_healed":0,"gold_gain":0,"player_choice":"Ignored","damage_taken":0,"max_hp_gain":0,"max_hp_loss":0,"event_name":"Golden Wing","floor":12,"gold_loss":0},{"damage_healed":33,"gold_gain":0,"player_choice":"Heal","damage_taken":0,"max_hp_gain":0,"max_hp_loss":0,"event_name":"The Library","floor":19,"gold_loss":0},{"damage_healed":0,"gold_gain":99,"player_choice":"Stole From Cult","damage_taken":0,"max_hp_gain":0,"max_hp_loss":0,"event_name":"Nest","floor":20,"gold_loss":0},{"damage_healed":0,"gold_gain":0,"player_choice":"Shed Blood","damage_taken":25,"max_hp_gain":5,"max_hp_loss":0,"event_name":"Forgotten Altar","floor":30,"gold_loss":0}],"is_beta":false,"boss_relics":[{"not_picked":["SacredBark","Cursed Key"],"picked":"Calling Bell"},{"not_picked":["SlaversCollar","Runic Pyramid"],"picked":"Black Star"}],"items_purged_floors":[3,3,3,3,3,3,3,3,5,47,47,47,47],"is_endless":false,"potions_floor_spawned":[1,4,4,8,11,11,11,13,16,16,23,23,23,24,24,25,25,25,31,33,35,37,39,39,40,42,44,44,45,45,46,46],"ascension_level":8}}