{"host":"oehe2dxjvdgux73m","time":1610818321,"event":{"mods":["AchievementEnabler","BaseMod","Colored Map","Colored Powertips","DeckTracker","Keyboard Shortcuts","Minty Spire (QoL Compilation)","Permanent Neow","Quick Restart","StSLib","SuperFastMode"],"gold_per_floor":[110,185,197,197,197,197,223,240,240,240,253,267,267,267,267],"floor_reached":14,"language":"KOR","playtime":198,"items_purged":[],"score":140,"play_id":"c4479d81-f405-462c-a96f-5a76d0078858","local_time":"20210117023201","is_ascension_mode":true,"campfire_choices":[{"data":"Perfected Strike","floor":6.0,"key":"SMITH"},{"data":"Bash","floor":10.0,"key":"SMITH"}],"circlet_count":0,"master_deck":["AscendersBane","Strike_R","Strike_R","Strike_R","Strike_R","Strike_R","Defend_R","Defend_R","Defend_R","Defend_R","Bash+1","Perfected Strike+1","Power Through","Flame Barrier+1","Battle Trance"],"relics":["Burning Blood","Bronze Scales","Bird Faced Urn","Magic Flower","Gremlin Horn"],"acts_visited":["Exordium"],"potions_floor_usage":[],"damage_taken":[{"damage":4.0,"enemies":"2 Louse","floor":1.0,"turns":3.0},{"damage":11.0,"enemies":"Cultist","floor":3.0,"turns":4.0},{"damage":37.0,"enemies":"Gremlin Nob","floor":7.0,"turns":4.0},{"damage":0.0,"enemies":"Jaw Worm","floor":8.0,"turns":3.0},{"damage":4.0,"enemies":"Exordium Wildlife","floor":11.0,"turns":3.0},{"damage":28.0,"enemies":"Exordium Thugs","floor":12.0,"turns":5.0},{"damage":30,"enemies":"Lagavulin","floor":14,"turns":5}],"seed_played":"4862714925724634250","potions_obtained":[{"floor":3.0,"key":"Swift Potion"}],"is_trial":false,"path_per_floor":["M","?","M","?","T","R","E","M","T","R","M","M","?","E"],"character_chosen":"IRONCLAD","items_purchased":[],"campfire_rested":0,"item_purchase_floors":[],"current_hp_per_floor":[74,66,61,61,61,61,30,39,39,39,44,25,25,0,0],"gold":267,"neow_bonus":"RANDOM_COMMON_RELIC","is_daily":false,"chose_seed":false,"campfire_upgraded":2,"win_rate":0.0,"timestamp":1610818321,"path_taken":["M","?","?","?","?","R","E","?","T","R","M","M","?","E"],"items_purchased_type":[],"build_version":"2020-12-22","purchased_purges":0,"victory":false,"max_hp_per_floor":[80,80,80,80,80,80,80,80,80,80,80,80,80,80,80],"card_choices":[{"not_picked":["True Grit","Searing Blow"],"picked":"Perfected Strike","floor":1.0},{"not_picked":["True Grit","Dropkick","Burning Pact"],"picked":"SKIP","floor":3.0},{"not_picked":["Headbutt","Body Slam"],"picked":"Power Through","floor":7.0},{"not_picked":["Carnage","Thunderclap"],"picked":"Flame Barrier","floor":8.0},{"not_picked":["Havoc","Evolve"],"picked":"Battle Trance","floor":11.0},{"not_picked":["Cleave","Headbutt","Dark Embrace"],"picked":"SKIP","floor":12.0}],"player_experience":247963,"relics_obtained":[{"floor":5.0,"key":"Bird Faced Urn"},{"floor":7.0,"key":"Magic Flower"},{"floor":9.0,"key":"Gremlin Horn"}],"event_choices":[{"damage_healed":0.0,"max_hp_gain":0.0,"max_hp_loss":0.0,"gold_gain":75.0,"event_name":"FaceTrader","player_choice":"Touch","floor":2.0,"gold_loss":0.0,"damage_taken":8.0},{"damage_healed":0.0,"max_hp_gain":0.0,"max_hp_loss":0.0,"gold_gain":0.0,"event_name":"Liars Game","player_choice":"Ignored","floor":4.0,"gold_loss":0.0,"damage_taken":0.0},{"damage_healed":0.0,"max_hp_gain":0.0,"max_hp_loss":0.0,"gold_gain":0.0,"event_name":"Upgrade Shrine","player_choice":"Upgraded","floor":13.0,"gold_loss":0.0,"damage_taken":0.0,"cards_upgraded":["Flame Barrier"]}],"is_beta":false,"boss_relics":[],"items_purged_floors":[],"is_endless":false,"potions_floor_spawned":[3],"killed_by":"Lagavulin","ascension_level":11}}