{"host":"ga4s3hj9m6nkn6gp","time":1610803797,"event":{"mods":["AchievementEnabler","BaseMod","Bestiary","Colored Powertips","Highlight Path","Minty Spire (QoL Compilation)","Relic Stats","everything is the same but u backflip on backflip"],"gold_per_floor":[113,113,130,130,149,149,119,119,146,146,161,189,202,277,277,380,380,395,395,33,60,78,78,113,128,128,142,171,181,191,91,91,186,186,198,73,295,307,307,339,354,364,391,141,141,172,172,186,186,186],"floor_reached":51,"language":"ENG","playtime":942,"items_purged":["Dropkick+1","Hemokinesis+1","Bash"],"score":1017,"play_id":"32a54274-0aee-4843-9796-f8c5e68af42c","local_time":"20210116142957","is_ascension_mode":true,"campfire_choices":[{"data":"Twin Strike","floor":6.0,"key":"SMITH"},{"data":"Hemokinesis","floor":8.0,"key":"SMITH"},{"data":"Dropkick","floor":10.0,"key":"SMITH"},{"data":"Whirlwind","floor":15.0,"key":"SMITH"},{"data":"Flex","floor":23.0,"key":"SMITH"},{"data":"Spot Weakness","floor":32,"key":"SMITH"},{"floor":45,"key":"REST"},{"data":"Offering","floor":49,"key":"SMITH"}],"circlet_count":0,"master_deck":["Twin Strike+1","Flex+1","Spot Weakness+1","Whirlwind+1","Offering","Battle Trance","Bloodletting+1","Offering+1","Flex+1"],"relics":["Burning Blood","NeowsBlessing","Bronze Scales","Akabeko","Pandora\u0027s Box","Ginger","Red Mask","Bird Faced Urn","Pear","InkBottle","Busted Crown","Potion Belt","Nunchaku","Self Forming Clay","Lantern","Question Card"],"acts_visited":["Exordium","TheCity","TheBeyond"],"potions_floor_usage":[50],"damage_taken":[{"damage":0.0,"enemies":"2 Louse","floor":1.0,"turns":1.0},{"damage":0.0,"enemies":"Cultist","floor":3.0,"turns":1.0},{"damage":0.0,"enemies":"Small Slimes","floor":5.0,"turns":1.0},{"damage":9.0,"enemies":"3 Louse","floor":11.0,"turns":2.0},{"damage":16.0,"enemies":"Gremlin Nob","floor":12.0,"turns":3.0},{"damage":11.0,"enemies":"Lots of Slimes","floor":13.0,"turns":2.0},{"damage":43.0,"enemies":"Hexaghost","floor":16.0,"turns":5.0},{"damage":8.0,"enemies":"Spheric Guardian","floor":18.0,"turns":2.0},{"damage":6.0,"enemies":"Masked Bandits","floor":21.0,"turns":1.0},{"damage":14.0,"enemies":"Shell Parasite","floor":22.0,"turns":2.0},{"damage":6.0,"enemies":"Gremlin Leader","floor":24.0,"turns":3.0},{"damage":6.0,"enemies":"Centurion and Healer","floor":25.0,"turns":1.0},{"damage":6.0,"enemies":"Snecko","floor":27.0,"turns":2.0},{"damage":9.0,"enemies":"Slavers","floor":28.0,"turns":1.0},{"damage":6.0,"enemies":"Shelled Parasite and Fungi","floor":29.0,"turns":1.0},{"damage":9.0,"enemies":"Centurion and Healer","floor":30.0,"turns":1.0},{"damage":15,"enemies":"Champ","floor":33,"turns":3},{"damage":12,"enemies":"3 Darklings","floor":35,"turns":1},{"damage":12,"enemies":"Orb Walker","floor":38,"turns":1},{"damage":12,"enemies":"Nemesis","floor":40,"turns":1},{"damage":12,"enemies":"Jaw Worm Horde","floor":41,"turns":1},{"damage":18,"enemies":"4 Shapes","floor":42,"turns":1},{"damage":15,"enemies":"Giant Head","floor":46,"turns":1},{"damage":12,"enemies":"Writhing Mass","floor":48,"turns":1},{"damage":21,"enemies":"Donu and Deca","floor":50,"turns":1}],"seed_played":"565121621755868908","potions_obtained":[{"floor":1.0,"key":"Swift Potion"},{"floor":7.0,"key":"Ancient Potion"},{"floor":7.0,"key":"SteroidPotion"},{"floor":16.0,"key":"GamblersBrew"},{"floor":21.0,"key":"ColorlessPotion"},{"floor":24.0,"key":"BlessingOfTheForge"},{"floor":25.0,"key":"FearPotion"},{"floor":40,"key":"PowerPotion"},{"floor":41,"key":"Block Potion"}],"is_trial":false,"path_per_floor":["M","?","M","?","M","R","?","R","T","R","M","E","M","?","R","B",null,"M","?","$","?","M","R","E","M","T","M","E","M","M","$","R","B",null,"M","$","?","M","?","E","M","M","T","$","R","E","T","M","R","B",null],"character_chosen":"IRONCLAD","items_purchased":["Ginger","Self Forming Clay"],"campfire_rested":1,"item_purchase_floors":[20,44],"current_hp_per_floor":[80,80,80,73,79,79,79,79,79,79,76,66,61,50,50,13,80,78,63,63,63,55,55,55,55,65,65,62,62,59,59,59,50,95,89,89,89,83,83,77,71,59,59,59,87,78,78,72,72,57],"gold":186,"neow_bonus":"THREE_ENEMY_KILL","is_daily":false,"chose_seed":false,"campfire_upgraded":7,"win_rate":0.0,"timestamp":1610803797,"path_taken":["M","?","?","?","M","R","?","R","T","R","?","E","M","?","R","BOSS","M","?","$","?","M","R","E","M","T","M","E","M","M","?","R","BOSS","M","$","?","M","?","E","M","?","T","$","R","E","?","M","R","BOSS"],"items_purchased_type":["Relic","Relic"],"build_version":"2020-12-22","purchased_purges":3,"victory":true,"max_hp_per_floor":[80,80,80,80,80,80,80,80,80,80,80,80,80,80,80,80,80,80,85,85,85,85,85,85,85,95,95,95,95,95,95,95,95,95,95,95,95,95,95,95,95,95,95,95,95,95,95,95,95,95],"relic_stats":{"Nunchaku":[0],"Busted Crown":14,"counters":[25,40],"Self Forming Clay":[0],"Bronze Scales":[48],"Bird Faced Urn":[0],"Pandora\u0027s Box":["Iron Wave","Entrench","Carnage","Body Slam","Spot Weakness","Twin Strike","Battle Trance"],"Ginger":[0],"Question Card":1,"obtain_stats":[{"Potion Belt":40,"Lantern":46,"Pear":26,"NeowsBlessing":0,"Self Forming Clay":44,"Ginger":20,"Question Card":47,"Burning Blood":0,"Akabeko":12,"Nunchaku":43,"Busted Crown":34,"Bronze Scales":9,"Bird Faced Urn":24,"Pandora\u0027s Box":17,"Red Mask":21,"InkBottle":28},{"Potion Belt":20,"Lantern":23,"Pear":12,"NeowsBlessing":0,"Self Forming Clay":22,"Ginger":8,"Question Card":23,"Burning Blood":0,"Akabeko":5,"Nunchaku":22,"Busted Crown":17,"Bronze Scales":3,"Bird Faced Urn":11,"Pandora\u0027s Box":7,"Red Mask":9,"InkBottle":14},{"Potion Belt":35,"Lantern":38,"Pear":24,"NeowsBlessing":0,"Self Forming Clay":37,"Ginger":17,"Question Card":38,"Burning Blood":0,"Akabeko":8,"Nunchaku":37,"Busted Crown":32,"Bronze Scales":3,"Bird Faced Urn":23,"Pandora\u0027s Box":15,"Red Mask":18,"InkBottle":27}],"Burning Blood":138,"InkBottle":[4]},"card_choices":[{"not_picked":["Blood for Blood","Clothesline"],"picked":"Twin Strike","floor":1.0},{"not_picked":["Body Slam","Twin Strike"],"picked":"Hemokinesis","floor":3.0},{"not_picked":["Twin Strike","Shrug It Off"],"picked":"Dropkick","floor":5.0},{"not_picked":["Fiend Fire","Wild Strike"],"picked":"Flex","floor":11.0},{"not_picked":["Clash","Flame Barrier"],"picked":"Spot Weakness","floor":12.0},{"not_picked":["Dual Wield","Clothesline"],"picked":"Whirlwind","floor":13.0},{"not_picked":["Juggernaut","Berserk"],"picked":"Offering","floor":16.0},{"not_picked":["Fire Breathing","Anger","Cleave+1"],"picked":"SKIP","floor":18.0},{"not_picked":["Twin Strike","Demon Form","True Grit"],"picked":"SKIP","floor":22.0},{"not_picked":["Intimidate","Thunderclap+1","Havoc"],"picked":"SKIP","floor":24.0},{"not_picked":["True Grit","Thunderclap"],"picked":"Battle Trance","floor":25.0},{"not_picked":["Anger","Battle Trance+1"],"picked":"Bloodletting+1","floor":27.0},{"not_picked":["Cleave+1","Anger+1","Battle Trance"],"picked":"SKIP","floor":28.0},{"not_picked":["Uppercut","Shrug It Off+1","Havoc"],"picked":"SKIP","floor":29.0},{"not_picked":["Reckless Charge","Spot Weakness","Flex"],"picked":"SKIP","floor":30.0},{"not_picked":["Juggernaut","Feed"],"picked":"Offering","floor":33},{"not_picked":["Twin Strike"],"picked":"SKIP","floor":35},{"not_picked":["Shrug It Off"],"picked":"SKIP","floor":38},{"not_picked":["Shrug It Off"],"picked":"SKIP","floor":38},{"not_picked":["Pommel Strike+1"],"picked":"SKIP","floor":40},{"not_picked":["Hemokinesis+1"],"picked":"SKIP","floor":41},{"not_picked":["Armaments+1"],"picked":"SKIP","floor":42},{"not_picked":["Body Slam"],"picked":"SKIP","floor":46},{"not_picked":["Iron Wave+1"],"picked":"Flex+1","floor":48}],"player_experience":641588,"relics_obtained":[{"floor":9.0,"key":"Bronze Scales"},{"floor":12.0,"key":"Akabeko"},{"floor":21.0,"key":"Red Mask"},{"floor":24.0,"key":"Bird Faced Urn"},{"floor":26.0,"key":"Pear"},{"floor":28.0,"key":"InkBottle"},{"floor":40,"key":"Potion Belt"},{"floor":43,"key":"Nunchaku"},{"floor":46,"key":"Lantern"},{"floor":47,"key":"Question Card"}],"event_choices":[{"cards_removed":["Defend_R"],"damage_healed":0.0,"max_hp_gain":0.0,"max_hp_loss":0.0,"gold_gain":0.0,"event_name":"Bonfire Elementals","player_choice":"Offered Basic","floor":2.0,"gold_loss":0.0,"damage_taken":0.0},{"cards_removed":["Defend_R"],"damage_healed":0.0,"max_hp_gain":0.0,"max_hp_loss":0.0,"gold_gain":0.0,"event_name":"Golden Wing","player_choice":"Card Removal","floor":4.0,"gold_loss":0.0,"damage_taken":7.0},{"damage_healed":0.0,"max_hp_gain":0.0,"max_hp_loss":0.0,"gold_gain":0.0,"event_name":"The Woman in Blue","player_choice":"Bought 2 Potions","floor":7.0,"gold_loss":0.0,"damage_taken":0.0},{"damage_healed":0.0,"max_hp_gain":0.0,"max_hp_loss":0.0,"gold_gain":75.0,"event_name":"World of Goop","player_choice":"Gather Gold","floor":14.0,"gold_loss":0.0,"damage_taken":11.0},{"damage_healed":0.0,"max_hp_gain":5.0,"max_hp_loss":0.0,"gold_gain":0.0,"event_name":"Forgotten Altar","player_choice":"Shed Blood","floor":19.0,"gold_loss":0.0,"damage_taken":20.0},{"damage_healed":0.0,"max_hp_gain":0.0,"max_hp_loss":0.0,"gold_gain":0.0,"event_name":"Masked Bandits","player_choice":"Fought Bandits","floor":21.0,"gold_loss":0.0,"damage_taken":0.0},{"damage_healed":0,"gold_gain":222,"player_choice":"Wore Mask","damage_taken":0,"max_hp_gain":0,"max_hp_loss":0,"event_name":"Tomb of Lord Red Mask","floor":37,"gold_loss":0},{"damage_healed":0,"gold_gain":0,"player_choice":"Got Potions","damage_taken":0,"max_hp_gain":0,"max_hp_loss":0,"event_name":"Lab","floor":39,"gold_loss":0}],"is_beta":false,"boss_relics":[{"not_picked":["Velvet Choker","Fusion Hammer"],"picked":"Pandora\u0027s Box"},{"not_picked":["Sozu","SacredBark"],"picked":"Busted Crown"}],"items_purged_floors":[20,31,36],"is_endless":false,"potions_floor_spawned":[1,12,13,16,21,24,25,27,29,33,40,41,42],"ascension_level":1}}