{"host":"fm9e0lfunjlbhzxv","time":1610780022,"event":{"mods":["Alarm Clock","BaseMod","Bestiary","Better Match","Better Skull","Better Third Choice","Colored Map","Colored Powertips","Downfall","Key Reminder","Minty Spire (QoL Compilation)","Permanent Neow","Rare Cards Sparkle","Relic Stats","StSLib","slay the spire mod where everything is the same but ironclad has a cowboy hat"],"gold_per_floor":[99,115,172,172,43,53,103,115,100,0,0,11,11,37,57,155,155,155,175,175,185,198,198,274,274,294,204,204,116,116,126,142,142,142,142],"floor_reached":33,"language":"ENG","playtime":2522,"items_purged":["Chill"],"score":247,"play_id":"632a153d-502a-4371-bb34-a935900acfda","local_time":"20210115225342","is_ascension_mode":false,"campfire_choices":[{"floor":1,"key":"RECALL"},{"floor":10,"key":"REST"},{"data":"champ:Strike","floor":13,"key":"PURGE"},{"data":"champ:Defend","floor":18,"key":"PURGE"},{"floor":23,"key":"REST"},{"floor":28,"key":"REST"},{"data":"champ:GladiatorForm","floor":30,"key":"PURGE"}],"circlet_count":0,"master_deck":["champ:Defend","champ:Execute","champ:Taunt","champ:StanceDance","champ:EnragedBash","champ:SkillfulDodge","champ:Endure","champ:IronFortress","champ:BerserkersShout","champ:EnGarde","champ:DeathBlow","champ:FancyFootwork","champ:SkillfulDodge","champ:GutPunch","champ:SetATrap+1","champ:Shatter+1","champ:GladiatorForm+1","champ:PreciseThrust","champ:IronFortress+1","champ:ArenaPreparation","champ:RisingSlash","champ:Endure","champ:EnGarde","champ:Haymaker+1"],"relics":["Fusion Hammer","keyreminder:keyreminder","Peace Pipe","Boot","Strawberry","downfall:HeartBlessingRed","White Beast Statue","Astrolabe","Eternal Feather"],"acts_visited":["Exordium","TheCity"],"potions_floor_usage":[15,16,16,16,21,27,29,33],"damage_taken":[{"damage":15,"enemies":"Jaw Worm","floor":2,"turns":3},{"damage":43,"enemies":"Lagavulin Event","floor":3,"turns":5},{"damage":20,"enemies":"downfall:FleeingMerchant","floor":5,"turns":4},{"damage":5,"enemies":"2 Louse","floor":6,"turns":2},{"damage":26,"enemies":"Small Slimes","floor":8,"turns":4},{"damage":30,"enemies":"downfall:FleeingMerchant","floor":9,"turns":4},{"damage":55,"enemies":"Large Slime","floor":12,"turns":5},{"damage":61,"enemies":"3 Sentries","floor":14,"turns":7},{"damage":27,"enemies":"Blue Slaver","floor":15,"turns":3},{"damage":100,"enemies":"SI_SHIV_ARCHETYPE","floor":16,"turns":11},{"damage":76,"enemies":"Chosen","floor":19,"turns":8},{"damage":61,"enemies":"Shell Parasite","floor":21,"turns":5},{"damage":73,"enemies":"Snecko","floor":22,"turns":6},{"damage":89,"enemies":"Snake Plant","floor":26,"turns":5},{"damage":22,"enemies":"downfall:FleeingMerchant","floor":27,"turns":4},{"damage":63,"enemies":"downfall:FleeingMerchant","floor":29,"turns":4},{"damage":42,"enemies":"Shelled Parasite and Fungi","floor":31,"turns":5},{"damage":71,"enemies":"Centurion and Healer","floor":32,"turns":7},{"damage":27,"enemies":"IC_MUSHROOM_ARCHETYPE","floor":33,"turns":1}],"seed_played":"3340502214405637917","potions_obtained":[{"floor":6,"key":"FearPotion"},{"floor":8,"key":"SteroidPotion"},{"floor":12,"key":"Weak Potion"},{"floor":15,"key":"Block Potion"},{"floor":16,"key":"AttackPotion"},{"floor":19,"key":"Guardian:BlockOnCardUsePotion"},{"floor":21,"key":"PowerPotion"},{"floor":22,"key":"SteroidPotion"},{"floor":27,"key":"Swift Potion"},{"floor":29,"key":"Swift Potion"},{"floor":31,"key":"DistilledChaos"}],"is_trial":false,"path_per_floor":["R","M","?","?","$","M","T","M","$","R","?","M","R","E","M","B",null,"R","M","?","M","M","R","T","?","M","$","R","$","R","M","M","B"],"character_chosen":"THE_CHAMP","items_purchased":["champ:Endure","champ:IronFortress","champ:Endure"],"campfire_rested":3,"item_purchase_floors":[5,5,29],"current_hp_per_floor":[90,85,62,54,54,54,61,60,60,89,89,89,89,83,76,61,97,97,71,71,60,32,61,61,61,12,3,44,31,43,37,18,0,0,0],"gold":142,"neow_bonus":"BOSS_RELIC","is_daily":false,"chose_seed":false,"campfire_upgraded":0,"win_rate":0.0,"timestamp":1610780022,"path_taken":["R","M","?","?","$","?","T","M","$","R","?","M","R","E","M","BOSS","R","M","?","M","M","R","T","?","M","$","R","$","R","M","M","BOSS"],"items_purchased_type":["Card","Card","Card"],"build_version":"2020-12-22","purchased_purges":1,"victory":false,"max_hp_per_floor":[90,90,90,90,90,90,97,97,97,97,97,97,97,97,97,97,97,97,97,97,97,97,97,97,97,97,97,97,97,97,97,97,97,97,97],"relic_stats":{"Peace Pipe":3,"counters":[19,93],"Astrolabe":["champ:SetATrap","champ:Shatter","champ:GladiatorForm"],"Eternal Feather":24,"Boot":[13],"obtain_stats":[{"keyreminder:keyreminder":1,"Peace Pipe":3,"downfall:HeartBlessingRed":10,"Strawberry":7,"Astrolabe":17,"champ:ChampionCrown":0,"Eternal Feather":24,"Fusion Hammer":0,"Boot":4,"White Beast Statue":14},{"keyreminder:keyreminder":0,"Peace Pipe":2,"downfall:HeartBlessingRed":6,"Strawberry":4,"Astrolabe":10,"champ:ChampionCrown":0,"Eternal Feather":13,"Fusion Hammer":0,"Boot":2,"White Beast Statue":8},{"keyreminder:keyreminder":0,"Peace Pipe":8,"downfall:HeartBlessingRed":22,"Strawberry":14,"Astrolabe":48,"champ:ChampionCrown":0,"Eternal Feather":67,"Fusion Hammer":0,"Boot":8,"White Beast Statue":34}]},"card_choices":[{"not_picked":["champ:PreciseThrust","champ:AdrenalArmor"],"picked":"champ:StanceDance","floor":2},{"not_picked":["champ:DancingMaster","champ:SetATrap"],"picked":"champ:EnragedBash","floor":3},{"not_picked":["champ:Haymaker","champ:BladeFlurry"],"picked":"champ:SkillfulDodge","floor":5},{"not_picked":["champ:SkillfulDodge","champ:FlashCut"],"picked":"champ:BerserkersShout","floor":6},{"not_picked":["champ:BerserkersShout","champ:Haymaker"],"picked":"champ:EnGarde","floor":8},{"not_picked":["champ:FaceSlap","champ:LastStand"],"picked":"champ:DeathBlow","floor":9},{"not_picked":["champ:CrownThrow","champ:StanceDance"],"picked":"champ:FancyFootwork","floor":12},{"not_picked":["champ:TornadoPunch","champ:StanceDance"],"picked":"champ:SkillfulDodge","floor":14},{"not_picked":["champ:Circumvent","champ:DeathBlow"],"picked":"champ:GutPunch","floor":15},{"not_picked":["champ:UltimateStance","champ:Improvising"],"picked":"champ:GladiatorForm","floor":16},{"not_picked":["champ:RapidStrikes+1","champ:TornadoPunch+1"],"picked":"champ:PreciseThrust","floor":19},{"not_picked":["champ:Haymaker","champ:EnragedBash","champ:Circumvent"],"picked":"SKIP","floor":21},{"not_picked":["champ:Parry","champ:FanOfKnives"],"picked":"champ:IronFortress+1","floor":22},{"not_picked":["champ:BerserkersShout+1","champ:FocusedDefense","champ:PreemptiveStrike"],"picked":"SKIP","floor":26},{"not_picked":["champ:SkillfulDodge","champ:FanOfKnives"],"picked":"champ:ArenaPreparation","floor":27},{"not_picked":["champ:PerfectedStrike","champ:EnragedBash+1"],"picked":"champ:RisingSlash","floor":29},{"not_picked":["champ:CrownThrow","champ:Shatter+1"],"picked":"champ:EnGarde","floor":31},{"not_picked":["champ:DefensiveShout","champ:BerserkersShout+1"],"picked":"champ:Haymaker+1","floor":32}],"player_experience":486852,"relics_obtained":[{"floor":3,"key":"Peace Pipe"},{"floor":7,"key":"Strawberry"},{"floor":14,"key":"White Beast Statue"},{"floor":24,"key":"Eternal Feather"}],"event_choices":[{"cards_removed":["champ:Defend"],"damage_healed":0,"gold_gain":0,"player_choice":"Card Removal","damage_taken":0,"max_hp_gain":0,"max_hp_loss":0,"event_name":"The Cleric","floor":11,"gold_loss":0}],"is_beta":false,"boss_relics":[{"not_picked":["Sozu","Philosopher\u0027s Stone"],"picked":"Astrolabe"}],"items_purged_floors":[27],"is_endless":false,"potions_floor_spawned":[6,8,12,15,16,19,21,22,26,27,29,31,32],"killed_by":"IC_MUSHROOM_ARCHETYPE","ascension_level":0}}