{"host":"290egjt91b2tngam","time":1610793081,"event":{"mods":["BaseMod","Colored Map","Colored Powertips","Hubris","Infinite Spire","Marisa????????","Minty Spire (QoL Compilation)","Replay The Spire","StSLib","The Bug Knight","The Cursed","The Servant 0.9.4"],"gold_per_floor":[118,134,134,152,74,106,116,143,143,168,168,343,343,359,359,463,463,482,482,407,426,439,469,479,511,511,541,541,243,243,89,89,186,186,203,215,215,235,235,235,260,260,260,291,307,307,322,355,355,458,458,454,454,464,471,471,486,586,586,635,647,656,656,670,687,687,754,754,754,508,508,508,508,528,528,539,563,563,528,528],"floor_reached":79,"language":"ENG","playtime":3691,"items_purged":["Pot Of Greed","Pot Of Greed","Machine Learning"],"score":1767,"play_id":"f23a1ad7-030c-4e10-8494-2155e20f311a","local_time":"20210116173121","is_ascension_mode":true,"campfire_choices":[{"data":"ReplayGash","floor":13.0,"key":"SMITH"},{"floor":15.0,"key":"DIG"},{"floor":28.0,"key":"REST"},{"floor":32.0,"key":"REST"},{"data":"Gash","floor":40.0,"key":"SMITH"},{"floor":42.0,"key":"REST"},{"floor":46.0,"key":"REST"},{"data":"White Noise","floor":49.0,"key":"SMITH"},{"data":"ReplayGash","floor":63,"key":"SMITH"},{"data":"hubris:DoWhile","floor":66,"key":"SMITH"},{"data":"Gash","floor":75,"key":"SMITH"}],"circlet_count":0,"master_deck":["Strike_B","Strike_B","Strike_B+1","Strike_B+1","Defend_B","Defend_B","Defend_B","Defend_B","Zap","Dualcast+1","Go for the Eyes","ReplayGash+1","ReplayGash+1","ReplayGash+1","Beam Cell","All For One","Fission","BootSequence","Reboot","Hologram","Gash+1","ReplayGash+1","Conserve Battery","Pot Of Greed","Rip and Tear+1","infinitespire:FutureSight","Scrape+1","Hologram+1","Reprogram+1","Gash+1","White Noise+1","hubris:DoWhile+1","Melter","Gash+1","Pot Of Greed","Decay","Conserve Battery","Hologram","Core Surge","Gash+1","Necronomicurse","infinitespire:Starlight","Gash+1","Gash","ReplayTheSpireMod:Omega Cannon","Hologram+1","Pot Of Greed"],"relics":["Cracked Core","hubris:Spice","Replay:Antivirus Software","Replay:Mystery Machine","Grinning Jar","Ring of Chaos","hubris:Icosahedron","Prayer Wheel","HollowMod:PaleOreRelic","hubris:Zylophone","Red Mask","infinitespire:PuzzleCube","Snack Pack","Solar Panel","hubris:ScarierMask","FaceOfCleric","infinitespire:ShieldingShard","Quantum Egg","Replay:Wanted Poster","hubris:Backtick","Mummified Hand","Replay:Ringing Soul","Necronomicon","MealTicket","Whetstone"],"acts_visited":["Exordium","TheCity","TheBeyond","TheCity"],"potions_floor_usage":[67,79,79],"damage_taken":[{"damage":0.0,"enemies":"2 Louse","floor":1.0,"turns":3.0},{"damage":1.0,"enemies":"Cultist","floor":2.0,"turns":4.0},{"damage":2.0,"enemies":"Jaw Worm","floor":4.0,"turns":3.0},{"damage":0.0,"enemies":"HollowMod:MossKnight","floor":6.0,"turns":5.0},{"damage":3.0,"enemies":"Looter","floor":7.0,"turns":2.0},{"damage":10.0,"enemies":"Replay:BlueRogue","floor":8.0,"turns":4.0},{"damage":27.0,"enemies":"3 Sentries","floor":10.0,"turns":5.0},{"damage":0.0,"enemies":"Exordium Thugs","floor":14.0,"turns":3.0},{"damage":7.0,"enemies":"Hexaghost","floor":16.0,"turns":5.0},{"damage":6.0,"enemies":"3 Byrds","floor":18.0,"turns":3.0},{"damage":0.0,"enemies":"Chosen","floor":21.0,"turns":3.0},{"damage":0.0,"enemies":"Snake Plant","floor":22.0,"turns":3.0},{"damage":24.0,"enemies":"Nightmare","floor":23.0,"turns":7.0},{"damage":14.0,"enemies":"Sentry and Sphere","floor":24.0,"turns":4.0},{"damage":27.0,"enemies":"Replay:Snechameleon","floor":25.0,"turns":6.0},{"damage":0.0,"enemies":"Gremlin Leader","floor":27.0,"turns":5.0},{"damage":12.0,"enemies":"Champ","floor":33.0,"turns":7.0},{"damage":0.0,"enemies":"Orb Walker","floor":35.0,"turns":2.0},{"damage":0.0,"enemies":"3 Shapes","floor":36.0,"turns":3.0},{"damage":13.0,"enemies":"4 Shapes","floor":38.0,"turns":5.0},{"damage":33.0,"enemies":"Reptomancer","floor":41.0,"turns":4.0},{"damage":9.0,"enemies":"Giant Head","floor":44.0,"turns":5.0},{"damage":12.0,"enemies":"Jaw Worm Horde","floor":45.0,"turns":3.0},{"damage":19.0,"enemies":"Spire Growth","floor":47.0,"turns":3.0},{"damage":0.0,"enemies":"HollowMod:StalkingDevout","floor":48.0,"turns":4.0},{"damage":43.0,"enemies":"Replay:Hell Engine","floor":50.0,"turns":6.0},{"damage":3,"enemies":"Jaw Worm","floor":52,"turns":3},{"damage":0,"enemies":"2 Louse","floor":54,"turns":1},{"damage":0,"enemies":"Small Slimes","floor":55,"turns":1},{"damage":0,"enemies":"Lagavulin","floor":57,"turns":2},{"damage":0,"enemies":"Red Slaver","floor":61,"turns":2},{"damage":0,"enemies":"Large Slime","floor":62,"turns":2},{"damage":0,"enemies":"3 Louse","floor":64,"turns":1},{"damage":0,"enemies":"Replay:BlueRogue","floor":65,"turns":2},{"damage":0,"enemies":"Slime Boss","floor":67,"turns":3},{"damage":0,"enemies":"3 Byrds","floor":69,"turns":3},{"damage":0,"enemies":"Slavers","floor":74,"turns":2},{"damage":0,"enemies":"2 Thieves","floor":76,"turns":1},{"damage":0,"enemies":"Shelled Parasite and Fungi","floor":78,"turns":2},{"damage":61,"enemies":"Nightmare_Alpha","floor":79,"turns":5}],"seed_played":"3634020433258891573","potions_obtained":[{"floor":6.0,"key":"SpeedPotion"},{"floor":7.0,"key":"LifebloodPotion"},{"floor":10.0,"key":"Reflective Coating"},{"floor":14.0,"key":"LiquidBronze"},{"floor":22.0,"key":"FearPotion"},{"floor":25.0,"key":"BlessingOfTheForge"},{"floor":27.0,"key":"Weak Potion"},{"floor":35.0,"key":"LiquidBronze"},{"floor":38.0,"key":"Weak Potion"},{"floor":45.0,"key":"DuplicationPotion"},{"floor":50.0,"key":"Adrenaline Potion"},{"floor":52,"key":"Dexterity Potion"},{"floor":57,"key":"Weak Potion"},{"floor":67,"key":"Weak Potion"}],"is_trial":false,"path_per_floor":["M","M","?","M","$","E","M","E","T","E","?","?","R","M","R_BF","B",null,"M","?","?","M","M","NM","M","E","T","E","R","$","?","$","R","B",null,"M","M","?","M","AVR","R","E","R","T","E","M","R","M","E","R","B",null,"M","?","M","M","T","E","AVR","?","T","M","M","R","M","E","R","B",null,"M","$","?","AVR","?","E","R","M","T","M","NM"],"character_chosen":"DEFECT","items_purchased":["ReplayGash","hubris:Zylophone","infinitespire:PuzzleCube","Replay:Ringing Soul"],"campfire_rested":4,"item_purchase_floors":[5,29,31,70],"current_hp_per_floor":[68,67,75,73,73,73,70,60,60,41,41,41,41,41,41,34,77,71,71,71,71,71,47,33,6,6,6,30,30,30,30,54,42,67,67,67,67,54,54,54,27,49,49,48,38,60,47,51,51,16,54,59,59,60,53,45,46,46,46,46,47,48,48,49,50,50,51,51,52,52,39,39,39,49,49,55,55,59,0,0],"gold":528,"neow_bonus":"RANDOM_EVENT","is_daily":false,"chose_seed":false,"campfire_upgraded":6,"win_rate":0.0,"timestamp":1610793081,"path_taken":["M","M","?","M","?","E","M","E","T","E","?","?","R","M","R_BF","BOSS","M","?","?","?","M","NM","M","E","T","E","R","$","?","?","R","BOSS","M","M","?","?","AVR","R","E","R","T","E","M","R","M","E","R","BOSS","M","?","M","?","?","E","AVR","?","T","M","?","R","M","E","R","BOSS","M","?","?","AVR","?","E","R","M","T","M","NM"],"items_purchased_type":["Card","Relic","Relic","Relic"],"build_version":"2020-12-22","purchased_purges":3,"victory":false,"max_hp_per_floor":[75,75,83,83,83,83,83,83,83,91,91,91,91,91,91,91,91,91,91,91,91,91,83,83,83,83,83,83,83,83,83,83,83,75,75,75,75,75,75,75,75,75,75,75,75,75,75,67,67,67,67,59,59,60,53,45,46,46,46,46,47,48,48,49,50,50,51,51,52,52,55,55,55,51,51,55,55,59,59,59],"card_choices":[{"not_picked":["Aggregate","Storm"],"picked":"Go for the Eyes","floor":1.0},{"not_picked":["Compile Driver","Coolheaded"],"picked":"Hologram","floor":2.0},{"not_picked":["Consume","Reinforced Body"],"picked":"ReplayGash","floor":4.0},{"not_picked":["Gash","Scrape"],"picked":"ReplayGash","floor":6.0},{"not_picked":["Panic Button","Consume"],"picked":"Beam Cell","floor":7.0},{"not_picked":["Conserve Battery","FIFO Queue"],"picked":"All For One","floor":8.0},{"not_picked":["Compile Driver","Beam Cell"],"picked":"Fission","floor":10.0},{"not_picked":["Auto Shields","ReplayTheSpireMod:Calculation Training"],"picked":"BootSequence","floor":14.0},{"not_picked":["Machine Learning","Rainbow"],"picked":"Reboot","floor":16.0},{"not_picked":["Sweeping Beam+1","hubris:SpiceAddiction"],"picked":"Hologram","floor":18.0},{"not_picked":["Stack","Melter"],"picked":"Gash","floor":21.0},{"not_picked":["FIFO Queue","Panic Button","Auto Shields"],"picked":"SKIP","floor":21.0},{"not_picked":["FIFO Queue","Panic Button","Auto Shields"],"picked":"SKIP","floor":21.0},{"not_picked":["Hello World+1","Lockon"],"picked":"ReplayGash","floor":22.0},{"not_picked":["hubris:SpiceAddiction","Panic Button","Streamline+1"],"picked":"SKIP","floor":22.0},{"not_picked":["Skim+1","Barrage"],"picked":"Conserve Battery","floor":23.0},{"not_picked":["Panic Button","Recycle"],"picked":"Rip and Tear+1","floor":24.0},{"not_picked":["Heatsinks","Compile Driver+1","Static Discharge"],"picked":"SKIP","floor":24.0},{"not_picked":["Coolheaded","Fusion","Redo"],"picked":"SKIP","floor":25.0},{"not_picked":["Fusion","Turbo","hubris:SpiceAddiction"],"picked":"SKIP","floor":27.0},{"not_picked":["infinitespire:FinalStrike","infinitespire:Oblivion"],"picked":"infinitespire:FutureSight","floor":31.0},{"not_picked":["hubris:SpiceAddiction","ReplayTheSpireMod:Fabricate Wheel"],"picked":"Machine Learning","floor":33.0},{"not_picked":["Compile Driver+1","Cold Snap"],"picked":"Scrape+1","floor":35.0},{"not_picked":["Beam Cell","hubris:SpiceAddiction","Streamline+1"],"picked":"SKIP","floor":35.0},{"not_picked":["Conserve Battery","Ball Lightning"],"picked":"Hologram+1","floor":36.0},{"not_picked":["Leap","hubris:PowerSurge","hubris:SpiceAddiction"],"picked":"SKIP","floor":36.0},{"not_picked":["Go for the Eyes","Recycle+1"],"picked":"Reprogram+1","floor":38.0},{"not_picked":["Panic Button","hubris:SpiceAddiction"],"picked":"Gash+1","floor":38.0},{"not_picked":["hubris:SpiceAddiction","Leap","hubris:SpiceAddiction"],"picked":"SKIP","floor":41.0},{"not_picked":["hubris:SpiceAddiction","Coolheaded+1"],"picked":"White Noise","floor":44.0},{"not_picked":["ReplaySolidLightProjector+1","Panic Button","Recycle"],"picked":"SKIP","floor":45.0},{"not_picked":["Crystallizer+1","Ball Lightning+1","hubris:SpiceAddiction"],"picked":"SKIP","floor":45.0},{"not_picked":["Aggregate+1","hubris:SpiceAddiction","Time Bomb"],"picked":"SKIP","floor":47.0},{"not_picked":["hubris:SpiceAddiction","hubris:Ukulele","Static Discharge+1"],"picked":"SKIP","floor":47.0},{"not_picked":["ReplayTheSpireMod:Reroute Power+1","Coolheaded+1","Compile Driver"],"picked":"SKIP","floor":48.0},{"not_picked":["Biased Cognition","Rainbow"],"picked":"hubris:DoWhile","floor":50.0},{"not_picked":["hubris:SpiceAddiction","Redo"],"picked":"hubris:SpiceAddiction","floor":52},{"not_picked":["Capacitor","hubris:SpiceAddiction"],"picked":"Melter","floor":52},{"not_picked":["Tempest","Barrage","ReplaySolidLightProjector"],"picked":"SKIP","floor":54},{"not_picked":["Rebound","Ball Lightning","Stack"],"picked":"SKIP","floor":54},{"not_picked":["Compile Driver","Steam Power"],"picked":"Gash","floor":55},{"not_picked":["All For One","Self Repair"],"picked":"hubris:SpiceAddiction","floor":55},{"not_picked":["hubris:SpiceAddiction","hubris:Ukulele","Go for the Eyes"],"picked":"SKIP","floor":57},{"not_picked":["ReplayTheSpireMod:System Scan","Auto Shields"],"picked":"Conserve Battery","floor":61},{"not_picked":["Loop","ReplayTheSpireMod:System Scan","Beam Cell"],"picked":"SKIP","floor":61},{"not_picked":["Loop","ReplayTheSpireMod:System Scan","Beam Cell"],"picked":"SKIP","floor":61},{"not_picked":["Loop","Coolheaded","Steam"],"picked":"SKIP","floor":62},{"not_picked":["Cold Snap","Auto Shields","ReplayRNGCard"],"picked":"SKIP","floor":62},{"not_picked":["Sweeping Beam","Redo"],"picked":"Hologram","floor":64},{"not_picked":["Loop","hubris:SpiceAddiction","Steam"],"picked":"SKIP","floor":64},{"not_picked":["hubris:SpiceAddiction","Static Discharge","Rebound"],"picked":"SKIP","floor":65},{"not_picked":["Meteor Strike","All For One"],"picked":"Core Surge","floor":67},{"not_picked":["ReplayTheSpireMod:GoodbyeWorld","Self Repair+1"],"picked":"Gash+1","floor":69},{"not_picked":["Static Discharge","Aggregate","hubris:SpiceAddiction"],"picked":"SKIP","floor":69},{"not_picked":["infinitespire:Collect","ReplayTheSpireMod:Haul"],"picked":"infinitespire:Starlight","floor":71},{"not_picked":["hubris:SpecializedCircuitry","Ball Lightning"],"picked":"Gash+1","floor":74},{"not_picked":["Skim","hubris:SpiceAddiction"],"picked":"Gash","floor":76},{"not_picked":["BasicCrystalCard+1","Capacitor+1","Cold Snap+1"],"picked":"SKIP","floor":76},{"not_picked":["Leap+1","Go for the Eyes"],"picked":"ReplayTheSpireMod:Omega Cannon","floor":78},{"not_picked":["Sweeping Beam","Sunder"],"picked":"Hologram+1","floor":78}],"player_experience":718938,"relics_obtained":[{"floor":6.0,"key":"Replay:Antivirus Software"},{"floor":8.0,"key":"Replay:Mystery Machine"},{"floor":9.0,"key":"Gambling Chip"},{"floor":10.0,"key":"hubris:Spice"},{"floor":15.0,"key":"Grinning Jar"},{"floor":23.0,"key":"hubris:Spice"},{"floor":27.0,"key":"HollowMod:PaleOreRelic"},{"floor":30.0,"key":"Red Mask"},{"floor":41.0,"key":"Solar Panel"},{"floor":48.0,"key":"hubris:Spice"},{"floor":56,"key":"hubris:Spice"},{"floor":57,"key":"infinitespire:ShieldingShard"},{"floor":71,"key":"Necronomicon"},{"floor":74,"key":"hubris:Spice"},{"floor":77,"key":"Whetstone"}],"event_choices":[{"cards_removed":["Hologram"],"damage_healed":0.0,"max_hp_gain":0.0,"max_hp_loss":0.0,"gold_gain":0.0,"event_name":"WeMeetAgain","player_choice":"Gave Card","floor":3.0,"gold_loss":0.0,"damage_taken":0.0,"relics_obtained":["hubris:Spice"]},{"damage_healed":0.0,"max_hp_gain":0.0,"max_hp_loss":0.0,"gold_gain":0.0,"event_name":"Living Wall","player_choice":"Grow","floor":11.0,"gold_loss":0.0,"damage_taken":0.0,"cards_upgraded":["ReplayGash"]},{"damage_healed":0.0,"max_hp_gain":0.0,"max_hp_loss":0.0,"gold_gain":175.0,"event_name":"Liars Game","player_choice":"AGREE","floor":12.0,"gold_loss":0.0,"damage_taken":0.0,"cards_obtained":["Doubt"]},{"cards_removed":["Doubt"],"damage_healed":0.0,"max_hp_gain":0.0,"max_hp_loss":0.0,"gold_gain":0.0,"event_name":"Beggar","player_choice":"Gave Gold","floor":20.0,"gold_loss":75.0,"damage_taken":0.0},{"damage_healed":0.0,"max_hp_gain":0.0,"max_hp_loss":0.0,"gold_gain":0.0,"event_name":"SecretPortal","player_choice":"Ignored","floor":37.0,"gold_loss":0.0,"damage_taken":0.0},{"damage_healed":0,"gold_gain":0,"player_choice":"Trade","damage_taken":0,"relics_obtained":["FaceOfCleric"],"max_hp_gain":0,"max_hp_loss":0,"event_name":"FaceTrader","floor":53,"gold_loss":0},{"damage_healed":0,"gold_gain":0,"player_choice":"Cursed","damage_taken":0,"max_hp_gain":0,"max_hp_loss":0,"event_name":"Wheel of Change","floor":59,"gold_loss":0,"cards_obtained":["Decay"]},{"damage_healed":0,"gold_gain":0,"player_choice":"Obtained Book","damage_taken":16,"max_hp_gain":0,"max_hp_loss":0,"event_name":"Cursed Tome","floor":71,"gold_loss":0},{"damage_healed":0,"gold_gain":0,"player_choice":"Upgraded","damage_taken":0,"max_hp_gain":0,"max_hp_loss":0,"event_name":"Upgrade Shrine","floor":73,"gold_loss":0,"cards_upgraded":["ReplayGash"]}],"is_beta":false,"boss_relics":[{"not_picked":["Replay:Wanted Poster","Philosopher\u0027s Stone"],"picked":"Ring of Chaos"},{"not_picked":["hubris:Spice","hubris:Spice"],"picked":"hubris:Spice"},{"not_picked":["hubris:Spice","hubris:Spice"],"picked":"hubris:ScarierMask"},{"not_picked":["hubris:CrackedHourglass","Black Star"],"picked":"hubris:Backtick"}],"items_purged_floors":[39,58,72],"is_endless":true,"potions_floor_spawned":[6,7,10,14,22,23,25,27,35,38,45,50,52,57,62,65,67,76,78],"killed_by":"Nightmare_Alpha","ascension_level":7}}