{"host":"5cnm2qapaqj5mmu7","time":1610810927,"event":{"mods":["BaseMod","Bestiary","Colored Map","Filter the Spire","Minty Spire (QoL Compilation)","StSLib"],"gold_per_floor":[109,124,143,143,34,59,77,94,117,130,140,140,174,186,186,285,285,285,285,285,285,285,285,285,285,285,18,18,18,18,18,18,18,18,18,18,18,18,18,18,18,18,18,18,18,18,18,18,18,18],"floor_reached":51,"language":"ENG","playtime":2778,"items_purged":["Strike_R"],"score":1024,"play_id":"6b6227d3-35de-4303-99ff-f6ba44b1a6ef","local_time":"20210116162847","is_ascension_mode":true,"campfire_choices":[{"floor":12.0,"key":"REST"},{"floor":15.0,"key":"REST"},{"floor":25.0,"key":"REST"},{"floor":32.0,"key":"REST"},{"data":"Corruption","floor":40,"key":"SMITH"},{"floor":45,"key":"REST"},{"data":"Wild Strike","floor":47,"key":"SMITH"},{"floor":49,"key":"REST"}],"circlet_count":0,"master_deck":["Strike_R+1","Strike_R+1","Strike_R+1","Defend_R+1","Defend_R+1","Defend_R+1","Defend_R+1","Bash+1","Shrug It Off+1","Battle Trance+1","Flex+1","Pummel+1","Armaments+1","Seeing Red+1","Cleave+1","Shockwave+1","Corruption+1","Wild Strike+1","Twin Strike+1","Shrug It Off+1","Demon Form+1","Shrug It Off+1","Clash+1","Limit Break+1","CurseOfTheBell","Infernal Blade+1","Clothesline+1","Sever Soul+1","Metallicize+1","Burning Pact+1","Flex+1","Sever Soul+1","Infernal Blade"],"relics":["Black Star","Pantograph","Orichalcum","Paper Frog","Tiny Chest","Unceasing Top","Whetstone","Ectoplasm","PreservedInsect","CaptainsWheel","Ancient Tea Set","Potion Belt","Calling Bell","Dream Catcher","Meat on the Bone","Incense Burner","Toy Ornithopter","War Paint","Bronze Scales","InkBottle","Dead Branch","Question Card","Bag of Preparation","Mark of the Bloom"],"acts_visited":["Exordium","TheCity","TheBeyond"],"potions_floor_usage":[50],"damage_taken":[{"damage":6.0,"enemies":"Cultist","floor":1.0,"turns":3.0},{"damage":6.0,"enemies":"Jaw Worm","floor":2.0,"turns":5.0},{"damage":1.0,"enemies":"2 Louse","floor":3.0,"turns":3.0},{"damage":17.0,"enemies":"Lagavulin","floor":6.0,"turns":5.0},{"damage":12.0,"enemies":"Exordium Thugs","floor":7.0,"turns":4.0},{"damage":16.0,"enemies":"Gremlin Gang","floor":8.0,"turns":5.0},{"damage":4.0,"enemies":"2 Fungi Beasts","floor":10.0,"turns":4.0},{"damage":5.0,"enemies":"Looter","floor":11.0,"turns":2.0},{"damage":43.0,"enemies":"3 Sentries","floor":13.0,"turns":14.0},{"damage":7.0,"enemies":"Red Slaver","floor":14.0,"turns":3.0},{"damage":39.0,"enemies":"The Guardian","floor":16.0,"turns":11.0},{"damage":10.0,"enemies":"Shell Parasite","floor":18.0,"turns":5.0},{"damage":22.0,"enemies":"Spheric Guardian","floor":20.0,"turns":7.0},{"damage":0.0,"enemies":"Shelled Parasite and Fungi","floor":21.0,"turns":1.0},{"damage":3.0,"enemies":"Snecko","floor":22.0,"turns":4.0},{"damage":21.0,"enemies":"Gremlin Leader","floor":23.0,"turns":5.0},{"damage":3.0,"enemies":"Cultist and Chosen","floor":24.0,"turns":4.0},{"damage":13.0,"enemies":"Centurion and Healer","floor":28.0,"turns":6.0},{"damage":5.0,"enemies":"Snecko","floor":29.0,"turns":4.0},{"damage":30.0,"enemies":"Sentry and Sphere","floor":30.0,"turns":7.0},{"damage":0.0,"enemies":"Centurion and Healer","floor":31.0,"turns":4.0},{"damage":63.0,"enemies":"Collector","floor":33.0,"turns":8.0},{"damage":2.0,"enemies":"Orb Walker","floor":35.0,"turns":2.0},{"damage":23.0,"enemies":"3 Darklings","floor":37.0,"turns":4.0},{"damage":21,"enemies":"Jaw Worm Horde","floor":38,"turns":5},{"damage":8,"enemies":"Transient","floor":41,"turns":5},{"damage":15,"enemies":"Sphere and 2 Shapes","floor":42,"turns":5},{"damage":22,"enemies":"Nemesis","floor":44,"turns":5},{"damage":6,"enemies":"Giant Head","floor":46,"turns":2},{"damage":0,"enemies":"Time Eater","floor":50,"turns":5}],"seed_played":"-7610688732717897512","potions_obtained":[{"floor":2.0,"key":"AttackPotion"},{"floor":7.0,"key":"FairyPotion"},{"floor":8.0,"key":"SmokeBomb"},{"floor":13.0,"key":"Explosive Potion"},{"floor":14.0,"key":"Fruit Juice"},{"floor":23.0,"key":"BloodPotion"},{"floor":29.0,"key":"FairyPotion"},{"floor":30.0,"key":"EssenceOfSteel"},{"floor":38,"key":"GamblersBrew"},{"floor":44,"key":"BlessingOfTheForge"},{"floor":46,"key":"Regen Potion"}],"is_trial":false,"path_per_floor":["M","M","M","T","$","E","M","M","T","M","M","R","E","M","R","B",null,"M","?","M","M","M","E","M","R","T","$","M","M","M","M","R","B",null,"M","?","M","M","T","R","M","M","T","E","R","E","R","?","R","B",null],"character_chosen":"IRONCLAD","items_purchased":["Pummel","Potion Belt","Fruit Juice","Shrug It Off"],"campfire_rested":6,"item_purchase_floors":[5,27,27,27],"current_hp_per_floor":[74,68,67,67,67,50,38,22,22,18,13,37,20,18,43,29,71,61,61,39,39,36,15,12,37,37,42,47,42,12,12,39,1,68,66,66,55,46,46,46,50,47,47,37,64,58,58,58,58,58],"gold":18,"neow_bonus":"BOSS_RELIC","is_daily":false,"chose_seed":false,"campfire_upgraded":2,"win_rate":0.0,"timestamp":1610810927,"path_taken":["M","M","?","?","?","E","M","M","T","M","M","R","E","?","R","BOSS","M","?","M","M","M","E","M","R","T","$","M","M","M","M","R","BOSS","M","?","M","M","?","R","?","M","T","E","R","E","R","?","R","BOSS"],"items_purchased_type":["Card","Relic","Potion","Card"],"build_version":"2020-12-22","purchased_purges":1,"victory":true,"max_hp_per_floor":[80,80,80,80,80,80,80,80,80,80,80,80,80,85,85,85,85,85,85,85,85,85,85,85,85,85,90,90,90,90,90,90,90,90,90,90,90,90,90,90,90,90,90,90,90,90,90,90,90,90],"card_choices":[{"not_picked":["Carnage","Body Slam"],"picked":"Shrug It Off","floor":1.0},{"not_picked":["Warcry","Flex"],"picked":"Battle Trance","floor":2.0},{"not_picked":["Sentinel","Armaments"],"picked":"Flex","floor":3.0},{"not_picked":["Heavy Blade","Anger","Pummel"],"picked":"SKIP","floor":6.0},{"not_picked":["Rampage","Flex","Anger"],"picked":"SKIP","floor":7.0},{"not_picked":["Bloodletting","Wild Strike"],"picked":"Armaments","floor":8.0},{"not_picked":["Anger","Clash","Sever Soul"],"picked":"SKIP","floor":10.0},{"not_picked":["True Grit","Heavy Blade"],"picked":"Seeing Red","floor":11.0},{"not_picked":["Anger","Iron Wave"],"picked":"Cleave","floor":13.0},{"not_picked":["Headbutt","Cleave"],"picked":"Shockwave","floor":14.0},{"not_picked":["Reaper","Immolate"],"picked":"Corruption","floor":16.0},{"not_picked":["Flex","Bloodletting","Thunderclap"],"picked":"SKIP","floor":18.0},{"not_picked":["Clash","Cleave"],"picked":"Wild Strike","floor":20.0},{"not_picked":["Fire Breathing","Pummel","Havoc+1"],"picked":"SKIP","floor":22.0},{"not_picked":["Reaper","Wild Strike+1","Perfected Strike"],"picked":"SKIP","floor":23.0},{"not_picked":["Flex+1","Wild Strike+1"],"picked":"Twin Strike+1","floor":24.0},{"not_picked":["Second Wind","Anger"],"picked":"Demon Form","floor":28.0},{"not_picked":["Entrench","Sword Boomerang+1"],"picked":"Shrug It Off+1","floor":29.0},{"not_picked":["Perfected Strike","Warcry+1"],"picked":"Clash+1","floor":30.0},{"not_picked":["Havoc","Wild Strike","Battle Trance"],"picked":"SKIP","floor":31.0},{"not_picked":["Corruption","Demon Form"],"picked":"Limit Break","floor":33.0},{"not_picked":["Uppercut","Thunderclap+1"],"picked":"Infernal Blade+1","floor":35.0},{"not_picked":["Rupture","Havoc+1","Twin Strike+1"],"picked":"SKIP","floor":37.0},{"not_picked":["Iron Wave","Power Through"],"picked":"Clothesline+1","floor":38},{"not_picked":["Iron Wave+1","Rage"],"picked":"Sever Soul+1","floor":41},{"not_picked":["Searing Blow","Corruption"],"picked":"Metallicize+1","floor":42},{"not_picked":["Battle Trance","Heavy Blade+1"],"picked":"Burning Pact+1","floor":44},{"not_picked":["Armaments+1","Cleave+1"],"picked":"Flex","floor":45},{"not_picked":["Whirlwind","Shrug It Off+1"],"picked":"Sever Soul","floor":46},{"not_picked":["Bloodletting","Armaments","Flex"],"picked":"Infernal Blade","floor":49}],"player_experience":560959,"relics_obtained":[{"floor":4.0,"key":"Pantograph"},{"floor":6.0,"key":"Orichalcum"},{"floor":6.0,"key":"Paper Frog"},{"floor":9.0,"key":"Tiny Chest"},{"floor":13.0,"key":"Unceasing Top"},{"floor":13.0,"key":"Whetstone"},{"floor":23.0,"key":"PreservedInsect"},{"floor":23.0,"key":"CaptainsWheel"},{"floor":26.0,"key":"Ancient Tea Set"},{"floor":34.0,"key":"Dream Catcher"},{"floor":34.0,"key":"Meat on the Bone"},{"floor":34.0,"key":"Incense Burner"},{"floor":39,"key":"War Paint"},{"floor":43,"key":"Bronze Scales"},{"floor":44,"key":"InkBottle"},{"floor":44,"key":"Dead Branch"},{"floor":46,"key":"Question Card"},{"floor":46,"key":"Bag of Preparation"}],"event_choices":[{"cards_removed":["Strike_R"],"damage_healed":0.0,"max_hp_gain":0.0,"max_hp_loss":0.0,"gold_gain":0.0,"event_name":"Purifier","player_choice":"Purged","floor":19.0,"gold_loss":0.0,"damage_taken":0.0},{"damage_healed":0.0,"max_hp_gain":0.0,"max_hp_loss":0.0,"gold_gain":0.0,"event_name":"WeMeetAgain","player_choice":"Gave Potion","floor":36.0,"gold_loss":0.0,"damage_taken":0.0,"relics_obtained":["Toy Ornithopter"]},{"damage_healed":0,"gold_gain":0,"player_choice":"Upgrade","damage_taken":0,"relics_obtained":["Mark of the Bloom"],"max_hp_gain":0,"max_hp_loss":0,"event_name":"MindBloom","floor":48,"gold_loss":0,"cards_upgraded":["Strike_R","Strike_R","Defend_R","Defend_R","Defend_R","Defend_R","Shrug It Off","Battle Trance","Flex","Pummel","Armaments","Seeing Red","Cleave","Shockwave","Demon Form","Flex","Sever Soul"]}],"is_beta":false,"boss_relics":[{"not_picked":["Coffee Dripper","Fusion Hammer"],"picked":"Ectoplasm"},{"not_picked":["Pandora\u0027s Box","Tiny House"],"picked":"Calling Bell"}],"items_purged_floors":[5],"is_endless":false,"potions_floor_spawned":[2,7,8,13,14,21,23,29,30,38,44,46],"ascension_level":5}}