{"host":"krqozg1tp0zpuvz3","time":1610775426,"event":{"mods":["AchievementEnabler","BaseMod","Better Altar","Better Match","Better Note","Better Sensory Stone","Better Third Choice","BetterRewards","Colored Map","DeckTracker","Keyboard Shortcuts","Minty Spire (QoL Compilation)","Permanent Neow","Relic Stats","Shop Mod","StSLib","SuperFastMode"],"gold_per_floor":[119,119,134,148,73,73,100,100,153,153,177,177,208,158,158,287,287,306,344,344,364,364,364,403,303,303,322,362,38,53,84,84,209,209,225,80,98,167,167,167],"floor_reached":41,"language":"KOR","playtime":1714,"items_purged":["Defend_P","Defend_P"],"score":1181,"play_id":"45444237-2da7-45f4-b99c-b6e2f5b2cddb","local_time":"20210116143706","is_ascension_mode":true,"campfire_choices":[{"data":"Eruption","floor":6,"key":"SMITH"},{"data":"DeusExMachina","floor":12,"key":"SMITH"},{"data":"Tantrum","floor":15,"key":"SMITH"},{"data":"Scrawl","floor":23,"key":"SMITH"},{"data":"Adaptation","floor":32,"key":"SMITH"}],"circlet_count":0,"master_deck":["Eruption+1","Vigilance","ClearTheMind","Crescendo","MentalFortress","FlurryOfBlows","Tantrum+1","DeusExMachina+1","Scrawl+1","Tantrum+1","Brilliance+1","MentalFortress+1","ClearTheMind","InnerPeace","EmptyMind+1","Adaptation+1","Adaptation+1"],"relics":["PureWater","Unceasing Top","FossilizedHelix","Lee\u0027s Waffle","Omamori","Golden Idol","Happy Flower","Gremlin Horn","Astrolabe","Red Mask","Toy Ornithopter","Yang","InkBottle","Pen Nib","GoldenEye","Ice Cream","Empty Cage","Blood Vial","TungstenRod"],"acts_visited":["Exordium","TheCity","TheBeyond"],"potions_floor_usage":[13,18,19,24,30],"damage_taken":[{"damage":0,"enemies":"Small Slimes","floor":1,"turns":2},{"damage":0,"enemies":"2 Louse","floor":3,"turns":3},{"damage":0,"enemies":"Cultist","floor":4,"turns":2},{"damage":4,"enemies":"Lagavulin","floor":7,"turns":7},{"damage":0,"enemies":"2 Fungi Beasts","floor":11,"turns":2},{"damage":10,"enemies":"3 Sentries","floor":13,"turns":5},{"damage":0,"enemies":"Slime Boss","floor":16,"turns":4},{"damage":0,"enemies":"2 Thieves","floor":18,"turns":1},{"damage":0,"enemies":"Masked Bandits","floor":19,"turns":2},{"damage":0,"enemies":"3 Byrds","floor":21,"turns":1},{"damage":0,"enemies":"Gremlin Leader","floor":24,"turns":2},{"damage":0,"enemies":"3 Cultists","floor":27,"turns":2},{"damage":0,"enemies":"Book of Stabbing","floor":28,"turns":2},{"damage":12,"enemies":"Snake Plant","floor":30,"turns":2},{"damage":0,"enemies":"Slavers","floor":31,"turns":2},{"damage":0,"enemies":"Champ","floor":33,"turns":3},{"damage":0,"enemies":"3 Darklings","floor":35,"turns":2},{"damage":0,"enemies":"3 Shapes","floor":37,"turns":2},{"damage":0,"enemies":"2 Orb Walkers","floor":38,"turns":1},{"damage":0,"enemies":"Awakened One","floor":40,"turns":2}],"seed_played":"-2221426575082246898","potions_obtained":[{"floor":3,"key":"Ambrosia"},{"floor":7,"key":"GamblersBrew"},{"floor":16,"key":"PowerPotion"},{"floor":19,"key":"DuplicationPotion"},{"floor":21,"key":"Swift Potion"},{"floor":27,"key":"AttackPotion"},{"floor":30,"key":"Weak Potion"},{"floor":38,"key":"BottledMiracle"}],"is_trial":false,"path_per_floor":["M","?","M","M","$","R","E","?","T","?","M","R","E","?","R","B",null,"M","?","?","M","?","R","E","$","T","M","E","$","M","E","R","B",null,"M","$","M","?","?","B",null],"character_chosen":"WATCHER","items_purchased":["FossilizedHelix","ClearTheMind","Crescendo","MentalFortress","Lee\u0027s Waffle","Strength Potion","InnerPeace","GoldenEye","Blood Vial"],"campfire_rested":0,"item_purchase_floors":[0,0,0,0,0,0,29,29,36],"current_hp_per_floor":[79,84,84,84,84,84,80,78,78,78,78,78,68,68,68,68,76,76,76,76,76,76,76,78,78,78,78,78,78,66,66,66,66,75,75,75,77,78,78,78],"gold":167,"neow_bonus":"","is_daily":false,"chose_seed":false,"campfire_upgraded":5,"win_rate":0.0,"timestamp":1610775426,"path_taken":["M","?","M","M","$","R","E","?","T","?","M","R","E","?","R","BOSS","M","?","?","M","?","R","E","$","T","M","E","$","M","E","R","BOSS","M","$","M","?","?","BOSS"],"items_purchased_type":["Relic","Card","Card","Card","Relic","Potion","Card","Relic","Relic"],"build_version":"2020-12-22","purchased_purges":2,"victory":true,"max_hp_per_floor":[79,84,84,84,84,84,84,78,78,78,78,78,78,78,78,78,78,78,78,78,78,78,78,78,78,78,78,78,78,78,78,78,78,78,78,78,78,78,78,78],"relic_stats":{"Lee\u0027s Waffle":39,"Happy Flower":[11],"Gremlin Horn":[22,20],"counters":[244,688],"Golden Idol":154,"Astrolabe":["Tantrum","Brilliance","MentalFortress"],"Yang":[257],"Pen Nib":[21],"GoldenEye":[0],"Blood Vial":3,"obtain_stats":[{"Ice Cream":13,"Tiny House":17,"Gremlin Horn":26,"CeramicFish":43,"Vajra":38,"Ginger":48,"Bottled Tornado":10,"Boot":6,"Sling":0,"Sozu":17,"Blood Vial":0,"Lizard Tail":0,"HornCleat":30,"Sundial":22,"DollysMirror":0,"MealTicket":19,"Prayer Wheel":0,"VioletLotus":34,"HandDrill":0,"Kunai":42,"Toxic Egg 2":9,"Girya":36,"Pear":26,"Happy Flower":0,"Astrolabe":17,"Dead Branch":0,"Blue Candle":26,"Pen Nib":0,"Letter Opener":0,"War Paint":0,"Question Card":0,"Bottled Flame":43,"Shuriken":0,"Bird Faced Urn":0,"Unceasing Top":7,"Pocketwatch":0,"Darkstone Periapt":26,"Regal Pillow":42,"Lantern":20,"Torii":44,"Singing Bowl":9,"Melange":0,"Mango":9,"StoneCalendar":0,"Yang":24,"Incense Burner":0,"Bag of Preparation":0,"Juzu Bracelet":42,"Cursed Key":34,"Empty Cage":34,"Frozen Eye":0,"Nunchaku":6,"Dream Catcher":36,"TheAbacus":38,"Mummified Hand":7,"Gambling Chip":0,"WingedGreaves":0,"Red Mask":21,"InkBottle":9,"Lee\u0027s Waffle":0,"Golden Idol":3,"PreservedInsect":13,"betterThird:NestCultRelic":22,"Omamori":43,"Frozen Egg 2":24,"Orichalcum":9,"Odd Mushroom":10,"GoldenEye":0,"White Beast Statue":9,"Mercury Hourglass":9,"Peace Pipe":46,"Strange Spoon":48,"Cauldron":0,"Anchor":0,"CaptainsWheel":0,"Busted Crown":34,"Ornamental Fan":39,"Orrery":19,"HolyWater":34,"Turnip":41,"Bag of Marbles":0,"Coffee Dripper":34,"PureWater":0,"FossilizedHelix":11,"TungstenRod":0,"Toy Ornithopter":7},{"Ice Cream":66,"Tiny House":29,"Gremlin Horn":204,"CeramicFish":190,"Vajra":77,"Ginger":45,"Bottled Tornado":51,"Boot":89,"Sling":111,"Sozu":55,"Blood Vial":84,"Lizard Tail":84,"HornCleat":73,"Sundial":11,"DollysMirror":112,"MealTicket":68,"Prayer Wheel":116,"VioletLotus":132,"HandDrill":22,"Kunai":137,"Toxic Egg 2":120,"Girya":77,"Pear":13,"Happy Flower":58,"Astrolabe":8,"Dead Branch":22,"Blue Candle":71,"Pen Nib":22,"Letter Opener":162,"War Paint":116,"Question Card":107,"Bottled Flame":43,"Shuriken":46,"Bird Faced Urn":116,"Unceasing Top":51,"Pocketwatch":116,"Darkstone Periapt":97,"Regal Pillow":80,"Lantern":96,"Torii":81,"Singing Bowl":145,"Melange":16,"Mango":25,"StoneCalendar":84,"Yang":235,"Incense Burner":16,"Bag of Preparation":22,"Juzu Bracelet":105,"Cursed Key":38,"Empty Cage":240,"Frozen Eye":194,"Nunchaku":25,"Dream Catcher":39,"TheAbacus":222,"Mummified Hand":210,"Gambling Chip":22,"WingedGreaves":58,"Red Mask":31,"InkBottle":90,"Lee\u0027s Waffle":224,"Golden Idol":24,"PreservedInsect":53,"betterThird:NestCultRelic":161,"Omamori":80,"Frozen Egg 2":12,"Orichalcum":21,"Odd Mushroom":26,"GoldenEye":84,"White Beast Statue":5,"Mercury Hourglass":51,"Peace Pipe":44,"Strange Spoon":45,"Cauldron":116,"Anchor":141,"CaptainsWheel":148,"Busted Crown":220,"Ornamental Fan":102,"Orrery":56,"HolyWater":75,"Turnip":104,"Bag of Marbles":111,"Coffee Dripper":185,"PureWater":0,"FossilizedHelix":64,"TungstenRod":111,"Toy Ornithopter":197},{"Ice Cream":221,"Tiny House":95,"Gremlin Horn":591,"CeramicFish":559,"Vajra":253,"Ginger":133,"Bottled Tornado":162,"Boot":290,"Sling":332,"Sozu":180,"Blood Vial":274,"Lizard Tail":274,"HornCleat":241,"Sundial":35,"DollysMirror":333,"MealTicket":231,"Prayer Wheel":344,"VioletLotus":384,"HandDrill":74,"Kunai":391,"Toxic Egg 2":355,"Girya":253,"Pear":43,"Happy Flower":194,"Astrolabe":28,"Dead Branch":74,"Blue Candle":237,"Pen Nib":74,"Letter Opener":465,"War Paint":344,"Question Card":323,"Bottled Flame":128,"Shuriken":141,"Bird Faced Urn":344,"Unceasing Top":162,"Pocketwatch":344,"Darkstone Periapt":306,"Regal Pillow":263,"Lantern":305,"Torii":265,"Singing Bowl":405,"Melange":52,"Mango":80,"StoneCalendar":274,"Yang":670,"Incense Burner":52,"Bag of Preparation":74,"Juzu Bracelet":319,"Cursed Key":117,"Empty Cage":681,"Frozen Eye":564,"Nunchaku":80,"Dream Catcher":120,"TheAbacus":635,"Mummified Hand":608,"Gambling Chip":74,"WingedGreaves":194,"Red Mask":99,"InkBottle":292,"Lee\u0027s Waffle":639,"Golden Idol":77,"PreservedInsect":171,"betterThird:NestCultRelic":464,"Omamori":263,"Frozen Egg 2":39,"Orichalcum":73,"Odd Mushroom":82,"GoldenEye":274,"White Beast Statue":15,"Mercury Hourglass":162,"Peace Pipe":131,"Strange Spoon":133,"Cauldron":344,"Anchor":397,"CaptainsWheel":425,"Busted Crown":631,"Ornamental Fan":312,"Orrery":185,"HolyWater":249,"Turnip":316,"Bag of Marbles":332,"Coffee Dripper":547,"PureWater":0,"FossilizedHelix":213,"TungstenRod":332,"Toy Ornithopter":572}],"Unceasing Top":[1],"Toy Ornithopter":2,"InkBottle":[39],"TungstenRod":0},"card_choices":[{"not_picked":["Evaluate","BowlingBash","Study"],"picked":"SKIP","floor":1},{"not_picked":["Nirvana","Evaluate"],"picked":"FlurryOfBlows","floor":3},{"not_picked":["ThirdEye","Prostrate","Consecrate"],"picked":"SKIP","floor":4},{"not_picked":["CarveReality","SashWhip"],"picked":"Tantrum","floor":7},{"not_picked":["DeceiveReality","ThirdEye"],"picked":"DeusExMachina","floor":11},{"not_picked":["Protect","Evaluate"],"picked":"FlurryOfBlows","floor":13},{"not_picked":["Alpha","Judgement"],"picked":"Scrawl","floor":16},{"not_picked":["PathToVictory","FlurryOfBlows","BowlingBash"],"picked":"SKIP","floor":18},{"not_picked":["Worship","Consecrate","Fasting2+1"],"picked":"SKIP","floor":21},{"not_picked":["FlyingSleeves+1","EmptyFist","Halt"],"picked":"SKIP","floor":24},{"not_picked":["EmptyBody","LikeWater+1","WindmillStrike+1"],"picked":"SKIP","floor":27},{"not_picked":["CrushJoints","ClearTheMind","Establishment"],"picked":"SKIP","floor":28},{"not_picked":["Evaluate+1","ReachHeaven+1"],"picked":"EmptyMind+1","floor":30},{"not_picked":["JustLucky","ReachHeaven+1"],"picked":"Adaptation","floor":31},{"not_picked":["WreathOfFlame+1","ClearTheMind","EmptyBody"],"picked":"SKIP","floor":35},{"not_picked":["Nirvana+1","FlurryOfBlows"],"picked":"Adaptation+1","floor":37}],"player_experience":315587,"relics_obtained":[{"floor":7,"key":"Omamori"},{"floor":9,"key":"Happy Flower"},{"floor":13,"key":"Gremlin Horn"},{"floor":19,"key":"Red Mask"},{"floor":22,"key":"Toy Ornithopter"},{"floor":24,"key":"Yang"},{"floor":26,"key":"InkBottle"},{"floor":28,"key":"Pen Nib"},{"floor":31,"key":"Ice Cream"},{"floor":38,"key":"TungstenRod"}],"event_choices":[{"damage_healed":0,"gold_gain":0,"player_choice":"Donut","damage_taken":0,"max_hp_gain":5,"max_hp_loss":0,"event_name":"Big Fish","floor":2,"gold_loss":0},{"damage_healed":0,"gold_gain":0,"player_choice":"Lose Max HP","damage_taken":0,"relics_obtained":["Golden Idol"],"max_hp_gain":0,"max_hp_loss":6,"event_name":"Golden Idol","floor":8,"gold_loss":0},{"cards_removed":["Strike_P"],"damage_healed":0,"gold_gain":0,"player_choice":"Forget","damage_taken":0,"max_hp_gain":0,"max_hp_loss":0,"event_name":"Living Wall","floor":10,"gold_loss":0},{"cards_removed":["Strike_P"],"damage_healed":0,"gold_gain":0,"player_choice":"Card Removal","damage_taken":0,"max_hp_gain":0,"max_hp_loss":0,"event_name":"The Cleric","floor":14,"gold_loss":50},{"damage_healed":0,"gold_gain":0,"player_choice":"Fought Bandits","damage_taken":0,"max_hp_gain":0,"max_hp_loss":0,"event_name":"Masked Bandits","floor":19,"gold_loss":0},{"damage_healed":0,"gold_gain":0,"player_choice":"Read","damage_taken":0,"max_hp_gain":0,"max_hp_loss":0,"event_name":"The Library","floor":20,"gold_loss":0,"cards_obtained":["ClearTheMind"]},{"damage_healed":0,"gold_gain":0,"player_choice":"Relic","damage_taken":0,"max_hp_gain":0,"max_hp_loss":0,"event_name":"Wheel of Change","floor":22,"gold_loss":0},{"damage_healed":0,"gold_gain":0,"player_choice":"Fight","damage_taken":0,"max_hp_gain":0,"max_hp_loss":0,"event_name":"Mysterious Sphere","floor":38,"gold_loss":0},{"damage_healed":0,"gold_gain":0,"player_choice":"Portal","damage_taken":0,"max_hp_gain":0,"max_hp_loss":0,"event_name":"betterThird:BetterPortal","floor":39,"gold_loss":0}],"is_beta":false,"boss_relics":[{"not_picked":["Tiny House","Philosopher\u0027s Stone"],"picked":"Astrolabe"},{"not_picked":["Calling Bell","SacredBark"],"picked":"Empty Cage"}],"items_purged_floors":[5,25],"is_endless":false,"potions_floor_spawned":[3,7,16,19,21,27,30,37,38],"ascension_level":5}}