{"host":"lhth1efayex2023z","time":1610771987,"event":{"mods":["BaseMod","Colored Map","Googly Eyes","Minty Spire (QoL Compilation)","StSLib"],"gold_per_floor":[16,16,16,16,41,72,72,85,110,143,158,178,221,44,44,140,140,155,105,105,118,139,139,177,198,279,313,328,243,293,336,336,432,432,456,476,492,512,420,420,456,456,456,406,421,480,521,541,541,541,541,541,98,142,142,142],"floor_reached":55,"language":"ENG","playtime":2483,"items_purged":["Strike_G","Strike_G","Strike_G","Strike_G"],"score":1568,"play_id":"e05f0452-ab3e-455d-a966-0c1107a9eff2","local_time":"20210115213947","is_ascension_mode":true,"campfire_choices":[{"floor":7.0,"key":"REST"},{"data":"Neutralize","floor":15.0,"key":"SMITH"},{"data":"Burst","floor":23,"key":"SMITH"},{"data":"Accuracy","floor":32,"key":"SMITH"},{"data":"Envenom","floor":40,"key":"SMITH"},{"data":"Accuracy","floor":42,"key":"SMITH"},{"floor":49,"key":"RECALL"},{"floor":52,"key":"DIG"}],"circlet_count":0,"master_deck":["AscendersBane","Defend_G","Defend_G","Defend_G","Defend_G","Survivor","Neutralize+1","Finisher","Blade Dance","Blade Dance","Dodge and Roll","Accuracy+1","After Image","Burst+1","Backflip","After Image","Cloak And Dagger+1","Blur+1","Terror+1","Envenom+1","Prepared+1","Escape Plan+1","Escape Plan+1","Accuracy+1","Burst+1","Apotheosis+1","Envenom","Cloak And Dagger+1"],"relics":["Ring of the Snake","Ginger","Golden Idol","Smiling Mask","Omamori","Oddly Smooth Stone","Centennial Puzzle","Coffee Dripper","Question Card","Toxic Egg 2","Kunai","Orichalcum","Calipers","Philosopher\u0027s Stone","Art of War","Shovel","Paper Crane","Gremlin Horn","Lantern"],"acts_visited":["Exordium","TheCity","TheBeyond","TheEnding"],"potions_floor_usage":[22,31,33,38,46,54,55],"damage_taken":[{"damage":1.0,"enemies":"Jaw Worm","floor":1.0,"turns":7.0},{"damage":0.0,"enemies":"2 Louse","floor":5.0,"turns":3.0},{"damage":32.0,"enemies":"3 Sentries","floor":6.0,"turns":11.0},{"damage":0.0,"enemies":"Small Slimes","floor":8.0,"turns":2.0},{"damage":21.0,"enemies":"Lagavulin","floor":10.0,"turns":5.0},{"damage":0.0,"enemies":"2 Fungi Beasts","floor":11.0,"turns":3.0},{"damage":4.0,"enemies":"Red Slaver","floor":12.0,"turns":2.0},{"damage":0.0,"enemies":"Gremlin Nob","floor":13.0,"turns":2.0},{"damage":16,"enemies":"The Guardian","floor":16,"turns":15},{"damage":1,"enemies":"2 Thieves","floor":18,"turns":4},{"damage":0,"enemies":"3 Byrds","floor":21,"turns":6},{"damage":6,"enemies":"Snecko","floor":22,"turns":4},{"damage":9,"enemies":"Gremlin Leader","floor":24,"turns":4},{"damage":4,"enemies":"Shelled Parasite and Fungi","floor":25,"turns":4},{"damage":0,"enemies":"Book of Stabbing","floor":27,"turns":7},{"damage":0,"enemies":"Cultist and Chosen","floor":28,"turns":5},{"damage":1,"enemies":"Gremlin Leader","floor":31,"turns":3},{"damage":6,"enemies":"Collector","floor":33,"turns":13},{"damage":0,"enemies":"3 Darklings","floor":35,"turns":6},{"damage":5,"enemies":"3 Shapes","floor":36,"turns":5},{"damage":7,"enemies":"Sphere and 2 Shapes","floor":37,"turns":7},{"damage":0,"enemies":"Jaw Worm Horde","floor":38,"turns":4},{"damage":0,"enemies":"Reptomancer","floor":41,"turns":6},{"damage":0,"enemies":"Spire Growth","floor":45,"turns":4},{"damage":0,"enemies":"2 Orb Walkers","floor":46,"turns":5},{"damage":0,"enemies":"Giant Head","floor":47,"turns":3},{"damage":5,"enemies":"3 Darklings","floor":48,"turns":3},{"damage":13,"enemies":"Donu and Deca","floor":50,"turns":8},{"damage":18,"enemies":"Shield and Spear","floor":54,"turns":6},{"damage":40,"enemies":"The Heart","floor":55,"turns":2}],"seed_played":"-5482280320483348623","potions_obtained":[{"floor":5.0,"key":"FearPotion"},{"floor":6.0,"key":"SkillPotion"},{"floor":10.0,"key":"DuplicationPotion"},{"floor":12.0,"key":"Fruit Juice"},{"floor":18,"key":"SkillPotion"},{"floor":22,"key":"ColorlessPotion"},{"floor":27,"key":"FearPotion"},{"floor":31,"key":"Swift Potion"},{"floor":37,"key":"GhostInAJar"},{"floor":41,"key":"LiquidBronze"},{"floor":46,"key":"Strength Potion"},{"floor":48,"key":"LiquidMemories"}],"is_trial":false,"path_per_floor":["M","?","?","?","M","E","R","M","T","E","M","M","E","$","R","B",null,"M","$","?","M","M","R","E","M","T","E","M","?","?","E","R","B",null,"M","M","M","M","$","R","E","R","T","$","M","?","E","M","R","B",null,"R","$","E","B"],"character_chosen":"THE_SILENT","items_purchased":["After Image","Escape Plan+1","Apotheosis+1","Envenom","Cloak And Dagger+1"],"campfire_rested":1,"item_purchase_floors":[14,39,53,53,53],"current_hp_per_floor":[58,58,58,58,58,26,44,44,44,23,23,24,24,24,24,8,51,50,50,44,44,38,38,29,25,25,25,25,25,25,24,24,18,53,53,48,41,41,41,41,41,41,41,41,41,41,41,36,36,23,55,55,55,37,0,0],"gold":142,"neow_bonus":"ONE_RARE_RELIC","is_daily":false,"chose_seed":false,"campfire_upgraded":5,"win_rate":0.0,"timestamp":1610771987,"path_taken":["M","?","?","?","M","E","R","M","T","E","M","M","E","$","R","BOSS","M","?","?","M","M","R","E","?","T","E","M","?","?","E","R","BOSS","M","?","M","M","?","R","E","R","T","$","M","?","E","M","R","BOSS","R","$","E","BOSS"],"items_purchased_type":["Card","Card","Card","Card","Card"],"build_version":"2020-12-22","purchased_purges":4,"victory":false,"max_hp_per_floor":[66,66,60,60,60,60,60,60,60,60,60,65,65,65,65,65,65,65,65,65,65,65,65,65,65,65,65,65,65,65,65,65,65,65,65,65,65,65,65,65,65,65,65,65,65,65,65,65,65,65,65,65,65,65,65,65],"card_choices":[{"not_picked":["Quick Slash","Deflect"],"picked":"Finisher","floor":1.0},{"not_picked":["Dagger Spray","Dodge and Roll"],"picked":"Blade Dance","floor":5.0},{"not_picked":["Acrobatics","Dagger Throw"],"picked":"Blade Dance","floor":6.0},{"not_picked":["PiercingWail","Riddle With Holes"],"picked":"Dodge and Roll","floor":8.0},{"not_picked":["Catalyst","Endless Agony"],"picked":"Accuracy","floor":10.0},{"not_picked":["Setup","Reflex","Masterful Stab"],"picked":"SKIP","floor":11.0},{"not_picked":["Underhanded Strike","Outmaneuver","Bouncing Flask"],"picked":"SKIP","floor":12.0},{"not_picked":["Prepared","Dagger Spray","Wraith Form v2"],"picked":"SKIP","floor":13.0},{"not_picked":["Wraith Form v2","Bullet Time"],"picked":"Burst","floor":16},{"not_picked":["Dagger Throw","Eviscerate","Sucker Punch"],"picked":"SKIP","floor":18},{"not_picked":["Dodge and Roll","Flechettes+1"],"picked":"Backflip","floor":21},{"not_picked":["Flying Knee","PiercingWail","Riddle With Holes"],"picked":"SKIP","floor":22},{"not_picked":["Outmaneuver","Underhanded Strike","Tactician"],"picked":"SKIP","floor":24},{"not_picked":["Deflect+1","Concentrate","Endless Agony"],"picked":"After Image","floor":25},{"not_picked":["Riddle With Holes","Deflect+1","Blade Dance+1"],"picked":"Cloak And Dagger+1","floor":27},{"not_picked":["Deadly Poison+1","Dodge and Roll+1","Sucker Punch"],"picked":"Blur+1","floor":28},{"not_picked":["Outmaneuver+1","Poisoned Stab","Bouncing Flask+1","Terror+1"],"picked":"SKIP","floor":31},{"not_picked":["Outmaneuver+1","Poisoned Stab","Bouncing Flask+1"],"picked":"Terror+1","floor":31},{"not_picked":["Corpse Explosion+1","Grand Finale","A Thousand Cuts"],"picked":"Envenom","floor":33},{"not_picked":["Dodge and Roll+1","Slice+1","Outmaneuver+1"],"picked":"Prepared+1","floor":35},{"not_picked":["Predator+1","Deadly Poison+1","Noxious Fumes"],"picked":"Escape Plan+1","floor":36},{"not_picked":["Expertise+1","Outmaneuver+1","Dagger Throw","Dagger Spray"],"picked":"SKIP","floor":37},{"not_picked":["Bane+1","Deflect+1","PiercingWail+1","Skewer"],"picked":"SKIP","floor":38},{"not_picked":["Bane+1","Quick Slash","Backstab"],"picked":"Accuracy","floor":41},{"not_picked":["PiercingWail+1","Bane","Leg Sweep+1"],"picked":"Burst+1","floor":45},{"not_picked":["All Out Attack","Tactician+1","Outmaneuver+1","PiercingWail+1"],"picked":"SKIP","floor":47},{"not_picked":["Setup+1","Deadly Poison+1","Escape Plan+1","Sucker Punch"],"picked":"SKIP","floor":48},{"not_picked":["Eviscerate","A Thousand Cuts","Cloak And Dagger+1","Masterful Stab"],"picked":"SKIP","floor":54}],"player_experience":455657,"relics_obtained":[{"floor":6.0,"key":"Smiling Mask"},{"floor":9.0,"key":"Omamori"},{"floor":10.0,"key":"Oddly Smooth Stone"},{"floor":13.0,"key":"Centennial Puzzle"},{"floor":24,"key":"Question Card"},{"floor":26,"key":"Toxic Egg 2"},{"floor":27,"key":"Kunai"},{"floor":31,"key":"Calipers"},{"floor":41,"key":"Art of War"},{"floor":46,"key":"Shovel"},{"floor":47,"key":"Paper Crane"},{"floor":52,"key":"Gremlin Horn"},{"floor":54,"key":"Lantern"}],"event_choices":[{"cards_removed":["Strike_G"],"damage_healed":0.0,"max_hp_gain":0.0,"max_hp_loss":0.0,"gold_gain":0.0,"event_name":"Living Wall","player_choice":"Forget","floor":2.0,"gold_loss":0.0,"damage_taken":0.0},{"damage_healed":0.0,"max_hp_gain":0.0,"max_hp_loss":6.0,"gold_gain":0.0,"event_name":"Golden Idol","player_choice":"Lose Max HP","floor":3.0,"gold_loss":0.0,"damage_taken":0.0,"relics_obtained":["Golden Idol"]},{"cards_removed":["Defend_G"],"damage_healed":0.0,"max_hp_gain":0.0,"max_hp_loss":0.0,"gold_gain":0.0,"event_name":"Purifier","player_choice":"Purged","floor":4.0,"gold_loss":0.0,"damage_taken":0.0},{"damage_healed":0,"gold_gain":0,"player_choice":"","damage_taken":6,"max_hp_gain":0,"max_hp_loss":0,"event_name":"Knowing Skull","floor":20,"potions_obtained":[],"gold_loss":0,"cards_obtained":[]},{"damage_healed":0,"gold_gain":0,"player_choice":"Obtained Relic","damage_taken":0,"relics_obtained":["Orichalcum"],"max_hp_gain":0,"max_hp_loss":0,"event_name":"Addict","floor":29,"gold_loss":85},{"damage_healed":0,"gold_gain":50,"player_choice":"Pray","damage_taken":0,"max_hp_gain":0,"max_hp_loss":0,"event_name":"Golden Shrine","floor":30,"gold_loss":0},{"damage_healed":0,"gold_gain":0,"player_choice":"Fight","damage_taken":0,"max_hp_gain":0,"max_hp_loss":0,"event_name":"Mysterious Sphere","floor":46,"gold_loss":0}],"is_beta":false,"boss_relics":[{"not_picked":["Pandora\u0027s Box","Tiny House"],"picked":"Coffee Dripper"},{"not_picked":["Runic Pyramid","Empty Cage"],"picked":"Philosopher\u0027s Stone"}],"items_purged_floors":[19,39,44,53],"is_endless":false,"potions_floor_spawned":[5,6,10,12,18,22,27,31,37,41,46,48],"killed_by":"The Heart","ascension_level":16}}