{"host":"2tgyrzvaa7l04o2e","time":1610837268,"event":{"mods":["BaseMod","Highlight Path","Minty Spire (QoL Compilation)","Permanent Neow","Relic Stats"],"gold_per_floor":[361,361,44,44,64,64,105,105,130,130,157,157,179,195,195,302,302,317,345,270,53,77,77,107,107,107,143,143,143,143,159,159,159,159],"floor_reached":33,"language":"ENG","playtime":1049,"items_purged":["Decay"],"score":439,"play_id":"52d4df1f-deae-4668-8681-ee8f7a614d6a","local_time":"20210116234748","is_ascension_mode":true,"campfire_choices":[{"data":"Searing Blow","floor":6,"key":"SMITH"},{"data":"Searing Blow+1","floor":8,"key":"SMITH"},{"data":"Searing Blow+2","floor":10,"key":"SMITH"},{"data":"Searing Blow+3","floor":15,"key":"SMITH"},{"data":"Searing Blow+4","floor":23,"key":"SMITH"},{"data":"Searing Blow+5","floor":25,"key":"SMITH"},{"data":"Searing Blow+6","floor":28,"key":"SMITH"},{"floor":32,"key":"REST"}],"circlet_count":0,"master_deck":["AscendersBane","Strike_R+1","Strike_R","Strike_R","Strike_R","Defend_R","Defend_R","Defend_R","Defend_R","Bash+1","Searing Blow+8","Dramatic Entrance","Spot Weakness","Shrug It Off","Uppercut","Corruption","Thunderclap+1","Feel No Pain","Disarm+1","Intimidate"],"relics":["Burning Blood","Orichalcum","NlothsMask","CeramicFish","Runic Dome","Toy Ornithopter","Matryoshka","Ancient Tea Set","MealTicket"],"acts_visited":["Exordium","TheCity"],"potions_floor_usage":[7,13,24,31,31],"damage_taken":[{"damage":10,"enemies":"Small Slimes","floor":1,"turns":4},{"damage":7,"enemies":"Jaw Worm","floor":5,"turns":3},{"damage":4,"enemies":"3 Sentries","floor":7,"turns":3},{"damage":0,"enemies":"Cultist","floor":11,"turns":2},{"damage":0,"enemies":"Large Slime","floor":13,"turns":2},{"damage":6,"enemies":"Looter","floor":14,"turns":3},{"damage":28,"enemies":"Slime Boss","floor":16,"turns":11},{"damage":22,"enemies":"3 Byrds","floor":18,"turns":7},{"damage":10,"enemies":"Shell Parasite","floor":19,"turns":3},{"damage":10,"enemies":"Centurion and Healer","floor":22,"turns":4},{"damage":24,"enemies":"Slavers","floor":24,"turns":5},{"damage":28,"enemies":"Book of Stabbing","floor":27,"turns":5},{"damage":5,"enemies":"Sentry and Sphere","floor":31,"turns":3},{"damage":75,"enemies":"Automaton","floor":33,"turns":6}],"seed_played":"4626899804825452667","potions_obtained":[{"floor":1,"key":"SkillPotion"},{"floor":7,"key":"Fire Potion"},{"floor":16,"key":"SteroidPotion"},{"floor":18,"key":"Swift Potion"},{"floor":27,"key":"Weak Potion"}],"is_trial":false,"path_per_floor":["M","?","$","?","M","R","E","R","T","R","M","?","M","M","R","B",null,"M","M","?","$","M","R","E","R","T","E","R","?","?","M","R","B"],"character_chosen":"IRONCLAD","items_purchased":["Orichalcum","Dramatic Entrance","Feel No Pain","Toy Ornithopter"],"campfire_rested":1,"item_purchase_floors":[3,3,21,21],"current_hp_per_floor":[68,52,52,52,51,51,53,53,53,53,59,64,70,70,70,48,76,60,56,56,56,52,52,39,39,39,17,17,1,1,12,39,0,0],"gold":159,"neow_bonus":"TWO_FIFTY_GOLD","is_daily":false,"chose_seed":false,"campfire_upgraded":7,"win_rate":0.0,"timestamp":1610837268,"path_taken":["M","?","$","?","?","R","E","R","T","R","M","?","M","M","R","BOSS","M","M","?","$","M","R","E","R","T","E","R","?","?","?","R","BOSS"],"items_purchased_type":["Relic","Card","Card","Relic"],"build_version":"2020-12-22","purchased_purges":1,"victory":false,"max_hp_per_floor":[80,80,80,80,80,80,80,80,80,80,80,85,85,85,85,85,85,85,85,85,85,85,85,85,85,85,85,85,90,90,90,90,90,90],"relic_stats":{"counters":[14,61],"CeramicFish":72,"MealTicket":0,"Orichalcum":[162],"obtain_stats":[{"Runic Dome":17,"Matryoshka":24,"CeramicFish":7,"MealTicket":27,"Orichalcum":3,"Ancient Tea Set":26,"Burning Blood":0,"Toy Ornithopter":21,"NlothsMask":4},{"Runic Dome":7,"Matryoshka":11,"CeramicFish":3,"MealTicket":12,"Orichalcum":1,"Ancient Tea Set":11,"Burning Blood":0,"Toy Ornithopter":9,"NlothsMask":1},{"Runic Dome":28,"Matryoshka":47,"CeramicFish":10,"MealTicket":52,"Orichalcum":4,"Ancient Tea Set":47,"Burning Blood":0,"Toy Ornithopter":38,"NlothsMask":4}],"Burning Blood":78,"Toy Ornithopter":15},"card_choices":[{"not_picked":["Seeing Red","Pommel Strike"],"picked":"Searing Blow","floor":1},{"not_picked":["Wild Strike","Combust","Bloodletting"],"picked":"SKIP","floor":5},{"not_picked":["Iron Wave","Headbutt"],"picked":"Spot Weakness","floor":7},{"not_picked":["Armaments","Headbutt"],"picked":"Shrug It Off","floor":11},{"not_picked":["Armaments","Sentinel"],"picked":"Uppercut","floor":13},{"not_picked":["Clothesline","Second Wind","Brutality"],"picked":"SKIP","floor":14},{"not_picked":["Berserk","Juggernaut"],"picked":"Corruption","floor":16},{"not_picked":["Pommel Strike","Whirlwind","Bloodletting+1"],"picked":"SKIP","floor":18},{"not_picked":["Clothesline","Sword Boomerang"],"picked":"Thunderclap+1","floor":19},{"not_picked":["Dark Embrace","Sentinel"],"picked":"Disarm+1","floor":22},{"not_picked":["Spot Weakness","Sword Boomerang","Fire Breathing+1"],"picked":"SKIP","floor":24},{"not_picked":["True Grit","Metallicize"],"picked":"Intimidate","floor":27},{"not_picked":["Inflame+1","Clothesline","Reckless Charge"],"picked":"SKIP","floor":31}],"player_experience":626060,"relics_obtained":[{"floor":7,"key":"CeramicFish"},{"floor":24,"key":"Matryoshka"},{"floor":26,"key":"Ancient Tea Set"},{"floor":27,"key":"MealTicket"}],"event_choices":[{"damage_healed":0,"gold_gain":0,"player_choice":"Entered Light","damage_taken":16,"max_hp_gain":0,"max_hp_loss":0,"event_name":"Shining Light","floor":2,"gold_loss":0,"cards_upgraded":["Bash","Strike_R"]},{"damage_healed":0,"gold_gain":0,"player_choice":"Trade","damage_taken":0,"relics_obtained":["NlothsMask"],"max_hp_gain":0,"max_hp_loss":0,"event_name":"FaceTrader","floor":4,"gold_loss":0},{"damage_healed":0,"gold_gain":0,"player_choice":"Donut","damage_taken":0,"max_hp_gain":5,"max_hp_loss":0,"event_name":"Big Fish","floor":12,"gold_loss":0},{"cards_removed":["Strike_R"],"damage_healed":0,"gold_gain":0,"player_choice":"Gave Gold","damage_taken":0,"max_hp_gain":0,"max_hp_loss":0,"event_name":"Beggar","floor":20,"gold_loss":75},{"damage_healed":0,"gold_gain":0,"player_choice":"Shed Blood","damage_taken":21,"max_hp_gain":5,"max_hp_loss":0,"event_name":"Forgotten Altar","floor":29,"gold_loss":0},{"damage_healed":0,"gold_gain":0,"player_choice":"Forge","damage_taken":0,"max_hp_gain":0,"max_hp_loss":0,"event_name":"Accursed Blacksmith","floor":30,"gold_loss":0,"cards_upgraded":["Searing Blow"]}],"is_beta":false,"boss_relics":[{"not_picked":["Tiny House","Fusion Hammer"],"picked":"Runic Dome"}],"items_purged_floors":[3],"is_endless":false,"potions_floor_spawned":[1,7,16,18,27],"killed_by":"Automaton","ascension_level":11}}