{"host":"tf5skwcwe0vlu2md","time":1610803239,"event":{"mods":["BaseMod","Downfall","Highlight Path","Minty Spire (QoL Compilation)","StSLib","The Hierophant"],"gold_per_floor":[112,112,129,129,77,112,112,143,168,168,199,211,237,274,286,397,409,431,430,456,479,491,503,529,541,541],"floor_reached":25,"playtime":1688,"items_purged":[],"score":266,"play_id":"8420c2be-f309-4fd1-8945-329ee6f8122a","local_time":"20210117002039","is_ascension_mode":true,"campfire_choices":[{"floor":7,"key":"REST"},{"floor":12,"key":"REST"},{"data":"Darkness","floor":15,"key":"SMITH"},{"floor":23,"key":"REST"}],"circlet_count":0,"master_deck":["Strike_B","Strike_B","Strike_B+1","Defend_B","Defend_B","Defend_B","Zap","Dualcast+1","Blizzard","Cold Snap","Conserve Battery","Auto Shields","Sweeping Beam","Streamline","Darkness+1","Rainbow","Redo+1","Reinforced Body+1","Leap+1","Redo","Sunder+1","Self Repair","Steam Power+1"],"relics":["Cracked Core","Matryoshka","StoneCalendar","Orichalcum","Toy Ornithopter","Lantern","MawBank","MealTicket","Astrolabe"],"acts_visited":["Exordium","TheCity"],"potions_floor_usage":[11,19,21],"damage_taken":[{"damage":2,"enemies":"Jaw Worm","floor":1,"turns":3},{"damage":13,"enemies":"Small Slimes","floor":3,"turns":3},{"damage":43,"enemies":"3 Sentries","floor":6,"turns":13},{"damage":23,"enemies":"Gremlin Nob","floor":8,"turns":5},{"damage":3,"enemies":"3 Sentries","floor":11,"turns":7},{"damage":0,"enemies":"Cultist","floor":13,"turns":2},{"damage":20,"enemies":"Gremlin Nob","floor":14,"turns":4},{"damage":17,"enemies":"Hexaghost","floor":16,"turns":8},{"damage":4,"enemies":"Shell Parasite","floor":18,"turns":6},{"damage":14,"enemies":"2 Thieves","floor":19,"turns":4},{"damage":31,"enemies":"Snecko","floor":20,"turns":6},{"damage":42,"enemies":"Shelled Parasite and Fungi","floor":21,"turns":7},{"damage":11,"enemies":"Snake Plant","floor":24,"turns":5},{"damage":28,"enemies":"Book of Stabbing","floor":25,"turns":5}],"seed_played":"2644817001850159016","potions_obtained":[{"floor":1,"key":"PotionOfCapacity"},{"floor":8,"key":"Fire Potion"},{"floor":11,"key":"Explosive Potion"},{"floor":13,"key":"SpeedPotion"},{"floor":18,"key":"PowerPotion"},{"floor":24,"key":"FocusPotion"}],"is_trial":false,"path_per_floor":["M","?","M","T","$","E","R","E","T","?","E","R","M","E","R","B",null,"M","M","M","M","?","R","M","E"],"character_chosen":"DEFECT","items_purchased":["Conserve Battery"],"campfire_rested":3,"item_purchase_floors":[5],"current_hp_per_floor":[80,64,51,51,51,8,32,9,9,36,38,62,62,42,42,25,82,78,69,38,1,6,30,26,0,0],"gold":541,"neow_bonus":"TEN_PERCENT_HP_BONUS","is_daily":false,"chose_seed":false,"campfire_upgraded":1,"win_rate":0.0,"timestamp":1610803239,"path_taken":["M","?","M","?","$","E","R","E","T","?","E","R","M","E","R","BOSS","M","M","M","M","?","R","?","E"],"items_purchased_type":["Card"],"build_version":"2020-12-13","purchased_purges":0,"victory":false,"max_hp_per_floor":[82,82,82,82,82,82,82,82,82,82,82,82,82,82,82,82,82,82,82,82,82,82,82,82,82,82],"card_choices":[{"not_picked":["Streamline","Skim"],"picked":"Blizzard","floor":1},{"not_picked":["Sunder","Streamline"],"picked":"Cold Snap","floor":3},{"not_picked":["Meteor Strike","Reprogram"],"picked":"Auto Shields","floor":6},{"not_picked":["Recycle","Conserve Battery"],"picked":"Sweeping Beam","floor":8},{"not_picked":["Ball Lightning","Rebound"],"picked":"Streamline","floor":11},{"not_picked":["Doom and Gloom","Tempest"],"picked":"Darkness","floor":13},{"not_picked":["Compile Driver","Auto Shields"],"picked":"Hologram","floor":14},{"not_picked":["Seek","Machine Learning"],"picked":"Rainbow","floor":16},{"not_picked":["Gash+1","Barrage"],"picked":"Redo","floor":18},{"not_picked":["Hologram","Turbo"],"picked":"Sunder+1","floor":19},{"not_picked":["Recycle","Ball Lightning"],"picked":"Compile Driver+1","floor":20},{"not_picked":["Chaos","Lockon"],"picked":"Self Repair","floor":21},{"not_picked":["Static Discharge+1","Conserve Battery"],"picked":"Steam Power+1","floor":24}],"player_experience":197465,"relics_obtained":[{"floor":4,"key":"Matryoshka"},{"floor":6,"key":"StoneCalendar"},{"floor":8,"key":"Orichalcum"},{"floor":9,"key":"Toy Ornithopter"},{"floor":9,"key":"Lantern"},{"floor":11,"key":"MawBank"},{"floor":14,"key":"MealTicket"}],"event_choices":[{"damage_healed":0,"gold_gain":0,"player_choice":"Entered Light","damage_taken":16,"max_hp_gain":0,"max_hp_loss":0,"event_name":"Shining Light","floor":2,"gold_loss":0,"cards_upgraded":["Dualcast","Strike_B"]},{"damage_healed":27,"gold_gain":0,"player_choice":"Banana","damage_taken":0,"max_hp_gain":0,"max_hp_loss":0,"event_name":"Big Fish","floor":10,"gold_loss":0},{"cards_removed":["Compile Driver"],"damage_healed":5,"gold_gain":0,"player_choice":"Offered Common","damage_taken":0,"max_hp_gain":0,"max_hp_loss":0,"event_name":"Bonfire Elementals","floor":22,"gold_loss":0},{"cards_removed":["Compile Driver"],"damage_healed":5,"gold_gain":0,"player_choice":"Offered Special","damage_taken":0,"max_hp_gain":0,"max_hp_loss":0,"event_name":"Bonfire Elementals","floor":22,"gold_loss":0}],"is_beta":false,"boss_relics":[{"not_picked":["Empty Cage","Busted Crown"],"picked":"Astrolabe"}],"items_purged_floors":[],"is_endless":false,"potions_floor_spawned":[1,8,11,13,18,24],"killed_by":"Book of Stabbing","ascension_level":3}}