{"host":"iymac52lby91rdnn","time":1610755862,"event":{"mods":["AchievementEnabler","Act Like it!","BaseMod","Colored Powertips","GifTheSpireLib","Minty Spire (QoL Compilation)","Permanent Neow","Quick Restart","Rare Cards Sparkle","Relic Filter","Relic Stats","StSLib","The IronCluck","slay the spire mod where everything is the same but ironclad has a cowboy hat"],"gold_per_floor":[119,44,219,232,232,263,263,291,367,400,410,410,170,180,180,281,281,294,312,15,27,27,55,67,93,131,170,382,409,449,479,491,602,614,642,700,217,234,234,265,265,293,293,293,304,2,27,27,27,27,27,27,16,46,46,46],"floor_reached":55,"language":"DEU","playtime":4052,"items_purged":["Strike_G","Doubt","Strike_G","Strike_G","Strike_G"],"score":1238,"play_id":"60c3935e-040a-4b16-80dd-c31126439fca","local_time":"20210115181102","is_ascension_mode":true,"campfire_choices":[{"data":"Blade Dance","floor":7.0,"key":"SMITH"},{"floor":12,"key":"RECALL"},{"floor":15,"key":"REST"},{"data":"After Image","floor":24,"key":"SMITH"},{"floor":32,"key":"REST"},{"data":"After Image","floor":41,"key":"SMITH"},{"data":"Burst","floor":44,"key":"SMITH"},{"data":"Caltrops","floor":49,"key":"SMITH"},{"data":"Caltrops","floor":52,"key":"SMITH"}],"circlet_count":0,"master_deck":["Defend_G","Defend_G","Defend_G","Survivor","Neutralize","Blade Dance+1","Slice","Die Die Die","Footwork","Infinite Blades","Cloak And Dagger","Backstab","Caltrops+1","Caltrops+1","A Thousand Cuts","Blade Dance+1","After Image+1","Backstab+1","Blur+1","Blur+1","After Image+1","Burst+1","PiercingWail+1","Calculated Gamble+1","Choke+1","Cloak And Dagger","Expertise","Blade Dance","Terror"],"relics":["WristBlade","The Courier","Eternal Feather","Pen Nib","Kunai","Smiling Mask","Empty Cage","Membership Card","Thread and Needle","MawBank","Bag of Marbles","Oddly Smooth Stone","Blood Vial","Philosopher\u0027s Stone","Calipers","Mercury Hourglass","Letter Opener","Ginger","Turnip","Bag of Preparation","Strawberry","Bronze Scales","Ninja Scroll","Akabeko","StrikeDummy"],"acts_visited":["Exordium","TheCity","TheBeyond","TheEnding"],"potions_floor_usage":[21,23,27,38,50,55,55,55],"damage_taken":[{"damage":1.0,"enemies":"Small Slimes","floor":1.0,"turns":4.0},{"damage":0.0,"enemies":"Cultist","floor":4.0,"turns":3.0},{"damage":24.0,"enemies":"3 Sentries","floor":6.0,"turns":10.0},{"damage":25.0,"enemies":"Lagavulin","floor":8.0,"turns":8.0},{"damage":7,"enemies":"3 Sentries","floor":10,"turns":6},{"damage":2,"enemies":"Jaw Worm","floor":11,"turns":3},{"damage":0,"enemies":"3 Louse","floor":14,"turns":2},{"damage":10,"enemies":"The Guardian","floor":16,"turns":8},{"damage":0,"enemies":"Spheric Guardian","floor":18,"turns":3},{"damage":12,"enemies":"3 Byrds","floor":19,"turns":2},{"damage":13,"enemies":"Snake Plant","floor":21,"turns":5},{"damage":14,"enemies":"Book of Stabbing","floor":23,"turns":4},{"damage":0,"enemies":"Chosen and Byrds","floor":25,"turns":4},{"damage":5,"enemies":"Gremlin Leader","floor":27,"turns":5},{"damage":0,"enemies":"Snecko","floor":29,"turns":3},{"damage":9,"enemies":"Book of Stabbing","floor":30,"turns":5},{"damage":0,"enemies":"Shelled Parasite and Fungi","floor":31,"turns":3},{"damage":9,"enemies":"Collector","floor":33,"turns":10},{"damage":6,"enemies":"3 Shapes","floor":35,"turns":5},{"damage":38,"enemies":"2 Orb Walkers","floor":36,"turns":6},{"damage":7,"enemies":"Orb Walker","floor":38,"turns":4},{"damage":0,"enemies":"Nemesis","floor":40,"turns":5},{"damage":0,"enemies":"Giant Head","floor":42,"turns":6},{"damage":0,"enemies":"Spire Growth","floor":45,"turns":4},{"damage":1,"enemies":"Reptomancer","floor":47,"turns":2},{"damage":8,"enemies":"Donu and Deca","floor":50,"turns":8},{"damage":13,"enemies":"Shield and Spear","floor":54,"turns":6},{"damage":66,"enemies":"The Heart","floor":55,"turns":6}],"seed_played":"1974019584189713196","potions_obtained":[{"floor":4.0,"key":"Block Potion"},{"floor":8.0,"key":"SneckoOil"},{"floor":11,"key":"ColorlessPotion"},{"floor":16,"key":"Regen Potion"},{"floor":19,"key":"Block Potion"},{"floor":21,"key":"Weak Potion"},{"floor":30,"key":"FairyPotion"},{"floor":36,"key":"Poison Potion"},{"floor":40,"key":"Explosive Potion"},{"floor":45,"key":"Weak Potion"},{"floor":54,"key":"CunningPotion"}],"is_trial":false,"path_per_floor":["M","$","?","M","?","E","R","E","T","E","M","R","$","M","R","B",null,"M","M","$","M","?","E","R","M","T","E","?","M","E","M","R","B",null,"M","?","$","M","?","E","R","E","T","R","M","$","E","?","R","B",null,"R","$","E","B"],"character_chosen":"THE_SILENT","items_purchased":["Infinite Blades","Cloak And Dagger","Backstab","Caltrops","Membership Card","Thread and Needle","Mercury Hourglass","Letter Opener","Ginger","Turnip","Bronze Scales","Ninja Scroll","Cloak And Dagger","CultistPotion","Expertise","Blade Dance"],"campfire_rested":2,"item_purchase_floors":[13,13,13,13,20,20,37,37,37,37,46,46,46,46,46,53],"current_hp_per_floor":[62,62,62,62,62,38,47,22,22,15,13,22,22,22,55,45,64,64,52,52,39,39,25,37,37,37,32,32,32,23,25,58,51,65,61,25,25,32,32,34,49,58,58,73,75,75,76,76,77,69,75,77,77,64,0,0],"gold":46,"neow_bonus":"BOSS_RELIC","is_daily":false,"chose_seed":false,"campfire_upgraded":6,"win_rate":0.0,"timestamp":1610755862,"path_taken":["M","$","?","M","?","E","R","E","T","E","M","R","$","?","R","BOSS","M","M","$","M","?","E","R","M","T","E","?","M","E","?","R","BOSS","M","?","$","M","?","E","R","E","T","R","?","$","E","?","R","BOSS","R","$","E","BOSS"],"items_purchased_type":["Card","Card","Card","Card","Relic","Relic","Relic","Relic","Relic","Relic","Relic","Relic","Card","Potion","Card","Card"],"build_version":"2020-12-22","purchased_purges":5,"victory":false,"max_hp_per_floor":[70,70,70,70,70,70,70,70,70,70,70,70,70,70,70,70,70,70,70,70,70,70,70,70,70,70,70,70,70,70,70,70,70,70,70,70,70,70,70,70,70,77,77,77,77,77,77,77,77,77,77,77,77,77,77,77],"relic_stats":{"counters":[28,138],"Eternal Feather":87,"Pen Nib":[35],"Bag of Preparation":[12],"Letter Opener":[87],"Ginger":[5],"Smiling Mask":60,"MawBank":168,"Mercury Hourglass":[147],"Blood Vial":20,"Bronze Scales":[141],"Turnip":[2],"Kunai":[82],"obtain_stats":[{"Calipers":36,"Bag of Preparation":40,"Ginger":37,"Smiling Mask":10,"Empty Cage":17,"Blood Vial":30,"WristBlade":0,"Ninja Scroll":46,"Strawberry":42,"Philosopher\u0027s Stone":34,"Kunai":9,"Ring of the Snake":0,"Oddly Smooth Stone":27,"Eternal Feather":6,"Thread and Needle":20,"The Courier":5,"Pen Nib":8,"Letter Opener":37,"MawBank":23,"Akabeko":47,"Mercury Hourglass":37,"Bronze Scales":46,"Turnip":37,"Bag of Marbles":26,"Membership Card":20,"StrikeDummy":54},{"Calipers":20,"Bag of Preparation":22,"Ginger":20,"Smiling Mask":5,"Empty Cage":8,"Blood Vial":16,"WristBlade":0,"Ninja Scroll":24,"Strawberry":23,"Philosopher\u0027s Stone":18,"Kunai":4,"Ring of the Snake":0,"Oddly Smooth Stone":14,"Eternal Feather":3,"Thread and Needle":10,"The Courier":2,"Pen Nib":4,"Letter Opener":20,"MawBank":12,"Akabeko":25,"Mercury Hourglass":20,"Bronze Scales":24,"Turnip":20,"Bag of Marbles":13,"Membership Card":10,"StrikeDummy":27},{"Calipers":99,"Bag of Preparation":107,"Ginger":99,"Smiling Mask":31,"Empty Cage":44,"Blood Vial":75,"WristBlade":0,"Ninja Scroll":116,"Strawberry":112,"Philosopher\u0027s Stone":88,"Kunai":25,"Ring of the Snake":0,"Oddly Smooth Stone":67,"Eternal Feather":17,"Thread and Needle":49,"The Courier":7,"Pen Nib":25,"Letter Opener":99,"MawBank":58,"Akabeko":118,"Mercury Hourglass":99,"Bronze Scales":116,"Turnip":99,"Bag of Marbles":62,"Membership Card":49,"StrikeDummy":132}]},"card_choices":[{"not_picked":["Finisher","Cloak And Dagger"],"picked":"Blade Dance","floor":1.0},{"not_picked":["Flying Knee","Acrobatics"],"picked":"Slice","floor":4.0},{"not_picked":["Reflex","Bane"],"picked":"Die Die Die","floor":6.0},{"not_picked":["Sucker Punch","Heel Hook","Reflex"],"picked":"SKIP","floor":8.0},{"not_picked":["Escape Plan","Quick Slash"],"picked":"Footwork","floor":10},{"not_picked":["Backflip","Masterful Stab","Prepared"],"picked":"SKIP","floor":11},{"not_picked":["Endless Agony","Slice"],"picked":"Caltrops","floor":14},{"not_picked":["Glass Knife","Tools of the Trade"],"picked":"A Thousand Cuts","floor":16},{"not_picked":["Concentrate","Deflect","Predator+1"],"picked":"SKIP","floor":18},{"not_picked":["Noxious Fumes","Leg Sweep+1"],"picked":"Blade Dance+1","floor":19},{"not_picked":["Flying Knee","Calculated Gamble"],"picked":"After Image","floor":21},{"not_picked":["Prepared","Masterful Stab"],"picked":"Backstab+1","floor":23},{"not_picked":["Leg Sweep+1","Masterful Stab"],"picked":"Blur+1","floor":25},{"not_picked":["Endless Agony","Prepared+1","Setup"],"picked":"SKIP","floor":27},{"not_picked":["Flying Knee+1","Endless Agony"],"picked":"Blur+1","floor":29},{"not_picked":["Distraction","A Thousand Cuts"],"picked":"After Image","floor":30},{"not_picked":["Sucker Punch","Outmaneuver","Quick Slash"],"picked":"SKIP","floor":31},{"not_picked":["Bullet Time","A Thousand Cuts"],"picked":"Burst","floor":33},{"not_picked":["Prepared+1","Slice+1"],"picked":"PiercingWail+1","floor":35},{"not_picked":["Bane+1","Deflect+1","Poisoned Stab"],"picked":"SKIP","floor":38},{"not_picked":["Corpse Explosion","Dash+1"],"picked":"Calculated Gamble+1","floor":40},{"not_picked":["Underhanded Strike+1","Heel Hook+1","Dagger Spray"],"picked":"SKIP","floor":42},{"not_picked":["Deadly Poison","Cloak And Dagger"],"picked":"Choke+1","floor":45},{"not_picked":["Predator","Poisoned Stab+1","Dodge and Roll+1"],"picked":"SKIP","floor":47},{"not_picked":["Outmaneuver","Crippling Poison"],"picked":"Terror","floor":54}],"player_experience":847737,"relics_obtained":[{"floor":6.0,"key":"Eternal Feather"},{"floor":8.0,"key":"Pen Nib"},{"floor":9.0,"key":"Kunai"},{"floor":10,"key":"Smiling Mask"},{"floor":23,"key":"MawBank"},{"floor":26,"key":"Bag of Marbles"},{"floor":27,"key":"Oddly Smooth Stone"},{"floor":30,"key":"Blood Vial"},{"floor":36,"key":"Calipers"},{"floor":40,"key":"Bag of Preparation"},{"floor":42,"key":"Strawberry"},{"floor":47,"key":"Akabeko"},{"floor":54,"key":"StrikeDummy"}],"event_choices":[{"damage_healed":0.0,"max_hp_gain":0.0,"max_hp_loss":0.0,"gold_gain":175.0,"event_name":"Liars Game","player_choice":"AGREE","floor":3.0,"gold_loss":0.0,"damage_taken":0.0,"cards_obtained":["Doubt"]},{"damage_healed":0.0,"max_hp_gain":0.0,"max_hp_loss":0.0,"gold_gain":0.0,"event_name":"WeMeetAgain","player_choice":"Gave Potion","floor":5.0,"gold_loss":0.0,"damage_taken":0.0,"relics_obtained":["The Courier"]},{"damage_healed":0,"gold_gain":0,"player_choice":"Ignored","damage_taken":0,"max_hp_gain":0,"max_hp_loss":0,"event_name":"Ghosts","floor":22,"gold_loss":0},{"damage_healed":0,"gold_gain":250,"player_choice":"Bet on Owner","damage_taken":0,"max_hp_gain":0,"max_hp_loss":0,"event_name":"The Joust","floor":28,"gold_loss":50},{"damage_healed":0,"gold_gain":0,"player_choice":"Fight","damage_taken":0,"max_hp_gain":0,"max_hp_loss":0,"event_name":"Mysterious Sphere","floor":36,"gold_loss":0},{"damage_healed":0,"gold_gain":0,"player_choice":"Ignored","damage_taken":0,"max_hp_gain":0,"max_hp_loss":0,"event_name":"SecretPortal","floor":39,"gold_loss":0},{"cards_removed":["Defend_G"],"damage_healed":0,"gold_gain":0,"player_choice":"Purged","damage_taken":0,"max_hp_gain":0,"max_hp_loss":0,"event_name":"Purifier","floor":48,"gold_loss":0}],"is_beta":false,"boss_relics":[{"not_picked":["Snecko Eye","Astrolabe"],"picked":"Empty Cage"},{"not_picked":["Sozu","Calling Bell"],"picked":"Philosopher\u0027s Stone"}],"items_purged_floors":[2,13,20,37,46],"is_endless":false,"potions_floor_spawned":[4,8,11,16,19,21,30,36,40,45,54],"killed_by":"The Heart","ascension_level":8}}