{"host":"41vgbr386mrj4p17","time":1610763161,"event":{"mods":["AchievementEnabler","AlwaysNeverKeys","BaseMod","Bestiary","Better Altar","Better Match","Better Note","Better Sensory Stone","Better Skull","Better Third Choice","Colored Map","Curses Come First","Downfall","Googly Eyes","Hermit","Highlight Path","Minty Spire (QoL Compilation)","Shade Mod","StSLib","The Cursed"],"gold_per_floor":[114,132,150,150,286,326,260,303,603,640,162,162,199,220,220,328,328,343,352,361,372,372,372,372],"floor_reached":23,"language":"ENG","playtime":1423,"items_purged":["downfall:Bewildered"],"score":360,"play_id":"cc39a957-16e7-4ca6-86cf-fde93a971c0a","local_time":"20210115211241","is_ascension_mode":true,"campfire_choices":[{"data":"Shade:LichForm","floor":12,"key":"SMITH"},{"floor":15,"key":"REST"}],"circlet_count":0,"master_deck":["Shade:Strike_Shade+1","Shade:Strike_Shade","Shade:Strike_Shade","Shade:Defend_Shade","Shade:Defend_Shade","Shade:Defend_Shade","Shade:Defend_Shade","Shade:AnimateDead","Shade:CarefulCut","Shade:Tombstone","Shade:FuneraryJewels+1","CurseOfTheBell","TheCursedMod:Dregs","Normality","Shade:LichForm+1","TheCursedMod:Dregs","Shade:Excise","Shade:SanguineRitual+1","Shade:SensePrey","Shade:OpenGraves","Shade:Carnophage","Shade:ExtraLimbs","Shade:OminousRitual","Shade:SensePrey","Madness+1"],"relics":["Shade:YorickSkull","Calling Bell","Mercury Hourglass","CeramicFish","Turnip","Blue Candle","Lizard Tail","Old Coin","Matryoshka","Singing Bowl","ClockworkSouvenir","Sundial","Sozu"],"acts_visited":["Exordium","TheCity"],"potions_floor_usage":[8,13,16,23],"damage_taken":[{"damage":0,"enemies":"Cultist","floor":1,"turns":2},{"damage":0,"enemies":"Jaw Worm","floor":2,"turns":3},{"damage":6,"enemies":"2 Louse","floor":3,"turns":4},{"damage":25,"enemies":"Lagavulin","floor":6,"turns":6},{"damage":14,"enemies":"Gremlin Nob","floor":8,"turns":4},{"damage":18,"enemies":"3 Sentries","floor":10,"turns":6},{"damage":12,"enemies":"Gremlin Nob","floor":13,"turns":4},{"damage":15,"enemies":"Red Slaver","floor":14,"turns":3},{"damage":2,"enemies":"Slime Boss","floor":16,"turns":7},{"damage":3,"enemies":"3 Byrds","floor":18,"turns":5},{"damage":11,"enemies":"Spheric Guardian","floor":21,"turns":4},{"damage":34,"enemies":"Book of Stabbing","floor":23,"turns":4}],"seed_played":"1655191155675308455","potions_obtained":[{"floor":2,"key":"LiquidBronze"},{"floor":10,"key":"hexamod:SoulburnPotion"},{"floor":13,"key":"Strength Potion"},{"floor":16,"key":"PowerPotion"}],"is_trial":false,"path_per_floor":["M","M","M","?","?","E","?","E","T","E","$","R","E","M","R","B",null,"M","?","?","M","?","E"],"character_chosen":"SHADE","items_purchased":["Singing Bowl","ClockworkSouvenir"],"campfire_rested":1,"item_purchase_floors":[11,11],"current_hp_per_floor":[59,59,53,40,45,20,20,6,6,29,29,29,17,2,23,21,58,57,57,43,34,34,0,0],"gold":372,"neow_bonus":"TRANSFORM_CARD","is_daily":false,"chose_seed":false,"campfire_upgraded":1,"win_rate":0.0,"timestamp":1610763161,"path_taken":["M","M","M","?","?","E","?","E","T","E","$","R","E","M","R","BOSS","M","?","?","M","?","E"],"items_purchased_type":["Relic","Relic"],"build_version":"2020-12-22","purchased_purges":1,"victory":false,"max_hp_per_floor":[65,65,65,65,70,70,70,70,70,70,70,70,70,70,70,70,70,72,72,72,74,74,74,74],"card_choices":[{"not_picked":["Shade:FingerOfDeath","Shade:WallOfFlesh","Shade:GreyBargain"],"picked":"SKIP","floor":1},{"not_picked":["Shade:FeralStrike","Shade:GreyBargain","Shade:GraveStillness"],"picked":"SKIP","floor":2},{"not_picked":["Shade:Bonestorm","Shade:SanguineRitual"],"picked":"Shade:FuneraryJewels","floor":3},{"not_picked":["Shade:FreshBones","Shade:ScuttlingHand"],"picked":"Shade:Excise","floor":6},{"not_picked":["Shade:PotionOfRestlessness+1","Shade:DangerousRitual+1"],"picked":"Shade:SanguineRitual+1","floor":7},{"not_picked":["Shade:ScuttlingHand","Shade:AncientSpear"],"picked":"Shade:SensePrey","floor":8},{"not_picked":["Shade:CoffinDance","Shade:AncientSpear"],"picked":"Shade:OpenGraves","floor":10},{"not_picked":["Shade:Premonition","Shade:Trample"],"picked":"Shade:Carnophage","floor":13},{"not_picked":["Shade:FleshToFlesh","Shade:FreshBones"],"picked":"Shade:ExtraLimbs","floor":14},{"not_picked":["Shade:Tombstone","Shade:SelfBurial"],"picked":"Shade:OminousRitual","floor":16},{"not_picked":["Shade:Bonestorm+1","Shade:CoffinDance+1","Shade:SoulToxin"],"picked":"Singing Bowl","floor":18},{"not_picked":["Shade:CommandSoldier","Shade:ClawBack+1","Shade:Doomsay"],"picked":"Singing Bowl","floor":21}],"player_experience":1034249,"relics_obtained":[{"floor":5,"key":"Mercury Hourglass"},{"floor":5,"key":"CeramicFish"},{"floor":5,"key":"Turnip"},{"floor":6,"key":"Blue Candle"},{"floor":8,"key":"Lizard Tail"},{"floor":9,"key":"Old Coin"},{"floor":10,"key":"Matryoshka"},{"floor":13,"key":"Sundial"}],"event_choices":[{"damage_healed":53,"gold_gain":0,"player_choice":"Upgrade","damage_taken":13,"max_hp_gain":0,"max_hp_loss":65,"event_name":"betterThird:BetterShining","floor":4,"gold_loss":0,"cards_upgraded":["Shade:Strike_Shade","Shade:FuneraryJewels"]},{"damage_healed":0,"gold_gain":0,"player_choice":"2","damage_taken":0,"max_hp_gain":0,"max_hp_loss":0,"event_name":"betterMatch:BetterMatch","floor":7,"gold_loss":0,"cards_obtained":["betterMatch:UncommonCard"]},{"damage_healed":0,"gold_gain":0,"player_choice":"Read","damage_taken":0,"max_hp_gain":0,"max_hp_loss":0,"event_name":"The Library","floor":19,"gold_loss":0,"cards_obtained":["Shade:SensePrey"]},{"damage_healed":0,"gold_gain":2,"player_choice":"2","damage_taken":0,"max_hp_gain":0,"max_hp_loss":14,"event_name":"betterStone:BetterStone","floor":20,"gold_loss":0},{"damage_healed":0,"gold_gain":0,"player_choice":"Ignored","damage_taken":0,"max_hp_gain":0,"max_hp_loss":0,"event_name":"Cursed Tome","floor":22,"gold_loss":0}],"is_beta":false,"boss_relics":[{"not_picked":["Pandora\u0027s Box","Black Star"],"picked":"Sozu"}],"items_purged_floors":[11],"is_endless":false,"potions_floor_spawned":[2,10,13,16],"killed_by":"Book of Stabbing","ascension_level":7}}