{"host":"19t2eyow02s954g8","time":1610796484,"event":{"mods":["BaseMod","Colored Map","DeckTracker","Minty Spire (QoL Compilation)","StSLib","SuperFastMode"],"gold_per_floor":[114,114,73,23,23,52,52,81,81,81,98,98,129,146,146,225,225,239,289,265,265,275,308,308,328,373,400,419,419,419,449,449,521,521,538,538,538,548,419,448,448,459,459,190,218,218,218],"floor_reached":46,"language":"KOR","playtime":5226,"items_purged":["Strike_G+1","Underhanded Strike"],"score":1204,"play_id":"053cfca5-c629-49cc-b296-9f62ded6ae7a","local_time":"20210116202804","is_ascension_mode":true,"campfire_choices":[{"data":"Venomology","floor":7.0,"key":"SMITH"},{"data":"Deadly Poison","floor":10.0,"key":"SMITH"},{"data":"Well Laid Plans","floor":12.0,"key":"SMITH"},{"data":"Eviscerate","floor":15.0,"key":"SMITH"},{"floor":24.0,"key":"REST"},{"data":"Adrenaline","floor":30.0,"key":"SMITH"},{"data":"Grand Finale","floor":32.0,"key":"SMITH"}],"circlet_count":0,"master_deck":["AscendersBane","Defend_G","Defend_G","Defend_G","Defend_G","Defend_G","Survivor","Neutralize+1","Dagger Throw","Well Laid Plans+1","Deadly Poison+1","Venomology+1","PiercingWail","Eviscerate+1","Grand Finale+1","Backflip","Adrenaline+1","Blur","Prepared","Acrobatics","Adrenaline"],"relics":["Ring of the Snake","NeowsBlessing","Bag of Marbles","Torii","Sundial","PreservedInsect","SacredBark","Omamori","Molten Egg 2","Regal Pillow","Whetstone","Juzu Bracelet","Empty Cage","Pear","Medical Kit","Vajra"],"acts_visited":["Exordium","TheCity","TheBeyond"],"potions_floor_usage":[45,46,46],"damage_taken":[{"damage":0.0,"enemies":"2 Louse","floor":1.0,"turns":1.0},{"damage":0.0,"enemies":"Lagavulin","floor":6.0,"turns":1.0},{"damage":0.0,"enemies":"3 Sentries","floor":8.0,"turns":1.0},{"damage":0.0,"enemies":"Cultist","floor":11.0,"turns":3.0},{"damage":8.0,"enemies":"Gremlin Nob","floor":13.0,"turns":3.0},{"damage":0.0,"enemies":"Small Slimes","floor":14.0,"turns":3.0},{"damage":11.0,"enemies":"Hexaghost","floor":16.0,"turns":9.0},{"damage":0.0,"enemies":"Chosen","floor":18.0,"turns":3.0},{"damage":2.0,"enemies":"2 Thieves","floor":20.0,"turns":4.0},{"damage":40.0,"enemies":"Cultist and Chosen","floor":22.0,"turns":4.0},{"damage":1.0,"enemies":"Book of Stabbing","floor":23.0,"turns":3.0},{"damage":1.0,"enemies":"Snake Plant","floor":25.0,"turns":4.0},{"damage":9.0,"enemies":"Slavers","floor":27.0,"turns":6.0},{"damage":0.0,"enemies":"3 Cultists","floor":28.0,"turns":3.0},{"damage":1.0,"enemies":"Book of Stabbing","floor":31.0,"turns":4.0},{"damage":24.0,"enemies":"Collector","floor":33.0,"turns":5.0},{"damage":10.0,"enemies":"3 Shapes","floor":35.0,"turns":3.0},{"damage":20.0,"enemies":"3 Darklings","floor":38.0,"turns":5.0},{"damage":10.0,"enemies":"Nemesis","floor":40.0,"turns":3.0},{"damage":0.0,"enemies":"Transient","floor":42.0,"turns":6.0},{"damage":21,"enemies":"Giant Head","floor":45,"turns":5},{"damage":11,"enemies":"Writhing Mass","floor":46,"turns":2}],"seed_played":"6399750286816719158","potions_obtained":[{"floor":1.0,"key":"Dexterity Potion"},{"floor":11.0,"key":"LiquidMemories"},{"floor":31.0,"key":"AttackPotion"},{"floor":38.0,"key":"Energy Potion"},{"floor":42.0,"key":"Swift Potion"}],"is_trial":false,"path_per_floor":["M","?","$","$","?","E","R","E","T","R","M","R","E","M","R","B",null,"M","?","M","T","M","E","R","M","T","E","M","?","R","E","R","B",null,"M","?","?","M","$","E","?","M","T","$","E","M"],"character_chosen":"THE_SILENT","items_purchased":["Well Laid Plans","Deadly Poison","Explosive Potion","Medical Kit"],"campfire_rested":1,"item_purchase_floors":[3,4,39,44],"current_hp_per_floor":[59,59,59,59,59,59,59,59,59,59,59,59,51,51,51,40,60,60,60,58,58,18,17,36,35,35,26,26,26,26,52,52,28,57,47,47,47,27,27,27,27,27,27,27,6,0,0],"gold":218,"neow_bonus":"THREE_ENEMY_KILL","is_daily":false,"chose_seed":false,"campfire_upgraded":6,"win_rate":0.0,"timestamp":1610796484,"path_taken":["M","?","?","$","?","E","R","E","T","R","?","R","E","M","R","BOSS","M","?","M","?","M","E","R","M","T","E","?","?","R","E","R","BOSS","M","?","?","M","$","E","?","M","T","$","E","M"],"items_purchased_type":["Card","Card","Potion","Relic"],"build_version":"2020-12-22","purchased_purges":2,"victory":false,"max_hp_per_floor":[66,66,66,66,66,66,66,66,66,66,66,66,66,66,66,66,66,66,66,66,66,66,66,66,66,66,66,66,66,66,66,66,66,66,66,66,66,66,66,76,76,76,76,76,76,76,76],"card_choices":[{"not_picked":["Outmaneuver","Acrobatics"],"picked":"Dagger Throw","floor":1.0},{"not_picked":["Deadly Poison","Acrobatics"],"picked":"Venomology","floor":6.0},{"not_picked":["Backflip","Quick Slash"],"picked":"PiercingWail","floor":8.0},{"not_picked":["Blade Dance","PiercingWail"],"picked":"Underhanded Strike","floor":11.0},{"not_picked":["Backflip","Accuracy","Doppelganger"],"picked":"SKIP","floor":13.0},{"not_picked":["Deadly Poison","Escape Plan"],"picked":"Eviscerate","floor":14.0},{"not_picked":["Venomology","A Thousand Cuts"],"picked":"Grand Finale","floor":16.0},{"not_picked":["Caltrops","Underhanded Strike"],"picked":"Backflip","floor":18.0},{"not_picked":["Outmaneuver","Dodge and Roll"],"picked":"Adrenaline","floor":20.0},{"not_picked":["Poisoned Stab","Slice","Heel Hook"],"picked":"SKIP","floor":22.0},{"not_picked":["Backstab+1","Deflect"],"picked":"Blur","floor":23.0},{"not_picked":["Dagger Spray+1","Backflip+1"],"picked":"Prepared","floor":25.0},{"not_picked":["Burst","Catalyst"],"picked":"Acrobatics","floor":27.0},{"not_picked":["Quick Slash+1","Sucker Punch+1","Predator+1"],"picked":"SKIP","floor":28.0},{"not_picked":["Dash+1","Underhanded Strike+1","Dagger Throw+1"],"picked":"SKIP","floor":31.0},{"not_picked":["Storm of Steel","Phantasmal Killer"],"picked":"Adrenaline","floor":33.0},{"not_picked":["Dodge and Roll","Sucker Punch+1","Acrobatics"],"picked":"SKIP","floor":35.0},{"not_picked":["Flying Knee+1","Eviscerate+1","Finisher+1"],"picked":"SKIP","floor":38.0},{"not_picked":["Flying Knee+1","Bane+1","Endless Agony+1"],"picked":"SKIP","floor":40.0},{"not_picked":["All Out Attack+1","Outmaneuver","PiercingWail"],"picked":"SKIP","floor":42.0},{"not_picked":["Sucker Punch+1","Dagger Throw+1","Flying Knee+1"],"picked":"SKIP","floor":45}],"player_experience":4280014,"relics_obtained":[{"floor":6.0,"key":"Bag of Marbles"},{"floor":8.0,"key":"Torii"},{"floor":9.0,"key":"Sundial"},{"floor":13.0,"key":"PreservedInsect"},{"floor":21.0,"key":"Omamori"},{"floor":23.0,"key":"Molten Egg 2"},{"floor":26.0,"key":"Regal Pillow"},{"floor":27.0,"key":"Whetstone"},{"floor":31.0,"key":"Juzu Bracelet"},{"floor":40.0,"key":"Pear"},{"floor":45,"key":"Vajra"}],"event_choices":[{"cards_removed":["Strike_G"],"damage_healed":0.0,"max_hp_gain":0.0,"max_hp_loss":0.0,"gold_gain":0.0,"event_name":"Bonfire Elementals","player_choice":"Offered Basic","floor":2.0,"gold_loss":0.0,"damage_taken":0.0},{"damage_healed":0.0,"max_hp_gain":0.0,"max_hp_loss":0.0,"gold_gain":0.0,"event_name":"Accursed Blacksmith","player_choice":"Forge","floor":5.0,"gold_loss":0.0,"damage_taken":0.0,"cards_upgraded":["Neutralize"]},{"damage_healed":0.0,"max_hp_gain":0.0,"max_hp_loss":0.0,"gold_gain":50.0,"event_name":"Nest","player_choice":"Stole From Cult","floor":19.0,"gold_loss":0.0,"damage_taken":0.0},{"damage_healed":0.0,"max_hp_gain":0.0,"max_hp_loss":0.0,"gold_gain":0.0,"event_name":"Vampires","player_choice":"Ignored","floor":29.0,"gold_loss":0.0,"damage_taken":0.0},{"damage_healed":0.0,"max_hp_gain":0.0,"max_hp_loss":0.0,"gold_gain":0.0,"event_name":"Match and Keep!","player_choice":"0 cards matched","floor":36.0,"gold_loss":0.0,"damage_taken":0.0,"cards_obtained":[]},{"cards_removed":["Strike_G"],"damage_healed":0.0,"max_hp_gain":0.0,"max_hp_loss":0.0,"gold_gain":0.0,"event_name":"Falling","player_choice":"Removed Attack","floor":37.0,"gold_loss":0.0,"damage_taken":0.0},{"damage_healed":0.0,"max_hp_gain":0.0,"max_hp_loss":0.0,"gold_gain":0.0,"event_name":"SensoryStone","player_choice":"Memory 1","floor":41.0,"gold_loss":0.0,"damage_taken":0.0}],"is_beta":false,"boss_relics":[{"not_picked":["Velvet Choker","Tiny House"],"picked":"SacredBark"},{"not_picked":["SlaversCollar","Cursed Key"],"picked":"Empty Cage"}],"items_purged_floors":[39,44],"is_endless":false,"potions_floor_spawned":[1,11,22,28,31,38,42],"killed_by":"Writhing Mass","ascension_level":20}}