{"host":"i1h39d0gfh5c6uxl","time":1610777829,"event":{"mods":["AchievementEnabler","BaseMod","Colored Map","Colored Powertips","Highlight Path","Minty Spire (QoL Compilation)"],"gold_per_floor":[99,99,28,28,28,28,28,28,28,28,28,28,28,28,28,28,28,28,28,28,28,0,0,0,0,0,0,0,0,0,0,0,0,0,0,0,0,0,0,0,0,0],"floor_reached":41,"language":"ENG","playtime":1184,"items_purged":[],"score":524,"play_id":"6052b85f-4dec-44cc-ad82-eb3665023961","local_time":"20210116141709","is_ascension_mode":false,"campfire_choices":[{"data":"Eruption","floor":7.0,"key":"SMITH"},{"floor":15,"key":"REST"},{"data":"Judgement","floor":23,"key":"SMITH"},{"floor":27,"key":"REST"},{"data":"Study","floor":29,"key":"SMITH"},{"floor":32,"key":"REST"},{"data":"Ragnarok","floor":40,"key":"SMITH"}],"circlet_count":0,"master_deck":["Strike_P","Strike_P","Defend_P","Defend_P","Defend_P","Defend_P","Eruption+1","Vigilance","SashWhip","Study+1","BattleHymn","Sanctity","Conclude","Judgement+1","EmptyFist","EmptyBody","MasterReality","Tantrum","FollowUp+1","Brilliance","Prostrate","Ragnarok+1","Decay"],"relics":["Ectoplasm"],"acts_visited":["Exordium","TheCity","TheBeyond"],"potions_floor_usage":[8,8,8,8,16,18,20,24,28,31,33,33,41],"damage_taken":[{"damage":0.0,"enemies":"Cultist","floor":1.0,"turns":3.0},{"damage":0.0,"enemies":"Jaw Worm","floor":2.0,"turns":3.0},{"damage":5.0,"enemies":"Small Slimes","floor":4.0,"turns":3.0},{"damage":13.0,"enemies":"Lagavulin","floor":6.0,"turns":5.0},{"damage":0,"enemies":"Gremlin Nob","floor":8,"turns":2},{"damage":0,"enemies":"Exordium Wildlife","floor":11,"turns":3},{"damage":1,"enemies":"3 Sentries","floor":14,"turns":2},{"damage":0,"enemies":"Slime Boss","floor":16,"turns":3},{"damage":0,"enemies":"Spheric Guardian","floor":18,"turns":1},{"damage":0,"enemies":"3 Byrds","floor":20,"turns":3},{"damage":0,"enemies":"Sentry and Sphere","floor":21,"turns":3},{"damage":37,"enemies":"Slavers","floor":24,"turns":5},{"damage":0,"enemies":"Snake Plant","floor":25,"turns":2},{"damage":7,"enemies":"Centurion and Healer","floor":28,"turns":3},{"damage":8,"enemies":"Shelled Parasite and Fungi","floor":30,"turns":3},{"damage":0,"enemies":"Book of Stabbing","floor":31,"turns":2},{"damage":56,"enemies":"Automaton","floor":33,"turns":8},{"damage":8,"enemies":"3 Shapes","floor":35,"turns":7},{"damage":24,"enemies":"Orb Walker","floor":37,"turns":5},{"damage":80,"enemies":"Giant Head","floor":41,"turns":6}],"seed_played":"5827400257995738506","potions_obtained":[{"floor":2.0,"key":"EssenceOfSteel"},{"floor":6.0,"key":"EntropicBrew"},{"floor":11,"key":"SmokeBomb"},{"floor":14,"key":"AttackPotion"},{"floor":16,"key":"AttackPotion"},{"floor":18,"key":"DuplicationPotion"},{"floor":21,"key":"BottledMiracle"},{"floor":24,"key":"Swift Potion"},{"floor":33,"key":"Fruit Juice"},{"floor":35,"key":"PowerPotion"}],"is_trial":false,"path_per_floor":["M","M","$","M","$","E","R","E","T","?","M","$","?","E","R","B",null,"M","?","M","M","?","R","E","M","T","R","M","R","M","E","R","B",null,"M","?","M","?","?","R","E"],"character_chosen":"WATCHER","items_purchased":["BattleHymn"],"campfire_rested":3,"item_purchase_floors":[3],"current_hp_per_floor":[72,72,72,67,67,54,54,54,54,47,47,47,47,46,67,67,72,72,72,72,72,72,72,35,35,35,56,49,49,41,41,62,11,77,69,69,45,45,45,45,0,0],"gold":0,"neow_bonus":"BOSS_RELIC","is_daily":false,"chose_seed":false,"campfire_upgraded":4,"win_rate":0.0,"timestamp":1610777829,"path_taken":["M","M","?","M","?","E","R","E","T","?","M","$","?","E","R","BOSS","M","?","M","M","?","R","E","M","T","R","M","R","M","E","R","BOSS","M","?","?","?","?","R","E"],"items_purchased_type":["Card"],"build_version":"2020-12-22","purchased_purges":0,"victory":false,"max_hp_per_floor":[72,72,72,72,72,72,72,72,72,72,72,72,72,72,72,72,72,72,72,72,72,72,72,72,72,72,72,72,72,72,72,72,77,77,77,77,77,77,77,77,77,77],"card_choices":[{"not_picked":["Prostrate","Consecrate"],"picked":"SashWhip","floor":1.0},{"not_picked":["Nirvana","JustLucky"],"picked":"Study","floor":2.0},{"not_picked":["PathToVictory","Study"],"picked":"Sanctity","floor":4.0},{"not_picked":["SignatureMove","ClearTheMind"],"picked":"Conclude","floor":6.0},{"not_picked":["EmptyFist","Protect"],"picked":"Judgement","floor":8},{"not_picked":["Evaluate","Halt"],"picked":"EmptyFist","floor":11},{"not_picked":["Perseverance","Fasting2"],"picked":"EmptyBody","floor":14},{"not_picked":["SpiritShield","DeusExMachina"],"picked":"MasterReality","floor":16},{"not_picked":["ClearTheMind","FlyingSleeves","JustLucky"],"picked":"SKIP","floor":18},{"not_picked":["SashWhip","Nirvana"],"picked":"Tantrum","floor":20},{"not_picked":["Indignation+1","Wallop"],"picked":"FollowUp+1","floor":21},{"not_picked":["SandsOfTime","LikeWater","PathToVictory"],"picked":"SKIP","floor":24},{"not_picked":["Evaluate","EmptyBody"],"picked":"Brilliance","floor":25},{"not_picked":["CrushJoints","Consecrate"],"picked":"Prostrate","floor":28},{"not_picked":["LikeWater","Crescendo","Meditate"],"picked":"SKIP","floor":30},{"not_picked":["MasterReality","Scrawl"],"picked":"Ragnarok","floor":33},{"not_picked":["MentalFortress+1","CutThroughFate","EmptyFist"],"picked":"SKIP","floor":35},{"not_picked":["SashWhip","Meditate+1","Consecrate"],"picked":"SKIP","floor":37}],"player_experience":1374404,"relics_obtained":[],"event_choices":[{"cards_removed":["Strike_P"],"damage_healed":0,"gold_gain":0,"player_choice":"Card Removal","damage_taken":7,"max_hp_gain":0,"max_hp_loss":0,"event_name":"Golden Wing","floor":10,"gold_loss":0},{"damage_healed":0,"gold_gain":0,"player_choice":"Ignored","damage_taken":0,"max_hp_gain":0,"max_hp_loss":0,"event_name":"Shining Light","floor":13,"gold_loss":0},{"damage_healed":0,"gold_gain":0,"player_choice":"Ignored","damage_taken":0,"max_hp_gain":0,"max_hp_loss":0,"event_name":"Cursed Tome","floor":19,"gold_loss":0},{"damage_healed":0,"gold_gain":0,"player_choice":"Paid Fearfully","damage_taken":0,"max_hp_gain":0,"max_hp_loss":0,"event_name":"Masked Bandits","floor":22,"gold_loss":28},{"damage_healed":0,"gold_gain":0,"player_choice":"0 cards matched","damage_taken":0,"max_hp_gain":0,"max_hp_loss":0,"event_name":"Match and Keep!","floor":36,"gold_loss":0,"cards_obtained":[]},{"cards_removed":["Strike_P"],"damage_healed":0,"gold_gain":0,"player_choice":"Removed Attack","damage_taken":0,"max_hp_gain":0,"max_hp_loss":0,"event_name":"Falling","floor":38,"gold_loss":0},{"damage_healed":0,"gold_gain":0,"player_choice":"Cursed","damage_taken":0,"max_hp_gain":0,"max_hp_loss":0,"event_name":"Wheel of Change","floor":39,"gold_loss":0,"cards_obtained":["Decay"]}],"is_beta":false,"boss_relics":[{"not_picked":["Velvet Choker","Snecko Eye","Black Star"]},{"not_picked":["Empty Cage","Philosopher\u0027s Stone","Coffee Dripper"]}],"items_purged_floors":[],"is_endless":false,"potions_floor_spawned":[2,6,11,14,16,18,21,24,31,33,35],"killed_by":"Giant Head","ascension_level":0}}