{"host":"6efts020nftxfcgy","time":1610817463,"event":{"mods":["BaseMod","Conspire","Hubris","Infinite Spire","Minty Spire (QoL Compilation)","Poor People Problems","Relic Sorter","Relic Stats","Replay The Spire","Shop Mod","StSLib","SuperFastMode"],"gold_per_floor":[99,112,112,112,143,143,160,186,213,93,93,124,154,54,54,156,156,173,173,187,63,63,63,63,88,88,88,123,154,154,29,29,128,128,151,177,208,232,89,129,166,166,166,207,157,157,214,214,214,347,347,347,125,192,192,192],"floor_reached":55,"language":"ENG","playtime":13577,"items_purged":["Defend_P+1","Defend_P","Strike_P","FlyingSleeves"],"score":1016,"play_id":"a0fd2cba-237c-44df-b4ca-f99bf9420d90","local_time":"20210116171743","daily_mods":["Heirloom","Time Dilation","Flight"],"is_ascension_mode":false,"campfire_choices":[{"data":"Eruption","floor":6.0,"key":"SMITH"},{"data":"Adaptation","floor":11.0,"key":"SMITH"},{"data":"FlurryOfBlows","floor":15.0,"key":"SMITH"},{"data":"Study","floor":23.0,"key":"SMITH"},{"data":"Vigilance","floor":32.0,"key":"SMITH"},{"data":"DevaForm","floor":42,"key":"SMITH"},{"data":"infinitespire:SevenWalls","floor":52,"key":"SMITH"}],"circlet_count":0,"master_deck":["Strike_P","Strike_P","Defend_P","Eruption+1","Vigilance+1","ForeignInfluence+1","Steam","Adaptation+1","Halt","ClearTheMind","FlurryOfBlows+1","Establishment","Prostrate","Study+1","CutThroughFate","CutThroughFate","DevaForm+1","Prostrate+1","CrushJoints+1","JustLucky+1","CarveReality+1","FollowUp+1","FlurryOfBlows+1","conspire:SpireCoStock","EmptyFist+1","infinitespire:SevenWalls+1","Devotion","Nirvana"],"relics":["PureWater","hubris:Icosahedron","Ring of Chaos","hubris:CuriousFeather","Oddly Smooth Stone","Replay:Mystery Machine","Ancient Tea Set","Replay:Rubber Ducky","ReplayTheSpireMod:Shallot","hubris:TerracottaHorce","hubris:BottledHeart","Boot","Blood Vial","Gambling Chip","Potion Belt","infinitespire:Beetle Shell","Coffee Dripper","infinitespire:EvilPickle","conspire:TreasureMap","conspire:TopHat","Damaru","ReplayFunnel","Strawberry","StrikeDummy","Orichalcum","hubris:VirtuousBlindfold","infinitespire:PuzzleCube","Replay:Bottled Flurry"],"acts_visited":["Exordium","TheCity","TheBeyond","TheEnding"],"potions_floor_usage":[50,50,54,55,55],"damage_taken":[{"damage":0.0,"enemies":"Small Slimes","floor":2.0,"turns":2.0},{"damage":18.0,"enemies":"conspire:MimicChest","floor":5.0,"turns":3.0},{"damage":0.0,"enemies":"Jaw Worm","floor":7.0,"turns":3.0},{"damage":0.0,"enemies":"3 Sentries","floor":12.0,"turns":6.0},{"damage":0.0,"enemies":"Gremlin Nob","floor":13.0,"turns":1.0},{"damage":2.0,"enemies":"Slime Boss","floor":16.0,"turns":5.0},{"damage":0.0,"enemies":"Spheric Guardian","floor":18.0,"turns":3.0},{"damage":8.0,"enemies":"Shell Parasite","floor":20.0,"turns":3.0},{"damage":0.0,"enemies":"Book of Stabbing","floor":25.0,"turns":2.0},{"damage":0.0,"enemies":"Gremlin Leader","floor":28.0,"turns":3.0},{"damage":0.0,"enemies":"Book of Stabbing","floor":29.0,"turns":4.0},{"damage":0.0,"enemies":"Pondfish","floor":33.0,"turns":4.0},{"damage":0.0,"enemies":"3 Shapes","floor":35.0,"turns":2.0},{"damage":0.0,"enemies":"3 Darklings","floor":36.0,"turns":2.0},{"damage":0.0,"enemies":"Transient","floor":37.0,"turns":5.0},{"damage":0.0,"enemies":"Sphere and 2 Shapes","floor":38.0,"turns":3.0},{"damage":0.0,"enemies":"Nightmare","floor":40.0,"turns":5.0},{"damage":0,"enemies":"Giant Head","floor":41,"turns":5},{"damage":0,"enemies":"Nemesis","floor":44,"turns":3},{"damage":0,"enemies":"Giant Head","floor":47,"turns":3},{"damage":0,"enemies":"Replay:Hell Engine","floor":50,"turns":5},{"damage":0,"enemies":"Shield and Spear","floor":54,"turns":5},{"damage":10,"enemies":"The Heart","floor":55,"turns":3}],"seed_played":"-1981729586854589215","potions_obtained":[{"floor":5.0,"key":"SteroidPotion"},{"floor":7.0,"key":"Swift Potion"},{"floor":12.0,"key":"Reflective Coating"},{"floor":16.0,"key":"Swift Potion"},{"floor":20.0,"key":"Elixir"},{"floor":28.0,"key":"EssenceOfSteel"},{"floor":29.0,"key":"Milkshake"},{"floor":35.0,"key":"Explosive Potion"},{"floor":38.0,"key":"Weak Potion"},{"floor":47,"key":"FearPotion"},{"floor":50,"key":"ColorlessPotion"}],"is_trial":true,"path_per_floor":["?","M","?","?","?","R","M","T","T","$","R","E","E","$","R","B",null,"M","?","M","$","?","R","?","E","T","$","E","E","T","$","R","B",null,"M","M","M","M","$","NM","E","R","T","E","?","AVR","E","?","R","B",null,"R","$","E","B"],"character_chosen":"WATCHER","items_purchased":["FlurryOfBlows","Study","CutThroughFate","conspire:TreasureMap","Nirvana","infinitespire:PuzzleCube"],"campfire_rested":0,"item_purchase_floors":[10,21,21,39,53,53],"current_hp_per_floor":[72,72,58,63,45,45,45,45,45,45,45,45,45,45,45,43,69,69,69,61,61,1,1,1,1,1,1,1,1,1,1,1,1,1,1,1,1,1,1,1,1,1,1,1,1,1,1,1,1,1,1,1,1,1,0,0],"gold":192,"neow_bonus":"","is_daily":false,"chose_seed":false,"campfire_upgraded":7,"win_rate":0.0,"timestamp":1610817463,"path_taken":["?","M","?","?","?","R","M","?","T","$","R","E","E","$","R","BOSS","M","?","M","$","?","R","?","E","T","$","E","E","?","?","R","BOSS","M","M","M","M","$","NM","E","R","T","E","?","AVR","E","?","R","BOSS","R","$","E","BOSS"],"items_purchased_type":["Card","Card","Card","Relic","Card","Relic"],"build_version":"2020-12-22","purchased_purges":4,"victory":false,"max_hp_per_floor":[72,72,72,77,77,77,77,77,77,77,77,77,77,77,77,77,77,77,77,77,77,1,1,1,1,1,1,1,1,1,1,1,1,1,1,1,1,1,1,1,1,1,1,1,1,1,1,1,1,1,1,1,1,1,1,1],"relic_stats":{"Blood Vial":0,"counters":[23,80],"Gambling Chip":[15],"Orichalcum":[18],"Boot":[11],"obtain_stats":[{"ReplayFunnel":43,"hubris:VirtuousBlindfold":51,"Replay:Mystery Machine":8,"Ancient Tea Set":9,"Boot":25,"conspire:TopHat":40,"Replay:Rubber Ducky":12,"hubris:TerracottaHorce":17,"Blood Vial":26,"hubris:Icosahedron":19,"Gambling Chip":28,"Strawberry":44,"hubris:CuriousFeather":0,"Replay:Bottled Flurry":54,"Potion Belt":29,"conspire:TreasureMap":39,"Oddly Smooth Stone":5,"Damaru":41,"Ring of Chaos":0,"infinitespire:Beetle Shell":30,"Orichalcum":47,"infinitespire:EvilPickle":34,"ReplayTheSpireMod:Shallot":13,"hubris:BottledHeart":22,"Coffee Dripper":34,"PureWater":0,"StrikeDummy":46,"infinitespire:PuzzleCube":53},{"ReplayFunnel":18,"hubris:VirtuousBlindfold":21,"Replay:Mystery Machine":3,"Ancient Tea Set":3,"Boot":9,"conspire:TopHat":17,"Replay:Rubber Ducky":4,"hubris:TerracottaHorce":6,"Blood Vial":9,"hubris:Icosahedron":7,"Gambling Chip":10,"Strawberry":19,"hubris:CuriousFeather":0,"Replay:Bottled Flurry":22,"Potion Belt":11,"conspire:TreasureMap":16,"Oddly Smooth Stone":2,"Damaru":18,"Ring of Chaos":0,"infinitespire:Beetle Shell":11,"Orichalcum":20,"infinitespire:EvilPickle":12,"ReplayTheSpireMod:Shallot":5,"hubris:BottledHeart":8,"Coffee Dripper":12,"PureWater":0,"StrikeDummy":19,"infinitespire:PuzzleCube":21},{"ReplayFunnel":61,"hubris:VirtuousBlindfold":72,"Replay:Mystery Machine":8,"Ancient Tea Set":8,"Boot":28,"conspire:TopHat":56,"Replay:Rubber Ducky":14,"hubris:TerracottaHorce":20,"Blood Vial":28,"hubris:Icosahedron":23,"Gambling Chip":31,"Strawberry":64,"hubris:CuriousFeather":0,"Replay:Bottled Flurry":77,"Potion Belt":35,"conspire:TreasureMap":51,"Oddly Smooth Stone":5,"Damaru":61,"Ring of Chaos":0,"infinitespire:Beetle Shell":35,"Orichalcum":67,"infinitespire:EvilPickle":39,"ReplayTheSpireMod:Shallot":15,"hubris:BottledHeart":26,"Coffee Dripper":39,"PureWater":0,"StrikeDummy":64,"infinitespire:PuzzleCube":72}]},"card_choices":[{"not_picked":["EmptyMind","Crescendo"],"picked":"Adaptation","floor":2.0},{"not_picked":["Replay:Battleflow","WaveOfTheHand"],"picked":"Halt","floor":5.0},{"not_picked":["Replay:ManipulateFuture","SashWhip"],"picked":"ClearTheMind","floor":7.0},{"not_picked":["SandsOfTime","Adaptation"],"picked":"Establishment","floor":12.0},{"not_picked":["EmptyFist","SashWhip","Worship"],"picked":"SKIP","floor":13.0},{"not_picked":["FollowUp+1","ClearTheMind+1","FlurryOfBlows+1"],"picked":"SKIP","floor":18.0},{"not_picked":["Evaluate","JustLucky"],"picked":"Prostrate","floor":20.0},{"not_picked":["EmptyBody","MasterReality","Consecrate"],"picked":"SKIP","floor":25.0},{"not_picked":["Blasphemy","Study","Replay:BluntJabs"],"picked":"SKIP","floor":28.0},{"not_picked":["Blasphemy","Study","Replay:BluntJabs"],"picked":"SKIP","floor":28.0},{"not_picked":["Replay:AtTheReady","Replay:ManipulateFuture"],"picked":"CutThroughFate","floor":29.0},{"not_picked":["DeusExMachina","Judgement"],"picked":"DevaForm","floor":33.0},{"not_picked":["EmptyMind","BowlingBash"],"picked":"Prostrate+1","floor":35.0},{"not_picked":["Evaluate+1","InnerPeace"],"picked":"FlyingSleeves","floor":36.0},{"not_picked":["ClearTheMind","Collect"],"picked":"CrushJoints+1","floor":37.0},{"not_picked":["Crescendo+1","SandsOfTime+1"],"picked":"JustLucky+1","floor":38.0},{"not_picked":["Consecrate","Vengeance"],"picked":"CarveReality+1","floor":40},{"not_picked":["Swivel","BowlingBash"],"picked":"FollowUp+1","floor":41},{"not_picked":["JustLucky","Replay:Battleflow"],"picked":"FlurryOfBlows+1","floor":44},{"not_picked":["Prostrate+1","ClearTheMind"],"picked":"EmptyFist","floor":47},{"not_picked":["infinitespire:Fortify","infinitespire:Starlight"],"picked":"infinitespire:SevenWalls","floor":49},{"not_picked":["Establishment","Blasphemy"],"picked":"Devotion","floor":50},{"not_picked":["InnerPeace","CrushJoints","Protect"],"picked":"SKIP","floor":54}],"player_experience":322052,"relics_obtained":[{"floor":5.0,"key":"Oddly Smooth Stone"},{"floor":8.0,"key":"Replay:Mystery Machine"},{"floor":9.0,"key":"Ancient Tea Set"},{"floor":12.0,"key":"Replay:Rubber Ducky"},{"floor":13.0,"key":"ReplayTheSpireMod:Shallot"},{"floor":25.0,"key":"Boot"},{"floor":26.0,"key":"Blood Vial"},{"floor":28.0,"key":"Gambling Chip"},{"floor":29.0,"key":"Potion Belt"},{"floor":30.0,"key":"infinitespire:Beetle Shell"},{"floor":40,"key":"conspire:TopHat"},{"floor":41,"key":"Damaru"},{"floor":43,"key":"ReplayFunnel"},{"floor":44,"key":"Strawberry"},{"floor":47,"key":"Orichalcum"},{"floor":54,"key":"Replay:Bottled Flurry"}],"event_choices":[{"damage_healed":0.0,"max_hp_gain":0.0,"max_hp_loss":0.0,"gold_gain":0.0,"event_name":"Shining Light","player_choice":"Entered Light","floor":3.0,"gold_loss":0.0,"damage_taken":14.0,"cards_upgraded":["Defend_P","ForeignInfluence"]},{"damage_healed":0.0,"max_hp_gain":5.0,"max_hp_loss":0.0,"gold_gain":0.0,"event_name":"Big Fish","player_choice":"Donut","floor":4.0,"gold_loss":0.0,"damage_taken":0.0},{"damage_healed":0.0,"max_hp_gain":0.0,"max_hp_loss":0.0,"gold_gain":0.0,"event_name":"Vampires","player_choice":"Ignored","floor":24.0,"gold_loss":0.0,"damage_taken":0.0},{"damage_healed":0,"gold_gain":0,"player_choice":"Invest 1","damage_taken":0,"max_hp_gain":0,"max_hp_loss":0,"event_name":"conspire:Investor","floor":45,"gold_loss":0}],"is_beta":false,"boss_relics":[{"not_picked":["ReplayTheSpireMod:DimensionalGlitch","Ectoplasm"],"picked":"hubris:TerracottaHorce"},{"not_picked":["Sozu","infinitespire:Cupcake"],"picked":"Coffee Dripper"},{"not_picked":["Kintsugi","conspire:RoyalGoblet"],"picked":"hubris:VirtuousBlindfold"}],"items_purged_floors":[10,14,31,46],"is_endless":true,"potions_floor_spawned":[5,7,12,16,20,28,29,35,38,47,50],"killed_by":"The Heart","ascension_level":0}}