{"host":"w2kjv12xyhtt0cv2","time":1610806999,"event":{"mods":["Act Like it!","BaseMod","Colored Map","Friendly Minions","Gensokyo","Highlight Path","Hubris","Kiyohime（清姬）","Marisa（F雨　魔理沙）","Minty Spire (QoL Compilation)","Quick Restart","Reimu（博丽灵梦）","Relic Stats","Replay The Spire","RumiaBox-露米娅的神秘盒子","Shop Mod","Spicy Shops","StSLib","The Cursed","The Servant 0.9.4","UnlockEverythingMod","Waifu the Spire","[功能]功能增强和修复MOD","vexMod","【功能Mod】Neow奖励","【遗物卡牌】REMEMod","没有小屋子和绿帽子啦"],"gold_per_floor":[110,124,124,143,213,242,340,365,412,474,474,492,502,502,502,574,574,588,102,52,52,52,52,82,95,95,120,135,135,151,179,179,255,255,272,291,19,44,55,84,98,113,113,128,213,213,240,340,340,340,340,340,372,402,402],"floor_reached":56,"playtime":2628,"items_purged":["KiyohimeMod:Defend","KiyohimeMod:Defend","KiyohimeMod:Defend"],"score":2280,"play_id":"c365a2cf-4823-40a3-a0ce-2dea6d9c44c7","local_time":"20210116222319","is_ascension_mode":true,"campfire_choices":[{"data":"Gensokyo:CrescentMoonSlash","floor":11.0,"key":"SMITH"},{"data":"KiyohimeMod:Track","floor":15.0,"key":"SMITH"},{"data":"KiyohimeMod:FlameKiss","floor":23.0,"key":"SMITH"},{"data":"KiyohimeMod:Shapeshift","floor":29.0,"key":"SMITH"},{"data":"KiyohimeMod:GoldenCarpFigure","floor":32.0,"key":"SMITH"},{"data":"KiyohimeMod:Preemptive","floor":46,"key":"SMITH"},{"floor":49,"key":"RECALL"},{"floor":52,"key":"DIG"}],"circlet_count":0,"master_deck":["AscendersBane","KiyohimeMod:Strike","KiyohimeMod:Strike","KiyohimeMod:Strike","KiyohimeMod:Strike","KiyohimeMod:Track+1","KiyohimeMod:FlameKiss+1","KiyohimeMod:Shapeshift+1","All For One","Gensokyo:CrescentMoonSlash+1","KiyohimeMod:GoldenCarpFigure","KiyohimeMod:GoldenCarpFigure+1","KiyohimeMod:ImaginaryNumberMagecraft","KiyohimeMod:EatSoul+1","KiyohimeMod:CelestialInvertedMoon","KiyohimeMod:ExSpicyMapoTofu+1","KiyohimeMod:GreenBlackKey+1","KiyohimeMod:Preemptive+1","KiyohimeMod:CommandCard_Buster","KiyohimeMod:FirstPremonition+1","Parasite","All For One","KiyohimeMod:HeroCreation+1","Deep Breath+1"],"relics":["REME_ComplimentaryCards","vexMod:CursedCompass","KiyohimeMod:HolyShroudOfMagdalene","ReplayFunnel","ReplayTheSpireMod:Lightbulb","Meat on the Bone","MealTicket","ReplayTheSpireMod:Ninjato","hubris:Towel","Painkiller Herb","Simple Rune","hubris:Potato","hubris:Icosahedron","Gensokyo:DirgeOfMelancholy","Replay:Mystery Machine","hubris:64BitClover","vexMod:ScavengeHelm","KiyohimeMod:TerritoryCreation","Ring of Chaos","Ice Cream","hubris:EmptyBottle","Replay:PocketPolymizer","Toxic Egg 2","Mirror","vexMod:BarristanHead","Shovel","Gremlin Horn","Akabeko","hubris:NiceRug","ChaoDraw","Bronze Scales","OrangePellets","Blood Vial","DollysMirror","GodSword4"],"acts_visited":["Gensokyo:Gensokyo","Gensokyo:Gensokyoer","TheBeyond","TheEnding"],"potions_floor_usage":[40,40,41,41,41,45,45,50,55,55],"damage_taken":[{"damage":0.0,"enemies":"Gensokyo:3_Fairies","floor":1.0,"turns":4.0},{"damage":0.0,"enemies":"Gensokyo:Gryphon","floor":2.0,"turns":2.0},{"damage":6.0,"enemies":"Gensokyo:2_Kodama","floor":4.0,"turns":3.0},{"damage":4.0,"enemies":"Gensokyo:Cirno","floor":6.0,"turns":4.0},{"damage":0.0,"enemies":"Gensokyo:Mamizou","floor":8.0,"turns":5.0},{"damage":3.0,"enemies":"Gensokyo:Cirno","floor":10.0,"turns":5.0},{"damage":4.0,"enemies":"Gensokyo:CorruptedTreant","floor":12.0,"turns":1.0},{"damage":0.0,"enemies":"Gensokyo:LivingMonolith","floor":13.0,"turns":2.0},{"damage":1.0,"enemies":"Gensokyo:Kokoro","floor":16.0,"turns":4.0},{"damage":0.0,"enemies":"Gensokyo:Chomper","floor":18.0,"turns":2.0},{"damage":8.0,"enemies":"Gensokyo:Koishi","floor":24.0,"turns":4.0},{"damage":0.0,"enemies":"Gensokyo:CosmicMonolith","floor":25.0,"turns":1.0},{"damage":0.0,"enemies":"Gensokyo:Reisen","floor":27.0,"turns":2.0},{"damage":0.0,"enemies":"Gensokyo:Chomper_and_Gloop","floor":28.0,"turns":2.0},{"damage":0.0,"enemies":"Gensokyo:Swordslinger","floor":30.0,"turns":2.0},{"damage":1.0,"enemies":"Gensokyo:Koishi","floor":31.0,"turns":4.0},{"damage":6.0,"enemies":"Gensokyo:Eiki","floor":33.0,"turns":3.0},{"damage":0.0,"enemies":"Orb Walker","floor":35.0,"turns":3.0},{"damage":3.0,"enemies":"3 Darklings","floor":36.0,"turns":3.0},{"damage":0.0,"enemies":"Mind Bloom Boss Battle","floor":38.0,"turns":5.0},{"damage":0.0,"enemies":"Sphere and 2 Shapes","floor":39.0,"turns":3.0},{"damage":0,"enemies":"R_Hoarder","floor":40,"turns":3},{"damage":0,"enemies":"4 Shapes","floor":41,"turns":2},{"damage":0,"enemies":"Writhing Mass","floor":42,"turns":2},{"damage":1,"enemies":"Spire Growth","floor":44,"turns":2},{"damage":0,"enemies":"Reptomancer","floor":45,"turns":2},{"damage":2,"enemies":"Giant Head","floor":47,"turns":2},{"damage":8,"enemies":"Time Eater","floor":50,"turns":3},{"damage":0,"enemies":"hubris:Merchant","floor":53,"turns":2},{"damage":0,"enemies":"Shield and Spear","floor":54,"turns":2},{"damage":0,"enemies":"The Heart","floor":55,"turns":3}],"seed_played":"3539775251020797298","potions_obtained":[{"floor":2.0,"key":"CultistPotion"},{"floor":8.0,"key":"REME_GoldPotion"},{"floor":10.0,"key":"Reflective Coating"},{"floor":16.0,"key":"DistilledChaos"},{"floor":16.0,"key":"Elixir"},{"floor":27.0,"key":"LiquidBronze"},{"floor":28.0,"key":"GamblersBrew"},{"floor":31.0,"key":"PowerPotion"},{"floor":33.0,"key":"Weak Potion"},{"floor":35.0,"key":"ColorlessPotion"},{"floor":39.0,"key":"AttackPotion"},{"floor":40,"key":"DuplicationPotion"},{"floor":42,"key":"DuplicationPotion"},{"floor":44,"key":"REME_GoldPotion"},{"floor":53,"key":"MagicPotion:ReiMu"},{"floor":53,"key":"ColorlessPotion"}],"is_trial":false,"path_per_floor":["M","M","?","M","T","E","?","E","T","E","R","M","M","?","R","B",null,"?","T","?","?","?","T","E","?","T","E","?","T","?","E","T","B",null,"?","?","T","?","?","E","?","?","T","?","E","T","E","?","T","B",null,"T","T","E","B",null],"character_chosen":"Kiyohime","items_purchased":["Simple Rune","hubris:Potato","Ice Cream","hubris:EmptyBottle","Akabeko"],"campfire_rested":0,"item_purchase_floors":[19,19,37,37,53],"current_hp_per_floor":[54,54,45,39,39,35,35,35,35,32,32,40,40,40,40,39,55,55,60,67,67,67,67,59,59,59,59,59,59,59,58,58,52,63,63,60,67,67,67,67,67,67,67,66,67,67,65,65,65,57,65,65,67,67,67],"gold":402,"neow_bonus":"BOSS_RELIC","is_daily":false,"chose_seed":false,"campfire_upgraded":6,"win_rate":0.0,"timestamp":1610806999,"path_taken":["M","?","?","M","?","E","?","E","T","E","R","?","E","?","R","BOSS","?","T","?","?","?","T","E","?","T","E","?","T","?","E","T","BOSS","?","?","T","?","?","E","?","?","T","?","E","T","E","?","T","BOSS","T","T","E","BOSS"],"items_purchased_type":["Relic","Relic","Relic","Relic","Relic"],"build_version":"2020-12-22","purchased_purges":3,"victory":true,"max_hp_per_floor":[60,60,60,60,60,60,60,60,60,60,60,60,60,60,60,60,60,60,60,67,67,67,67,67,67,67,67,67,67,67,67,67,67,67,67,67,67,67,67,67,67,67,67,67,67,67,67,67,67,67,67,67,67,67,67],"relic_stats":{"Blood Vial":0,"OrangePellets":[0],"Shovel":1,"Gremlin Horn":[2,2],"counters":[31,87],"Bronze Scales":[45],"MealTicket":14,"obtain_stats":[{"ReplayFunnel":6,"Ice Cream":37,"Replay:PocketPolymizer":38,"Gremlin Horn":52,"Painkiller Herb":17,"KiyohimeMod:HolyShroudOfMagdalene":5,"Replay:Mystery Machine":24,"hubris:EmptyBottle":37,"Blood Vial":53,"KiyohimeMod:FireDragon":0,"Frozen Eye":24,"hubris:Icosahedron":21,"Shovel":47,"DollysMirror":53,"MealTicket":9,"Toxic Egg 2":40,"ReplayTheSpireMod:Ninjato":10,"Gensokyo:DirgeOfMelancholy":22,"hubris:64BitClover":26,"vexMod:ScavengeHelm":27,"Ring of Chaos":34,"hubris:Towel":14,"Akabeko":53,"ChaoDraw":53,"OrangePellets":53,"vexMod:BarristanHead":45,"Bronze Scales":53,"Simple Rune":19,"vexMod:CursedCompass":0,"KiyohimeMod:TerritoryCreation":31,"GodSword4":54,"ReplayTheSpireMod:Lightbulb":7,"Mirror":41,"hubris:Potato":19,"REME_ComplimentaryCards":0,"Meat on the Bone":8,"hubris:NiceRug":53},{"ReplayFunnel":4,"Ice Cream":19,"Replay:PocketPolymizer":20,"Gremlin Horn":28,"Painkiller Herb":9,"KiyohimeMod:HolyShroudOfMagdalene":3,"Replay:Mystery Machine":11,"hubris:EmptyBottle":19,"Blood Vial":29,"KiyohimeMod:FireDragon":0,"Frozen Eye":10,"hubris:Icosahedron":10,"Shovel":27,"DollysMirror":29,"MealTicket":5,"Toxic Egg 2":22,"ReplayTheSpireMod:Ninjato":6,"Gensokyo:DirgeOfMelancholy":10,"hubris:64BitClover":12,"vexMod:ScavengeHelm":13,"Ring of Chaos":17,"hubris:Towel":8,"Akabeko":28,"ChaoDraw":29,"OrangePellets":29,"vexMod:BarristanHead":26,"Bronze Scales":29,"Simple Rune":10,"vexMod:CursedCompass":0,"KiyohimeMod:TerritoryCreation":16,"GodSword4":30,"ReplayTheSpireMod:Lightbulb":4,"Mirror":23,"hubris:Potato":10,"REME_ComplimentaryCards":0,"Meat on the Bone":5,"hubris:NiceRug":29},{"ReplayFunnel":13,"Ice Cream":56,"Replay:PocketPolymizer":61,"Gremlin Horn":80,"Painkiller Herb":30,"KiyohimeMod:HolyShroudOfMagdalene":9,"Replay:Mystery Machine":36,"hubris:EmptyBottle":56,"Blood Vial":82,"KiyohimeMod:FireDragon":0,"Frozen Eye":32,"hubris:Icosahedron":32,"Shovel":77,"DollysMirror":82,"MealTicket":18,"Toxic Egg 2":67,"ReplayTheSpireMod:Ninjato":23,"Gensokyo:DirgeOfMelancholy":32,"hubris:64BitClover":37,"vexMod:ScavengeHelm":39,"Ring of Chaos":50,"hubris:Towel":26,"Akabeko":80,"ChaoDraw":82,"OrangePellets":82,"vexMod:BarristanHead":75,"Bronze Scales":82,"Simple Rune":32,"vexMod:CursedCompass":0,"KiyohimeMod:TerritoryCreation":47,"GodSword4":84,"ReplayTheSpireMod:Lightbulb":13,"Mirror":69,"hubris:Potato":32,"REME_ComplimentaryCards":0,"Meat on the Bone":18,"hubris:NiceRug":82}],"Meat on the Bone":12},"card_choices":[{"not_picked":["KiyohimeMod:Berserker","KiyohimeMod:Tenacious","KiyohimeMod:WaterTurn"],"picked":"SKIP","floor":1.0},{"not_picked":["KiyohimeMod:CommandCard_Quick","KiyohimeMod:RedBlackKey","KiyohimeMod:LimitedZeroOver"],"picked":"SKIP","floor":2.0},{"not_picked":["KiyohimeMod:GreenBlackKey","KiyohimeMod:SteelTraining","KiyohimeMod:ExSpicyMapoTofu"],"picked":"SKIP","floor":4.0},{"not_picked":["KiyohimeMod:DragonVein","KiyohimeMod:BlueBlackKey"],"picked":"KiyohimeMod:GoldenCarpFigure","floor":6.0},{"not_picked":["KiyohimeMod:AgainstMagic","KiyohimeMod:GreenBlackKey","KiyohimeMod:Berserker"],"picked":"SKIP","floor":8.0},{"not_picked":["KiyohimeMod:BlueBlackKey","KiyohimeMod:FormalCraft","KiyohimeMod:AgainstMagic"],"picked":"SKIP","floor":10.0},{"not_picked":["KiyohimeMod:ImaginaryAround","KiyohimeMod:CommandCard_Buster","KiyohimeMod:AndSoTheShipConquers"],"picked":"SKIP","floor":12.0},{"not_picked":["KiyohimeMod:Preemptive","KiyohimeMod:ImaginaryAround","KiyohimeMod:CommandCard_Arts"],"picked":"SKIP","floor":13.0},{"not_picked":["KiyohimeMod:CastleOfTheSun","KiyohimeMod:AVerseOfBurningLoveStory"],"picked":"KiyohimeMod:GoldenCarpFigure","floor":16.0},{"not_picked":["KiyohimeMod:CommandCard_Buster","KiyohimeMod:HotSpringOfTheMoon","KiyohimeMod:Preemptive"],"picked":"SKIP","floor":18.0},{"not_picked":["KiyohimeMod:AndSoTheShipConquers","KiyohimeMod:BlueBlackKey","KiyohimeMod:CommandCard_Buster"],"picked":"SKIP","floor":24.0},{"not_picked":["KiyohimeMod:Berserker","KiyohimeMod:LimitedZeroOver","KiyohimeMod:PrismaCosmos"],"picked":"SKIP","floor":25.0},{"not_picked":["KiyohimeMod:WaterTurn","KiyohimeMod:AndSoTheShipConquers","KiyohimeMod:RedBlackKey"],"picked":"SKIP","floor":27.0},{"not_picked":["KiyohimeMod:EatSoul","KiyohimeMod:Preemptive","KiyohimeMod:BlueBlackKey"],"picked":"SKIP","floor":28.0},{"not_picked":["KiyohimeMod:BeastOfBillows","KiyohimeMod:HydraDagger","KiyohimeMod:BlueBlackKey"],"picked":"SKIP","floor":30.0},{"not_picked":["KiyohimeMod:SteelTraining","KiyohimeMod:EatSoul","KiyohimeMod:Servant_Osakabehime"],"picked":"SKIP","floor":31.0},{"not_picked":["KiyohimeMod:PrismaCosmos","KiyohimeMod:HeroCreation"],"picked":"KiyohimeMod:ImaginaryNumberMagecraft","floor":33.0},{"not_picked":["KiyohimeMod:HydraDagger","KiyohimeMod:GreenBlackKey"],"picked":"KiyohimeMod:EatSoul+1","floor":35.0},{"not_picked":["KiyohimeMod:Berserker+1","KiyohimeMod:BlueBlackKey+1","KiyohimeMod:WaterTurn"],"picked":"SKIP","floor":36.0},{"not_picked":["KiyohimeMod:GreenBlackKey","KiyohimeMod:CommandCard_Arts"],"picked":"KiyohimeMod:CelestialInvertedMoon","floor":39.0},{"not_picked":["KiyohimeMod:Berserker","KiyohimeMod:HotSpringOfTheMoon"],"picked":"KiyohimeMod:ExSpicyMapoTofu+1","floor":40},{"not_picked":["KiyohimeMod:GreenBlackKey","KiyohimeMod:BlueBlackKey","KiyohimeMod:SteelTraining+1"],"picked":"SKIP","floor":41},{"not_picked":["KiyohimeMod:EatSoul+1","KiyohimeMod:DragonVein+1"],"picked":"KiyohimeMod:GreenBlackKey+1","floor":42},{"not_picked":["KiyohimeMod:SteelTraining+1","KiyohimeMod:DragonVein+1","KiyohimeMod:BeElegant+1"],"picked":"SKIP","floor":44},{"not_picked":["KiyohimeMod:GoldenCarpFigure+1","KiyohimeMod:SteelTraining+1"],"picked":"KiyohimeMod:Preemptive","floor":45},{"not_picked":["KiyohimeMod:HydraDagger+1","KiyohimeMod:BlueBlackKey"],"picked":"KiyohimeMod:FirstPremonition+1","floor":47},{"not_picked":[],"picked":"KiyohimeMod:HeroCreation+1","floor":53},{"not_picked":[],"picked":"Deep Breath+1","floor":53},{"not_picked":["KiyohimeMod:CommandCard_Arts"],"picked":"SKIP","floor":53},{"not_picked":["KiyohimeMod:GreenBlackKey"],"picked":"SKIP","floor":53},{"not_picked":["KiyohimeMod:WaterTurn+1"],"picked":"SKIP","floor":53},{"not_picked":["KiyohimeMod:Berserker"],"picked":"SKIP","floor":53},{"not_picked":["HandOfGreed"],"picked":"SKIP","floor":53},{"not_picked":["KiyohimeMod:Berserker","KiyohimeMod:AndSoTheShipConquers+1","KiyohimeMod:BlueBlackKey"],"picked":"SKIP","floor":54}],"player_experience":152668,"relics_obtained":[{"floor":5.0,"key":"KiyohimeMod:HolyShroudOfMagdalene"},{"floor":6.0,"key":"ReplayFunnel"},{"floor":7.0,"key":"ReplayTheSpireMod:Lightbulb"},{"floor":8.0,"key":"Meat on the Bone"},{"floor":9.0,"key":"MealTicket"},{"floor":10.0,"key":"ReplayTheSpireMod:Ninjato"},{"floor":24.0,"key":"Replay:Mystery Machine"},{"floor":26.0,"key":"hubris:64BitClover"},{"floor":27.0,"key":"vexMod:ScavengeHelm"},{"floor":31.0,"key":"KiyohimeMod:TerritoryCreation"},{"floor":38.0,"key":"Replay:PocketPolymizer"},{"floor":40,"key":"Toxic Egg 2"},{"floor":41,"key":"Mirror"},{"floor":45,"key":"vexMod:BarristanHead"},{"floor":47,"key":"Shovel"},{"floor":52,"key":"Gremlin Horn"},{"floor":53,"key":"ChaoDraw"},{"floor":53,"key":"Bronze Scales"},{"floor":53,"key":"OrangePellets"},{"floor":53,"key":"Blood Vial"},{"floor":53,"key":"DollysMirror"},{"floor":54,"key":"GodSword4"}],"event_choices":[{"damage_healed":0.0,"max_hp_gain":0.0,"max_hp_loss":0.0,"gold_gain":0.0,"event_name":"MindBloom","player_choice":"Fight","floor":38.0,"gold_loss":0.0,"damage_taken":0.0},{"damage_healed":0,"gold_gain":100,"player_choice":"Pray","damage_taken":0,"max_hp_gain":0,"max_hp_loss":0,"event_name":"Golden Shrine","floor":48,"gold_loss":0}],"is_beta":false,"boss_relics":[{"not_picked":["EasyGame_NEW","Philosopher\u0027s Stone"],"picked":"Painkiller Herb"},{"not_picked":["REME_ChargedStone","REME_DemonsWealth"],"picked":"Ring of Chaos"}],"items_purged_floors":[19,53,53],"is_endless":false,"potions_floor_spawned":[2,8,10,16,16,27,28,31,33,35,39,40,42,44,54],"ascension_level":13}}