{"host":"c3lc60y5x60jlt1y","time":1610810268,"event":{"mods":["AchievementEnabler","BaseMod","Bestiary","Colored Map","Minty Spire (QoL Compilation)","Quick Restart","StSLib","ojb\u0027s Info Mod"],"gold_per_floor":[117,135,135,60,7,39,39,72,72,91,120,139,156,166,166,166,166],"floor_reached":16,"language":"ENG","playtime":767,"items_purged":["Defend_B"],"score":206,"play_id":"279150c9-48d7-491c-a519-3b4d4e8fa34c","local_time":"20210116171748","is_ascension_mode":true,"campfire_choices":[{"data":"Fission","floor":7,"key":"SMITH"},{"data":"Aggregate","floor":15,"key":"SMITH"}],"circlet_count":0,"master_deck":["Strike_B","Strike_B","Strike_B","Strike_B","Defend_B","Defend_B","Defend_B","Zap","Dualcast","Auto Shields+1","Capacitor","Leap","Fission+1","Doom and Gloom","Barrage","Turbo","Tempest","Aggregate+1"],"relics":["Cracked Core","NeowsBlessing","Meat on the Bone","Thread and Needle","Ancient Tea Set","Gremlin Horn"],"acts_visited":["Exordium"],"potions_floor_usage":[8,16,16],"damage_taken":[{"damage":0,"enemies":"Cultist","floor":1,"turns":1},{"damage":0,"enemies":"Jaw Worm","floor":2,"turns":1},{"damage":0,"enemies":"Gremlin Nob","floor":6,"turns":1},{"damage":20,"enemies":"Lagavulin","floor":8,"turns":10},{"damage":0,"enemies":"2 Louse","floor":10,"turns":3},{"damage":12,"enemies":"Gremlin Nob","floor":11,"turns":3},{"damage":2,"enemies":"Looter","floor":12,"turns":4},{"damage":3,"enemies":"2 Fungi Beasts","floor":13,"turns":3},{"damage":0,"enemies":"Large Slime","floor":14,"turns":3},{"damage":48,"enemies":"Hexaghost","floor":16,"turns":11}],"seed_played":"-4350561694828037343","potions_obtained":[{"floor":6,"key":"Regen Potion"},{"floor":10,"key":"CultistPotion"},{"floor":12,"key":"BlessingOfTheForge"},{"floor":13,"key":"CultistPotion"},{"floor":14,"key":"DuplicationPotion"}],"is_trial":false,"path_per_floor":["M","M","?","$","$","E","R","E","T","M","E","M","M","M","R","B"],"character_chosen":"DEFECT","items_purchased":["Leap"],"campfire_rested":0,"item_purchase_floors":[5],"current_hp_per_floor":[68,68,68,68,68,68,68,62,62,62,50,48,45,45,45,0,0],"gold":166,"neow_bonus":"THREE_ENEMY_KILL","is_daily":false,"chose_seed":false,"campfire_upgraded":2,"win_rate":0.0,"timestamp":1610810268,"path_taken":["M","?","?","?","$","E","R","E","T","M","E","?","M","M","R","BOSS"],"items_purchased_type":["Card"],"build_version":"2020-12-22","purchased_purges":1,"victory":false,"max_hp_per_floor":[75,75,75,75,75,75,75,75,75,75,75,75,75,75,75,75,75],"card_choices":[{"not_picked":["Streamline","Go for the Eyes"],"picked":"Auto Shields","floor":1},{"not_picked":["Heatsinks","Storm"],"picked":"Capacitor","floor":2},{"not_picked":["Blizzard","Steam Power"],"picked":"Fission","floor":6},{"not_picked":["Compile Driver","Hello World"],"picked":"Doom and Gloom","floor":8},{"not_picked":["Go for the Eyes","Leap"],"picked":"Barrage","floor":10},{"not_picked":["All For One","Reinforced Body"],"picked":"Turbo","floor":11},{"not_picked":["Double Energy","Conserve Battery","Beam Cell"],"picked":"SKIP","floor":12},{"not_picked":["Streamline","Leap"],"picked":"Tempest","floor":13},{"not_picked":["Gash","Darkness"],"picked":"Aggregate","floor":14}],"player_experience":8118236,"relics_obtained":[{"floor":6,"key":"Meat on the Bone"},{"floor":8,"key":"Thread and Needle"},{"floor":9,"key":"Ancient Tea Set"},{"floor":11,"key":"Gremlin Horn"}],"event_choices":[{"damage_healed":0,"gold_gain":0,"player_choice":"Forge","damage_taken":0,"max_hp_gain":0,"max_hp_loss":0,"event_name":"Accursed Blacksmith","floor":3,"gold_loss":0,"cards_upgraded":["Auto Shields"]}],"is_beta":false,"boss_relics":[],"items_purged_floors":[4],"is_endless":false,"potions_floor_spawned":[6,10,12,13,14],"killed_by":"Hexaghost","ascension_level":8}}