{"host":"l84l8xigz5v5foa2","time":1610780452,"event":{"mods":["2.2 Compatiblity","AchievementEnabler","BaseMod","Better Note","Better Vampires","Card Filter","Colored Map","DeckTracker","Downfall","Gremlin Skip","Highlight Path","Keyboard Shortcuts","Minty Spire (QoL Compilation)","Permanent Neow","Quick Restart","Relic Filter","Relic Stats","StSLib","SuperFastMode","Transform Curses","Unknown Chances"],"gold_per_floor":[99,199,199,213,213,213,238,255,255,269,269,295,312,94,112,112,112,112],"floor_reached":16,"language":"ENG","playtime":583,"items_purged":["downfall:Icky"],"score":200,"play_id":"90e60dec-730e-4692-827b-83bd3ef04321","local_time":"20210116160052","is_ascension_mode":true,"campfire_choices":[{"data":"hexamod:Float","floor":1.0,"key":"SMITH"},{"data":"hexamod:GhostflameBarrier","floor":6.0,"key":"SMITH"},{"data":"hexamod:NightmareStrike","floor":9.0,"key":"SMITH"},{"data":"hexamod:SoulSteal","floor":11.0,"key":"SMITH"}],"circlet_count":0,"master_deck":["AscendersBane","hexamod:Strike","hexamod:Strike","hexamod:Strike","hexamod:Defend","hexamod:Defend","hexamod:Defend","hexamod:Sear","hexamod:Float+1","hexamod:GhostflameBarrier+1","hexamod:SoulSteal+1","hexamod:NightmareStrike+1","hexamod:NightmareStrike","hexamod:GhostOfSpireFuture","hexamod:GhostOfSpirePast","hexamod:GhostShield","hexamod:PhantomFireball","hexamod:SpectralSpark","hexamod:InspiringFlames"],"relics":["hexamod:SpiritBrand","hexamod:BolsterEngine","Bag of Marbles"],"acts_visited":["Exordium"],"potions_floor_usage":[],"damage_taken":[{"damage":2.0,"enemies":"Small Slimes","floor":4.0,"turns":3.0},{"damage":5.0,"enemies":"2 Louse","floor":8.0,"turns":3.0},{"damage":0.0,"enemies":"Jaw Worm","floor":10.0,"turns":3.0},{"damage":10.0,"enemies":"Lagavulin","floor":12.0,"turns":6.0},{"damage":0,"enemies":"2 Fungi Beasts","floor":13,"turns":3},{"damage":3,"enemies":"downfall:FleeingMerchant","floor":14,"turns":4},{"damage":4,"enemies":"Red Slaver","floor":15,"turns":3},{"damage":24,"enemies":"WA_ARCHETYPE_RETAIN","floor":16,"turns":7}],"seed_played":"-4958835731098994341","potions_obtained":[{"floor":4.0,"key":"Explosive Potion"},{"floor":12.0,"key":"BlessingOfTheForge"},{"floor":15,"key":"LiquidMemories"}],"is_trial":false,"path_per_floor":["R","?","?","M","?","R","T","M","R","M","R","E","M","$","M","B"],"character_chosen":"THE_SPIRIT","items_purchased":["hexamod:PhantomFireball","hexamod:SpectralSpark"],"campfire_rested":0,"item_purchase_floors":[14,14],"current_hp_per_floor":[42,42,47,45,45,45,45,40,40,40,40,30,30,27,23,0,0,0],"gold":112,"neow_bonus":"TRANSFORM_TWO_CARDS","is_daily":false,"chose_seed":false,"campfire_upgraded":4,"win_rate":0.0,"timestamp":1610780452,"path_taken":["R","?","?","M","?","R","T","M","R","M","R","E","M","$","M","BOSS"],"items_purchased_type":["Card","Card"],"build_version":"2020-12-22","purchased_purges":1,"victory":false,"max_hp_per_floor":[63,63,68,68,68,68,68,68,68,68,68,68,68,68,68,68,68,68],"relic_stats":{"counters":[8,32],"obtain_stats":[{"Bag of Marbles":12,"hexamod:BolsterEngine":7,"hexamod:SpiritBrand":0},{"Bag of Marbles":4,"hexamod:BolsterEngine":1,"hexamod:SpiritBrand":0},{"Bag of Marbles":15,"hexamod:BolsterEngine":3,"hexamod:SpiritBrand":0}]},"card_choices":[{"not_picked":["hexamod:SkipABeat","hexamod:AdvancingGuard","hexamod:GhostShield"],"picked":"SKIP","floor":4.0},{"not_picked":["hexamod:FastForward","hexamod:BurningTouch"],"picked":"hexamod:NightmareStrike","floor":8.0},{"not_picked":["hexamod:FastForward","hexamod:ShieldOfDarkness"],"picked":"hexamod:NightmareStrike","floor":10.0},{"not_picked":["hexamod:Hexaguard","hexamod:NightmareStrike"],"picked":"hexamod:GhostOfSpireFuture","floor":12.0},{"not_picked":["hexamod:FirstSeal","hexamod:HeatCrush"],"picked":"hexamod:GhostOfSpirePast","floor":13},{"not_picked":["hexamod:FifthSeal","hexamod:FastForward"],"picked":"hexamod:GhostShield","floor":14},{"not_picked":["hexamod:GhostShield","hexamod:ExtraCrispy"],"picked":"hexamod:InspiringFlames","floor":15}],"player_experience":3269600,"relics_obtained":[{"floor":7.0,"key":"hexamod:BolsterEngine"},{"floor":12.0,"key":"Bag of Marbles"}],"event_choices":[{"damage_healed":0.0,"max_hp_gain":5.0,"max_hp_loss":0.0,"gold_gain":0.0,"event_name":"Big Fish","player_choice":"Donut","floor":3.0,"gold_loss":0.0,"damage_taken":0.0}],"is_beta":false,"boss_relics":[],"items_purged_floors":[14],"is_endless":false,"potions_floor_spawned":[4,12,15],"killed_by":"WA_ARCHETYPE_RETAIN","ascension_level":20}}