{"host":"x6165drukuu8ns9f","time":1610834521,"event":{"mods":["2.2 Compatiblity","Act Like it!","Aspiration","BaseMod","CapriCore","ChefMod","Colored Map","Colored Powertips","Conspire","Elementarium","GifTheSpireLib","Hallownest","Hubris","Luminous","Minty Spire (QoL Compilation)","Pale of the Ancients","Robot Space Explorer","Spicy Shops","Spire Birthday Party","StSLib","SuperFastMode","The Alterego","The Blue Laboratory","The Dragon Tamer","The Mystic","The Runesmith","TheSwordswoman","TheWitcher","vexMod"],"gold_per_floor":[132,168,201,74,107,182,182,284,284,284,332,55,136,175,175,469,469,520,565,79,127,166,196,283,6,6,111,186,161,161,206,206,506,656,698,740,419,20,65,164,239,399,399,438,438,525,265,265,265,265,325,358,406,29,29,71,71,150,150,150],"floor_reached":61,"language":"ENG","playtime":2425,"items_purged":["Runesmith:Defend_RS","Runesmith:Defend_RS"],"score":1617,"play_id":"cffca61f-aa22-41d1-9bf0-5fa6a4c4a094","local_time":"20210116230201","daily_mods":["Vintage","Flight","DeadlyEvents","Midas"],"is_ascension_mode":false,"campfire_choices":[{"floor":7,"key":"REST"},{"floor":15,"key":"REST"},{"floor":32,"key":"REST"},{"floor":49,"key":"REST"},{"floor":55,"key":"REST"},{"floor":57,"key":"REST"}],"circlet_count":0,"master_deck":["Runesmith:Strike_RS","Runesmith:Strike_RS","Runesmith:Strike_RS","Runesmith:Strike_RS","Runesmith:Defend_RS","Runesmith:CraftFirestone","Runesmith:Fortify","Runesmith:LithiumIon","Runesmith:HeatExchange","Runesmith:PoweredAnvil","Runesmith:ChiselStab","Iron Wave","Runesmith:LithiumIon","Runesmith:MakeshiftArmor","Runesmith:CraftMagma","Runesmith:UnlimitedPower","Runesmith:Grindstone+1","Runesmith:CraftMagma","Runesmith:GoWithTheFlow","Runesmith:EnergizedChisel","Runesmith:Augment+1","Runesmith:Grindstone","Runesmith:HammerThrow+1","Runesmith:CraftIncendium","Runesmith:CraftPrismatica+1","Runesmith:Firestorm+1","Runesmith:LithiumIon+1","Runesmith:EarthShield","Runesmith:LithiumIon+1","Runesmith:ChaoticBlast","Runesmith:RuneHurl","Runesmith:BackupBattery+1","Runesmith:CraftObretio+1","Runesmith:LithiumIon+1"],"relics":["Runesmith:BrokenRuby","Blood Vial","aspiration:ChemicalBlood","Tiny Chest","vexMod:FocusSash","vexMod:CardConverter","StrikeDummy","Ornamental Fan","vexMod:InvisibilityCloak","Potion Belt","Toy Ornithopter","Centennial Puzzle","Calling Bell","The Courier","Omamori","hubris:Zylophone","Nunchaku","Pantograph","SnafuTest:BearRelic","Runesmith:MiniCore","hubris:TenFootPole","Vajra","Regal Pillow","Bag of Preparation","War Paint","Mercury Hourglass","aspiration:HiddenCompartment","aspiration:FrozenJewel","conspire:DecoderRing","hubris:FunFungus","Frozen Egg 2","Tiny House","Blue Candle","aspiration:FetidBarrel","vexMod:Cooldron","aspiration:Nostalgia","mysticmod:SpellBook","Runesmith:EmergencyProvisions","Sundial","conspire:Dentures","Hallownest:GodTamersBeastRelic","aspiration:Lifesprig","Letter Opener","SnafuTest:CatRelic","Akabeko","Chemical X","PreservedInsect","CeramicFish","paleoftheancients:Timepiece","Spirit Poop","Bottled Lightning","paleoftheancients:SoulOfTheWokeBloke","Bottled Tornado","Happy Flower","Bag of Marbles","Membership Card","Kunai","Strawberry","Orichalcum","conspire:BottledYoYo"],"acts_visited":["Exordium","Hallownest:CityofTears","Hallownest:KingdomsEdge","paleoftheancients:PaleOfTheAncients"],"potions_floor_usage":[6,6,8,16,16,19,23,24,24,35,35,39,39,40,40,40,40,40,40,40,40,41,41,41,41,42,42,42,42,42,42,42,46,50,50,50,50,50,50,50,50,50,50,50,50,50,51,51,51,51,51,52,52,52,52,52,52,52,52,52,52,52,52,56,56,56,56,56,56,56,56,56,60,60,60,60,60,60,60,60,60,60,60,60],"damage_taken":[{"damage":2,"enemies":"Jaw Worm","floor":1,"turns":4},{"damage":2,"enemies":"Cultist","floor":2,"turns":4},{"damage":0,"enemies":"2 Louse","floor":3,"turns":3},{"damage":5,"enemies":"Looter","floor":5,"turns":4},{"damage":31,"enemies":"Gremlin Nob","floor":6,"turns":5},{"damage":20,"enemies":"Lagavulin","floor":8,"turns":6},{"damage":0,"enemies":"2 Fungi Beasts","floor":11,"turns":2},{"damage":15,"enemies":"3 Sentries","floor":13,"turns":6},{"damage":0,"enemies":"3 Louse","floor":14,"turns":3},{"damage":22,"enemies":"Hexaghost","floor":16,"turns":8},{"damage":7,"enemies":"Hallownest:Flukemon_and_Top","floor":18,"turns":6},{"damage":8,"enemies":"Hallownest:3_Youths","floor":19,"turns":5},{"damage":6,"enemies":"Hallownest:Master_and_Novice","floor":21,"turns":4},{"damage":1,"enemies":"Hallownest:Warrior_and_Youth","floor":22,"turns":4},{"damage":10,"enemies":"Hallownest:3_Mistakes","floor":23,"turns":5},{"damage":0,"enemies":"Hallownest:Nosk","floor":24,"turns":6},{"damage":5,"enemies":"Hallownest:eliteSoulWarrior","floor":27,"turns":7},{"damage":3,"enemies":"Hallownest:eliteWatcherKnight","floor":28,"turns":9},{"damage":6,"enemies":"Hallownest:monsterShrumalOgre","floor":31,"turns":5},{"damage":12,"enemies":"Hallownest:BossGrimm","floor":33,"turns":8},{"damage":21,"enemies":"Hallownest:3_Siblings","floor":35,"turns":9},{"damage":8,"enemies":"Hallownest:Shield_Heavy","floor":36,"turns":5},{"damage":43,"enemies":"Hallownest:monsterPrimalAspid","floor":39,"turns":4},{"damage":12,"enemies":"Hallownest:eliteCollector","floor":40,"turns":6},{"damage":17,"enemies":"Hallownest:StalkingDevout","floor":41,"turns":6},{"damage":4,"enemies":"Hallownest:StalkingDevout","floor":42,"turns":5},{"damage":0,"enemies":"Hallownest:StalkingDevout","floor":42,"turns":5},{"damage":8,"enemies":"Hallownest:StalkingDevout","floor":42,"turns":5},{"damage":1,"enemies":"Hallownest:StalkingDevout","floor":42,"turns":3},{"damage":3,"enemies":"Hallownest:Xero_Hu_Marmu","floor":44,"turns":6},{"damage":14,"enemies":"Hallownest:eliteHiveKnight","floor":46,"turns":6},{"damage":101,"enemies":"Hallownest:BossHollowKnight","floor":50,"turns":7},{"damage":2,"enemies":"Hallownest:BossHollowKnight","floor":51,"turns":7},{"damage":96,"enemies":"Hallownest:BossHollowKnight","floor":52,"turns":7},{"damage":17,"enemies":"Hallownest:BossHollowKnight","floor":56,"turns":6},{"damage":134,"enemies":"paleoftheancients:N","floor":60,"turns":10}],"seed_played":"646158495487280615","potions_obtained":[{"floor":1,"key":"blueLaboratory:NullPotion"},{"floor":2,"key":"SneckoOil"},{"floor":3,"key":"BlessingOfTheForge"},{"floor":8,"key":"blueLaboratory:SavagePotion"},{"floor":16,"key":"FearPotion"},{"floor":22,"key":"blueLaboratory:FruitPunch"},{"floor":23,"key":"PowerPotion"},{"floor":33,"key":"SteroidPotion"},{"floor":35,"key":"blueLaboratory:NullPotion"},{"floor":39,"key":"EntropicBrew"},{"floor":40,"key":"EntropicBrew"},{"floor":46,"key":"EntropicBrew"},{"floor":50,"key":"EntropicBrew"},{"floor":52,"key":"EntropicBrew"}],"is_trial":true,"path_per_floor":["M","M","M","$","M","E","R","E","T","?","M","$","E","M","R","B",null,"M","M","$","M","M","M","E","$","T","E","E","?","T","M","R","B",null,"M","M","$","$","M","E","E","?","T","M","T","E","$","T","R","B","M","M","T","$","R","M","R","T","?","B",null],"character_chosen":"RUNESMITH_CLASS","items_purchased":["Runesmith:LithiumIon","Runesmith:HeatExchange","Runesmith:LithiumIon","Potion Belt","Runesmith:MakeshiftArmor","SnafuTest:BearRelic","Runesmith:Grindstone","Runesmith:CraftMagma","Runesmith:GoWithTheFlow","Runesmith:EnergizedChisel","Runesmith:MiniCore","War Paint","Mercury Hourglass","Runesmith:Grindstone","Runesmith:Firestorm+1","Runesmith:LithiumIon+1","Runesmith:EarthShield","vexMod:Cooldron","Runesmith:LithiumIon+1","Runesmith:ChaoticBlast","aspiration:Nostalgia","Chemical X","PreservedInsect","Bag of Marbles","Membership Card","Runesmith:LithiumIon+1","Kunai","Strawberry"],"campfire_rested":6,"item_purchase_floors":[4,4,12,12,12,20,20,20,20,20,20,25,25,25,37,37,37,37,38,38,38,47,47,54,54,54,54,54],"current_hp_per_floor":[68,68,70,70,65,38,59,43,43,45,47,51,40,42,66,72,86,79,78,86,82,83,82,96,98,98,97,98,98,98,94,104,95,111,105,99,105,109,79,111,111,124,124,123,123,123,123,123,127,139,139,122,122,131,150,150,150,150,150,115],"gold":150,"neow_bonus":"","is_daily":false,"chose_seed":false,"campfire_upgraded":0,"win_rate":0.0,"timestamp":1610834521,"path_taken":["M","M","M","$","M","E","R","E","T","?","M","$","E","M","R","BOSS","M","M","$","M","M","M","E","?","T","E","E","?","?","?","R","BOSS","M","?","$","$","M","E","E","?","T","M","?","?","?","?","R","BOSS","M","M","?","$","R","M","R","T","?","BOSS"],"items_purchased_type":["Card","Card","Card","Relic","Card","Relic","Card","Card","Card","Card","Relic","Relic","Relic","Card","Card","Card","Card","Relic","Card","Card","Relic","Relic","Relic","Relic","Relic","Card","Relic","Relic"],"build_version":"2020-12-22","purchased_purges":2,"victory":true,"max_hp_per_floor":[70,70,70,70,70,72,72,74,74,76,76,80,82,82,82,84,86,86,86,94,94,94,96,98,100,100,102,104,104,104,104,104,106,111,111,111,117,121,121,123,125,125,125,125,125,127,127,127,127,139,139,141,141,150,150,150,150,150,150,150],"card_choices":[{"not_picked":["Runesmith:Overpower","Runesmith:EarthShield"],"picked":"Runesmith:PoweredAnvil","floor":6},{"not_picked":["Runesmith:Reinforce","Runesmith:NanitesCloud"],"picked":"Runesmith:ChiselStab","floor":8},{"not_picked":["Runesmith:MetallurgicalResearch","Runesmith:Overpower"],"picked":"Runesmith:CraftMagma","floor":13},{"not_picked":["Runesmith:LightningRod","Runesmith:Supernova"],"picked":"Runesmith:UnlimitedPower","floor":16},{"not_picked":["Runesmith:MakeshiftArmor+1","Runesmith:HeatExchange+1"],"picked":"Runesmith:Augment","floor":24},{"not_picked":["Runesmith:Overpower","Runesmith:UnlimitedPower"],"picked":"Runesmith:HammerThrow+1","floor":27},{"not_picked":["Runesmith:GoWithTheFlow","Runesmith:MetallurgicalResearch"],"picked":"Runesmith:CraftIncendium","floor":28},{"not_picked":["Runesmith:CraftMedicinae","Runesmith:DuctTape+1"],"picked":"Runesmith:CraftPrismatica","floor":33},{"not_picked":["Runesmith:HammerTime","Runesmith:NanitesCloud+1"],"picked":"Runesmith:RuneHurl","floor":40},{"not_picked":["Runesmith:UnstableHammer+1","Runesmith:Permafrost+1"],"picked":"Runesmith:BackupBattery+1","floor":41},{"not_picked":["Runesmith:CraftIncendium","Runesmith:FieryHammer+1"],"picked":"Runesmith:CraftObretio+1","floor":46}],"player_experience":106862,"relics_obtained":[{"floor":1,"key":"Blood Vial"},{"floor":2,"key":"aspiration:ChemicalBlood"},{"floor":3,"key":"Tiny Chest"},{"floor":5,"key":"vexMod:FocusSash"},{"floor":6,"key":"vexMod:CardConverter"},{"floor":8,"key":"StrikeDummy"},{"floor":9,"key":"Ornamental Fan"},{"floor":11,"key":"vexMod:InvisibilityCloak"},{"floor":13,"key":"Toy Ornithopter"},{"floor":14,"key":"Centennial Puzzle"},{"floor":17,"key":"The Courier"},{"floor":17,"key":"Omamori"},{"floor":17,"key":"hubris:Zylophone"},{"floor":18,"key":"Nunchaku"},{"floor":19,"key":"Pantograph"},{"floor":21,"key":"hubris:TenFootPole"},{"floor":22,"key":"Vajra"},{"floor":23,"key":"Regal Pillow"},{"floor":24,"key":"Bag of Preparation"},{"floor":26,"key":"aspiration:HiddenCompartment"},{"floor":27,"key":"aspiration:FrozenJewel"},{"floor":28,"key":"conspire:DecoderRing"},{"floor":30,"key":"hubris:FunFungus"},{"floor":31,"key":"Frozen Egg 2"},{"floor":35,"key":"Blue Candle"},{"floor":36,"key":"aspiration:FetidBarrel"},{"floor":39,"key":"Runesmith:EmergencyProvisions"},{"floor":40,"key":"Sundial"},{"floor":41,"key":"conspire:Dentures"},{"floor":43,"key":"aspiration:Lifesprig"},{"floor":44,"key":"Letter Opener"},{"floor":45,"key":"SnafuTest:CatRelic"},{"floor":46,"key":"Akabeko"},{"floor":48,"key":"CeramicFish"},{"floor":51,"key":"Bottled Lightning"},{"floor":52,"key":"paleoftheancients:SoulOfTheWokeBloke"},{"floor":52,"key":"Bottled Tornado"},{"floor":53,"key":"Happy Flower"},{"floor":56,"key":"Orichalcum"},{"floor":58,"key":"conspire:BottledYoYo"}],"event_choices":[{"cards_removed":["Runesmith:Defend_RS"],"damage_healed":0,"gold_gain":0,"player_choice":"Took Card","damage_taken":0,"max_hp_gain":0,"max_hp_loss":0,"event_name":"NoteForYourself","floor":10,"gold_loss":0,"cards_obtained":["Iron Wave"]}],"is_beta":false,"boss_relics":[{"not_picked":["Coffee Dripper","hubris:ScarierMask"],"picked":"Calling Bell"},{"not_picked":["Runesmith:CoreCrystal","conspire:SlowCooker"],"picked":"Tiny House"}],"items_purged_floors":[37,47],"is_endless":false,"potions_floor_spawned":[1,2,3,8,16,22,23,24,27,33,35,40,42,42,46,52],"ascension_level":0}}