{"host":"1zjc08c6hob33401","time":1610758088,"event":{"mods":["AchievementEnabler","Act Like it!","Aspiration","BaseMod","Downfall","Energized Spire","Evolution","GifTheSpireLib","Hubris","Infinite Spire","Jedi Mod","Minty Spire (QoL Compilation)","Pale of the Ancients","Quick Restart","Retaliation","Shop Mod","StSLib","Stuff the Spire","The Blue Laboratory","Wandering Minibosses","vexMod"],"gold_per_floor":[118,43,43,43,0,0,34,34,108,123,135,190,205,205,205,205,205,205],"floor_reached":16,"language":"RUS","playtime":570,"items_purged":["champ:Defend"],"score":98,"play_id":"4826fcb8-8d1d-42e4-9a5a-befa54942fb7","local_time":"20210116024808","is_ascension_mode":false,"campfire_choices":[{"data":"infinitespire:FinalStrike","floor":6,"key":"SMITH"},{"data":"champ:DeathBlow","floor":8,"key":"SMITH"},{"data":"champ:Devastate","floor":15,"key":"SMITH"}],"circlet_count":0,"master_deck":["champ:Strike","champ:Strike","champ:Strike","champ:Strike","champ:Defend","champ:Defend","champ:Defend","champ:Execute","champ:Taunt","champ:StanceDance+1","infinitespire:FinalStrike+1","champ:DeathBlow+1","champ:Devastate+1","champ:DeathBlow","champ:CalledShot","champ:Endure"],"relics":["champ:ChampionCrown","EVO:Axolotl","infinitespire:FocusingShard","StuffTheSpire:ForceGauntlet","infinitespire:Eraser","Molten Egg 2"],"acts_visited":["Exordium"],"potions_floor_usage":[12,16],"damage_taken":[{"damage":13,"enemies":"Jaw Worm","floor":1,"turns":3},{"damage":27,"enemies":"Lagavulin","floor":7,"turns":4},{"damage":0,"enemies":"Small Slimes","floor":10,"turns":2},{"damage":10,"enemies":"2 Louse","floor":11,"turns":1},{"damage":18,"enemies":"Gremlin Nob","floor":12,"turns":3},{"damage":0,"enemies":"Blue Slaver","floor":13,"turns":2},{"damage":57,"enemies":"Hexaghost","floor":16,"turns":6}],"seed_played":"-981245863273019303","potions_obtained":[{"floor":10,"key":"blueLaboratory:RememoryPotion"},{"floor":11,"key":"blueLaboratory:NullPotion"},{"floor":13,"key":"blueLaboratory:LouseDecoction"}],"is_trial":false,"path_per_floor":["M","$","?","?","?","R","E","R","T","M","M","?","M","T","R","B"],"character_chosen":"THE_CHAMP","items_purchased":[],"campfire_rested":0,"item_purchase_floors":[],"current_hp_per_floor":[96,96,96,71,71,71,64,64,64,64,64,56,56,56,56,0,0,0],"gold":205,"neow_bonus":"TEN_PERCENT_HP_BONUS","is_daily":false,"chose_seed":false,"campfire_upgraded":3,"win_rate":0.0,"timestamp":1610758088,"path_taken":["M","$","?","?","?","R","E","R","T","?","M","?","M","?","R","BOSS"],"items_purchased_type":[],"build_version":"2020-12-22","purchased_purges":1,"victory":false,"max_hp_per_floor":[99,99,99,99,99,99,99,99,99,99,99,99,99,99,99,99,99,99],"card_choices":[{"not_picked":["champ:PerfectedStrike","champ:FlashCut"],"picked":"champ:StanceDance","floor":1},{"not_picked":["infinitespire:Oblivion","hubris:Fate"],"picked":"infinitespire:FinalStrike","floor":4},{"not_picked":["champ:FlashCut","champ:AdrenalArmor"],"picked":"champ:DeathBlow","floor":7},{"not_picked":["champ:CalledShot","champ:Circumvent"],"picked":"champ:Devastate","floor":10},{"not_picked":["champ:RapidStrikes","champ:TornadoPunch"],"picked":"champ:DeathBlow","floor":11},{"not_picked":["champ:FanOfKnives","champ:EndlessRage"],"picked":"champ:CalledShot","floor":12},{"not_picked":["champ:AdrenalArmor","champ:Haymaker"],"picked":"champ:Endure","floor":13}],"player_experience":573027,"relics_obtained":[{"floor":7,"key":"infinitespire:FocusingShard"},{"floor":9,"key":"StuffTheSpire:ForceGauntlet"},{"floor":12,"key":"infinitespire:Eraser"},{"floor":14,"key":"Molten Egg 2"}],"event_choices":[{"damage_healed":0,"gold_gain":0,"player_choice":"Left Gold","damage_taken":0,"max_hp_gain":0,"max_hp_loss":0,"event_name":"World of Goop","floor":5,"gold_loss":43},{"damage_healed":0,"gold_gain":30,"player_choice":"Searched \u00272\u0027 times","damage_taken":0,"max_hp_gain":0,"max_hp_loss":0,"event_name":"Dead Adventurer","floor":12,"gold_loss":0}],"is_beta":false,"boss_relics":[],"items_purged_floors":[2],"is_endless":false,"potions_floor_spawned":[10,11,13],"killed_by":"Hexaghost","ascension_level":0}}