{"host":"k2mw1od0xoi9pcfj","time":1610822746,"event":{"mods":["Act Like it!","Aspiration","BaseMod","Clawfect","Energized Spire","Gensokyo","Halation","Hallownest","Highlight Path","Minty Spire (QoL Compilation)","Replay The Spire","Retaliation","StSLib"],"gold_per_floor":[117,117,117,138,159,159,159,184,184,199,230,230,271,271,271,402,402,416,356,356,356],"floor_reached":20,"language":"ENG","playtime":1865,"items_purged":[],"score":191,"play_id":"867604c7-c684-4e14-8cb1-35fa71d9d596","local_time":"20210116124546","is_ascension_mode":true,"campfire_choices":[{"data":"DDmod:EasePowerCard","floor":6,"key":"SMITH"},{"data":"Entrench","floor":12,"key":"SMITH"},{"floor":15,"key":"RECALL"}],"circlet_count":0,"master_deck":["Strike_R","Strike_R","Strike_R","Strike_R","Strike_R","Defend_R","Defend_R","Defend_R","Defend_R","Bash","Dark Embrace","DDmod:UnstoppableAttack","DDmod:EasePowerCard+1","Entrench+1","Spot Weakness","Metallicize","Exhume","True Grit+1","Burning Pact+1"],"relics":["Burning Blood","halation:EternalFortune","Golden Idol","DDmod:BarbedSlagRelic","Orichalcum","Dream Catcher","Snack Pack","energizedSpire:SpiderWeb"],"acts_visited":["Exordium","TheCity"],"potions_floor_usage":[8,8,19],"damage_taken":[{"damage":0,"enemies":"Small Slimes","floor":1,"turns":4},{"damage":2,"enemies":"2 Louse","floor":4,"turns":6},{"damage":9,"enemies":"Jaw Worm","floor":5,"turns":5},{"damage":4,"enemies":"Looter","floor":8,"turns":3},{"damage":42,"enemies":"Gremlin Gang","floor":10,"turns":10},{"damage":19,"enemies":"Replay:BlueRogue","floor":11,"turns":9},{"damage":38,"enemies":"3 Sentries","floor":13,"turns":15},{"damage":95,"enemies":"Fading Forest","floor":16,"turns":11},{"damage":10,"enemies":"Shell Parasite","floor":18,"turns":7},{"damage":17,"enemies":"2 Thieves","floor":19,"turns":4},{"damage":16,"enemies":"Snake Plant","floor":20,"turns":2}],"seed_played":"-4183443256385309652","potions_obtained":[{"floor":1,"key":"Energy Potion"},{"floor":4,"key":"Explosive Potion"},{"floor":11,"key":"SkillPotion"},{"floor":16,"key":"Energy Potion"},{"floor":18,"key":"Venom Potion"}],"is_trial":false,"path_per_floor":["M","?","?","M","M","R","?","M","T","M","E","R","E","T","R","B",null,"M","M","M"],"character_chosen":"IRONCLAD","items_purchased":[],"campfire_rested":0,"item_purchase_floors":[],"current_hp_per_floor":[88,91,69,73,74,74,74,82,82,50,45,45,81,81,81,51,91,91,80,64,64],"gold":356,"neow_bonus":"TEN_PERCENT_HP_BONUS","is_daily":false,"chose_seed":false,"campfire_upgraded":2,"win_rate":0.0,"timestamp":1610822746,"path_taken":["M","?","?","M","M","R","?","M","T","M","E","R","E","?","R","BOSS","M","M","?"],"items_purchased_type":[],"build_version":"2020-12-22","purchased_purges":0,"victory":false,"max_hp_per_floor":[88,91,91,91,91,91,91,91,91,91,91,91,91,91,91,91,91,91,91,91,91],"card_choices":[{"not_picked":["Entrench","DDmod:PokeAttack"],"picked":"Dark Embrace","floor":1},{"not_picked":["Warcry","Evolve"],"picked":"DDmod:UnstoppableAttack","floor":4},{"not_picked":["Perfected Strike","Cleave"],"picked":"DDmod:EasePowerCard","floor":5},{"not_picked":["Headbutt","ReplayTheSpireMod:LeadingStrike","Thunderclap"],"picked":"SKIP","floor":8},{"not_picked":["DDmod:EasePowerCard","Havoc"],"picked":"Entrench","floor":10},{"not_picked":["Wild Strike","Anger"],"picked":"Spot Weakness","floor":11},{"not_picked":["Wild Strike","Evolve"],"picked":"Metallicize","floor":13},{"not_picked":["DDmod:SpikeShotSkill","Corruption"],"picked":"Exhume","floor":16},{"not_picked":["Combust+1","DDmod:PokeAttack"],"picked":"True Grit+1","floor":18},{"not_picked":["Abandon","Thunderclap"],"picked":"Burning Pact+1","floor":19}],"player_experience":516447,"relics_obtained":[{"floor":11,"key":"Orichalcum"},{"floor":13,"key":"Dream Catcher"},{"floor":14,"key":"Snack Pack"}],"event_choices":[{"damage_healed":0,"gold_gain":0,"player_choice":"Take Damage","damage_taken":22,"relics_obtained":["Golden Idol"],"max_hp_gain":0,"max_hp_loss":0,"event_name":"Golden Idol","floor":3,"gold_loss":0}],"is_beta":false,"boss_relics":[{"not_picked":["energizedSpire:DeadBattery","Painkiller Herb"],"picked":"energizedSpire:SpiderWeb"}],"items_purged_floors":[],"is_endless":false,"potions_floor_spawned":[1,4,11,16,18],"killed_by":"Snake Plant","ascension_level":1}}