{"host":"nz11ypxva4e39b7q","time":1610820133,"event":{"mods":["BaseMod","Better Vampires","Colored Map","Downfall","Minty Spire (QoL Compilation)","StSLib"],"gold_per_floor":[119,29,47,21,21,21,55,111,111,111,61,61,75,107,107,205,205,225,255,274,274,289,315,329,329,329,254,283,303,332,343,343,445,445,457,679,694,743,743,743,772,784,842,260,286,306,306,306,306,306,306,306,6,40,40],"floor_reached":56,"language":"ENG","playtime":4348,"items_purged":["bronze:Defend","bronze:Break+1","bronze:Replicate"],"score":1369,"play_id":"0193c73f-6640-40cf-b988-f53f500adabb","local_time":"20210116190213","is_ascension_mode":false,"campfire_choices":[{"data":"bronze:Fortify","floor":6.0,"key":"SMITH"},{"data":"bronze:MaxOutput","floor":10.0,"key":"SMITH"},{"data":"bronze:Goto","floor":15.0,"key":"SMITH"},{"data":"bronze:DelayedSlice","floor":25.0,"key":"SMITH"},{"data":"bronze:FineTuning","floor":32.0,"key":"SMITH"},{"data":"bronze:Iterate","floor":40.0,"key":"SMITH"},{"data":"Good Instincts","floor":42.0,"key":"SMITH"},{"floor":49,"key":"RECALL"},{"data":"Madness","floor":52,"key":"SMITH"}],"circlet_count":0,"master_deck":["bronze:Defend","bronze:Defend","bronze:Defend","bronze:Goto+1","bronze:Fortify+1","Good Instincts+1","bronze:Iterate+1","bronze:DelayedSlice+1","bronze:MaxOutput+1","bronze:ChosenStrike","bronze:DelayedSlice+1","bronze:WhirlingStrike+1","CurseOfTheBell","bronze:FineTuning+1","bronze:Return+1","bronze:WhirlingStrike+1","bronze:Branch+1","bronze:Virus+1","bronze:Shield+1","bronze:Frontload+1","Madness","Madness+1","Dark Shackles","bronze:Safeguard+1"],"relics":["bronze:BronzeCore","NeowsBlessing","bronze:CableSpool","hexamod:CandleOfCauterizing","Smiling Mask","Molten Egg 2","Potion Belt","Calling Bell","Nunchaku","Shuriken","Gambling Chip","Red Mask","bronze:BottledCode","Vajra","Mummified Hand","Orichalcum","Mercury Hourglass","Astrolabe","Du-Vu Doll","MawBank","Bottled Tornado","Lantern","ClockworkSouvenir","Ginger","InkBottle","hexamod:BolsterEngine"],"acts_visited":["Exordium","TheCity","TheBeyond","TheEnding"],"potions_floor_usage":[54,54,55,55,55,55,55,55,55],"damage_taken":[{"damage":0.0,"enemies":"2 Louse","floor":1.0,"turns":3.0},{"damage":0.0,"enemies":"Jaw Worm","floor":3.0,"turns":1.0},{"damage":0.0,"enemies":"3 Sentries","floor":7.0,"turns":1.0},{"damage":12.0,"enemies":"3 Sentries","floor":8.0,"turns":5.0},{"damage":0.0,"enemies":"Small Slimes","floor":13.0,"turns":3.0},{"damage":2.0,"enemies":"Lagavulin","floor":14.0,"turns":3.0},{"damage":46.0,"enemies":"The Guardian","floor":16.0,"turns":9.0},{"damage":0.0,"enemies":"2 Thieves","floor":18.0,"turns":1.0},{"damage":0.0,"enemies":"Masked Bandits","floor":19.0,"turns":1.0},{"damage":0.0,"enemies":"Shell Parasite","floor":20.0,"turns":1.0},{"damage":0.0,"enemies":"3 Cultists","floor":22.0,"turns":3.0},{"damage":14.0,"enemies":"Slavers","floor":23.0,"turns":3.0},{"damage":6.0,"enemies":"Centurion and Healer","floor":24.0,"turns":2.0},{"damage":0.0,"enemies":"Gremlin Leader","floor":28.0,"turns":2.0},{"damage":0.0,"enemies":"Cultist and Chosen","floor":29.0,"turns":2.0},{"damage":0.0,"enemies":"Slavers","floor":30.0,"turns":2.0},{"damage":0.0,"enemies":"Shelled Parasite and Fungi","floor":31.0,"turns":1.0},{"damage":12.0,"enemies":"Collector","floor":33.0,"turns":4.0},{"damage":0.0,"enemies":"3 Darklings","floor":35.0,"turns":1.0},{"damage":0.0,"enemies":"3 Shapes","floor":37.0,"turns":4.0},{"damage":1.0,"enemies":"2 Orb Walkers","floor":38.0,"turns":2.0},{"damage":1.0,"enemies":"Giant Head","floor":41.0,"turns":3.0},{"damage":0.0,"enemies":"Reptomancer","floor":45.0,"turns":2.0},{"damage":2.0,"enemies":"Writhing Mass","floor":46.0,"turns":5.0},{"damage":26,"enemies":"Donu and Deca","floor":50,"turns":6},{"damage":6,"enemies":"Shield and Spear","floor":54,"turns":4},{"damage":45,"enemies":"The Heart","floor":55,"turns":7}],"seed_played":"6173476754440000682","potions_obtained":[{"floor":1.0,"key":"EntropicBrew"},{"floor":8.0,"key":"GamblersBrew"},{"floor":19.0,"key":"Block Potion"},{"floor":22.0,"key":"Strength Potion"},{"floor":24.0,"key":"champ:CounterPotion"},{"floor":29.0,"key":"ColorlessPotion"},{"floor":31.0,"key":"Fire Potion"},{"floor":38.0,"key":"ColorlessPotion"}],"is_trial":false,"path_per_floor":["M","$","M","$","?","R","E","?","T","R","$","?","M","E","R","B",null,"M","?","M","?","M","E","M","R","T","?","E","M","E","M","R","B",null,"M","?","M","?","?","R","E","R","T","$","E","M","?","?","R","B",null,"R","$","E","B",null],"character_chosen":"THE_AUTOMATON","items_purchased":["Good Instincts","bronze:DelayedSlice","Bottled Tornado","Lantern","ClockworkSouvenir","InkBottle"],"campfire_rested":0,"item_purchase_floors":[2,4,44,44,44,53],"current_hp_per_floor":[70,70,70,70,63,63,63,51,51,51,51,51,51,49,49,3,70,70,70,70,60,60,46,40,40,40,40,40,40,40,40,40,28,60,60,60,60,59,59,59,58,58,58,58,58,56,48,48,48,22,60,60,60,54,9],"gold":40,"neow_bonus":"THREE_ENEMY_KILL","is_daily":false,"chose_seed":false,"campfire_upgraded":8,"win_rate":0.0,"timestamp":1610820133,"path_taken":["M","$","M","$","?","R","E","?","T","R","$","?","M","E","R","BOSS","M","?","M","?","M","E","M","R","T","?","E","M","E","M","R","BOSS","M","?","M","?","?","R","E","R","T","$","E","M","?","?","R","BOSS","R","$","E","BOSS"],"items_purchased_type":["Card","Card","Relic","Relic","Relic","Relic"],"build_version":"2020-12-22","purchased_purges":3,"victory":true,"max_hp_per_floor":[70,70,70,70,70,70,70,70,70,70,70,70,70,70,70,70,70,70,70,70,60,60,60,60,60,60,60,60,60,60,60,60,60,60,60,60,60,60,60,60,60,60,60,60,60,60,60,60,60,60,60,60,60,60,60],"card_choices":[{"not_picked":["bronze:ForLoop","bronze:FineTuning"],"picked":"bronze:Fortify","floor":1.0},{"not_picked":["bronze:WildBeam","bronze:DelayedSlice"],"picked":"bronze:Iterate","floor":3.0},{"not_picked":["bronze:ForLoop","bronze:Break"],"picked":"bronze:MaxOutput","floor":7.0},{"not_picked":["bronze:BugBarrage","bronze:WildBeam"],"picked":"bronze:ChosenStrike","floor":8.0},{"not_picked":["bronze:WildBeam+1","bronze:OilSpill+1"],"picked":"bronze:DelayedSlice+1","floor":13.0},{"not_picked":["bronze:ForceShield","bronze:Deprecate"],"picked":"bronze:WhirlingStrike+1","floor":14.0},{"not_picked":["bronze:CleanCode","bronze:SpaghettiCode"],"picked":"bronze:Virus+1","floor":16.0},{"not_picked":["bronze:Shell","bronze:NullPointer+1","bronze:Repulsor+1"],"picked":"SKIP","floor":18.0},{"not_picked":["bronze:Invalidate+1","bronze:BitShift","bronze:WhirlingStrike+1"],"picked":"SKIP","floor":20.0},{"not_picked":["bronze:HardenedForm","bronze:WhirlingStrike+1"],"picked":"bronze:FineTuning","floor":22.0},{"not_picked":["bronze:BronzeArmor","bronze:FineTuning"],"picked":"bronze:Return+1","floor":23.0},{"not_picked":["bronze:ForLoop","bronze:Invalidate","bronze:DarkDash+1"],"picked":"SKIP","floor":24.0},{"not_picked":["bronze:OilSpill+1","bronze:Allocate"],"picked":"bronze:WhirlingStrike+1","floor":28.0},{"not_picked":["bronze:Fortify+1","bronze:Philosophize"],"picked":"bronze:Branch+1","floor":29.0},{"not_picked":["bronze:ThunderWave+1","bronze:Invalidate","bronze:DarkDash+1"],"picked":"SKIP","floor":30.0},{"not_picked":["bronze:Shield+1","bronze:Invalidate","bronze:WildBeam+1"],"picked":"SKIP","floor":31.0},{"not_picked":["bronze:Shield+1","bronze:Deprecate+1","bronze:WhirlingStrike+1"],"picked":"SKIP","floor":35.0},{"not_picked":["bronze:OilSpill+1","bronze:Backtrace+1","bronze:CloningBeam+1"],"picked":"SKIP","floor":37.0},{"not_picked":["bronze:HardenedForm","bronze:CutThrough+1"],"picked":"bronze:Frontload+1","floor":38.0},{"not_picked":["bronze:BugBarrage+1","bronze:FineTuning+1","bronze:Turbo"],"picked":"SKIP","floor":41.0},{"not_picked":["bronze:DelayedSlice+1","bronze:Invalidate+1","bronze:Iterate+1"],"picked":"SKIP","floor":45.0},{"not_picked":["bronze:Turbo+1","bronze:AlphaBuild+1","bronze:ChosenStrike+1"],"picked":"SKIP","floor":46.0},{"not_picked":["Chrysalis","Metamorphosis"],"picked":"Dark Shackles","floor":48},{"not_picked":["bronze:WildBeam+1","bronze:Optimize"],"picked":"bronze:Safeguard+1","floor":54}],"player_experience":1187495,"relics_obtained":[{"floor":7.0,"key":"hexamod:CandleOfCauterizing"},{"floor":8.0,"key":"Smiling Mask"},{"floor":9.0,"key":"Molten Egg 2"},{"floor":14.0,"key":"Potion Belt"},{"floor":17.0,"key":"Nunchaku"},{"floor":17.0,"key":"Shuriken"},{"floor":17.0,"key":"Gambling Chip"},{"floor":19.0,"key":"Red Mask"},{"floor":23.0,"key":"Vajra"},{"floor":26.0,"key":"Mummified Hand"},{"floor":28.0,"key":"Orichalcum"},{"floor":30.0,"key":"Mercury Hourglass"},{"floor":38.0,"key":"Du-Vu Doll"},{"floor":41.0,"key":"MawBank"},{"floor":45.0,"key":"Ginger"},{"floor":54,"key":"hexamod:BolsterEngine"}],"event_choices":[{"damage_healed":0.0,"max_hp_gain":0.0,"max_hp_loss":0.0,"gold_gain":0.0,"event_name":"Scrap Ooze","player_choice":"Success","floor":5.0,"gold_loss":0.0,"damage_taken":7.0,"relics_obtained":["bronze:CableSpool"]},{"damage_healed":0.0,"max_hp_gain":0.0,"max_hp_loss":0.0,"gold_gain":30.0,"event_name":"Dead Adventurer","player_choice":"Searched \u00273\u0027 times","floor":8.0,"gold_loss":0.0,"damage_taken":0.0},{"damage_healed":0.0,"max_hp_gain":0.0,"max_hp_loss":0.0,"gold_gain":0.0,"event_name":"Liars Game","player_choice":"Ignored","floor":12.0,"gold_loss":0.0,"damage_taken":0.0},{"damage_healed":0.0,"max_hp_gain":0.0,"max_hp_loss":0.0,"gold_gain":0.0,"event_name":"Masked Bandits","player_choice":"Fought Bandits","floor":19.0,"gold_loss":0.0,"damage_taken":0.0},{"cards_removed":["bronze:Strike"],"damage_healed":0.0,"max_hp_gain":0.0,"max_hp_loss":0.0,"gold_gain":0.0,"event_name":"Beggar","player_choice":"Gave Gold","floor":27.0,"gold_loss":75.0,"damage_taken":0.0},{"damage_healed":0.0,"max_hp_gain":0.0,"max_hp_loss":0.0,"gold_gain":222.0,"event_name":"Tomb of Lord Red Mask","player_choice":"Wore Mask","floor":36.0,"gold_loss":0.0,"damage_taken":0.0},{"damage_healed":0.0,"max_hp_gain":0.0,"max_hp_loss":0.0,"gold_gain":0.0,"event_name":"Mysterious Sphere","player_choice":"Fight","floor":38.0,"gold_loss":0.0,"damage_taken":0.0},{"cards_removed":["bronze:Virus"],"damage_healed":0.0,"max_hp_gain":0.0,"max_hp_loss":0.0,"gold_gain":0.0,"event_name":"Falling","player_choice":"Removed Attack","floor":39.0,"gold_loss":0.0,"damage_taken":0.0},{"damage_healed":0.0,"max_hp_gain":0.0,"max_hp_loss":0.0,"gold_gain":0.0,"event_name":"Winding Halls","player_choice":"Embrace Madness","floor":47.0,"gold_loss":0.0,"damage_taken":8.0,"cards_obtained":["Madness","Madness"]},{"damage_healed":0,"gold_gain":0,"player_choice":"Memory 1","damage_taken":0,"max_hp_gain":0,"max_hp_loss":0,"event_name":"SensoryStone","floor":48,"gold_loss":0}],"is_beta":false,"boss_relics":[{"not_picked":["Tiny House","Philosopher\u0027s Stone"],"picked":"Calling Bell"},{"not_picked":["bronze:PlatinumCore","bronze:MakeshiftBattery"],"picked":"Astrolabe"}],"items_purged_floors":[11,44,53],"is_endless":false,"potions_floor_spawned":[1,8,19,22,24,29,31,37,38,41,46],"ascension_level":0}}