{"host":"s8ccp9jw4vzp58l1","time":1610812308,"event":{"mods":["BaseMod","Colored Map","Colored Powertips","Minty Spire (QoL Compilation)","Relic Stats"],"gold_per_floor":[119,133,4,4,17,51,51,83,110,138,138,158,158,5,5,109,109,124,223,242,255,255,280,280,298,323,323,323,339,339,83,83,83,83],"floor_reached":33,"language":"ENG","playtime":2931,"items_purged":["Strike_R","Bite"],"score":322,"play_id":"a99a9cd1-d63e-402c-8c10-cc54fb7e0ad0","local_time":"20210116095148","is_ascension_mode":true,"campfire_choices":[{"data":"Heavy Blade","floor":7,"key":"SMITH"},{"floor":13,"key":"REST"},{"floor":15,"key":"RECALL"},{"floor":24,"key":"REST"},{"floor":28,"key":"REST"},{"data":"Armaments","floor":30,"key":"SMITH"},{"data":"Double Tap","floor":32,"key":"SMITH"}],"circlet_count":0,"master_deck":["Defend_R","Defend_R","Defend_R","Defend_R","Bash","Inflame","Pommel Strike","Headbutt","Heavy Blade+1","Shrug It Off","Armaments+1","Uppercut","Seeing Red","Dropkick","Double Tap+1","Body Slam+1","Anger","Anger+1","Bite","Bite","Bite","Bite","Heavy Blade+1","Shockwave+1","Pommel Strike+1","Pommel Strike"],"relics":["Burning Blood","Bronze Scales","Dream Catcher","Pen Nib","MealTicket","Eternal Feather","Omamori","SlaversCollar","Potion Belt","Pocketwatch","PrismaticShard"],"acts_visited":["Exordium","TheCity"],"potions_floor_usage":[6,8,12,16,23],"damage_taken":[{"damage":6,"enemies":"Jaw Worm","floor":1,"turns":4},{"damage":5,"enemies":"Small Slimes","floor":2,"turns":4},{"damage":2,"enemies":"2 Louse","floor":5,"turns":3},{"damage":35,"enemies":"Lagavulin","floor":6,"turns":7},{"damage":37,"enemies":"3 Sentries","floor":8,"turns":8},{"damage":23,"enemies":"Gremlin Nob","floor":10,"turns":5},{"damage":2,"enemies":"Blue Slaver","floor":12,"turns":3},{"damage":41,"enemies":"The Guardian","floor":16,"turns":12},{"damage":19,"enemies":"Shell Parasite","floor":18,"turns":7},{"damage":0,"enemies":"Chosen","floor":20,"turns":4},{"damage":51,"enemies":"Centurion and Healer","floor":21,"turns":10},{"damage":50,"enemies":"Book of Stabbing","floor":23,"turns":5},{"damage":39,"enemies":"Snake Plant","floor":25,"turns":4},{"damage":21,"enemies":"Snecko","floor":29,"turns":4},{"damage":67,"enemies":"Champ","floor":33,"turns":6}],"seed_played":"-2160348058732794074","potions_obtained":[{"floor":2,"key":"Weak Potion"},{"floor":6,"key":"SpeedPotion"},{"floor":10,"key":"Swift Potion"},{"floor":12,"key":"SteroidPotion"},{"floor":21,"key":"BloodPotion"}],"is_trial":false,"path_per_floor":["M","M","$","?","M","E","R","E","T","E","?","M","R","$","R","B",null,"M","?","M","M","?","E","R","M","T","T","R","M","R","$","R","B"],"character_chosen":"IRONCLAD","items_purchased":["Headbutt","Omamori","PrismaticShard"],"campfire_rested":3,"item_purchase_floors":[3,14,31],"current_hp_per_floor":[80,80,80,85,85,56,56,25,25,8,8,12,46,61,70,35,85,72,72,78,33,33,11,40,17,17,17,49,38,53,59,59,0,0],"gold":83,"neow_bonus":"RANDOM_COMMON_RELIC","is_daily":false,"chose_seed":false,"campfire_upgraded":3,"win_rate":0.0,"timestamp":1610812308,"path_taken":["M","M","$","?","M","E","R","E","T","E","?","M","R","$","R","BOSS","M","?","M","M","?","E","R","M","T","?","R","M","R","$","R","BOSS"],"items_purchased_type":["Card","Relic","Relic"],"build_version":"2020-12-22","purchased_purges":2,"victory":false,"max_hp_per_floor":[80,80,80,85,85,85,85,85,85,85,85,85,85,85,85,85,85,85,85,85,85,59,59,59,59,59,59,59,59,59,59,59,59,59],"relic_stats":{"Dream Catcher":3,"counters":[15,86],"Bronze Scales":[214],"MealTicket":21,"Eternal Feather":60,"Pen Nib":[11],"obtain_stats":[{"Potion Belt":23,"SlaversCollar":17,"Dream Catcher":6,"Bronze Scales":0,"MealTicket":9,"Eternal Feather":10,"Pen Nib":8,"Omamori":14,"PrismaticShard":31,"Burning Blood":0,"Pocketwatch":27},{"Potion Belt":12,"SlaversCollar":8,"Dream Catcher":4,"Bronze Scales":0,"MealTicket":5,"Eternal Feather":6,"Pen Nib":5,"Omamori":7,"PrismaticShard":14,"Burning Blood":0,"Pocketwatch":13},{"Potion Belt":72,"SlaversCollar":46,"Dream Catcher":18,"Bronze Scales":0,"MealTicket":26,"Eternal Feather":31,"Pen Nib":26,"Omamori":34,"PrismaticShard":80,"Burning Blood":0,"Pocketwatch":76}],"Burning Blood":79,"Pocketwatch":[3]},"card_choices":[{"not_picked":["Perfected Strike","Clothesline"],"picked":"Inflame","floor":1},{"not_picked":["Anger","Clash"],"picked":"Pommel Strike","floor":2},{"not_picked":["Headbutt","Dark Embrace"],"picked":"Heavy Blade","floor":5},{"not_picked":["Flame Barrier","True Grit"],"picked":"Shrug It Off","floor":6},{"not_picked":["Pommel Strike","Impervious"],"picked":"Armaments","floor":8},{"not_picked":["Thunderclap","Reckless Charge"],"picked":"Uppercut","floor":10},{"not_picked":["Iron Wave","Twin Strike"],"picked":"Seeing Red","floor":12},{"not_picked":["Uppercut","Burning Pact"],"picked":"Dropkick","floor":13},{"not_picked":["Brutality","Fiend Fire"],"picked":"Double Tap","floor":16},{"not_picked":["Infernal Blade","Cleave"],"picked":"Body Slam+1","floor":18},{"not_picked":["Searing Blow","Warcry"],"picked":"Anger","floor":20},{"not_picked":["Bloodletting","Perfected Strike"],"picked":"Anger+1","floor":21},{"not_picked":["Brutality","Power Through"],"picked":"Heavy Blade+1","floor":23},{"not_picked":["Searing Blow","Clash"],"picked":"Shockwave+1","floor":25},{"not_picked":["Feel No Pain","Evolve"],"picked":"Pommel Strike+1","floor":28},{"not_picked":["Dark Embrace","Headbutt+1"],"picked":"Pommel Strike","floor":29}],"player_experience":69463,"relics_obtained":[{"floor":6,"key":"Dream Catcher"},{"floor":8,"key":"Pen Nib"},{"floor":9,"key":"MealTicket"},{"floor":10,"key":"Eternal Feather"},{"floor":23,"key":"Potion Belt"},{"floor":27,"key":"Pocketwatch"}],"event_choices":[{"damage_healed":0,"gold_gain":0,"player_choice":"Donut","damage_taken":0,"max_hp_gain":5,"max_hp_loss":0,"event_name":"Big Fish","floor":4,"gold_loss":0},{"damage_healed":0,"gold_gain":0,"player_choice":"Searched \u00270\u0027 times","damage_taken":0,"max_hp_gain":0,"max_hp_loss":0,"event_name":"Dead Adventurer","floor":11,"gold_loss":0},{"damage_healed":0,"gold_gain":99,"player_choice":"Stole From Cult","damage_taken":0,"max_hp_gain":0,"max_hp_loss":0,"event_name":"Nest","floor":19,"gold_loss":0},{"damage_healed":0,"gold_gain":0,"player_choice":"Became a vampire","damage_taken":0,"max_hp_gain":0,"max_hp_loss":26,"event_name":"Vampires","floor":22,"gold_loss":0,"cards_obtained":["Bite","Bite","Bite","Bite","Bite"]}],"is_beta":false,"boss_relics":[{"not_picked":["SacredBark","Tiny House"],"picked":"SlaversCollar"}],"items_purged_floors":[3,31],"is_endless":false,"potions_floor_spawned":[2,6,10,12,21],"killed_by":"Champ","ascension_level":1}}