{"host":"81vb4cbob60wa1na","time":1610788134,"event":{"mods":["BaseMod","Downfall","GifTheSpireLib","Hermit","Highlight Path","Minty Spire (QoL Compilation)","StSLib","The Cursed","The Disciple"],"gold_per_floor":[0,16,27,41,141,141,141,141,155,155,166,166,166,176,188,283,283,283,301,59,75,86,86,111,111,111,111,130,145,145,163,183,183,183,183],"floor_reached":33,"language":"ENG","playtime":1764,"items_purged":[],"score":268,"play_id":"0dba665b-1c15-4cf7-aea5-65243f41ce90","local_time":"20210116040854","is_ascension_mode":false,"campfire_choices":[{"data":"Guardian:CurlUp","floor":1,"key":"SMITH"},{"floor":13,"key":"REST"},{"data":"Guardian:TwinSlam","floor":18,"key":"SMITH"},{"floor":26,"key":"REST"},{"floor":30,"key":"REST"}],"circlet_count":0,"master_deck":["Guardian:Strike_Guardian","Guardian:Strike_Guardian","Guardian:Strike_Guardian","Guardian:Strike_Guardian","Guardian:Defend_Guardian","Guardian:Defend_Guardian","Guardian:Defend_Guardian","Guardian:Defend_Guardian","Guardian:CurlUp+1","Guardian:TwinSlam+1","Guardian:WalkerClaw+1","Guardian:RollAttack","Guardian:BronzeArmor","Guardian:PrimingBeam","Guardian:BronzeArmor","Guardian:GuardianWhirl","CurseOfTheBell","Guardian:ArmoredProtocol","Guardian:PrimingBeam+1","Guardian:VentSteam","Guardian:PrimingBeam+1","Guardian:Gem_Blue"],"relics":["Guardian:ModeShifter","Meat on the Bone","Bag of Marbles","Calling Bell","hexamod:BolsterEngine","Eternal Feather","Lizard Tail","Strawberry","Boot","Nilry\u0027s Codex"],"acts_visited":["Exordium","TheCity"],"potions_floor_usage":[11,16,16,19,19,21,28,31,33,33],"damage_taken":[{"damage":2,"enemies":"2 Louse","floor":2,"turns":3},{"damage":4,"enemies":"Small Slimes","floor":3,"turns":4},{"damage":1,"enemies":"Jaw Worm","floor":4,"turns":5},{"damage":1,"enemies":"3 Louse","floor":9,"turns":3},{"damage":8,"enemies":"Gremlin Gang","floor":11,"turns":2},{"damage":2,"enemies":"2 Fungi Beasts","floor":14,"turns":3},{"damage":4,"enemies":"Blue Slaver","floor":15,"turns":3},{"damage":26,"enemies":"IC_STATUS_ARCHETYPE","floor":16,"turns":9},{"damage":21,"enemies":"Chosen","floor":19,"turns":5},{"damage":0,"enemies":"downfall:FleeingMerchant","floor":20,"turns":4},{"damage":0,"enemies":"Spheric Guardian","floor":21,"turns":4},{"damage":12,"enemies":"Snecko","floor":22,"turns":6},{"damage":20,"enemies":"Centurion and Healer","floor":28,"turns":7},{"damage":21,"enemies":"Snake Plant","floor":29,"turns":3},{"damage":15,"enemies":"Snecko","floor":31,"turns":5},{"damage":22,"enemies":"Shelled Parasite and Fungi","floor":32,"turns":7},{"damage":121,"enemies":"WA_ARCHETYPE_CALM","floor":33,"turns":16}],"seed_played":"-4504308824117586766","potions_obtained":[{"floor":4,"key":"PowerPotion"},{"floor":9,"key":"DuplicationPotion"},{"floor":12,"key":"LiquidMemories"},{"floor":12,"key":"Guardian:StasisDiscoveryPotion"},{"floor":16,"key":"Swift Potion"},{"floor":19,"key":"Block Potion"},{"floor":22,"key":"Guardian:AcceleratePotion"},{"floor":29,"key":"Fire Potion"},{"floor":32,"key":"Dexterity Potion"}],"is_trial":false,"path_per_floor":["R","M","M","M","?","?","T","?","M","?","M","?","R","M","M","B",null,"R","M","$","M","M","?","T","?","R","?","M","M","R","M","M","B"],"character_chosen":"GUARDIAN","items_purchased":["Regen Potion","Strawberry"],"campfire_rested":3,"item_purchase_floors":[20,20],"current_hp_per_floor":[96,94,90,89,89,89,89,77,76,76,68,68,96,94,90,64,96,96,75,82,94,82,82,82,66,103,103,83,62,103,88,66,0,0,0],"gold":183,"neow_bonus":"TWENTY_PERCENT_HP_BONUS","is_daily":false,"chose_seed":false,"campfire_upgraded":2,"win_rate":0.0,"timestamp":1610788134,"path_taken":["R","M","M","M","?","?","T","?","M","?","?","?","R","M","M","BOSS","R","M","$","M","?","?","T","?","R","?","M","M","R","M","M","BOSS"],"items_purchased_type":["Potion","Relic"],"build_version":"2020-12-22","purchased_purges":0,"victory":false,"max_hp_per_floor":[96,96,96,96,96,96,96,96,96,96,96,96,96,96,96,96,96,96,96,103,103,103,103,103,103,103,103,103,103,103,103,103,103,103,103],"card_choices":[{"not_picked":["Guardian:Suspension","Guardian:ShieldCharger"],"picked":"Guardian:WalkerClaw","floor":2},{"not_picked":["Guardian:Suspension","Guardian:BronzeOrb"],"picked":"Guardian:Gem_Red","floor":3},{"not_picked":["Guardian:FloatingOrbs","Guardian:Gem_Fragmented"],"picked":"Guardian:RollAttack","floor":4},{"not_picked":["Guardian:Suspension","Guardian:Gem_Crimson"],"picked":"Guardian:BronzeArmor","floor":9},{"not_picked":["Guardian:Gem_Green","Guardian:VentSteam"],"picked":"Guardian:PrimingBeam","floor":11},{"not_picked":["Guardian:BodySlam","Guardian:TemporalStrike"],"picked":"Guardian:BronzeArmor","floor":14},{"not_picked":["Guardian:ChargeUp","Guardian:StasisEngine"],"picked":"Guardian:GuardianWhirl","floor":15},{"not_picked":["Guardian:GemFire","Guardian:StasisStrike"],"picked":"Guardian:Gem_Synthetic","floor":16},{"not_picked":["Guardian:PrimingBeam","Guardian:Gem_Green"],"picked":"Guardian:ArmoredProtocol","floor":19},{"not_picked":["Guardian:Gem_Lightblue","Guardian:Suspension"],"picked":"Guardian:PrimingBeam+1","floor":20},{"not_picked":["Guardian:CrystalBeam","Guardian:BronzeOrb"],"picked":"Guardian:Gem_White","floor":21},{"not_picked":["Guardian:CrystalBeam","Guardian:Preprogram"],"picked":"Guardian:VentSteam","floor":22},{"not_picked":["Guardian:Planning","Guardian:GuardianWhirl"],"picked":"Guardian:Gem_Blue","floor":28},{"not_picked":["Guardian:ArmoredProtocol","Guardian:Gem_White"],"picked":"Guardian:PrimingBeam+1","floor":29},{"not_picked":["Guardian:Reroute","Guardian:FastForward","Guardian:ChargeCore"],"picked":"SKIP","floor":31},{"not_picked":["Guardian:DecasProtection","Guardian:RollAttack+1"],"picked":"Guardian:Gem_Blue","floor":32}],"player_experience":248734,"relics_obtained":[{"floor":7,"key":"Meat on the Bone"},{"floor":17,"key":"hexamod:BolsterEngine"},{"floor":17,"key":"Eternal Feather"},{"floor":17,"key":"Lizard Tail"},{"floor":24,"key":"Boot"},{"floor":25,"key":"Nilry\u0027s Codex"}],"event_choices":[{"damage_healed":0,"gold_gain":0,"player_choice":"Success","damage_taken":12,"relics_obtained":["Bag of Marbles"],"max_hp_gain":0,"max_hp_loss":0,"event_name":"Scrap Ooze","floor":8,"gold_loss":0},{"damage_healed":0,"gold_gain":0,"player_choice":"Grow","damage_taken":0,"max_hp_gain":0,"max_hp_loss":0,"event_name":"Living Wall","floor":10,"gold_loss":0,"cards_upgraded":["Guardian:WalkerClaw"]},{"damage_healed":0,"gold_gain":0,"player_choice":"Got Potions","damage_taken":0,"max_hp_gain":0,"max_hp_loss":0,"event_name":"Lab","floor":12,"gold_loss":0},{"damage_healed":0,"gold_gain":0,"player_choice":"Ignored","damage_taken":0,"max_hp_gain":0,"max_hp_loss":0,"event_name":"Ghosts","floor":27,"gold_loss":0}],"is_beta":false,"boss_relics":[{"not_picked":["Coffee Dripper","Cursed Key"],"picked":"Calling Bell"}],"items_purged_floors":[],"is_endless":false,"potions_floor_spawned":[4,9,15,16,19,22,29,32],"killed_by":"WA_ARCHETYPE_CALM","ascension_level":0}}