{"host":"dwyzfvnzfcqffr30","time":1610820983,"event":{"mods":["2.2 Compatiblity","Act Like it!","BaseMod","Beaked The Cultist","Better Altar","Better Match","Better Note","Better Sensory Stone","Better Skull","Better Third Choice","Clockwork Mod","Colored Map","Colored Powertips","Conspire","Elementarium","GifTheSpireLib","Halation","Hermit","Hubris","Infinite Spire","Ironclad Rager","Jedi Mod","Menagerie","Mimic Mod","Minty Spire (QoL Compilation)","Permanent Neow","Random Character Button","Replay The Spire","Spicy Shops","Spikes Relics","StSLib","Stuff the Spire","The Construct","The Disciple","The Druid","The Marked","TheFirefly","Trackpad","Wandering Minibosses","vexMod"],"gold_per_floor":[117,42,42,57,81,81,118,142,142,185,51,51,86,102,102,211,211,251,251,251,296,348,348,348,422,447,172,222,249,277,327,327,444,444,509,7,7,74,107,148,187,234,259,307,357,132,158,202,202,202,202,202,103,103,103],"floor_reached":54,"language":"ENG","playtime":9102,"items_purged":[],"score":1029,"play_id":"1fbea11a-4635-4061-9a5c-7071d1a472c5","local_time":"20210116101623","is_ascension_mode":true,"campfire_choices":[{"floor":6.0,"key":"RECALL"},{"data":"SecondHand+1","floor":15.0,"key":"SMITH"},{"floor":23.0,"key":"REST"},{"floor":32.0,"key":"REST"},{"data":"HandsUpC+1","floor":49.0,"key":"SMITH"}],"circlet_count":0,"master_deck":["Strike_Br+1","Strike_Br+1","Strike_Br+1","Strike_Br+1","Defend_Br+1","Defend_Br+1","Defend_Br+1","Defend_Br+2","SecondHand+3","PatternShift+1","Echoward+1","MasterReality+1","Apotheosis+1","LockedThread+1","Echonomics+1","LockedMercury+1","LockedScales+1","LockedBlood+1","HandsUpC+2","LockedMercury+1","LockedThread+1","LockedMawBank+1","LockedBell+1","LockedTurtyl+1","Fragmentalize+1","Reforge+1","LockedWhetstone+1","LockedMedicine+1","Chronoelasticity+1","Recurrance+1","AscendersBane","Analog+1","LockedUrn+1","Panache+1","Madness+1","Replay:Bootleg Shield Generator+1"],"relics":["Chronometer","Toxic Egg 2","Molten Egg 2","Frozen Egg 2","Quantum Egg","conspire:InfiniteJournal","Bottled Tornado","infinitespire:EvilPickle","BlackRope","MealTicket","conspire:DeflatedDodgeball","trackpad:WritersBlock","vexMod:Cooldron","trackpad:RapidFire","CosmicIsotope","Ring of Peace","ReplayTheSpireMod:Ring of Addiction","Chameleon Ring","hubris:EmptyBottle","War Paint","halation:AfternoonTea","halation:LettersToHer","Elementarium:ElementariumTrophy","SnailShell","BargainBundle","Eternal Feather","SpikesRelics:SneckoPlush","Rawhide","StuffTheSpire:SapphireSignet","Pen Nib","Bag of Marbles","jedi:kaleidoscope","ReplayTheSpireMod:ShopPack"],"acts_visited":["Menagerie:Menagerie","Elementarium:Elementarium","TheBeyond","TheEnding"],"potions_floor_usage":[50,50,50,50,50,50,50,50,50,50,50,54,54,54,54,54,54],"damage_taken":[{"damage":0.0,"enemies":"Menagerie:StygianBoar","floor":1.0,"turns":4.0},{"damage":3.0,"enemies":"Menagerie:2_RABBITS","floor":4.0,"turns":4.0},{"damage":11.0,"enemies":"Menagerie:MaskedSummoner","floor":7.0,"turns":8.0},{"damage":7.0,"enemies":"Menagerie:WhisperingWraith","floor":8.0,"turns":4.0},{"damage":33.0,"enemies":"Menagerie:Hydra","floor":10.0,"turns":5.0},{"damage":0.0,"enemies":"Menagerie:MaskedSummoner","floor":13.0,"turns":9.0},{"damage":0.0,"enemies":"Menagerie:MeltingSalamander","floor":14.0,"turns":5.0},{"damage":3.0,"enemies":"Menagerie:Suneater","floor":16.0,"turns":9.0},{"damage":8.0,"enemies":"Elementarium:Cyclone","floor":18.0,"turns":5.0},{"damage":0.0,"enemies":"Elementarium:MUD_AND_TAR_GOLEMS","floor":21.0,"turns":4.0},{"damage":27.0,"enemies":"Elementarium:VOID_CORRUPTION_AND_ORB_OF_FIRE","floor":22.0,"turns":7.0},{"damage":9.0,"enemies":"Elementarium:ElementalPortal","floor":25.0,"turns":6.0},{"damage":0.0,"enemies":"Elementarium:Hydrostalker","floor":29.0,"turns":4.0},{"damage":28.0,"enemies":"Elementarium:3_ELEMENTALS","floor":30.0,"turns":6.0},{"damage":6.0,"enemies":"Elementarium:WarGolem","floor":31.0,"turns":6.0},{"damage":8.0,"enemies":"Elementarium:GoldenDragon","floor":33.0,"turns":10.0},{"damage":15.0,"enemies":"Orb Walker","floor":35.0,"turns":5.0},{"damage":17.0,"enemies":"2 Orb Walkers","floor":38.0,"turns":8.0},{"damage":0.0,"enemies":"3 Darklings","floor":39.0,"turns":7.0},{"damage":0.0,"enemies":"Nemesis","floor":40.0,"turns":9.0},{"damage":0.0,"enemies":"Maw","floor":41.0,"turns":9.0},{"damage":0.0,"enemies":"Giant Head","floor":42.0,"turns":6.0},{"damage":0.0,"enemies":"Reptomancer","floor":44.0,"turns":7.0},{"damage":7.0,"enemies":"Mind Bloom Boss Battle","floor":45.0,"turns":10.0},{"damage":0.0,"enemies":"conspire:MimicChest","floor":47.0,"turns":4.0},{"damage":0.0,"enemies":"Spire Growth","floor":48.0,"turns":5.0},{"damage":0,"enemies":"Replay:Hell Engine","floor":50,"turns":2},{"damage":75,"enemies":"Shield and Spear","floor":54,"turns":5}],"seed_played":"-6834516702130290053","potions_obtained":[{"floor":1.0,"key":"jedi:StrikingPotion"},{"floor":8.0,"key":"SteroidPotion"},{"floor":16.0,"key":"EntropicBrew"},{"floor":20.0,"key":"EntropicBrew"},{"floor":20.0,"key":"EntropicBrew"},{"floor":29.0,"key":"EntropicBrew"},{"floor":35.0,"key":"EntropicBrew"},{"floor":38.0,"key":"EntropicBrew"},{"floor":42.0,"key":"EntropicBrew"},{"floor":47.0,"key":"EntropicBrew"},{"floor":52,"key":"jedi:holywater"}],"is_trial":false,"path_per_floor":["M","?","?","M","$","R","E","M","T","E","$","?","E","M","R","B",null,"M","?","?","M","M","R","?","E","T","$","T","M","M","E","R","B",null,"M","$","?","?","M","E","M","E","T","E","?","$","?","M","R","B",null,"R","$","E"],"character_chosen":"CHRONO_CLASS","items_purchased":["BlackRope","LockedBlood+1","LockedThread+1","vexMod:Cooldron","Reforge+1","SnailShell","BargainBundle","Eternal Feather","SpikesRelics:SneckoPlush","ReplayTheSpireMod:ShopPack","EntropicBrew","EntropicBrew"],"campfire_rested":2,"item_purchase_floors":[5,5,11,11,27,36,36,36,36,46,46,53],"current_hp_per_floor":[59,59,65,62,62,62,60,62,62,38,53,53,62,65,65,62,64,60,60,60,65,41,60,68,68,68,73,73,71,49,52,71,68,70,59,71,71,54,71,71,71,71,71,71,70,71,71,71,71,71,71,71,71,0,0],"gold":103,"neow_bonus":"RANDOM_EVENT","is_daily":false,"chose_seed":false,"campfire_upgraded":2,"win_rate":0.0,"timestamp":1610820983,"path_taken":["M","?","?","M","$","R","E","M","T","E","$","?","E","M","R","BOSS","M","?","?","M","M","R","?","E","T","?","?","M","M","E","R","BOSS","M","$","?","?","M","E","M","E","T","E","?","$","?","M","R","BOSS","R","$","E"],"items_purchased_type":["Relic","Card","Card","Relic","Card","Relic","Relic","Relic","Relic","Relic","Potion","Potion"],"build_version":"2020-12-22","purchased_purges":0,"victory":false,"max_hp_per_floor":[65,65,65,65,65,65,65,65,65,65,65,65,65,65,65,65,65,65,65,65,65,65,65,73,73,73,73,73,71,71,71,71,71,71,71,71,71,71,71,71,71,71,71,71,71,71,71,71,71,71,71,71,71,69,69],"card_choices":[{"not_picked":["LockedBlood+1","LockedOrichalcum+1"],"picked":"LockedThread+1","floor":1.0},{"not_picked":["BackFourSeconds+1","OverTime+1"],"picked":"Echonomics+1","floor":2.0},{"not_picked":["Stagnate+1","LockedOrichalcum+1"],"picked":"LockedMercury+1","floor":2.0},{"not_picked":["TiringSlam+1","WindUp+1"],"picked":"LockedScales+1","floor":4.0},{"not_picked":["Tempo+1","LockedBlood+1"],"picked":"HandsUpC+1","floor":7.0},{"not_picked":["BiteCommand+1","PrimeTime+1","LockedTornado+1"],"picked":"SKIP","floor":8.0},{"not_picked":["Goo+1","ResonantCall+1"],"picked":"LockedMercury+1","floor":10.0},{"not_picked":["LockedLightning+1","PrimeTime+1","Parity+1"],"picked":"SKIP","floor":13.0},{"not_picked":["BlueShift+1","Tempo+1"],"picked":"LockedMawBank+1","floor":14.0},{"not_picked":["LockedLightning+1","LockedCalendar+1"],"picked":"LockedBell+1","floor":16.0},{"not_picked":["BlueShift+1","Accruing+1","LockedScales+1"],"picked":"SKIP","floor":18.0},{"not_picked":["LockedAnchor+1","HandsUpC+1","ExoVibe+1"],"picked":"SKIP","floor":21.0},{"not_picked":["CrunchTime+1","LockedPlans+1"],"picked":"LockedTurtyl+1","floor":22.0},{"not_picked":["FormalWear+1","Parity+1"],"picked":"Fragmentalize+1","floor":25.0},{"not_picked":["ReapSow+1","PrimeTime+1"],"picked":"LockedWhetstone+1","floor":29.0},{"not_picked":["HandsUpC+1","ReapSow+1"],"picked":"LockedMedicine+1","floor":30.0},{"not_picked":["BackFourSeconds+1","Echonomics+1","EscortCommand+1"],"picked":"SKIP","floor":31.0},{"not_picked":["Echonomics+1","LockedLightning+1"],"picked":"Chronoelasticity+1","floor":33.0},{"not_picked":["Facsimile+1","Echoward+1"],"picked":"Recurrance+1","floor":35.0},{"not_picked":["WindUp+1","HandsUpC+1"],"picked":"LockedUrn+1","floor":38.0},{"not_picked":["AlternateTimeline+1","LockedAnchor+1","ExoVibe+1"],"picked":"SKIP","floor":39.0},{"not_picked":["BlueShift+1","Stagnate+1","SlimeSpray+1"],"picked":"SKIP","floor":40.0},{"not_picked":["EscortCommand+1","BlueShift+1","DaylightSavings+1"],"picked":"SKIP","floor":41.0},{"not_picked":["LockedMedicine+1","Echonomics+1","ExoVibe+1"],"picked":"SKIP","floor":42.0},{"not_picked":["WindUp+1","Parity+1","HandsUpB+1"],"picked":"SKIP","floor":44.0},{"not_picked":["StuffTheSpire:Recharge","Metamorphosis"],"picked":"Panache","floor":46.0},{"not_picked":["Enlightenment","expansioncontent:FaceSlap"],"picked":"expansioncontent:StudyTheSpire","floor":46.0},{"not_picked":["Mind Blast","Purity"],"picked":"Replay:Bootleg Shield Generator","floor":46.0},{"not_picked":["Parity+1","Goo+1","ReapSow+1"],"picked":"SKIP","floor":48.0}],"player_experience":2117920,"relics_obtained":[{"floor":7.0,"key":"MealTicket"},{"floor":9.0,"key":"conspire:DeflatedDodgeball"},{"floor":10.0,"key":"trackpad:WritersBlock"},{"floor":13.0,"key":"trackpad:RapidFire"},{"floor":20.0,"key":"Ring of Peace"},{"floor":20.0,"key":"ReplayTheSpireMod:Ring of Addiction"},{"floor":20.0,"key":"Chameleon Ring"},{"floor":20.0,"key":"hubris:EmptyBottle"},{"floor":25.0,"key":"War Paint"},{"floor":28.0,"key":"halation:AfternoonTea"},{"floor":31.0,"key":"halation:LettersToHer"},{"floor":40.0,"key":"Rawhide"},{"floor":42.0,"key":"StuffTheSpire:SapphireSignet"},{"floor":43.0,"key":"halation:LettersToHer"},{"floor":43.0,"key":"Pen Nib"},{"floor":44.0,"key":"Bag of Marbles"},{"floor":45.0,"key":"jedi:kaleidoscope"}],"event_choices":[{"damage_healed":0.0,"max_hp_gain":0.0,"max_hp_loss":8.0,"gold_gain":0.0,"event_name":"betterThird:BetterWriting","player_choice":"Simplicity","floor":0.0,"gold_loss":0.0,"damage_taken":0.0},{"damage_healed":0.0,"max_hp_gain":0.0,"max_hp_loss":0.0,"gold_gain":0.0,"event_name":"betterMatch:BetterMatch","player_choice":"2","floor":2.0,"gold_loss":0.0,"damage_taken":0.0,"cards_obtained":["betterMatch:RareCard","betterMatch:UncommonCard"]},{"damage_healed":0.0,"max_hp_gain":0.0,"max_hp_loss":0.0,"gold_gain":0.0,"event_name":"conspire:Investor","player_choice":"Leave","floor":12.0,"gold_loss":0.0,"damage_taken":0.0},{"damage_healed":0.0,"max_hp_gain":0.0,"max_hp_loss":0.0,"gold_gain":0.0,"event_name":"Elementarium:FountainOfGold","player_choice":"Ignored","floor":19.0,"gold_loss":0.0,"damage_taken":0.0},{"damage_healed":0.0,"max_hp_gain":8.0,"max_hp_loss":0.0,"gold_gain":0.0,"event_name":"Elementarium:SculptureGarden","player_choice":"Graft","floor":24.0,"gold_loss":0.0,"damage_taken":0.0},{"damage_healed":0.0,"max_hp_gain":0.0,"max_hp_loss":0.0,"gold_gain":3.0,"event_name":"betterStone:BetterStone","player_choice":"3","floor":37.0,"gold_loss":0.0,"damage_taken":0.0,"cards_obtained":["Analog"]},{"damage_healed":0.0,"max_hp_gain":0.0,"max_hp_loss":0.0,"gold_gain":0.0,"event_name":"Mysterious Sphere","player_choice":"Fight","floor":38.0,"gold_loss":0.0,"damage_taken":0.0},{"damage_healed":0.0,"max_hp_gain":0.0,"max_hp_loss":0.0,"gold_gain":0.0,"event_name":"MindBloom","player_choice":"Fight","floor":45.0,"gold_loss":0.0,"damage_taken":0.0}],"is_beta":false,"boss_relics":[{"not_picked":["conspire:SlowCooker","Abe\u0027s Treasure"],"picked":"CosmicIsotope"},{"not_picked":["jedi:hotpepper","halation:CatFaceCupcake","halation:PinkAlligatorPlush"]}],"items_purged_floors":[],"is_endless":false,"potions_floor_spawned":[1,4,8,16,22,29,35,38,42,47,48],"killed_by":"Shield and Spear","ascension_level":6}}