{"host":"Yuki","time":1610813462,"event":{"mods":["AchievementEnabler","BaseMod","Block Reminder","Colored Map","Colored Powertips","Googly Eyes","Highlight Path","Minty Spire (QoL Compilation)","Permanent Neow","Quick Restart","Random Character Button","Random Character Mod","Relic Stats","StSLib","The Wild Card","everything is the same but u backflip on backflip","slay the spire mod where everything is the same but ironclad has a cowboy hat"],"gold_per_floor":[117,132,132,151,168,168,188,188,213,227,227,227],"floor_reached":11,"language":"ENG","playtime":578,"items_purged":[],"score":85,"play_id":"52170e21-fdf5-414a-a3da-644ab553007d","local_time":"20210116101102","is_ascension_mode":true,"campfire_choices":[{"data":"Clothesline","floor":6,"key":"SMITH"},{"data":"Shrug It Off","floor":8,"key":"SMITH"}],"circlet_count":0,"master_deck":["Strike_R","Strike_R","Strike_R","Strike_R","Defend_R","Defend_R","Defend_R","Defend_R","Bash","Shrug It Off+1","Feel No Pain","Clothesline+1","Headbutt","Thunderclap"],"relics":["Burning Blood","Odd Mushroom","Potion Belt"],"acts_visited":["Exordium"],"potions_floor_usage":[11,11],"damage_taken":[{"damage":2,"enemies":"2 Louse","floor":1,"turns":3},{"damage":0,"enemies":"Small Slimes","floor":2,"turns":6},{"damage":3,"enemies":"Jaw Worm","floor":4,"turns":5},{"damage":24,"enemies":"Lots of Slimes","floor":5,"turns":8},{"damage":25,"enemies":"The Mushroom Lair","floor":7,"turns":6},{"damage":26,"enemies":"Large Slime","floor":10,"turns":7},{"damage":37,"enemies":"Lagavulin","floor":11,"turns":6}],"seed_played":"5166807339878605429","potions_obtained":[{"floor":1,"key":"BlessingOfTheForge"},{"floor":5,"key":"LiquidBronze"},{"floor":7,"key":"SteroidPotion"}],"is_trial":false,"path_per_floor":["M","M","?","M","M","R","?","R","T","M","E"],"character_chosen":"IRONCLAD","items_purchased":[],"campfire_rested":0,"item_purchase_floors":[],"current_hp_per_floor":[76,80,80,80,62,62,43,43,43,23,0,0],"gold":227,"neow_bonus":"TRANSFORM_CARD","is_daily":false,"chose_seed":false,"campfire_upgraded":2,"win_rate":0.0,"timestamp":1610813462,"path_taken":["M","M","?","M","M","R","?","R","T","M","E"],"items_purchased_type":[],"build_version":"2020-12-18","purchased_purges":0,"victory":false,"max_hp_per_floor":[80,80,80,80,80,80,80,80,80,80,80,80],"relic_stats":{"counters":[7,41],"obtain_stats":[{"Potion Belt":9,"Odd Mushroom":7,"Burning Blood":0},{"Potion Belt":5,"Odd Mushroom":5,"Burning Blood":0},{"Potion Belt":28,"Odd Mushroom":28,"Burning Blood":0}],"Burning Blood":31},"card_choices":[{"not_picked":["Shrug It Off","Burning Pact"],"picked":"Feel No Pain","floor":1},{"not_picked":["Power Through","Entrench"],"picked":"Clothesline","floor":2},{"not_picked":["Sentinel","Twin Strike"],"picked":"Headbutt","floor":4},{"not_picked":["Heavy Blade","Anger"],"picked":"Thunderclap","floor":5},{"not_picked":["Twin Strike","Clothesline","Combust"],"picked":"SKIP","floor":10}],"player_experience":1258272,"relics_obtained":[{"floor":7,"key":"Odd Mushroom"},{"floor":9,"key":"Potion Belt"}],"event_choices":[{"damage_healed":0,"gold_gain":0,"player_choice":"Leave","damage_taken":0,"max_hp_gain":0,"max_hp_loss":0,"event_name":"The Cleric","floor":3,"gold_loss":0},{"damage_healed":0,"gold_gain":0,"player_choice":"Fought Mushrooms","damage_taken":0,"max_hp_gain":0,"max_hp_loss":0,"event_name":"Mushrooms","floor":7,"gold_loss":0}],"is_beta":true,"boss_relics":[],"items_purged_floors":[],"is_endless":false,"potions_floor_spawned":[1,5,7],"killed_by":"Lagavulin","ascension_level":6}}