{"host":"ac78wf4m5y9yc4g3","time":1610827771,"event":{"mods":["BaseMod","Better Third Choice","Downfall","Hermit","Marisa????????","Minty Spire (QoL Compilation)","StSLib","The Servant 0.9.4","The Wild Card"],"gold_per_floor":[99,99,199,258,258,276,322,338,338,355,389,403,303,60,73,175,175,175,194,209,224,238,238,238,238],"floor_reached":23,"language":"POL","playtime":958,"items_purged":[],"score":218,"play_id":"78178e78-bc39-4d02-b54b-d10a691e0d3d","local_time":"20210116210931","is_ascension_mode":false,"campfire_choices":[{"floor":1,"key":"RECALL"},{"floor":13,"key":"REST"},{"data":"Slimebound:SplitBruiser","floor":18,"key":"SMITH"}],"circlet_count":0,"master_deck":["Slimebound:Strike_Slimebound","Slimebound:Strike_Slimebound","Slimebound:Strike_Slimebound","Slimebound:Tackle","Slimebound:Defend_Slimebound","Slimebound:Defend_Slimebound","Slimebound:Defend_Slimebound","Slimebound:Defend_Slimebound","Slimebound:Split","Slimebound:CorrosiveSpit","Slimebound:SplitBruiser","Slimebound:Nibble","Slimebound:SplitBruiser+1","Slimebound:GoopSpray","Slimebound:FlameTackle","Slimebound:SplitBruiser","Slimebound:GoopSpray","Slimebound:ItLooksTasty","Slimebound:LeechingTouch","Slimebound:SlimeBarrage","Slimebound:LevelUp","Slimebound:Schlurp","Slimebound:SlimeTap","Slimebound:Chomp","Slimebound:SplitBruiser","Slimebound:Teamwork","Slimebound:PressTheAttack","Slimebound:BestDefense","Slimebound:SplitMire+1","Slimebound:HauntingLick"],"relics":["Slimebound:AbsorbEndCombat","downfall:HeartsMalice","Bag of Preparation","Happy Flower","Mummified Hand","downfall:HeartBlessingRed","Sozu"],"acts_visited":["Exordium","TheCity"],"potions_floor_usage":[16,16,20],"damage_taken":[{"damage":0,"enemies":"Cultist","floor":2,"turns":1},{"damage":0,"enemies":"Lagavulin Event","floor":4,"turns":1},{"damage":0,"enemies":"Jaw Worm","floor":5,"turns":1},{"damage":0,"enemies":"Small Slimes","floor":6,"turns":2},{"damage":3,"enemies":"2 Fungi Beasts","floor":8,"turns":3},{"damage":4,"enemies":"Exordium Wildlife","floor":10,"turns":4},{"damage":14,"enemies":"Lagavulin","floor":11,"turns":5},{"damage":0,"enemies":"Blue Slaver","floor":12,"turns":3},{"damage":0,"enemies":"downfall:FleeingMerchant","floor":14,"turns":4},{"damage":0,"enemies":"3 Louse","floor":15,"turns":2},{"damage":13,"enemies":"WA_ARCHETYPE_RETAIN","floor":16,"turns":4},{"damage":0,"enemies":"3 Byrds","floor":19,"turns":4},{"damage":0,"enemies":"Snake Plant","floor":20,"turns":3},{"damage":10,"enemies":"3 Cultists","floor":21,"turns":4},{"damage":28,"enemies":"Shelled Parasite and Fungi","floor":22,"turns":4},{"damage":36,"enemies":"Slavers","floor":23,"turns":3}],"seed_played":"5026560073777926895","potions_obtained":[{"floor":10,"key":"Slimebound:SlimedPotion"},{"floor":11,"key":"Explosive Potion"},{"floor":15,"key":"SteroidPotion"},{"floor":16,"key":"Guardian:BlockOnCardUsePotion"}],"is_trial":false,"path_per_floor":["R","M","?","?","M","M","T","M","?","M","E","M","R","$","M","B",null,"R","M","M","M","M","E"],"character_chosen":"SLIMEBOUND","items_purchased":["Slimebound:LevelUp","Slimebound:Schlurp","Slimebound:SlimeTap","Slimebound:Chomp"],"campfire_rested":1,"item_purchase_floors":[14,14,14,14],"current_hp_per_floor":[65,65,65,65,65,65,65,62,62,58,46,47,65,65,65,53,65,65,65,65,57,33,0,0,0],"gold":238,"neow_bonus":"THREE_ENEMY_KILL","is_daily":false,"chose_seed":false,"campfire_upgraded":1,"win_rate":0.0,"timestamp":1610827771,"path_taken":["R","M","?","?","M","M","T","M","?","M","E","M","R","$","M","BOSS","R","M","M","M","M","E"],"items_purchased_type":["Card","Card","Card","Card"],"build_version":"2020-12-22","purchased_purges":0,"victory":false,"max_hp_per_floor":[65,65,65,65,65,65,65,65,65,65,65,65,65,65,65,65,65,65,65,65,65,65,65,65,65],"card_choices":[{"not_picked":["Slimebound:SlimeTap","Slimebound:SplitLeeching"],"picked":"Slimebound:SplitBruiser","floor":2},{"not_picked":["Slimebound:ProtectTheBoss","Slimebound:TongueLash"],"picked":"Slimebound:Nibble","floor":4},{"not_picked":["Slimebound:Replication","Slimebound:TongueLash"],"picked":"Slimebound:SplitBruiser","floor":5},{"not_picked":["Slimebound:LivingWall","Slimebound:Gluttony"],"picked":"Slimebound:GoopSpray","floor":6},{"not_picked":["Slimebound:LeechEnergy","Slimebound:FirmFortitude"],"picked":"Slimebound:FlameTackle","floor":8},{"not_picked":["Slimebound:TongueLash","Slimebound:Prepare"],"picked":"Slimebound:GoopSpray","floor":10},{"not_picked":["Slimebound:RollThrough","Slimebound:ProtectTheBoss"],"picked":"Slimebound:ItLooksTasty","floor":11},{"not_picked":["Slimebound:FinishingTackle","Slimebound:Grow"],"picked":"Slimebound:LeechingTouch","floor":12},{"not_picked":["Slimebound:ItLooksTasty","Slimebound:SlimeSpikes"],"picked":"Slimebound:SlimeBarrage","floor":14},{"not_picked":["Slimebound:GrowthPunch","Slimebound:SpikyOuterGoop"],"picked":"Slimebound:SplitBruiser","floor":15},{"not_picked":["Slimebound:LeechLife","Slimebound:Overexert"],"picked":"Slimebound:Teamwork","floor":16},{"not_picked":["Slimebound:ItLooksTasty","Slimebound:TongueLash"],"picked":"Slimebound:PressTheAttack","floor":19},{"not_picked":["Slimebound:TongueLash","Slimebound:GoopSpray+1"],"picked":"Slimebound:BestDefense","floor":20},{"not_picked":["Slimebound:ComboTackle","Slimebound:LeechingTouch"],"picked":"Slimebound:SplitMire+1","floor":21},{"not_picked":["Slimebound:Schlurp+1","Slimebound:LivingWall"],"picked":"Slimebound:HauntingLick","floor":22}],"player_experience":57552,"relics_obtained":[{"floor":4,"key":"Bag of Preparation"},{"floor":7,"key":"Happy Flower"},{"floor":11,"key":"Mummified Hand"}],"event_choices":[],"is_beta":false,"boss_relics":[{"not_picked":["Empty Cage","Runic Dome"],"picked":"Sozu"}],"items_purged_floors":[],"is_endless":false,"potions_floor_spawned":[10,11,15,16],"killed_by":"Slavers","ascension_level":0}}