{"host":"363c1o4m0ew2jbar","time":1610785321,"event":{"mods":["AchievementEnabler","BaseMod","Better Note","Downfall","Hubris","Minty Spire (QoL Compilation)","StSLib"],"gold_per_floor":[99,112,125,187,200,200,223,223,223,242,81,81,116,132,150,150,150,150],"floor_reached":16,"language":"ENG","playtime":573,"items_purged":["Slimebound:Strike_Slimebound"],"score":122,"play_id":"0e6cc710-42b6-490c-836d-8782be4fd1bd","local_time":"20210115222201","is_ascension_mode":true,"campfire_choices":[{"data":"Slimebound:DivideAndConquer","floor":1,"key":"SMITH"},{"floor":6,"key":"REST"},{"floor":9,"key":"REST"},{"data":"Slimebound:Gluttony","floor":12,"key":"SMITH"}],"circlet_count":0,"master_deck":["Slimebound:Strike_Slimebound","Slimebound:Strike_Slimebound","Slimebound:Defend_Slimebound","Slimebound:Defend_Slimebound","Slimebound:Defend_Slimebound","Slimebound:Defend_Slimebound","Slimebound:CorrosiveSpit","Slimebound:DivideAndConquer+1","Slimebound:SplitAcid","Slimebound:SlimeSpikes","Slimebound:Recollect","Slimebound:TongueLash","Slimebound:GrowthPunch","Slimebound:SamplingLick","Slimebound:Gluttony+1","Slimebound:SplitMire","Slimebound:SplitLeeching","Slimebound:DuplicatedForm"],"relics":["Slimebound:AbsorbEndCombat","Slimebound:AggressiveSlimeRelic","Nunchaku","Toy Ornithopter"],"acts_visited":["Exordium"],"potions_floor_usage":[4,13,15],"damage_taken":[{"damage":14,"enemies":"2 Louse","floor":2,"turns":3},{"damage":2,"enemies":"Jaw Worm","floor":3,"turns":3},{"damage":43,"enemies":"Lagavulin Event","floor":4,"turns":6},{"damage":0,"enemies":"Cultist","floor":5,"turns":3},{"damage":7,"enemies":"Gremlin Gang","floor":10,"turns":3},{"damage":0,"enemies":"downfall:FleeingMerchant","floor":11,"turns":4},{"damage":18,"enemies":"Gremlin Nob","floor":13,"turns":4},{"damage":4,"enemies":"Blue Slaver","floor":14,"turns":3},{"damage":0,"enemies":"2 Fungi Beasts","floor":15,"turns":3},{"damage":34,"enemies":"WA_ARCHETYPE_RETAIN","floor":16,"turns":4}],"seed_played":"-7262415403248337153","potions_obtained":[{"floor":3,"key":"Slimebound:SlimedPotion"},{"floor":10,"key":"EssenceOfSteel"},{"floor":13,"key":"DuplicationPotion"},{"floor":14,"key":"ColorlessPotion"}],"is_trial":false,"path_per_floor":["R","M","M","?","M","R","T","?","R","M","$","R","E","M","M","B"],"character_chosen":"SLIMEBOUND","items_purchased":["Slimebound:Gluttony"],"campfire_rested":2,"item_purchase_floors":[11],"current_hp_per_floor":[59,46,46,7,8,25,25,25,42,35,37,37,22,20,26,0,0,0],"gold":150,"neow_bonus":"TRANSFORM_TWO_CARDS","is_daily":false,"chose_seed":false,"campfire_upgraded":2,"win_rate":0.0,"timestamp":1610785321,"path_taken":["R","M","M","?","M","R","T","?","R","M","?","R","E","?","M","BOSS"],"items_purchased_type":["Card"],"build_version":"2020-12-22","purchased_purges":1,"victory":false,"max_hp_per_floor":[59,59,59,59,59,59,59,59,59,59,59,59,59,59,59,59,59,59],"card_choices":[{"not_picked":["Slimebound:GoopTackle","Slimebound:ServeAndProtect"],"picked":"Slimebound:SlimeSpikes","floor":2},{"not_picked":["Slimebound:LeechEnergy","Slimebound:SplitAcid","Slimebound:PressTheAttack"],"picked":"SKIP","floor":3},{"not_picked":["Slimebound:Dissolve","Slimebound:SplitAcid"],"picked":"Slimebound:Recollect","floor":4},{"not_picked":["Slimebound:PressTheAttack","Slimebound:Prepare"],"picked":"Slimebound:TongueLash","floor":5},{"not_picked":["Slimebound:Schlurp","Slimebound:FinishingTackle"],"picked":"Slimebound:GrowthPunch","floor":10},{"not_picked":["Slimebound:FinishingTackle","Slimebound:ItLooksTasty"],"picked":"Slimebound:SamplingLick","floor":11},{"not_picked":["Slimebound:Dissolve","Slimebound:SlimeSpikes"],"picked":"Slimebound:SplitMire","floor":13},{"not_picked":["Slimebound:RollThrough","Slimebound:DivideAndConquer"],"picked":"Slimebound:SplitLeeching","floor":14},{"not_picked":["Slimebound:SlimeTap","Slimebound:Dissolve"],"picked":"Slimebound:DuplicatedForm","floor":15}],"player_experience":1199005,"relics_obtained":[{"floor":4,"key":"Slimebound:AggressiveSlimeRelic"},{"floor":7,"key":"Nunchaku"},{"floor":13,"key":"Toy Ornithopter"}],"event_choices":[],"is_beta":false,"boss_relics":[],"items_purged_floors":[11],"is_endless":false,"potions_floor_spawned":[3,10,13,14],"killed_by":"WA_ARCHETYPE_RETAIN","ascension_level":4}}