{"host":"94qggqh0xz0sp6ai","time":1610832051,"event":{"mods":["100% Spire Juice","Abigail Mod","Act Like it!","BaseMod","CapriCore","Downfall","Friendly Minions","Gensokyo","Hermit","Jorbs\u0027s Wanderer Trilogy","Koishi","Marisa（霧雨　魔理沙）","Minty Spire (QoL Compilation)","Permanent Neow","Reimu（博??梦）","StSLib","The Alterego","The Construct","The Cursed","The Hierophant","The Immortal","The Marked","The Servant 0.9.4","TheBandit","Waifu the Spire"],"gold_per_floor":[115,115,126,146,2,2,14,44,44,61,75,75,89,89,89,189,69,81,81,101,113,129,129,160,160,187,187,187],"floor_reached":27,"language":"ENG","playtime":1338,"items_purged":["Pain"],"score":237,"play_id":"68b20a08-4a2e-4238-8aa0-5a13c2157147","local_time":"20210116152051","is_ascension_mode":false,"campfire_choices":[{"data":"Moonworks:SakisCookie","floor":6,"key":"SMITH"},{"floor":12,"key":"REST"},{"data":"Moonworks:TreasureThief","floor":15,"key":"SMITH"},{"data":"Moonworks:AwakeningOfTalent","floor":23,"key":"SMITH"},{"floor":25,"key":"REST"}],"circlet_count":0,"master_deck":["Moonworks:Strike","Moonworks:Strike","Moonworks:Strike","Moonworks:Strike","Moonworks:Defend","Moonworks:Defend","Moonworks:Defend","Moonworks:Defend+1","Moonworks:Ambush","Moonworks:LongDistanceShot+1","Moonworks:TreasureThief+1","Moonworks:Flamethrower","Moonworks:SakisCookie+1","Moonworks:RagingMadness+1","Moonworks:Assault","Moonworks:WeAreWaruda+1","Moonworks:TacticalRetreat","Moonworks:OutOfAmmo","Moonworks:NicePresent","Moonworks:SakisCookie+1","Moonworks:AwakeningOfTalent+1","Moonworks:ReflectiveShell"],"relics":["Moonworks:BrokenBomb","Moonworks:Homemark","WarpedTongs","Darkstone Periapt","HornCleat","construct:WeddingRing","StrikeDummy","Dream Catcher"],"acts_visited":["Exordium","TheCity"],"potions_floor_usage":[1,8,24,24],"damage_taken":[{"damage":2,"enemies":"2 Louse","floor":1,"turns":2},{"damage":13,"enemies":"Cultist","floor":3,"turns":4},{"damage":10,"enemies":"Small Slimes","floor":4,"turns":3},{"damage":2,"enemies":"Looter","floor":7,"turns":3},{"damage":18,"enemies":"Lagavulin","floor":8,"turns":6},{"damage":13,"enemies":"Red Slaver","floor":10,"turns":2},{"damage":2,"enemies":"Lots of Slimes","floor":11,"turns":3},{"damage":8,"enemies":"Exordium Wildlife","floor":13,"turns":3},{"damage":5,"enemies":"The Guardian","floor":16,"turns":12},{"damage":11,"enemies":"Chosen","floor":18,"turns":4},{"damage":5,"enemies":"Spheric Guardian","floor":20,"turns":4},{"damage":6,"enemies":"Centurion and Healer","floor":21,"turns":6},{"damage":27,"enemies":"Cultist and Chosen","floor":22,"turns":7},{"damage":35,"enemies":"Gremlin Leader","floor":24,"turns":10},{"damage":30,"enemies":"Shelled Parasite and Fungi","floor":27,"turns":4}],"seed_played":"4746783006304063386","potions_obtained":[{"floor":1,"key":"Fruit Juice"},{"floor":3,"key":"Regen Potion"},{"floor":13,"key":"Fire Potion"},{"floor":20,"key":"BlessingOfTheForge"},{"floor":22,"key":"LiquidBronze"},{"floor":24,"key":"sneckomod:MuddlingPotion"}],"is_trial":false,"path_per_floor":["M","?","M","M","$","R","M","E","T","M","M","R","M","?","R","B",null,"M","?","M","M","M","R","E","R","T","M"],"character_chosen":"THE_STARBREAKER","items_purchased":["Moonworks:RagingMadness"],"campfire_rested":2,"item_purchase_floors":[5],"current_hp_per_floor":[63,63,50,40,40,40,41,31,31,21,22,41,36,23,23,21,65,57,57,55,52,31,31,2,21,21,0,0],"gold":187,"neow_bonus":"UPGRADE_CARD","is_daily":false,"chose_seed":false,"campfire_upgraded":3,"win_rate":0.0,"timestamp":1610832051,"path_taken":["M","?","M","M","$","R","M","E","T","M","M","R","?","?","R","BOSS","M","?","?","M","M","R","E","R","T","M"],"items_purchased_type":["Card"],"build_version":"2020-12-22","purchased_purges":1,"victory":false,"max_hp_per_floor":[65,65,65,65,65,65,65,65,65,65,65,65,65,65,65,65,65,65,65,65,65,65,65,65,65,65,65,65],"card_choices":[{"not_picked":["Moonworks:SelfDestruct","Moonworks:IndiscriminateFireSupport"],"picked":"Moonworks:TreasureThief","floor":1},{"not_picked":["Moonworks:IndiscriminateFireSupport","Moonworks:ForcedRevival"],"picked":"Moonworks:Flamethrower","floor":3},{"not_picked":["Moonworks:BigMagnum","Moonworks:MixPhenomenon"],"picked":"Moonworks:SakisCookie","floor":4},{"not_picked":["Moonworks:CompletionReward","Moonworks:CloudOfSeagulls"],"picked":"Moonworks:Assault","floor":7},{"not_picked":["Moonworks:LulusLuckyEgg","Moonworks:ForcedRevival"],"picked":"Moonworks:WeAreWaruda","floor":8},{"not_picked":["Moonworks:DeployBits","Moonworks:SealedMemories"],"picked":"Moonworks:TacticalRetreat","floor":10},{"not_picked":["Moonworks:ImmovableObject","Moonworks:JonathanRush","Moonworks:LulusLuckyEgg"],"picked":"SKIP","floor":11},{"not_picked":["Moonworks:CloudOfSeagulls","Moonworks:DeployBits","Moonworks:Assault"],"picked":"SKIP","floor":13},{"not_picked":["Moonworks:HolyNight","Moonworks:PlushieMaster"],"picked":"Moonworks:OutOfAmmo","floor":16},{"not_picked":["Moonworks:Assault+1","Moonworks:UnpaidWork"],"picked":"Moonworks:NicePresent","floor":18},{"not_picked":["Moonworks:RagingMadness+1","Moonworks:ImOnFire","Moonworks:DeployBits"],"picked":"SKIP","floor":20},{"not_picked":["Moonworks:WindyEnchantment+1","Moonworks:TacticalRetreat"],"picked":"Moonworks:SakisCookie+1","floor":21},{"not_picked":["Moonworks:Assault","Moonworks:CloudOfSeagulls"],"picked":"Moonworks:AwakeningOfTalent","floor":22},{"not_picked":["Moonworks:SinkOrSwim","Moonworks:NicePresent"],"picked":"Moonworks:ReflectiveShell","floor":24}],"player_experience":1388847,"relics_obtained":[{"floor":8,"key":"Darkstone Periapt"},{"floor":9,"key":"HornCleat"},{"floor":24,"key":"StrikeDummy"},{"floor":26,"key":"Dream Catcher"}],"event_choices":[{"damage_healed":0,"gold_gain":0,"player_choice":"Rummage","damage_taken":0,"relics_obtained":["WarpedTongs"],"max_hp_gain":0,"max_hp_loss":0,"event_name":"Accursed Blacksmith","floor":2,"gold_loss":0,"cards_obtained":["Pain"]},{"damage_healed":0,"gold_gain":0,"player_choice":"Entered Light","damage_taken":13,"max_hp_gain":0,"max_hp_loss":0,"event_name":"Shining Light","floor":14,"gold_loss":0,"cards_upgraded":["Moonworks:Defend","Moonworks:RagingMadness"]},{"damage_healed":0,"gold_gain":0,"player_choice":"Upgraded","damage_taken":0,"max_hp_gain":0,"max_hp_loss":0,"event_name":"Upgrade Shrine","floor":19,"gold_loss":0,"cards_upgraded":["Moonworks:WeAreWaruda"]}],"is_beta":false,"boss_relics":[{"not_picked":["Velvet Choker","Runic Pyramid"],"picked":"construct:WeddingRing"}],"items_purged_floors":[5],"is_endless":false,"potions_floor_spawned":[1,3,13,20,22,24],"killed_by":"Shelled Parasite and Fungi","ascension_level":0}}