{"host":"dftyqn972q7tuon4","time":1610824804,"event":{"mods":["AchievementEnabler","BaseMod","Better Altar","Better Match","Better Note","Better Sensory Stone","Better Skull","Better Third Choice","Colored Powertips","Highlight Path","Minty Spire (QoL Compilation)","Permanent Neow","Quick Restart","StSLib"],"gold_per_floor":[115,115,135,60,80,115,115,125,125,25,25,44,76,93,93,93,93],"floor_reached":16,"language":"ENG","playtime":796,"items_purged":["Regret","Strike_G"],"score":168,"play_id":"d89bdcaf-9116-4881-8e58-a5ba54f324f7","local_time":"20210116202004","is_ascension_mode":true,"campfire_choices":[{"data":"Bouncing Flask","floor":7.0,"key":"SMITH"},{"data":"Neutralize","floor":11.0,"key":"SMITH"},{"data":"Calculated Gamble","floor":15.0,"key":"SMITH"}],"circlet_count":0,"master_deck":["AscendersBane","Strike_G","Strike_G","Strike_G","Defend_G","Defend_G","Defend_G","Defend_G","Defend_G","Survivor","Neutralize+1","Bouncing Flask+1","Underhanded Strike","Poisoned Stab","Well Laid Plans","Escape Plan","Escape Plan","Terror","Calculated Gamble+1","Bane"],"relics":["Ring of the Snake","Meat on the Bone","StrikeDummy","Darkstone Periapt","Bag of Preparation"],"acts_visited":["Exordium"],"potions_floor_usage":[],"damage_taken":[{"damage":0.0,"enemies":"Small Slimes","floor":1.0,"turns":3.0},{"damage":6.0,"enemies":"Jaw Worm","floor":3.0,"turns":3.0},{"damage":0.0,"enemies":"2 Louse","floor":5.0,"turns":2.0},{"damage":2.0,"enemies":"Gremlin Nob","floor":6.0,"turns":3.0},{"damage":3.0,"enemies":"Blue Slaver","floor":8.0,"turns":3.0},{"damage":13.0,"enemies":"Exordium Wildlife","floor":12.0,"turns":5.0},{"damage":25.0,"enemies":"3 Sentries","floor":13.0,"turns":7.0},{"damage":0.0,"enemies":"2 Fungi Beasts","floor":14.0,"turns":3.0},{"damage":13,"enemies":"Slime Boss","floor":16,"turns":6}],"seed_played":"7391526371402935961","potions_obtained":[{"floor":1.0,"key":"FearPotion"},{"floor":5.0,"key":"Regen Potion"},{"floor":6.0,"key":"Strength Potion"}],"is_trial":false,"path_per_floor":["M","?","M","$","M","E","R","M","T","$","R","M","E","M","R","B"],"character_chosen":"THE_SILENT","items_purchased":[],"campfire_rested":0,"item_purchase_floors":[],"current_hp_per_floor":[63,63,57,57,57,55,55,52,52,52,52,39,41,41,41,28,28],"gold":93,"neow_bonus":"TRANSFORM_CARD","is_daily":false,"chose_seed":false,"campfire_upgraded":3,"win_rate":0.0,"timestamp":1610824804,"path_taken":["M","?","M","$","M","E","R","M","T","?","R","M","E","M","R","BOSS"],"items_purchased_type":[],"build_version":"2020-12-22","purchased_purges":2,"victory":false,"max_hp_per_floor":[70,70,70,70,70,70,70,70,70,70,70,70,70,70,70,70,70],"card_choices":[{"not_picked":["Riddle With Holes","Dash"],"picked":"Underhanded Strike","floor":1.0},{"not_picked":["All Out Attack","Bane"],"picked":"Poisoned Stab","floor":3.0},{"not_picked":["Quick Slash","Wraith Form v2"],"picked":"Well Laid Plans","floor":5.0},{"not_picked":["Dagger Throw","Slice"],"picked":"Escape Plan","floor":6.0},{"not_picked":["Dodge and Roll","Dagger Throw"],"picked":"Escape Plan","floor":8.0},{"not_picked":["Flechettes","Accuracy"],"picked":"Terror","floor":12.0},{"not_picked":["Dagger Throw","Poisoned Stab"],"picked":"Calculated Gamble","floor":13.0},{"not_picked":["Blade Dance","Slice"],"picked":"Bane","floor":14.0}],"player_experience":671699,"relics_obtained":[{"floor":6.0,"key":"StrikeDummy"},{"floor":9.0,"key":"Darkstone Periapt"},{"floor":13.0,"key":"Bag of Preparation"}],"event_choices":[{"damage_healed":0.0,"max_hp_gain":0.0,"max_hp_loss":0.0,"gold_gain":0.0,"event_name":"Big Fish","player_choice":"Box","floor":2.0,"gold_loss":0.0,"damage_taken":0.0,"relics_obtained":["Meat on the Bone"],"cards_obtained":["Regret"]}],"is_beta":false,"boss_relics":[],"items_purged_floors":[4,10],"is_endless":false,"potions_floor_spawned":[1,5,6],"killed_by":"Slime Boss","ascension_level":10}}