{"host":"3xls0xm49ftugio7","time":1610830739,"event":{"mods":["2.2 Compatiblity","AchievementEnabler","Act Like it!","BaseMod","Colored Powertips","GifTheSpireLib","Minty Spire (QoL Compilation)","Quick Restart","Relic Stats","StSLib"],"gold_per_floor":[113,126,91,91,41,76,76,93,93,13,32,32,32,57,57,57,57],"floor_reached":16,"language":"ENG","playtime":324,"items_purged":[],"score":216,"play_id":"35e3e895-2147-4547-84a5-169cddd0872d","local_time":"20210116225859","is_ascension_mode":true,"campfire_choices":[{"floor":7,"key":"REST"},{"data":"Hologram","floor":13,"key":"SMITH"},{"data":"Beam Cell","floor":15,"key":"SMITH"}],"circlet_count":0,"master_deck":["AscendersBane","Strike_B","Strike_B","Strike_B","Strike_B","Defend_B","Defend_B","Defend_B","Defend_B","Zap","Dualcast","Go for the Eyes","Gash","Gash","Hologram+1","Beam Cell+1","Ball Lightning","Self Repair"],"relics":["SlaversCollar","Incense Burner","White Beast Statue","Anchor","Meat on the Bone"],"acts_visited":["Exordium"],"potions_floor_usage":[14],"damage_taken":[{"damage":7,"enemies":"Cultist","floor":1,"turns":4},{"damage":9,"enemies":"2 Louse","floor":2,"turns":3},{"damage":57,"enemies":"Gremlin Nob","floor":6,"turns":5},{"damage":6,"enemies":"Jaw Worm","floor":8,"turns":4},{"damage":0,"enemies":"Exordium Wildlife","floor":11,"turns":3},{"damage":10,"enemies":"3 Sentries","floor":14,"turns":6},{"damage":31,"enemies":"The Guardian","floor":16,"turns":2}],"seed_played":"4345096519811801681","potions_obtained":[{"floor":6,"key":"Energy Potion"},{"floor":11,"key":"PowerPotion"},{"floor":14,"key":"Energy Potion"}],"is_trial":false,"path_per_floor":["M","M","?","?","$","E","R","M","T","?","M","?","R","E","R","B"],"character_chosen":"DEFECT","items_purchased":["Gash"],"campfire_rested":1,"item_purchase_floors":[5],"current_hp_per_floor":[57,48,65,70,70,13,35,29,29,29,29,29,29,19,19,0,0],"gold":57,"neow_bonus":"BOSS_RELIC","is_daily":false,"chose_seed":false,"campfire_upgraded":2,"win_rate":0.0,"timestamp":1610830739,"path_taken":["M","?","?","?","?","E","R","?","T","?","?","?","R","E","R","BOSS"],"items_purchased_type":["Card"],"build_version":"2020-12-22","purchased_purges":0,"victory":false,"max_hp_per_floor":[71,71,71,76,76,76,76,76,76,76,76,76,76,76,76,76,76],"relic_stats":{"counters":[7,27],"obtain_stats":[{"SlaversCollar":0,"Anchor":10,"Incense Burner":6,"Cracked Core":0,"White Beast Statue":9,"Meat on the Bone":14},{"SlaversCollar":0,"Anchor":4,"Incense Burner":3,"Cracked Core":0,"White Beast Statue":4,"Meat on the Bone":6},{"SlaversCollar":0,"Anchor":16,"Incense Burner":12,"Cracked Core":0,"White Beast Statue":16,"Meat on the Bone":25}],"Meat on the Bone":0},"card_choices":[{"not_picked":["Turbo","Redo"],"picked":"Go for the Eyes","floor":1},{"not_picked":["Streamline","Barrage"],"picked":"Gash","floor":2},{"not_picked":["Barrage","Rebound"],"picked":"Hologram","floor":6},{"not_picked":["Leap","Steam"],"picked":"Beam Cell","floor":8},{"not_picked":["Storm","FTL"],"picked":"Ball Lightning","floor":11},{"not_picked":["Melter","Barrage"],"picked":"Self Repair","floor":14}],"player_experience":694829,"relics_obtained":[{"floor":6,"key":"Incense Burner"},{"floor":9,"key":"White Beast Statue"},{"floor":14,"key":"Meat on the Bone"}],"event_choices":[{"damage_healed":17,"gold_gain":0,"player_choice":"Healed","damage_taken":0,"max_hp_gain":0,"max_hp_loss":0,"event_name":"The Cleric","floor":3,"gold_loss":35},{"damage_healed":0,"gold_gain":0,"player_choice":"Donut","damage_taken":0,"max_hp_gain":5,"max_hp_loss":0,"event_name":"Big Fish","floor":4,"gold_loss":0},{"damage_healed":0,"gold_gain":0,"player_choice":"Paid Gold","damage_taken":0,"relics_obtained":["Anchor"],"max_hp_gain":0,"max_hp_loss":0,"event_name":"WeMeetAgain","floor":10,"gold_loss":80},{"damage_healed":0,"gold_gain":0,"player_choice":"Got Potions","damage_taken":0,"max_hp_gain":0,"max_hp_loss":0,"event_name":"Lab","floor":12,"gold_loss":0}],"is_beta":false,"boss_relics":[],"items_purged_floors":[],"is_endless":false,"potions_floor_spawned":[6,11,14],"killed_by":"The Guardian","ascension_level":20}}