{"host":"7koe0iw0zllko92h","time":1610758119,"event":{"mods":["Act Like it!","BaseMod","Colored Powertips","Hermit","Hubris","Infinite Spire","Minty Spire (QoL Compilation)","Replay The Spire","StSLib","The Cursed"],"gold_per_floor":[113,123,141,161,336,336,368,395,395,395,0,28,28,51,51,67,67],"floor_reached":16,"language":"ENG","playtime":6074,"items_purged":[],"score":129,"play_id":"6f734228-90e7-4e97-b3b4-9073d6121eb6","local_time":"20210115194839","is_ascension_mode":false,"campfire_choices":[{"data":"TheCursedMod:CursedWand","floor":6,"key":"SMITH"},{"data":"TheCursedMod:CleanUpWorkshop","floor":13,"key":"SMITH"},{"floor":15,"key":"REST"}],"circlet_count":0,"master_deck":["TheCursedMod:Strike_TheCursed","TheCursedMod:Strike_TheCursed","TheCursedMod:Strike_TheCursed","TheCursedMod:Strike_TheCursed","TheCursedMod:Defend_TheCursed","TheCursedMod:Defend_TheCursed","TheCursedMod:Defend_TheCursed","TheCursedMod:Defend_TheCursed","TheCursedMod:CursedWand+1","TheCursedMod:CleanUpWorkshop+1","TheCursedMod:Dregs","TheCursedMod:CircleOfFlame","TheCursedMod:SpitefulStrike","TheCursedMod:CursedBlade","TheCursedMod:WearCloak","Doubt","TheCursedMod:CursedAmulet","TheCursedMod:Obscuration","TheCursedMod:CollectTribute+1","TheCursedMod:RapidMovement+1","TheCursedMod:DoubleShield+1","TheCursedMod:ShockAndAwe+1","TheCursedMod:CursedSpellbook","TheCursedMod:CircleOfFocus"],"relics":["TheCursedMod:BlackMagic101","Replay:Bandana","Golden Egg","Boot","BargainBundle"],"acts_visited":["Exordium"],"potions_floor_usage":[7,8,12,12,16,16],"damage_taken":[{"damage":13,"enemies":"infinitespire:Voidling","floor":1,"turns":5},{"damage":0,"enemies":"Small Slimes","floor":2,"turns":3},{"damage":0,"enemies":"Cultist","floor":3,"turns":2},{"damage":10,"enemies":"3 Louse","floor":4,"turns":5},{"damage":0,"enemies":"3 Sentries","floor":7,"turns":5},{"damage":0,"enemies":"2 Fungi Beasts","floor":8,"turns":3},{"damage":0,"enemies":"Red Slaver","floor":12,"turns":4},{"damage":9,"enemies":"Exordium Wildlife","floor":14,"turns":3},{"damage":78,"enemies":"The Guardian","floor":16,"turns":16}],"seed_played":"-2501425330086222322","potions_obtained":[{"floor":1,"key":"SpeedPotion"},{"floor":4,"key":"Fire Potion"},{"floor":7,"key":"SkillPotion"},{"floor":8,"key":"DistilledChaos"},{"floor":14,"key":"SpeedPotion"}],"is_trial":false,"path_per_floor":["M","M","M","M","?","R","E","M","T","?","$","M","R","M","R","B"],"character_chosen":"THE_CURSED","items_purchased":["TheCursedMod:CollectTribute","BargainBundle","TheCursedMod:RapidMovement+1","TheCursedMod:DoubleShield","AttackPotion","TheCursedMod:ShockAndAwe"],"campfire_rested":1,"item_purchase_floors":[11,11,11,11,11,11],"current_hp_per_floor":[76,76,76,66,66,66,66,66,66,59,59,59,59,50,74,0,0],"gold":67,"neow_bonus":"TEN_PERCENT_HP_BONUS","is_daily":false,"chose_seed":false,"campfire_upgraded":2,"win_rate":0.0,"timestamp":1610758119,"path_taken":["M","M","?","M","?","R","E","M","T","?","$","M","R","?","R","BOSS"],"items_purchased_type":["Card","Relic","Card","Card","Potion","Card"],"build_version":"2020-12-22","purchased_purges":0,"victory":false,"max_hp_per_floor":[82,82,82,82,82,82,82,82,82,82,82,82,82,82,82,82,82],"card_choices":[{"not_picked":["TheCursedMod:CursedShiv","TheCursedMod:CircleOfCorruption"],"picked":"TheCursedMod:CircleOfFlame","floor":1},{"not_picked":["TheCursedMod:CircleOfWindfury","TheCursedMod:CircleOfBlood"],"picked":"TheCursedMod:SpitefulStrike","floor":2},{"not_picked":["TheCursedMod:CursedMace","TheCursedMod:CursedShiv"],"picked":"TheCursedMod:CursedBlade","floor":3},{"not_picked":["TheCursedMod:Stretching","TheCursedMod:HellsGateOpen"],"picked":"TheCursedMod:WearCloak","floor":4},{"not_picked":["TheCursedMod:Neurasthenia","TheCursedMod:DoubleShield"],"picked":"TheCursedMod:CursedAmulet","floor":7},{"not_picked":["TheCursedMod:Wield","TheCursedMod:CursedArmor"],"picked":"TheCursedMod:Obscuration","floor":8},{"not_picked":["TheCursedMod:Obscuration","TheCursedMod:TacticalStrike"],"picked":"TheCursedMod:CursedSpellbook","floor":12},{"not_picked":["TheCursedMod:WearCloak","TheCursedMod:FleshFromBone"],"picked":"TheCursedMod:CircleOfFocus","floor":14}],"player_experience":694645,"relics_obtained":[{"floor":7,"key":"Replay:Bandana"},{"floor":9,"key":"Golden Egg"}],"event_choices":[{"damage_healed":0,"gold_gain":175,"player_choice":"AGREE","damage_taken":0,"max_hp_gain":0,"max_hp_loss":0,"event_name":"Liars Game","floor":5,"gold_loss":0,"cards_obtained":["Doubt"]},{"damage_healed":0,"gold_gain":0,"player_choice":"Success","damage_taken":7,"relics_obtained":["Boot"],"max_hp_gain":0,"max_hp_loss":0,"event_name":"Scrap Ooze","floor":10,"gold_loss":0}],"is_beta":false,"boss_relics":[],"items_purged_floors":[],"is_endless":false,"potions_floor_spawned":[1,4,7,8,14],"killed_by":"The Guardian","ascension_level":0}}