{"host":"6to8m083wj0ro91z","time":1610830075,"event":{"mods":["100% Spire Juice","BaseMod","Better Third Choice","BetterRewards","CatGirl Mod","ChefMod","Friendly Minions","GungeonMod","Hubris","Mad Scientist","Marisa????????","Minty Spire (QoL Compilation)","Railgun Mod","Robot Space Explorer","Shade Mod","Spicy Shops","StSLib","The Blackbeard","The Death Knight","The Gatherer","The Marked","The Mystic","The Necromancer","The Servant 0.9.4"],"gold_per_floor":[117,117,117,136,136,161,161,186,186,216,216,216,228,257,257,355,355,368,387,400,417,16,16,48,48,48,48,68,98,98,108,108,209,209,219,219,232,285,35,35,70,70,70,88,88,104,119,129,129,129,129,129,2,30,30],"floor_reached":56,"language":"ENG","playtime":2319,"items_purged":["theMarked:Strike","theMarked:Strike","theMarked:Strike","theMarked:Strike","theMarked:UnarmedFury+1"],"score":2424,"play_id":"cd858df0-521f-4b58-b6b1-88588c15bf98","local_time":"20210116214755","is_ascension_mode":true,"campfire_choices":[{"floor":7.0,"key":"REST"},{"data":"theMarked:Levitate","floor":11.0,"key":"SMITH"},{"data":"theMarked:SoldierOfQuellstein","floor":15,"key":"SMITH"},{"data":"theMarked:SwordAndMagic","floor":23,"key":"SMITH"},{"data":"theMarked:Levitate","floor":30,"key":"SMITH"},{"floor":32,"key":"RECALL"},{"data":"theMarked:HeightenedSenses","floor":40,"key":"SMITH"},{"data":"theMarked:Defend","floor":45,"key":"SMITH"},{"data":"theMarked:Defend","floor":49,"key":"SMITH"},{"data":"theMarked:Defend","floor":52,"key":"SMITH"}],"circlet_count":0,"master_deck":["theMarked:Defend+1","theMarked:Defend+1","theMarked:Defend+1","theMarked:Defend+1","theMarked:SoldierOfQuellstein+1","theMarked:Opportunist+1","theMarked:SwordAndMagic+1","theMarked:ParalyzingBlade+1","theMarked:Levitate+1","theMarked:EmpowerWeapon+1","theMarked:Levitate+1","theMarked:HeightenedSenses+1","theMarked:SoldierForm+1","theMarked:EternalStudent","Swift Strike+1","theMarked:FavorableWinds+1"],"relics":["theMarked:ArtifactOfAir","Mummified Hand","DemoMod:MeltedRock","ClockworkSouvenir","Shuriken","DemoMod:WhiteGuonStone","Happy Flower","DemoMod:MonsterBlood","FossilizedHelix","hubris:OldNail","DemoMod:OrangeGuonStone","DemoMod:GlassGuonStoneRelic","Molten Egg 2","Anchor","hubris:VirtuousBlindfold","Frozen Egg 2","theMarked:NailFile","Gremlin Horn","Smiling Mask","hubris:TerracottaHorce","CatCart","TheAbacus","DemoMod:BlueGuonStone","Chemical X","DeathKnight:SindragosasSkull"],"acts_visited":["Exordium","TheCity","TheBeyond","TheEnding"],"potions_floor_usage":[14,38,46,46,54,55,55],"damage_taken":[{"damage":0.0,"enemies":"Small Slimes","floor":1.0,"turns":2.0},{"damage":0.0,"enemies":"Jaw Worm","floor":4.0,"turns":3.0},{"damage":0.0,"enemies":"3 Sentries","floor":6.0,"turns":3.0},{"damage":0.0,"enemies":"Lagavulin","floor":8.0,"turns":4.0},{"damage":0.0,"enemies":"Gremlin Nob","floor":10.0,"turns":3.0},{"damage":0.0,"enemies":"2 Louse","floor":13.0,"turns":1.0},{"damage":0,"enemies":"3 Sentries","floor":14,"turns":4},{"damage":0,"enemies":"Hexaghost","floor":16,"turns":6},{"damage":0,"enemies":"Chosen","floor":18,"turns":2},{"damage":0,"enemies":"Shell Parasite","floor":19,"turns":2},{"damage":0,"enemies":"Snake Plant","floor":20,"turns":3},{"damage":0,"enemies":"Shelled Parasite and Fungi","floor":21,"turns":3},{"damage":0,"enemies":"Slavers","floor":24,"turns":4},{"damage":0,"enemies":"Centurion and Healer","floor":28,"turns":3},{"damage":0,"enemies":"Gremlin Leader","floor":29,"turns":3},{"damage":0,"enemies":"Snecko","floor":31,"turns":2},{"damage":0,"enemies":"Champ","floor":33,"turns":6},{"damage":0,"enemies":"3 Darklings","floor":35,"turns":3},{"damage":0,"enemies":"3 Shapes","floor":37,"turns":2},{"damage":0,"enemies":"Orin","floor":38,"turns":4},{"damage":0,"enemies":"Giant Head","floor":41,"turns":3},{"damage":0,"enemies":"Spire Growth","floor":44,"turns":3},{"damage":0,"enemies":"Jaw Worm Horde","floor":46,"turns":2},{"damage":0,"enemies":"Transient","floor":47,"turns":5},{"damage":0,"enemies":"4 Shapes","floor":48,"turns":2},{"damage":0,"enemies":"Time Eater","floor":50,"turns":7},{"damage":0,"enemies":"Shield and Spear","floor":54,"turns":5},{"damage":0,"enemies":"The Heart","floor":55,"turns":6}],"seed_played":"-7071959105480711993","potions_obtained":[{"floor":6.0,"key":"SkillPotion"},{"floor":8.0,"key":"SteroidPotion"},{"floor":10.0,"key":"Weak Potion"},{"floor":14,"key":"DeathKnight:RimePotion"},{"floor":24,"key":"FearPotion"},{"floor":38,"key":"SpeedPotion"},{"floor":41,"key":"PowerPotion"},{"floor":46,"key":"Block Potion"}],"is_trial":false,"path_per_floor":["M","?","?","M","?","E","R","E","T","E","R","?","M","E","R","B",null,"M","M","M","M","$","R","E","?","T","$","M","E","R","M","R","B",null,"M","?","M","?","$","R","E","NS","T","M","R","M","M","M","R","B",null,"R","$","E","B",null],"character_chosen":"THE_DEFAULT","items_purchased":["Mummified Hand","DemoMod:MeltedRock","theMarked:Opportunist","theMarked:SwordAndMagic","ClockworkSouvenir","Shuriken","theMarked:ParalyzingBlade","DemoMod:WhiteGuonStone","Happy Flower","Energy Potion","Frozen Egg 2","TheAbacus","Swift Strike+1","Chemical X"],"campfire_rested":1,"item_purchase_floors":[0,0,0,0,0,0,0,0,0,0,22,39,39,53],"current_hp_per_floor":[28,32,32,32,17,17,40,40,40,40,40,45,45,45,45,45,82,82,82,82,82,82,82,82,82,82,82,82,82,82,82,82,82,82,82,82,82,82,82,82,82,82,82,82,82,82,82,82,82,82,82,82,82,82,82],"gold":30,"neow_bonus":"","is_daily":false,"chose_seed":false,"campfire_upgraded":8,"win_rate":0.0,"timestamp":1610830075,"path_taken":["M","?","?","M","?","E","R","E","T","E","R","?","M","E","R","BOSS","M","M","M","M","$","R","E","?","T","$","M","E","R","?","R","BOSS","M","?","?","?","$","R","E","NS","T","M","R","M","M","M","R","BOSS","R","$","E","BOSS"],"items_purchased_type":["Relic","Relic","Card","Card","Relic","Relic","Card","Relic","Relic","Potion","Relic","Relic","Card","Relic"],"build_version":"2020-12-22","purchased_purges":5,"victory":true,"max_hp_per_floor":[70,77,77,77,77,77,77,77,77,77,77,82,82,82,82,82,82,82,82,82,82,82,82,82,82,82,82,82,82,82,82,82,82,82,82,82,82,82,82,82,82,82,82,82,82,82,82,82,82,82,82,82,82,82,82],"card_choices":[{"not_picked":["theMarked:ElectricStrings","theMarked:TunnelVision","theMarked:SwordAndMagic"],"picked":"SKIP","floor":1.0},{"not_picked":["theMarked:TakeCover","theMarked:GodGivenPower","theMarked:Opportunist"],"picked":"SKIP","floor":4.0},{"not_picked":["theMarked:MysticalArsenal","theMarked:Frustration","theMarked:TakeCover"],"picked":"SKIP","floor":6.0},{"not_picked":["theMarked:WastefulAttack","theMarked:Overthink","theMarked:ElectricStrings"],"picked":"SKIP","floor":8.0},{"not_picked":["theMarked:DeterminationOfTheMarked","theMarked:Improvise"],"picked":"theMarked:Levitate","floor":10.0},{"not_picked":["theMarked:WastefulAttack+1","theMarked:ChainLightning+1","theMarked:Static"],"picked":"SKIP","floor":13.0},{"not_picked":["theMarked:ChainLightning+1","theMarked:TwofoldDefense","theMarked:Aftermath"],"picked":"SKIP","floor":14},{"not_picked":["theMarked:TakeCover","theMarked:KeepCalmAndFightOn+1"],"picked":"theMarked:EmpowerWeapon+1","floor":18},{"not_picked":["theMarked:Aftermath","theMarked:WastefulAttack+1","theMarked:EnhanceMovement+1"],"picked":"SKIP","floor":19},{"not_picked":["theMarked:Frustration+1","theMarked:RepellingDischarge","theMarked:HeritageOfTheMarked+1"],"picked":"SKIP","floor":20},{"not_picked":["theMarked:CreepingChasm+1","theMarked:Frustration+1","theMarked:AttractMetal"],"picked":"SKIP","floor":21},{"not_picked":["theMarked:ChainLightning+1","theMarked:RepellingDischarge+1"],"picked":"theMarked:Levitate","floor":24},{"not_picked":["theMarked:Electrify","theMarked:GodGivenPower+1","theMarked:Convert"],"picked":"SKIP","floor":28},{"not_picked":["theMarked:Frustration+1","theMarked:WastefulAttack+1"],"picked":"theMarked:SoldierForm+1","floor":29},{"not_picked":["theMarked:Improvise+1","theMarked:SwordAndMagic+1","theMarked:DeterminationOfTheMarked+1"],"picked":"SKIP","floor":31},{"not_picked":["theMarked:BindingBlade","theMarked:Vacuum+1"],"picked":"theMarked:EternalStudent","floor":33},{"not_picked":["theMarked:SwordAndMagic+1","theMarked:WastefulDefense","theMarked:Improvise"],"picked":"SKIP","floor":35},{"not_picked":["theMarked:HeightenedSenses","theMarked:SwordAndMagic+1","theMarked:CreepingChasm"],"picked":"SKIP","floor":37},{"not_picked":["theMarked:GodGivenPower+1","theMarked:BanishingStrike+1"],"picked":"theMarked:FavorableWinds","floor":41},{"not_picked":["theMarked:HeritageOfTheMarked+1","theMarked:WastefulAttack+1","theMarked:TunnelVision+1"],"picked":"SKIP","floor":44},{"not_picked":["theMarked:BanishingStrike+1","theMarked:CreepingChasm","theMarked:LightningStrikesTwice+1"],"picked":"SKIP","floor":46},{"not_picked":["theMarked:EnhanceMovement","theMarked:Reabsorb+1","theMarked:ElectricStrings+1"],"picked":"SKIP","floor":47},{"not_picked":["theMarked:DispelDoubt+1","theMarked:WardOff","theMarked:MaelstromOfLightning+1"],"picked":"SKIP","floor":48},{"not_picked":["theMarked:Frustration+1","theMarked:MaelstromOfLightning","theMarked:ShockingTouch+1"],"picked":"SKIP","floor":54}],"player_experience":1137123,"relics_obtained":[{"floor":6.0,"key":"FossilizedHelix"},{"floor":8.0,"key":"hubris:OldNail"},{"floor":9.0,"key":"DemoMod:OrangeGuonStone"},{"floor":10.0,"key":"Molten Egg 2"},{"floor":14,"key":"Anchor"},{"floor":24,"key":"theMarked:NailFile"},{"floor":26,"key":"Gremlin Horn"},{"floor":29,"key":"Smiling Mask"},{"floor":38,"key":"CatCart"},{"floor":41,"key":"DemoMod:BlueGuonStone"},{"floor":54,"key":"DeathKnight:SindragosasSkull"}],"event_choices":[{"damage_healed":0.0,"max_hp_gain":0.0,"max_hp_loss":0.0,"gold_gain":0.0,"event_name":"betterThird:BetterScrap","player_choice":"Relic ","floor":2.0,"gold_loss":0.0,"damage_taken":3.0,"cards_obtained":["Power Through"]},{"damage_healed":32.0,"max_hp_gain":0.0,"max_hp_loss":77.0,"gold_gain":0.0,"event_name":"betterThird:BetterShining","player_choice":"Upgrade","floor":5.0,"gold_loss":0.0,"damage_taken":15.0,"cards_upgraded":["theMarked:Defend","theMarked:Opportunist"]},{"damage_healed":0.0,"max_hp_gain":5.0,"max_hp_loss":0.0,"gold_gain":0.0,"event_name":"Big Fish","player_choice":"Donut","floor":12.0,"gold_loss":0.0,"damage_taken":0.0},{"damage_healed":0,"gold_gain":0,"player_choice":"Read","damage_taken":0,"max_hp_gain":0,"max_hp_loss":0,"event_name":"The Library","floor":25,"gold_loss":0,"cards_obtained":["theMarked:HeightenedSenses"]},{"damage_healed":0,"gold_gain":0,"cards_transformed":["theMarked:Strike"],"player_choice":"Transformed","damage_taken":0,"max_hp_gain":0,"max_hp_loss":0,"event_name":"Transmorgrifier","floor":36,"gold_loss":0,"cards_obtained":["theMarked:UnarmedFury"]},{"damage_healed":0,"gold_gain":0,"player_choice":"Fight","damage_taken":0,"max_hp_gain":0,"max_hp_loss":0,"event_name":"OrinTheCat","floor":38,"gold_loss":0}],"is_beta":false,"boss_relics":[{"not_picked":["Pandora\u0027s Box","hubris:Stopwatch"],"picked":"hubris:VirtuousBlindfold"},{"not_picked":["hubris:GrandSneckoEye","Calling Bell"],"picked":"hubris:TerracottaHorce"}],"items_purged_floors":[0,0,0,22,53],"is_endless":false,"potions_floor_spawned":[6,8,10,14,18,19,24,29,38,41,46],"ascension_level":6}}