{"host":"6q94iy5iz6612v89","time":1610789917,"event":{"mods":["AchievementEnabler","BaseMod","Colored Map","DeckTracker","Keyboard Shortcuts","Minty Spire (QoL Compilation)","Permanent Neow","StSLib","SuperFastMode"],"gold_per_floor":[112,37,37,50,50,82,82,117,140,140,173,183,197,213,213,291,291,306,306,306,322,159,159,170,170,170,170,205,220,263,282,282,282,282],"floor_reached":33,"language":"KOR","playtime":634,"items_purged":["Strike_R"],"score":710,"play_id":"46e8a91d-2d58-4ff0-83ea-94ce98b5e2c3","local_time":"20210116183837","is_ascension_mode":true,"campfire_choices":[{"data":"Carnage","floor":10.0,"key":"SMITH"},{"data":"Shrug It Off","floor":15,"key":"SMITH"},{"data":"Power Through","floor":23,"key":"SMITH"},{"data":"Second Wind","floor":25,"key":"SMITH"},{"data":"Flame Barrier","floor":27,"key":"SMITH"},{"data":"Evolve","floor":32,"key":"SMITH"}],"circlet_count":0,"master_deck":["AscendersBane","Strike_R","Strike_R+1","Strike_R","Defend_R","Defend_R","Defend_R","Defend_R","Bash+1","Flame Barrier+1","Rampage","Carnage+1","Second Wind+1","Shrug It Off+1","Power Through+1","Fire Breathing","Carnage+1","Evolve+1","Pommel Strike+1","Feel No Pain"],"relics":["Burning Blood","NeowsBlessing","Whetstone","Pantograph","Omamori","Lantern","Coffee Dripper","Necronomicon","Bottled Tornado","CeramicFish","Molten Egg 2"],"acts_visited":["Exordium","TheCity"],"potions_floor_usage":[16,16,28,30,33],"damage_taken":[{"damage":0.0,"enemies":"2 Louse","floor":1.0,"turns":2.0},{"damage":0.0,"enemies":"Small Slimes","floor":4.0,"turns":1.0},{"damage":0.0,"enemies":"Gremlin Nob","floor":6.0,"turns":1.0},{"damage":23.0,"enemies":"Lagavulin","floor":8.0,"turns":5.0},{"damage":30.0,"enemies":"3 Sentries","floor":11.0,"turns":8.0},{"damage":0,"enemies":"Jaw Worm","floor":12,"turns":1},{"damage":0,"enemies":"3 Louse","floor":13,"turns":4},{"damage":34,"enemies":"Exordium Thugs","floor":14,"turns":8},{"damage":24,"enemies":"The Guardian","floor":16,"turns":10},{"damage":11,"enemies":"Spheric Guardian","floor":18,"turns":4},{"damage":0,"enemies":"Shell Parasite","floor":21,"turns":1},{"damage":1,"enemies":"Snake Plant","floor":24,"turns":3},{"damage":0,"enemies":"Book of Stabbing","floor":28,"turns":3},{"damage":6,"enemies":"3 Cultists","floor":29,"turns":4},{"damage":31,"enemies":"Slavers","floor":30,"turns":4},{"damage":0,"enemies":"Snecko","floor":31,"turns":2},{"damage":60,"enemies":"Automaton","floor":33,"turns":10}],"seed_played":"-5054632181262290417","potions_obtained":[{"floor":8.0,"key":"ColorlessPotion"},{"floor":11.0,"key":"Strength Potion"},{"floor":12,"key":"CultistPotion"},{"floor":16,"key":"Strength Potion"},{"floor":24,"key":"Explosive Potion"},{"floor":31,"key":"BlessingOfTheForge"}],"is_trial":false,"path_per_floor":["M","?","$","M","$","E","?","E","T","R","E","M","M","M","R","B",null,"M","?","?","M","$","R","M","R","T","R","E","M","E","M","R","B"],"character_chosen":"IRONCLAD","items_purchased":["Evolve"],"campfire_rested":0,"item_purchase_floors":[22],"current_hp_per_floor":[74,74,74,75,75,75,75,58,58,58,34,40,46,18,18,25,63,58,37,37,43,43,43,48,48,48,48,54,54,29,35,35,0,0],"gold":282,"neow_bonus":"THREE_ENEMY_KILL","is_daily":false,"chose_seed":false,"campfire_upgraded":6,"win_rate":0.0,"timestamp":1610789917,"path_taken":["M","?","$","M","$","E","?","E","T","R","E","M","M","M","R","BOSS","M","?","?","M","$","R","?","R","T","R","E","M","E","?","R","BOSS"],"items_purchased_type":["Card"],"build_version":"2020-12-22","purchased_purges":1,"victory":false,"max_hp_per_floor":[75,75,75,75,75,75,75,75,75,75,75,75,75,75,75,75,75,75,75,75,75,75,75,75,75,75,75,75,75,75,75,75,75,75],"card_choices":[{"not_picked":["Flex","Seeing Red"],"picked":"Flame Barrier","floor":1.0},{"not_picked":["Thunderclap","Evolve"],"picked":"Rampage","floor":4.0},{"not_picked":["Thunderclap","Pommel Strike"],"picked":"Carnage","floor":6.0},{"not_picked":["Fire Breathing","Perfected Strike"],"picked":"Second Wind","floor":8.0},{"not_picked":["Double Tap","Warcry","Headbutt"],"picked":"SKIP","floor":11.0},{"not_picked":["Whirlwind","Flex"],"picked":"Shrug It Off","floor":12},{"not_picked":["Sword Boomerang","Dropkick","Heavy Blade"],"picked":"SKIP","floor":13},{"not_picked":["Twin Strike","Entrench"],"picked":"Power Through","floor":14},{"not_picked":["Twin Strike","Thunderclap"],"picked":"Fire Breathing","floor":18},{"not_picked":["Fire Breathing","Heavy Blade","Headbutt"],"picked":"SKIP","floor":21},{"not_picked":["Clothesline","Clash","Shrug It Off"],"picked":"SKIP","floor":24},{"not_picked":["Thunderclap","Shockwave","Havoc"],"picked":"SKIP","floor":28},{"not_picked":["Berserk","Second Wind","Clash"],"picked":"SKIP","floor":29},{"not_picked":["Blood for Blood+1","Spot Weakness"],"picked":"Pommel Strike+1","floor":30},{"not_picked":["Cleave+1","Flex"],"picked":"Feel No Pain","floor":31}],"player_experience":1437053,"relics_obtained":[{"floor":6.0,"key":"Whetstone"},{"floor":8.0,"key":"Pantograph"},{"floor":9.0,"key":"Omamori"},{"floor":11.0,"key":"Lantern"},{"floor":19,"key":"Necronomicon"},{"floor":26,"key":"Bottled Tornado"},{"floor":28,"key":"CeramicFish"},{"floor":30,"key":"Molten Egg 2"}],"event_choices":[{"cards_removed":["Strike_R"],"damage_healed":0.0,"max_hp_gain":0.0,"max_hp_loss":0.0,"gold_gain":0.0,"event_name":"The Cleric","player_choice":"Card Removal","floor":2.0,"gold_loss":75.0,"damage_taken":0.0},{"damage_healed":0.0,"max_hp_gain":0.0,"max_hp_loss":0.0,"gold_gain":0.0,"event_name":"Liars Game","player_choice":"Ignored","floor":7.0,"gold_loss":0.0,"damage_taken":0.0},{"damage_healed":0,"gold_gain":0,"player_choice":"Obtained Book","damage_taken":21,"max_hp_gain":0,"max_hp_loss":0,"event_name":"Cursed Tome","floor":19,"gold_loss":0},{"damage_healed":0,"gold_gain":0,"player_choice":"Copied","damage_taken":0,"max_hp_gain":0,"max_hp_loss":0,"event_name":"Duplicator","floor":20,"gold_loss":0,"cards_obtained":["Carnage"]}],"is_beta":false,"boss_relics":[{"not_picked":["Astrolabe","Runic Cube"],"picked":"Coffee Dripper"}],"items_purged_floors":[22],"is_endless":false,"potions_floor_spawned":[8,11,12,16,24,31],"killed_by":"Automaton","ascension_level":20}}