{"host":"baymyijz6sxaqj5s","time":1610794901,"event":{"mods":["AchievementEnabler","BaseMod","Colored Map","Colored Powertips","DeckTracker","Highlight Path","KOR Keyword Fix","Keyboard Shortcuts","Minty Spire (QoL Compilation)","StSLib","SuperFastMode"],"gold_per_floor":[114,114,124,137,137,137,153,153,153,165,165,165,178,197,197,293,293,313,313,332,332,350,350,122,149,200,227,239,251,278,300,312,424,436,461,473,485,477,500,512,558,570,582,39,39,39],"floor_reached":45,"language":"KOR","playtime":1625,"items_purged":["Strike_G"],"score":478,"play_id":"c65c7beb-1ce3-4447-bbd5-935cf681ac47","local_time":"20210116200141","is_ascension_mode":true,"campfire_choices":[{"floor":6,"key":"REST"},{"data":"A Thousand Cuts","floor":12,"key":"SMITH"},{"floor":15,"key":"REST"},{"data":"Backflip","floor":23,"key":"SMITH"},{"floor":28,"key":"REST"},{"data":"Noxious Fumes","floor":32,"key":"SMITH"},{"data":"Outmaneuver","floor":40,"key":"SMITH"},{"floor":42,"key":"REST"}],"circlet_count":0,"master_deck":["Strike_G","Strike_G","Strike_G+1","Strike_G","Defend_G+1","Defend_G","Defend_G","Defend_G","Defend_G","Survivor+1","Neutralize","Deadly Poison","Prepared+1","Deflect+1","A Thousand Cuts+1","All Out Attack","Poisoned Stab","Outmaneuver+1","Noxious Fumes+1","Backflip+1","Tactician+1","Deflect","Leg Sweep","Burst"],"relics":["Ring of the Snake","StoneCalendar","Tough Bandages","Runic Pyramid","War Paint","Regal Pillow","MawBank","Busted Crown","Art of War","Pantograph","MealTicket","Darkstone Periapt"],"acts_visited":["Exordium","TheCity","TheBeyond"],"potions_floor_usage":[14,16,16,22,25,30,31,31,39,41,45],"damage_taken":[{"damage":6,"enemies":"Jaw Worm","floor":1,"turns":5},{"damage":1,"enemies":"2 Louse","floor":3,"turns":3},{"damage":5,"enemies":"Small Slimes","floor":4,"turns":4},{"damage":0,"enemies":"Blue Slaver","floor":7,"turns":4},{"damage":1,"enemies":"2 Fungi Beasts","floor":10,"turns":4},{"damage":0,"enemies":"Large Slime","floor":13,"turns":5},{"damage":0,"enemies":"Looter","floor":14,"turns":4},{"damage":3,"enemies":"Slime Boss","floor":16,"turns":7},{"damage":7,"enemies":"3 Byrds","floor":18,"turns":5},{"damage":1,"enemies":"Shell Parasite","floor":20,"turns":6},{"damage":10,"enemies":"Shelled Parasite and Fungi","floor":22,"turns":7},{"damage":20,"enemies":"Book of Stabbing","floor":25,"turns":7},{"damage":3,"enemies":"Centurion and Healer","floor":27,"turns":6},{"damage":1,"enemies":"Snecko","floor":30,"turns":5},{"damage":0,"enemies":"3 Cultists","floor":31,"turns":4},{"damage":19,"enemies":"Collector","floor":33,"turns":9},{"damage":18,"enemies":"3 Darklings","floor":35,"turns":5},{"damage":1,"enemies":"Orb Walker","floor":39,"turns":4},{"damage":86,"enemies":"Reptomancer","floor":41,"turns":7},{"damage":51,"enemies":"Jaw Worm Horde","floor":45,"turns":3}],"seed_played":"-8993702577676999461","potions_obtained":[{"floor":1,"key":"SpeedPotion"},{"floor":7,"key":"Strength Potion"},{"floor":10,"key":"SteroidPotion"},{"floor":14,"key":"FearPotion"},{"floor":18,"key":"AttackPotion"},{"floor":25,"key":"GamblersBrew"},{"floor":27,"key":"DistilledChaos"},{"floor":30,"key":"Block Potion"},{"floor":31,"key":"FairyPotion"},{"floor":35,"key":"Swift Potion"},{"floor":38,"key":"CultistPotion"},{"floor":41,"key":"ColorlessPotion"}],"is_trial":false,"path_per_floor":["M","?","M","M","?","R","M","?","T","M","?","R","M","M","R","B",null,"M","?","M","?","M","R","$","E","T","M","R","?","M","M","R","B",null,"M","?","?","?","M","R","E","R","T","$","M"],"character_chosen":"THE_SILENT","items_purchased":["War Paint","MealTicket","Darkstone Periapt","Burst"],"campfire_rested":4,"item_purchase_floors":[24,44,44,44],"current_hp_per_floor":[71,59,58,53,38,61,61,61,61,60,65,65,65,65,82,79,82,75,75,74,74,64,64,64,44,44,41,80,80,79,79,79,60,82,64,64,64,64,63,63,4,42,42,42,0,0],"gold":39,"neow_bonus":"TEN_PERCENT_HP_BONUS","is_daily":false,"chose_seed":false,"campfire_upgraded":4,"win_rate":0.0,"timestamp":1610794901,"path_taken":["M","?","M","M","?","R","M","?","T","?","?","R","M","M","R","BOSS","M","?","M","?","M","R","$","E","T","M","R","?","M","M","R","BOSS","M","?","?","?","M","R","E","R","T","$","M"],"items_purchased_type":["Relic","Relic","Relic","Card"],"build_version":"2020-12-22","purchased_purges":1,"victory":false,"max_hp_per_floor":[77,77,77,77,77,77,77,77,77,77,82,82,82,82,82,82,82,82,82,82,82,82,82,82,82,82,82,82,82,82,82,82,82,82,82,82,78,78,78,78,78,78,78,78,78,78],"card_choices":[{"not_picked":["Crippling Poison","Bane"],"picked":"Deadly Poison","floor":1},{"not_picked":["Reflex","Flying Knee"],"picked":"Prepared","floor":3},{"not_picked":["Endless Agony","Bouncing Flask"],"picked":"Deflect","floor":4},{"not_picked":["Dagger Spray","Underhanded Strike"],"picked":"A Thousand Cuts","floor":7},{"not_picked":["Dagger Throw","Dodge and Roll"],"picked":"All Out Attack","floor":10},{"not_picked":["Dagger Throw","Flechettes"],"picked":"Poisoned Stab","floor":13},{"not_picked":["Slice","Calculated Gamble"],"picked":"Outmaneuver","floor":14},{"not_picked":["Outmaneuver","Dagger Spray","Cloak And Dagger"],"picked":"SKIP","floor":18},{"not_picked":["Slice","Masterful Stab"],"picked":"Backflip","floor":20},{"not_picked":["Quick Slash","Predator","Blade Dance+1"],"picked":"SKIP","floor":22},{"not_picked":["Crippling Poison","Night Terror"],"picked":"Tactician+1","floor":25},{"not_picked":["Dagger Spray","Blade Dance","Poisoned Stab"],"picked":"SKIP","floor":27},{"not_picked":["Dagger Spray","Blade Dance","Poisoned Stab"],"picked":"SKIP","floor":27},{"not_picked":["Terror+1","Acrobatics","Bane"],"picked":"SKIP","floor":30},{"not_picked":["Quick Slash","Caltrops+1","Blade Dance"],"picked":"SKIP","floor":31},{"not_picked":[],"picked":"Deflect","floor":35},{"not_picked":["Acrobatics+1"],"picked":"SKIP","floor":39},{"not_picked":[],"picked":"Leg Sweep","floor":41}],"player_experience":38578,"relics_obtained":[{"floor":9,"key":"Tough Bandages"},{"floor":25,"key":"Regal Pillow"},{"floor":26,"key":"MawBank"},{"floor":41,"key":"Art of War"},{"floor":43,"key":"Pantograph"}],"event_choices":[{"damage_healed":0,"gold_gain":0,"player_choice":"Success","damage_taken":12,"relics_obtained":["StoneCalendar"],"max_hp_gain":0,"max_hp_loss":0,"event_name":"Scrap Ooze","floor":2,"gold_loss":0},{"damage_healed":0,"gold_gain":0,"player_choice":"Entered Light","damage_taken":15,"max_hp_gain":0,"max_hp_loss":0,"event_name":"Shining Light","floor":5,"gold_loss":0,"cards_upgraded":["Deflect","Strike_G"]},{"damage_healed":0,"gold_gain":0,"player_choice":"Grow","damage_taken":0,"max_hp_gain":0,"max_hp_loss":0,"event_name":"Living Wall","floor":8,"gold_loss":0,"cards_upgraded":["Survivor"]},{"damage_healed":0,"gold_gain":0,"player_choice":"Donut","damage_taken":0,"max_hp_gain":5,"max_hp_loss":0,"event_name":"Big Fish","floor":11,"gold_loss":0},{"damage_healed":0,"gold_gain":0,"player_choice":"Read","damage_taken":0,"max_hp_gain":0,"max_hp_loss":0,"event_name":"The Library","floor":19,"gold_loss":0,"cards_obtained":["Noxious Fumes"]},{"damage_healed":0,"gold_gain":0,"player_choice":"Ignored","damage_taken":0,"max_hp_gain":0,"max_hp_loss":0,"event_name":"The Mausoleum","floor":21,"gold_loss":0},{"damage_healed":0,"gold_gain":0,"player_choice":"Ignored","damage_taken":0,"max_hp_gain":0,"max_hp_loss":0,"event_name":"Vampires","floor":29,"gold_loss":0},{"damage_healed":0,"gold_gain":0,"player_choice":"Ignored","damage_taken":0,"max_hp_gain":0,"max_hp_loss":0,"event_name":"Mysterious Sphere","floor":36,"gold_loss":0},{"damage_healed":0,"gold_gain":0,"player_choice":"Max HP","damage_taken":0,"max_hp_gain":0,"max_hp_loss":4,"event_name":"Winding Halls","floor":37,"gold_loss":0},{"damage_healed":0,"gold_gain":0,"player_choice":"Bought 1 Potion","damage_taken":0,"max_hp_gain":0,"max_hp_loss":0,"event_name":"The Woman in Blue","floor":38,"gold_loss":0}],"is_beta":false,"boss_relics":[{"not_picked":["Snecko Eye","HoveringKite"],"picked":"Runic Pyramid"},{"not_picked":["Astrolabe","SacredBark"],"picked":"Busted Crown"}],"items_purged_floors":[24],"is_endless":false,"potions_floor_spawned":[1,7,10,14,18,25,27,30,31,35,41],"killed_by":"Jaw Worm Horde","ascension_level":1}}