{"host":"d85gwtocd8go8gx0","time":1610786720,"event":{"mods":["BaseMod","Highlight Path","Minty Spire (QoL Compilation)","Permanent Neow","Quick Restart","UnlockEverythingMod"],"gold_per_floor":[116,116,116,140,140,171,186,186,213,213,238,238,256,296,296,296,296],"floor_reached":16,"language":"ENG","playtime":667,"items_purged":[],"score":220,"play_id":"b51f7562-8a3b-4aa5-8736-2aa23987f538","local_time":"20210116004520","is_ascension_mode":true,"campfire_choices":[{"data":"Bash","floor":8.0,"key":"SMITH"},{"floor":10.0,"key":"REST"},{"floor":15,"key":"REST"}],"circlet_count":0,"master_deck":["AscendersBane","Strike_R","Strike_R","Defend_R","Defend_R","Defend_R","Defend_R","Bash+1","Corruption+1","Entrench+1","Feel No Pain+1","Cleave","Injury","Shrug It Off","Body Slam","Anger","Spot Weakness","Feed","Disarm"],"relics":["Astrolabe","Golden Idol","Tiny Chest","Pen Nib","Bottled Tornado"],"acts_visited":["Exordium"],"potions_floor_usage":[16,16],"damage_taken":[{"damage":15.0,"enemies":"Jaw Worm","floor":1.0,"turns":5.0},{"damage":4.0,"enemies":"Small Slimes","floor":4.0,"turns":4.0},{"damage":22.0,"enemies":"3 Sentries","floor":6.0,"turns":14.0},{"damage":0.0,"enemies":"Cultist","floor":7.0,"turns":4.0},{"damage":0.0,"enemies":"Blue Slaver","floor":11.0,"turns":5.0},{"damage":11,"enemies":"Looter","floor":13,"turns":4},{"damage":16,"enemies":"Lagavulin","floor":14,"turns":8},{"damage":55,"enemies":"The Guardian","floor":16,"turns":9}],"seed_played":"4504087206909950379","potions_obtained":[{"floor":5.0,"key":"FearPotion"},{"floor":5.0,"key":"SkillPotion"},{"floor":6.0,"key":"Block Potion"}],"is_trial":false,"path_per_floor":["M","?","?","M","?","E","M","R","T","R","M","?","M","E","R","B"],"character_chosen":"IRONCLAD","items_purchased":[],"campfire_rested":2,"item_purchase_floors":[],"current_hp_per_floor":[53,53,53,49,49,27,27,27,27,49,49,54,43,30,54,0,0],"gold":296,"neow_bonus":"BOSS_RELIC","is_daily":false,"chose_seed":false,"campfire_upgraded":1,"win_rate":0.0,"timestamp":1610786720,"path_taken":["M","?","?","M","?","E","M","R","T","R","?","?","M","E","R","BOSS"],"items_purchased_type":[],"build_version":"2020-12-22","purchased_purges":0,"victory":false,"max_hp_per_floor":[75,75,75,75,75,75,75,75,75,75,75,80,80,83,83,83,83],"card_choices":[{"not_picked":["Havoc","True Grit"],"picked":"Cleave","floor":1.0},{"not_picked":["Hemokinesis","Burning Pact"],"picked":"Shrug It Off","floor":4.0},{"not_picked":["Metallicize","True Grit"],"picked":"Body Slam","floor":6.0},{"not_picked":["Armaments","Sever Soul"],"picked":"Anger","floor":7.0},{"not_picked":["Flex","Fire Breathing"],"picked":"Spot Weakness","floor":11.0},{"not_picked":["Thunderclap","Carnage"],"picked":"Feed","floor":13},{"not_picked":["Ghostly Armor","Feel No Pain"],"picked":"Disarm","floor":14}],"player_experience":12644,"relics_obtained":[{"floor":6.0,"key":"Tiny Chest"},{"floor":9.0,"key":"Pen Nib"},{"floor":14,"key":"Bottled Tornado"}],"event_choices":[{"damage_healed":0.0,"max_hp_gain":0.0,"max_hp_loss":0.0,"gold_gain":0.0,"event_name":"Liars Game","player_choice":"Ignored","floor":2.0,"gold_loss":0.0,"damage_taken":0.0},{"damage_healed":0.0,"max_hp_gain":0.0,"max_hp_loss":0.0,"gold_gain":0.0,"event_name":"Golden Idol","player_choice":"Take Wound","floor":3.0,"gold_loss":0.0,"damage_taken":0.0,"relics_obtained":["Golden Idol"],"cards_obtained":["Injury"]},{"damage_healed":0.0,"max_hp_gain":0.0,"max_hp_loss":0.0,"gold_gain":0.0,"event_name":"Lab","player_choice":"Got Potions","floor":5.0,"gold_loss":0.0,"damage_taken":0.0},{"damage_healed":0.0,"max_hp_gain":5.0,"max_hp_loss":0.0,"gold_gain":0.0,"event_name":"Big Fish","player_choice":"Donut","floor":12.0,"gold_loss":0.0,"damage_taken":0.0}],"is_beta":false,"boss_relics":[],"items_purged_floors":[],"is_endless":false,"potions_floor_spawned":[6,14],"killed_by":"The Guardian","ascension_level":20}}