{"host":"sav7uxregyirlf69","time":1610759012,"event":{"mods":["AchievementEnabler","BaseMod","Colored Map","DeckTracker","Keyboard Shortcuts","Minty Spire (QoL Compilation)","READ ME - Guardian Mod","StSLib","SuperFastMode"],"gold_per_floor":[118,131,131,143,155,155,155,155],"floor_reached":7,"language":"KOR","playtime":144,"items_purged":[],"score":86,"play_id":"bdb77c35-54e0-4e8d-9e62-7c1a6d5554a3","local_time":"20210116100332","is_ascension_mode":true,"campfire_choices":[{"data":"Finesse","floor":6,"key":"SMITH"}],"circlet_count":0,"master_deck":["AscendersBane","Strike_G","Strike_G","Strike_G","Strike_G","Defend_G","Defend_G","Defend_G","Defend_G","Defend_G","Survivor","Neutralize","Finesse+1","Dagger Throw","Flying Knee"],"relics":["Ring of the Snake"],"acts_visited":["Exordium"],"potions_floor_usage":[7],"damage_taken":[{"damage":10,"enemies":"Small Slimes","floor":1,"turns":6},{"damage":0,"enemies":"2 Louse","floor":2,"turns":4},{"damage":1,"enemies":"Cultist","floor":4,"turns":6},{"damage":1,"enemies":"Exordium Wildlife","floor":5,"turns":4},{"damage":39,"enemies":"Gremlin Nob","floor":7,"turns":6}],"seed_played":"-4126535532386917595","potions_obtained":[{"floor":2,"key":"GhostInAJar"},{"floor":5,"key":"EntropicBrew"}],"is_trial":false,"path_per_floor":["M","M","?","M","M","R","E"],"character_chosen":"THE_SILENT","items_purchased":[],"campfire_rested":0,"item_purchase_floors":[],"current_hp_per_floor":[49,49,42,41,40,40,1,1],"gold":155,"neow_bonus":"RANDOM_COLORLESS","is_daily":false,"chose_seed":false,"campfire_upgraded":1,"win_rate":0.0,"timestamp":1610759012,"path_taken":["M","M","?","M","M","R","E"],"items_purchased_type":[],"build_version":"2020-12-22","purchased_purges":0,"victory":false,"max_hp_per_floor":[66,66,66,66,66,66,66,66],"card_choices":[{"not_picked":["Madness","Forethought"],"picked":"Finesse","floor":0},{"not_picked":["PiercingWail","Slice","Sucker Punch"],"picked":"SKIP","floor":1},{"not_picked":["Setup","Outmaneuver","Backflip"],"picked":"SKIP","floor":2},{"not_picked":["Outmaneuver","Phantasmal Killer"],"picked":"Dagger Throw","floor":4},{"not_picked":["Dodge and Roll","Terror"],"picked":"Flying Knee","floor":5}],"player_experience":1289184,"relics_obtained":[],"event_choices":[{"cards_removed":["Strike_G"],"damage_healed":0,"gold_gain":0,"player_choice":"Card Removal","damage_taken":7,"max_hp_gain":0,"max_hp_loss":0,"event_name":"Golden Wing","floor":3,"gold_loss":0}],"is_beta":false,"boss_relics":[],"items_purged_floors":[],"is_endless":false,"potions_floor_spawned":[2,5],"killed_by":"Gremlin Nob","ascension_level":20}}