{"host":"utqe55yv0jihe4d6","time":1610764369,"event":{"mods":["2.2 Compatiblity","AchievementEnabler","BaseMod","Block Reminder","Colored Map","Colored Powertips","Minty Spire (QoL Compilation)","Quick Restart","Rare Cards Sparkle","Relic Stats","SuperFastMode"],"gold_per_floor":[114,114,129,129,129,169,169,203,283,295,322,8,47,62,62,160,160,175,175,191,211,87,87,120,120,172,207,226,226,240,275,275,275,275],"floor_reached":33,"language":"ENG","playtime":910,"items_purged":["Strike_R"],"score":696,"play_id":"334e66b0-96c9-4ea3-b668-244e0cf84d10","local_time":"20210115213249","is_ascension_mode":true,"campfire_choices":[{"floor":7,"key":"REST"},{"floor":10,"key":"REST"},{"data":"Shockwave","floor":15,"key":"SMITH"},{"data":"True Grit","floor":23,"key":"SMITH"},{"data":"Feel No Pain","floor":29,"key":"SMITH"},{"data":"Dark Embrace","floor":32,"key":"SMITH"}],"circlet_count":0,"master_deck":["AscendersBane","Strike_R","Strike_R+1","Defend_R","Defend_R","Defend_R","Defend_R","Bash+1","Wild Strike","Spot Weakness","Shockwave+1","Feel No Pain+1","Whirlwind+1","Shrug It Off","Uppercut+1","Reaper+1","Dropkick+1","Feel No Pain","True Grit+1","Flame Barrier","Dark Embrace+1","Shrug It Off"],"relics":["Burning Blood","NeowsBlessing","Golden Idol","Vajra","HornCleat","MawBank","Molten Egg 2","Membership Card","Meat on the Bone","InkBottle","Mark of Pain","Enchiridion","PreservedInsect","Matryoshka","Centennial Puzzle","Bag of Marbles","Whetstone","Bottled Lightning"],"acts_visited":["Exordium","TheCity"],"potions_floor_usage":[8,13,24,33],"damage_taken":[{"damage":0,"enemies":"Small Slimes","floor":1,"turns":1},{"damage":0,"enemies":"2 Louse","floor":3,"turns":2},{"damage":0,"enemies":"3 Sentries","floor":6,"turns":2},{"damage":25,"enemies":"Lagavulin","floor":8,"turns":6},{"damage":10,"enemies":"Cultist","floor":11,"turns":5},{"damage":2,"enemies":"3 Sentries","floor":13,"turns":3},{"damage":16,"enemies":"Exordium Wildlife","floor":14,"turns":4},{"damage":33,"enemies":"Slime Boss","floor":16,"turns":10},{"damage":21,"enemies":"Shell Parasite","floor":18,"turns":5},{"damage":0,"enemies":"3 Byrds","floor":20,"turns":2},{"damage":9,"enemies":"Snake Plant","floor":21,"turns":3},{"damage":23,"enemies":"Book of Stabbing","floor":24,"turns":6},{"damage":10,"enemies":"Gremlin Leader","floor":27,"turns":3},{"damage":3,"enemies":"Shelled Parasite and Fungi","floor":28,"turns":6},{"damage":4,"enemies":"Centurion and Healer","floor":30,"turns":5},{"damage":18,"enemies":"Book of Stabbing","floor":31,"turns":5},{"damage":96,"enemies":"Automaton","floor":33,"turns":10}],"seed_played":"7372916518261171122","potions_obtained":[{"floor":1,"key":"DuplicationPotion"},{"floor":6,"key":"SkillPotion"},{"floor":11,"key":"Energy Potion"},{"floor":13,"key":"Dexterity Potion"},{"floor":27,"key":"Explosive Potion"},{"floor":31,"key":"ColorlessPotion"}],"is_trial":false,"path_per_floor":["M","?","M","?","?","E","R","E","T","R","M","$","E","M","R","B",null,"M","?","M","M","$","R","E","?","T","E","M","R","M","E","R","B"],"character_chosen":"IRONCLAD","items_purchased":["Membership Card","Meat on the Bone","Shrug It Off","PreservedInsect"],"campfire_rested":2,"item_purchase_floors":[12,12,12,22],"current_hp_per_floor":[74,67,73,47,21,27,49,30,30,52,48,48,52,54,54,39,66,64,43,49,58,58,58,54,54,54,71,74,74,75,75,75,0,0],"gold":275,"neow_bonus":"THREE_ENEMY_KILL","is_daily":false,"chose_seed":false,"campfire_upgraded":4,"win_rate":0.0,"timestamp":1610764369,"path_taken":["M","?","M","?","?","E","R","E","T","R","M","?","E","M","R","BOSS","M","?","M","M","$","R","E","?","T","E","M","R","?","E","R","BOSS"],"items_purchased_type":["Relic","Relic","Card","Relic"],"build_version":"2020-12-22","purchased_purges":1,"victory":false,"max_hp_per_floor":[75,75,75,75,75,75,75,75,75,75,75,75,75,75,75,75,75,75,75,75,75,75,75,75,75,75,75,75,75,75,75,75,75,75],"relic_stats":{"Centennial Puzzle":[15],"counters":[17,78],"Golden Idol":87,"PreservedInsect":135,"Whetstone":["Bash","Strike_R"],"MawBank":48,"obtain_stats":[{"NeowsBlessing":0,"Golden Idol":4,"Vajra":5,"Enchiridion":19,"PreservedInsect":22,"Whetstone":27,"MawBank":8,"Burning Blood":0,"Centennial Puzzle":26,"HornCleat":6,"Matryoshka":24,"Molten Egg 2":9,"Mark of Pain":17,"Bag of Marbles":26,"Membership Card":12,"Bottled Lightning":31,"InkBottle":13,"Meat on the Bone":12},{"NeowsBlessing":0,"Golden Idol":2,"Vajra":2,"Enchiridion":9,"PreservedInsect":11,"Whetstone":13,"MawBank":4,"Burning Blood":0,"Centennial Puzzle":12,"HornCleat":3,"Matryoshka":12,"Molten Egg 2":4,"Mark of Pain":8,"Bag of Marbles":12,"Membership Card":5,"Bottled Lightning":16,"InkBottle":6,"Meat on the Bone":5},{"NeowsBlessing":0,"Golden Idol":3,"Vajra":3,"Enchiridion":38,"PreservedInsect":43,"Whetstone":52,"MawBank":11,"Burning Blood":0,"Centennial Puzzle":49,"HornCleat":5,"Matryoshka":49,"Molten Egg 2":11,"Mark of Pain":33,"Bag of Marbles":49,"Membership Card":16,"Bottled Lightning":68,"InkBottle":19,"Meat on the Bone":16}],"Burning Blood":89,"InkBottle":[17],"Meat on the Bone":24},"card_choices":[{"not_picked":["Shrug It Off","Hemokinesis"],"picked":"Wild Strike","floor":1},{"not_picked":["Warcry","Entrench"],"picked":"Spot Weakness","floor":3},{"not_picked":["Pommel Strike","Rage"],"picked":"Shockwave","floor":6},{"not_picked":["Iron Wave","Clothesline"],"picked":"Feel No Pain","floor":8},{"not_picked":["Cleave+1","Sword Boomerang+1"],"picked":"Whirlwind+1","floor":11},{"not_picked":["Perfected Strike+1","Wild Strike+1"],"picked":"Uppercut+1","floor":13},{"not_picked":["Wild Strike+1","Cleave+1","Clothesline+1"],"picked":"SKIP","floor":14},{"not_picked":["Impervious","Brutality"],"picked":"Reaper+1","floor":16},{"not_picked":["Warcry","Bloodletting"],"picked":"Dropkick+1","floor":18},{"not_picked":["Heavy Blade+1","Warcry"],"picked":"Feel No Pain","floor":20},{"not_picked":["Havoc","Rupture"],"picked":"True Grit","floor":21},{"not_picked":["Pummel+1","Iron Wave+1","Bloodletting"],"picked":"SKIP","floor":24},{"not_picked":["Power Through","Berserk"],"picked":"Flame Barrier","floor":27},{"not_picked":["Perfected Strike+1","Havoc"],"picked":"Dark Embrace","floor":28},{"not_picked":["Clothesline+1","Perfected Strike+1"],"picked":"Shrug It Off","floor":30},{"not_picked":["Dark Embrace","Uppercut+1","Warcry"],"picked":"SKIP","floor":31}],"player_experience":2941465,"relics_obtained":[{"floor":6,"key":"HornCleat"},{"floor":8,"key":"MawBank"},{"floor":9,"key":"Molten Egg 2"},{"floor":13,"key":"InkBottle"},{"floor":19,"key":"Enchiridion"},{"floor":24,"key":"Matryoshka"},{"floor":26,"key":"Centennial Puzzle"},{"floor":26,"key":"Bag of Marbles"},{"floor":27,"key":"Whetstone"},{"floor":31,"key":"Bottled Lightning"}],"event_choices":[{"cards_removed":["Strike_R"],"damage_healed":0,"gold_gain":0,"player_choice":"Card Removal","damage_taken":7,"max_hp_gain":0,"max_hp_loss":0,"event_name":"Golden Wing","floor":2,"gold_loss":0},{"damage_healed":0,"gold_gain":0,"player_choice":"Take Damage","damage_taken":26,"relics_obtained":["Golden Idol"],"max_hp_gain":0,"max_hp_loss":0,"event_name":"Golden Idol","floor":4,"gold_loss":0},{"damage_healed":0,"gold_gain":0,"player_choice":"Success","damage_taken":26,"relics_obtained":["Vajra"],"max_hp_gain":0,"max_hp_loss":0,"event_name":"Scrap Ooze","floor":5,"gold_loss":0},{"damage_healed":0,"gold_gain":0,"player_choice":"Obtained Book","damage_taken":21,"max_hp_gain":0,"max_hp_loss":0,"event_name":"Cursed Tome","floor":19,"gold_loss":0},{"cards_removed":["Strike_R"],"damage_healed":0,"gold_gain":0,"player_choice":"Offered Basic","damage_taken":0,"max_hp_gain":0,"max_hp_loss":0,"event_name":"Bonfire Elementals","floor":25,"gold_loss":0}],"is_beta":false,"boss_relics":[{"not_picked":["SacredBark","Ectoplasm"],"picked":"Mark of Pain"}],"items_purged_floors":[22],"is_endless":false,"potions_floor_spawned":[1,6,11,13,18,21,27,31],"killed_by":"Automaton","ascension_level":20}}