{"host":"sv70n8tirfk0oiuf","time":1610806502,"event":{"mods":["Act Like it!","BaseMod","Chen","Gensokyo","Marisa£®ÏF”Í°°ƒß¿Ì…≥£©","Minty Spire (QoL Compilation)","Reimu£®≤©¿ˆ¡È√Œ£©","Remilia£®¿Ÿ√◊¿Ú—«£©","StSLib","noobMod"],"gold_per_floor":[119,134,134,152,152,186,32,63,136,162,174,184,216,36,36,141,141,160,180,180,197,42,42],"floor_reached":22,"language":"ZHS","playtime":1330,"items_purged":[],"score":316,"play_id":"219828fd-d416-49da-81c2-cb7f43475f40","local_time":"20210116221502","is_ascension_mode":true,"campfire_choices":[{"data":"RunawayExorcism:ReiMu","floor":15,"key":"SMITH"}],"circlet_count":0,"master_deck":["Strike_Lin:ReiMu","Strike_Lin:ReiMu","Strike_Lin:ReiMu","Strike_Lin:ReiMu","Defend_Lin:ReiMu","Defend_Lin:ReiMu","Defend_Lin:ReiMu","Defend_Lin:ReiMu","Stagnation:ReiMu","Meditation:ReiMu","RainPray2:ReiMu","SpringWay:ReiMu","EmergencyTakeOff:ReiMu","RunawayExorcism:ReiMu+1","YinYangSign:ReiMu","Mountainwind:ReiMu","CleanRite:ReiMu","FoulBorder2:ReiMu","Chrysalis","Sweeping Beam","Evaluate+1","6A","DeceiveReality","Iron Wave","DoubleSpark"],"relics":["FlyPower:ReiMu","ice","Happy Flower","Gensokyo:Justice","Salt:ReiMu","Akabeko","Blood Vial","Mercury Hourglass","Tea:ReiMu","Nunchaku","PrismaticShard","Philosopher\u0027s Stone","Regal Pillow","Orrery"],"acts_visited":["Gensokyo:Gensokyo","Gensokyo:Gensokyoer"],"potions_floor_usage":[12],"damage_taken":[{"damage":5,"enemies":"Gensokyo:Python","floor":1,"turns":5},{"damage":13,"enemies":"Gensokyo:Gryphon","floor":2,"turns":7},{"damage":1,"enemies":"Gensokyo:3_Fairies","floor":4,"turns":6},{"damage":34,"enemies":"Gensokyo:Aya","floor":6,"turns":9},{"damage":24,"enemies":"Gensokyo:Mamizou","floor":8,"turns":10},{"damage":0,"enemies":"Gensokyo:Aya","floor":10,"turns":6},{"damage":8,"enemies":"Gensokyo:3_Kodama","floor":11,"turns":2},{"damage":3,"enemies":"Gensokyo:Python_and_Kodama","floor":12,"turns":3},{"damage":4,"enemies":"Gensokyo:Cirno","floor":13,"turns":5},{"damage":66,"enemies":"Gensokyo:Reimu","floor":16,"turns":13},{"damage":6,"enemies":"Gensokyo:CosmicMonolith","floor":18,"turns":3},{"damage":0,"enemies":"Gensokyo:3_Dogs","floor":19,"turns":2},{"damage":0,"enemies":"Gensokyo:3_Gloops","floor":21,"turns":4}],"seed_played":"-8461476976043461881","potions_obtained":[{"floor":4,"key":"ZuzhouPotion:ReiMu"},{"floor":6,"key":"Ancient Potion"},{"floor":10,"key":"Block Potion"},{"floor":16,"key":"BlessingOfTheForge"}],"is_trial":false,"path_per_floor":["M","M","?","M","?","E","$","E","T","E","M","M","E","$","R","B",null,"M","M","?","M","$"],"character_chosen":"REIMU","items_purchased":["Akabeko","PrismaticShard","FoulBorder2:ReiMu","Orrery"],"campfire_rested":0,"item_purchase_floors":[7,14,14,22],"current_hp_per_floor":[66,53,53,52,52,18,18,58,58,60,54,53,51,51,76,99,99,93,95,94,94,94,94],"gold":42,"neow_bonus":"TEN_PERCENT_HP_BONUS","is_daily":false,"chose_seed":false,"campfire_upgraded":1,"win_rate":0.0,"timestamp":1610806502,"path_taken":["M","M","?","M","?","E","$","E","T","E","?","M","E","?","R","BOSS","M","M","?","M","$"],"items_purchased_type":["Relic","Relic","Card","Relic"],"build_version":"2020-12-22","purchased_purges":0,"victory":false,"max_hp_per_floor":[71,71,71,71,71,71,71,72,72,77,79,81,86,86,86,99,99,101,102,94,94,94,94],"card_choices":[{"not_picked":["Enchanting:ReiMu","TakeOff:ReiMu"],"picked":"Meditation:ReiMu","floor":1},{"not_picked":["WonderfulDomain:ReiMu","DoubleButterfly:ReiMu"],"picked":"RainPray2:ReiMu","floor":2},{"not_picked":["NineCharacters:ReiMu","AirStrike:ReiMu"],"picked":"Amulet:ReiMu","floor":4},{"not_picked":["WonderfulDomain:ReiMu","BarrageOfMoneybags:ReiMu"],"picked":"SpringWay:ReiMu","floor":6},{"not_picked":["SpreadBorder2:ReiMu","SubcavityInstant:ReiMu"],"picked":"EmergencyTakeOff:ReiMu","floor":8},{"not_picked":["FantasyBorder:ReiMu","CareerPray:ReiMu"],"picked":"RunawayExorcism:ReiMu","floor":10},{"not_picked":["AlertArray:ReiMu","WonderfulDomain:ReiMu"],"picked":"YinYangSign:ReiMu","floor":11},{"not_picked":["Meditation:ReiMu","FantasyMoon:ReiMu"],"picked":"Mountainwind:ReiMu","floor":12},{"not_picked":["FineLineFantasy:ReiMu","Meditation:ReiMu"],"picked":"CleanRite:ReiMu","floor":13},{"not_picked":["Vault","Wish"],"picked":"Chrysalis","floor":16},{"not_picked":["EnergyRecoil","Barrage+1"],"picked":"Sweeping Beam","floor":18},{"not_picked":["Perfected Strike","MilkyWay+1"],"picked":"Evaluate+1","floor":19},{"not_picked":["Wraith Form v2","ChargingUp"],"picked":"6A","floor":21},{"not_picked":["SafetyPray:ReiMu+1","Chen:Sidestep"],"picked":"DeceiveReality","floor":22},{"not_picked":["KamiSacrifice:ReiMu+1","Chen:Fadeout+1"],"picked":"Iron Wave","floor":22},{"not_picked":["EmergencyTakeOff:ReiMu+1","BombardNight"],"picked":"DoubleSpark","floor":22}],"player_experience":298946,"relics_obtained":[{"floor":6,"key":"Salt:ReiMu"},{"floor":8,"key":"Blood Vial"},{"floor":9,"key":"Mercury Hourglass"},{"floor":10,"key":"Tea:ReiMu"},{"floor":13,"key":"Nunchaku"}],"event_choices":[],"is_beta":false,"boss_relics":[{"not_picked":["Runic Pyramid","Busted Crown"],"picked":"Philosopher\u0027s Stone"}],"items_purged_floors":[],"is_endless":false,"potions_floor_spawned":[4,6,10,11,16,18,21],"ascension_level":5}}