{"host":"4jpe1m3cviuzvkch","time":1610804741,"event":{"mods":["BaseMod","Decade(王小明)","Marisa（F雨　魔理沙）","Minty Spire (QoL Compilation)","Remilia（蕾米莉亚）","StSLib","The Servant 0.9.4","Youmu（魂魄妖梦）"],"gold_per_floor":[111,111,111,123,123,152,164,176,188,227,255,278,290,329,341,457,469,469],"floor_reached":17,"language":"ZHS","playtime":813,"items_purged":[],"score":198,"play_id":"ebef3bbd-79f6-4928-8e0d-666c8343c4b7","local_time":"20210116214541","is_ascension_mode":false,"campfire_choices":[{"data":"TwoHundredYojanaInOneSlash","floor":7,"key":"SMITH"},{"floor":15,"key":"REST"}],"circlet_count":0,"master_deck":["Strike_YM","Strike_YM","Strike_YM+1","Defend_YM","Defend_YM","Defend_YM+1","Defend_YM","SlashOfPresentWorld","WheelOfPainOfLivingAndDead","HumanKnowledgeSword","SlashOfTheEternalFuture","SlashOfPresentWorld","FlashingScatteredFlowers","TwoHundredYojanaInOneSlash+1","HumanGodSword","LifeCuttingSword","SlashOfMeditation","FourBirthsSword","VoidnessSword"],"relics":["HalfPhantom","NeowsBlessing","MawBank","Girya","Gremlin Horn","Calipers","The Courier","Ectoplasm"],"acts_visited":["Exordium","TheCity"],"potions_floor_usage":[],"damage_taken":[{"damage":0,"enemies":"2 Louse","floor":1,"turns":1},{"damage":0,"enemies":"Small Slimes","floor":4,"turns":1},{"damage":0,"enemies":"Gremlin Nob","floor":6,"turns":1},{"damage":22,"enemies":"3 Sentries","floor":10,"turns":6},{"damage":0,"enemies":"Cultist","floor":11,"turns":2},{"damage":10,"enemies":"Looter","floor":12,"turns":3},{"damage":18,"enemies":"Lagavulin","floor":14,"turns":5},{"damage":29,"enemies":"Hexaghost","floor":16,"turns":11}],"seed_played":"-324289542272235245","potions_obtained":[{"floor":4,"key":"BlessingOfTheForge"},{"floor":6,"key":"FairyPotion"},{"floor":10,"key":"EssenceOfSteel"},{"floor":11,"key":"CausticAgent"}],"is_trial":false,"path_per_floor":["M","?","?","M","?","E","R","?","T","E","M","M","$","E","R","B",null],"character_chosen":"YOUMU","items_purchased":[],"campfire_rested":1,"item_purchase_floors":[],"current_hp_per_floor":[75,60,60,60,53,53,53,53,53,31,31,21,21,3,25,18,75,75],"gold":469,"neow_bonus":"THREE_ENEMY_KILL","is_daily":false,"chose_seed":false,"campfire_upgraded":1,"win_rate":0.0,"timestamp":1610804741,"path_taken":["M","?","?","?","?","E","R","?","T","E","?","M","$","E","R","BOSS"],"items_purchased_type":[],"build_version":"2020-12-22","purchased_purges":0,"victory":false,"max_hp_per_floor":[75,75,75,75,75,75,75,75,75,75,75,75,75,75,75,75,75,75],"card_choices":[{"not_picked":["SwordOfBindingDesires","PreachingAvici"],"picked":"HumanKnowledgeSword","floor":1},{"not_picked":["SpiritMediumsBind","LifeCuttingSword"],"picked":"FlashingScatteredFlowers","floor":4},{"not_picked":["TurningAngelCut","SanzenSekai"],"picked":"TwoHundredYojanaInOneSlash","floor":6},{"not_picked":["DispleasureOfTheSevenHakus","CherryBlossomFlashing"],"picked":"HumanGodSword","floor":10},{"not_picked":["SwordExtraction","SanzenSekai"],"picked":"LifeCuttingSword","floor":11},{"not_picked":["FantasyOfEnteringEnlightenment","LowerRealmReflectionSlash"],"picked":"SlashOfMeditation","floor":12},{"not_picked":["SlashOfMeditation","HumanGodSword"],"picked":"FourBirthsSword","floor":14},{"not_picked":["GreatEnlightenmentAppearingAndDisappearing","ReincarnationSword"],"picked":"VoidnessSword","floor":16}],"player_experience":285790,"relics_obtained":[{"floor":6,"key":"MawBank"},{"floor":9,"key":"Gremlin Horn"},{"floor":10,"key":"Calipers"},{"floor":14,"key":"The Courier"}],"event_choices":[{"damage_healed":0,"gold_gain":0,"player_choice":"Entered Light","damage_taken":15,"max_hp_gain":0,"max_hp_loss":0,"event_name":"Shining Light","floor":2,"gold_loss":0,"cards_upgraded":["Strike_YM","Defend_YM"]},{"damage_healed":0,"gold_gain":0,"player_choice":"2 cards matched","damage_taken":0,"max_hp_gain":0,"max_hp_loss":0,"event_name":"Match and Keep!","floor":3,"gold_loss":0,"cards_obtained":["SlashOfTheEternalFuture","SlashOfPresentWorld"]},{"cards_removed":["Strike_YM"],"damage_healed":0,"gold_gain":0,"player_choice":"Card Removal","damage_taken":7,"max_hp_gain":0,"max_hp_loss":0,"event_name":"Golden Wing","floor":5,"gold_loss":0},{"damage_healed":0,"gold_gain":0,"player_choice":"Gave Potion","damage_taken":0,"relics_obtained":["Girya"],"max_hp_gain":0,"max_hp_loss":0,"event_name":"WeMeetAgain","floor":8,"gold_loss":0}],"is_beta":false,"boss_relics":[{"not_picked":["Astrolabe","Runic Pyramid"],"picked":"Ectoplasm"}],"items_purged_floors":[],"is_endless":false,"potions_floor_spawned":[4,6,10,11,12],"ascension_level":0}}