{"host":"kdt6w7ix8lwe69i9","time":1610813473,"event":{"mods":["100% Spire Juice","Bartender","BaseMod","ChefMod","Downfall","Fiend Mod","Jorbs\u0027s Wanderer Trilogy","Minty Spire (QoL Compilation)","Reimu（博丽灵梦）","Robot Space Explorer","Shade Mod","StSLib","The Caster","The Cursed","The Disciple","The Dragon Tamer","The Druid","The Fake Hero","The Forsaken","The Gatherer","The Marked","TheBandit","TheSwordswoman"],"gold_per_floor":[762,176,19,19,31,59,59,59,59,91,91,110,124,159,159,258,258,269,285,297,308,324,324,351,351,374,384,404,419,419,419],"floor_reached":30,"language":"ENG","playtime":2890,"items_purged":["luka_mod:Surrender"],"score":324,"play_id":"682dd9cd-30ca-47f5-bc28-f43588657d7d","local_time":"20210116111113","is_ascension_mode":false,"campfire_choices":[{"data":"luka_mod:Meditation","floor":8,"key":"SMITH"},{"floor":11,"key":"RECALL"},{"data":"luka_mod:TouchFluffyTail","floor":15,"key":"SMITH"},{"floor":23,"key":"REST"}],"circlet_count":0,"master_deck":["luka_mod:StrikeLukaOne","luka_mod:StrikeLukaTwo","luka_mod:StrikeLukaThree","luka_mod:StrikeLukaFour","luka_mod:StrikeLukaFive","luka_mod:StrikeLukaSix","luka_mod:Salt","luka_mod:Guard","luka_mod:Wait","luka_mod:Edging","luka_mod:FlailWildly+1","luka_mod:Meditation+1","luka_mod:Surrender","luka_mod:SmallBody","luka_mod:Optimistic","luka_mod:OiAlice","luka_mod:StrikeLuka","luka_mod:CriticalHit","luka_mod:VaporizingRebellionSword","luka_mod:TouchFluffyTail+1","luka_mod:VaporizingRebellionSword","luka_mod:Sara","luka_mod:OiAlice","luka_mod:OiAlice+1","luka_mod:SpoilerForm","luka_mod:SmallBody","luka_mod:RestrictedStrike+1","luka_mod:Feel+1","luka_mod:Alice","luka_mod:StrikeLuka+1","luka_mod:WaterSlash","luka_mod:Determination","luka_mod:VaporizingRebellionSword+1","luka_mod:StrikeLuka+1","luka_mod:StrikeLuka+1","luka_mod:GuardTraining+1","luka_mod:Salamander+1","luka_mod:TouchFluffyTail","luka_mod:PeacePreach","luka_mod:WaterSlash","luka_mod:UnusedPoison","luka_mod:SereneDemonSword"],"relics":["luka_mod:KeepsakeRing","Sundial","Mastiff:ReiMu","Lee\u0027s Waffle","Prayer Wheel","The Courier","Pen Nib","Ancient Tea Set","Guardian:PocketSentry","Black Star","Tiny Chest","Incense Burner","War Paint"],"acts_visited":["Exordium","TheCity"],"potions_floor_usage":[14,21,24,24,27,29],"damage_taken":[{"damage":22,"enemies":"Cultist","floor":1,"turns":5},{"damage":15,"enemies":"Small Slimes","floor":5,"turns":3},{"damage":58,"enemies":"3 Sentries","floor":6,"turns":9},{"damage":34,"enemies":"Gremlin Nob","floor":10,"turns":5},{"damage":7,"enemies":"2 Louse","floor":12,"turns":2},{"damage":11,"enemies":"2 Fungi Beasts","floor":13,"turns":3},{"damage":15,"enemies":"3 Sentries","floor":14,"turns":5},{"damage":43,"enemies":"The Guardian","floor":16,"turns":7},{"damage":20,"enemies":"2 Thieves","floor":18,"turns":3},{"damage":5,"enemies":"3 Byrds","floor":19,"turns":4},{"damage":24,"enemies":"3 Cultists","floor":20,"turns":5},{"damage":8,"enemies":"Centurion and Healer","floor":21,"turns":6},{"damage":10,"enemies":"Snake Plant","floor":22,"turns":5},{"damage":23,"enemies":"Slavers","floor":24,"turns":2},{"damage":18,"enemies":"Cultist and Chosen","floor":27,"turns":4},{"damage":8,"enemies":"Centurion and Healer","floor":28,"turns":6},{"damage":13,"enemies":"Shelled Parasite and Fungi","floor":29,"turns":3},{"damage":23,"enemies":"Masked Bandits","floor":30,"turns":2}],"seed_played":"-2723148243483720700","potions_obtained":[{"floor":1,"key":"ZuzhouPotion:ReiMu"},{"floor":10,"key":"Energy Potion"},{"floor":12,"key":"BlessingOfTheForge"},{"floor":13,"key":"MagicPotion:ReiMu"},{"floor":18,"key":"LiquidMemories"},{"floor":24,"key":"ZuzhouPotion:ReiMu"},{"floor":28,"key":"Swift Potion"}],"is_trial":false,"path_per_floor":["M","$","$","?","M","E","?","R","T","E","R","M","M","E","R","B",null,"M","M","M","M","M","R","E","?","T","M","M","M","?"],"character_chosen":"LUKA_CLASS","items_purchased":["Sundial","Mastiff:ReiMu","luka_mod:Optimistic","luka_mod:OiAlice","Lee\u0027s Waffle"],"campfire_rested":1,"item_purchase_floors":[2,2,2,2,3],"current_hp_per_floor":[38,38,47,47,33,25,25,25,25,38,38,40,31,43,43,20,47,27,43,19,35,27,41,18,34,34,16,31,18,0,0],"gold":419,"neow_bonus":"TWO_FIFTY_GOLD","is_daily":false,"chose_seed":false,"campfire_upgraded":2,"win_rate":0.0,"timestamp":1610813473,"path_taken":["M","?","$","?","M","E","?","R","T","E","R","M","M","E","R","BOSS","M","M","?","?","M","R","E","?","T","M","M","M","?"],"items_purchased_type":["Relic","Relic","Card","Card","Relic"],"build_version":"2020-12-22","purchased_purges":1,"victory":false,"max_hp_per_floor":[40,40,47,47,47,47,47,47,47,47,47,47,47,47,47,47,47,47,47,47,47,47,47,47,47,47,47,47,47,47,47],"card_choices":[{"not_picked":["luka_mod:Struggle","luka_mod:Request"],"picked":"luka_mod:SmallBody","floor":1},{"not_picked":["luka_mod:FlashKill","luka_mod:PrayToIlias"],"picked":"luka_mod:StrikeLuka","floor":5},{"not_picked":["luka_mod:WindSlash","luka_mod:NeverSurrender"],"picked":"luka_mod:CriticalHit","floor":6},{"not_picked":["luka_mod:FlashKill","luka_mod:BladeOfStillWater"],"picked":"luka_mod:VaporizingRebellionSword","floor":10},{"not_picked":["luka_mod:NotVerySharp","luka_mod:IliasesJudgement"],"picked":"luka_mod:TouchFluffyTail","floor":12},{"not_picked":["luka_mod:ThunderThrust","luka_mod:WaterSlash"],"picked":"luka_mod:VaporizingRebellionSword","floor":12},{"not_picked":["luka_mod:ThunderThrust","luka_mod:EarthSlash"],"picked":"luka_mod:Sara","floor":13},{"not_picked":["luka_mod:FireSlash","luka_mod:LightningSwordFlash"],"picked":"luka_mod:OiAlice","floor":13},{"not_picked":["luka_mod:Struggle","luka_mod:BegIlias"],"picked":"luka_mod:OiAlice","floor":14},{"not_picked":["luka_mod:Erubetie","luka_mod:NoDebuffs"],"picked":"luka_mod:SpoilerForm","floor":16},{"not_picked":["luka_mod:GuardedStrike","luka_mod:NotVerySharp"],"picked":"luka_mod:SmallBody","floor":18},{"not_picked":["luka_mod:ThunderThrust","luka_mod:SereneDemonSword+1"],"picked":"luka_mod:RestrictedStrike+1","floor":18},{"not_picked":["luka_mod:DemonDecapitation","luka_mod:FlashKill"],"picked":"luka_mod:Feel+1","floor":19},{"not_picked":["luka_mod:Struggle","luka_mod:RestrictedStrike"],"picked":"luka_mod:Alice","floor":19},{"not_picked":["luka_mod:FireSlash+1","luka_mod:IliasesJudgement+1"],"picked":"luka_mod:StrikeLuka+1","floor":20},{"not_picked":["luka_mod:Request","luka_mod:WindSlash"],"picked":"luka_mod:WaterSlash","floor":20},{"not_picked":["luka_mod:ThunderThrust+1","luka_mod:Intense"],"picked":"luka_mod:Determination","floor":21},{"not_picked":["luka_mod:Struggle","luka_mod:BladeOfStillWater+1"],"picked":"luka_mod:VaporizingRebellionSword+1","floor":21},{"not_picked":["luka_mod:Struggle+1","luka_mod:HeavenlyDemonRevival"],"picked":"luka_mod:StrikeLuka+1","floor":22},{"not_picked":["luka_mod:SpoilerForm","luka_mod:GuardedStrike"],"picked":"luka_mod:StrikeLuka+1","floor":22},{"not_picked":["luka_mod:Calm","luka_mod:Struggle"],"picked":"luka_mod:GuardTraining+1","floor":24},{"not_picked":["luka_mod:Overexert","luka_mod:StrikeLuka"],"picked":"luka_mod:Salamander+1","floor":27},{"not_picked":["luka_mod:PrayToIlias","luka_mod:BladeOfStillWater"],"picked":"luka_mod:TouchFluffyTail","floor":27},{"not_picked":["luka_mod:EarthSlash","luka_mod:SpoilerDance"],"picked":"luka_mod:PeacePreach","floor":28},{"not_picked":["luka_mod:EarthSlash","luka_mod:ThunderThrust"],"picked":"luka_mod:WaterSlash","floor":28},{"not_picked":["luka_mod:DemonSkullBeheading","luka_mod:WaterSlash"],"picked":"luka_mod:UnusedPoison","floor":29},{"not_picked":["luka_mod:FireSlash","luka_mod:ThunderThrust+1"],"picked":"luka_mod:SereneDemonSword","floor":29}],"player_experience":1838216,"relics_obtained":[{"floor":6,"key":"Prayer Wheel"},{"floor":9,"key":"Pen Nib"},{"floor":10,"key":"Ancient Tea Set"},{"floor":14,"key":"Guardian:PocketSentry"},{"floor":24,"key":"Tiny Chest"},{"floor":24,"key":"Incense Burner"},{"floor":26,"key":"War Paint"}],"event_choices":[{"damage_healed":0,"gold_gain":0,"player_choice":"Gave Potion","damage_taken":0,"relics_obtained":["The Courier"],"max_hp_gain":0,"max_hp_loss":0,"event_name":"WeMeetAgain","floor":7,"gold_loss":0},{"damage_healed":16,"gold_gain":0,"player_choice":"Heal","damage_taken":0,"max_hp_gain":0,"max_hp_loss":0,"event_name":"The Library","floor":25,"gold_loss":0},{"damage_healed":0,"gold_gain":0,"player_choice":"Fought Bandits","damage_taken":0,"max_hp_gain":0,"max_hp_loss":0,"event_name":"Masked Bandits","floor":30,"gold_loss":0}],"is_beta":false,"boss_relics":[{"not_picked":["Sozu","Ectoplasm"],"picked":"Black Star"}],"items_purged_floors":[2],"is_endless":false,"potions_floor_spawned":[1,10,12,13,18,24,28],"killed_by":"Masked Bandits","ascension_level":0}}