{"host":"gg","time":1610791820,"event":{"mods":["BaseMod","Colored Map","Googly Eyes","Minty Spire (QoL Compilation)","Permanent Neow","Relic Stats","The IronCluck"],"gold_per_floor":[118,134,134,134,146,158,189,26,26,51,51,66,80,105,105,179,179,199,218,418,428,428,428,454,467,467,84,110,110,129,160,160,239,239,254,95,110,165,165,165,200,200,224,224,576,647,666,701,701,726,751,751,751,415,468,468,468],"floor_reached":56,"language":"ENG","playtime":5237,"items_purged":["Strike_P"],"score":2370,"play_id":"358e267c-e49c-4be7-9e74-8f435a93c0c9","local_time":"20210116021020","is_ascension_mode":true,"campfire_choices":[{"data":"Eruption","floor":11.0,"key":"SMITH"},{"data":"CrushJoints","floor":15.0,"key":"SMITH"},{"data":"SashWhip","floor":23.0,"key":"SMITH"},{"data":"Halt","floor":29.0,"key":"SMITH"},{"data":"WheelKick","floor":32.0,"key":"SMITH"},{"floor":40.0,"key":"REST"},{"data":"HandOfGreed","floor":42.0,"key":"SMITH"},{"floor":49.0,"key":"RECALL"},{"data":"Brilliance","floor":53.0,"key":"SMITH"}],"circlet_count":0,"master_deck":["AscendersBane","Strike_P","Strike_P","Strike_P","Defend_P+1","Defend_P","Eruption+1","Vigilance+1","CrushJoints+1","CutThroughFate","CutThroughFate","CarveReality","Tantrum","FollowUp","FearNoEvil","CurseOfTheBell","EmptyFist","SashWhip+1","EmptyMind","WheelKick+1","Wireheading","Halt+1","ThirdEye","Protect+1","Brilliance+1","WreathOfFlame+1","Secret Technique+1","Blind+1","HandOfGreed+1","CutThroughFate+1","Halt+1","TalkToTheHand+1","PanicButton+1","PathToVictory+1","Meditate+1"],"relics":["Velvet Choker","HornCleat","Sling","StrikeDummy","CloakClasp","War Paint","Calling Bell","Damaru","Meat on the Bone","GoldenEye","Bag of Marbles","White Beast Statue","Membership Card","Tiny Chest","Bronze Scales","TeardropLocket","Toxic Egg 2","Runic Pyramid","Juzu Bracelet","Blood Vial","Unceasing Top","Nunchaku","Kunai","Old Coin","Pantograph","Vajra","Anchor","Eternal Feather"],"acts_visited":["Exordium","TheCity","TheBeyond","TheEnding"],"potions_floor_usage":[],"damage_taken":[{"damage":2.0,"enemies":"Jaw Worm","floor":1.0,"turns":5.0},{"damage":4.0,"enemies":"Small Slimes","floor":2.0,"turns":3.0},{"damage":1.0,"enemies":"Cultist","floor":5.0,"turns":3.0},{"damage":0.0,"enemies":"3 Louse","floor":6.0,"turns":2.0},{"damage":0.0,"enemies":"Gremlin Nob","floor":7.0,"turns":2.0},{"damage":0.0,"enemies":"3 Sentries","floor":10.0,"turns":3.0},{"damage":8.0,"enemies":"Red Slaver","floor":12.0,"turns":2.0},{"damage":4.0,"enemies":"Exordium Thugs","floor":13.0,"turns":2.0},{"damage":0.0,"enemies":"Lagavulin","floor":14.0,"turns":2.0},{"damage":16.0,"enemies":"Hexaghost","floor":16.0,"turns":6.0},{"damage":20.0,"enemies":"2 Thieves","floor":18.0,"turns":2.0},{"damage":3.0,"enemies":"3 Byrds","floor":19.0,"turns":3.0},{"damage":1.0,"enemies":"Snecko","floor":21.0,"turns":3.0},{"damage":23.0,"enemies":"Book of Stabbing","floor":24.0,"turns":3.0},{"damage":0.0,"enemies":"Snake Plant","floor":25.0,"turns":2.0},{"damage":0.0,"enemies":"Gremlin Leader","floor":28.0,"turns":3.0},{"damage":0.0,"enemies":"3 Cultists","floor":30.0,"turns":3.0},{"damage":0.0,"enemies":"Book of Stabbing","floor":31.0,"turns":3.0},{"damage":33.0,"enemies":"Automaton","floor":33.0,"turns":8.0},{"damage":0.0,"enemies":"3 Shapes","floor":35.0,"turns":2.0},{"damage":8.0,"enemies":"3 Darklings","floor":37.0,"turns":3.0},{"damage":43.0,"enemies":"2 Orb Walkers","floor":38.0,"turns":4.0},{"damage":5.0,"enemies":"Nemesis","floor":41.0,"turns":3.0},{"damage":0.0,"enemies":"Reptomancer","floor":45.0,"turns":2.0},{"damage":17.0,"enemies":"4 Shapes","floor":47.0,"turns":4.0},{"damage":0.0,"enemies":"Spire Growth","floor":48.0,"turns":5.0},{"damage":24.0,"enemies":"Time Eater","floor":50.0,"turns":10.0},{"damage":45.0,"enemies":"Awakened One","floor":51.0,"turns":12.0},{"damage":48.0,"enemies":"Shield and Spear","floor":55.0,"turns":6.0},{"damage":66,"enemies":"The Heart","floor":56,"turns":5}],"seed_played":"7394916086880707553","potions_obtained":[{"floor":2.0,"key":"DuplicationPotion"},{"floor":5.0,"key":"ColorlessPotion"},{"floor":7.0,"key":"StancePotion"},{"floor":21.0,"key":"BlessingOfTheForge"},{"floor":24.0,"key":"AttackPotion"},{"floor":31.0,"key":"LiquidMemories"},{"floor":33.0,"key":"BlessingOfTheForge"},{"floor":35.0,"key":"GamblersBrew"},{"floor":37.0,"key":"Energy Potion"},{"floor":38.0,"key":"DuplicationPotion"},{"floor":41.0,"key":"CultistPotion"}],"is_trial":false,"path_per_floor":["M","M","?","?","M","M","E","$","T","E","R","M","M","E","R","B",null,"M","M","?","M","?","R","E","M","T","$","E","R","M","E","R","B",null,"M","$","M","?","?","R","E","R","T","T","E","T","M","M","R","B","B",null,"R","$","E","B"],"character_chosen":"WATCHER","items_purchased":["Sling","Membership Card","Tiny Chest","Bronze Scales","Block Potion","Wireheading","Juzu Bracelet","Blood Vial","Vajra","Anchor","Swift Potion","PanicButton+1","SteroidPotion","PathToVictory+1"],"campfire_rested":1,"item_purchase_floors":[8,27,27,27,27,27,36,36,54,54,54,54,54,54],"current_hp_per_floor":[59,55,55,55,54,54,54,54,54,54,54,46,42,42,42,26,58,38,35,35,46,46,46,35,35,35,35,35,35,35,35,35,14,55,55,55,49,20,10,30,39,39,39,39,41,41,38,40,40,43,35,60,60,60,26,0,0],"gold":468,"neow_bonus":"BOSS_RELIC","is_daily":false,"chose_seed":false,"campfire_upgraded":7,"win_rate":0.0,"timestamp":1610791820,"path_taken":["M","M","?","?","?","M","E","$","T","E","R","M","M","E","R","BOSS","M","M","?","?","?","R","E","M","T","$","E","R","M","E","R","BOSS","M","$","M","?","?","R","E","R","T","?","E","?","M","M","R","BOSS","BOSS","R","$","E","BOSS"],"items_purchased_type":["Relic","Relic","Relic","Relic","Potion","Card","Relic","Relic","Relic","Relic","Potion","Card","Potion","Card"],"build_version":"2020-12-18","purchased_purges":1,"victory":false,"max_hp_per_floor":[68,68,68,68,68,68,68,68,68,68,68,68,68,68,68,68,68,68,68,68,68,68,68,68,68,68,68,68,68,68,68,68,68,68,68,68,68,68,68,68,68,68,68,68,68,68,68,68,68,68,68,68,68,68,68,68,68],"relic_stats":{"counters":[30,116],"Eternal Feather":0,"CloakClasp":[267],"Juzu Bracelet":0,"War Paint":["Defend_P","Vigilance"],"GoldenEye":[123],"Blood Vial":18,"Nunchaku":[12],"Bronze Scales":[261],"Pantograph":75,"Tiny Chest":1,"Kunai":[28],"obtain_stats":[{"Vajra":54,"CloakClasp":10,"Juzu Bracelet":36,"TeardropLocket":28,"Sling":8,"Old Coin":45,"Blood Vial":36,"Nunchaku":41,"HornCleat":7,"Pantograph":46,"Tiny Chest":27,"Kunai":44,"Toxic Egg 2":31,"Runic Pyramid":34,"Velvet Choker":0,"Damaru":17,"Eternal Feather":55,"War Paint":14,"GoldenEye":17,"White Beast Statue":26,"Calling Bell":17,"Anchor":54,"Bronze Scales":27,"Bag of Marbles":24,"Membership Card":27,"PureWater":0,"StrikeDummy":9,"Unceasing Top":38,"Meat on the Bone":17},{"Vajra":28,"CloakClasp":6,"Juzu Bracelet":20,"TeardropLocket":16,"Sling":5,"Old Coin":24,"Blood Vial":20,"Nunchaku":23,"HornCleat":5,"Pantograph":24,"Tiny Chest":15,"Kunai":23,"Toxic Egg 2":18,"Runic Pyramid":19,"Velvet Choker":0,"Damaru":10,"Eternal Feather":29,"War Paint":9,"GoldenEye":10,"White Beast Statue":15,"Calling Bell":10,"Anchor":28,"Bronze Scales":15,"Bag of Marbles":14,"Membership Card":15,"PureWater":0,"StrikeDummy":5,"Unceasing Top":22,"Meat on the Bone":10},{"Vajra":105,"CloakClasp":18,"Juzu Bracelet":62,"TeardropLocket":46,"Sling":15,"Old Coin":74,"Blood Vial":62,"Nunchaku":72,"HornCleat":15,"Pantograph":74,"Tiny Chest":43,"Kunai":72,"Toxic Egg 2":52,"Runic Pyramid":60,"Velvet Choker":0,"Damaru":30,"Eternal Feather":111,"War Paint":24,"GoldenEye":30,"White Beast Statue":43,"Calling Bell":30,"Anchor":105,"Bronze Scales":43,"Bag of Marbles":41,"Membership Card":43,"PureWater":0,"StrikeDummy":15,"Unceasing Top":69,"Meat on the Bone":30}],"Unceasing Top":[0],"Meat on the Bone":96},"card_choices":[{"not_picked":["JustLucky","Nirvana"],"picked":"CrushJoints","floor":1.0},{"not_picked":["Wireheading","FlyingSleeves"],"picked":"CutThroughFate","floor":2.0},{"not_picked":["Prostrate","Evaluate"],"picked":"CarveReality","floor":5.0},{"not_picked":["Evaluate","MentalFortress","CarveReality"],"picked":"SKIP","floor":6.0},{"not_picked":["WheelKick","Consecrate"],"picked":"Tantrum","floor":7.0},{"not_picked":["ClearTheMind","JustLucky"],"picked":"FollowUp","floor":10.0},{"not_picked":["FollowUp","Omniscience","Halt"],"picked":"SKIP","floor":12.0},{"not_picked":["Crescendo","JustLucky","FlyingSleeves"],"picked":"SKIP","floor":13.0},{"not_picked":["ReachHeaven","Protect"],"picked":"FearNoEvil","floor":14.0},{"not_picked":["Protect","Tantrum"],"picked":"EmptyFist","floor":18.0},{"not_picked":["FollowUp","BowlingBash"],"picked":"SashWhip","floor":19.0},{"not_picked":["SignatureMove","Crescendo","Pray"],"picked":"SKIP","floor":21.0},{"not_picked":["Indignation+1","FlyingSleeves"],"picked":"EmptyMind","floor":24.0},{"not_picked":["FlyingSleeves","Judgement"],"picked":"WheelKick","floor":25.0},{"not_picked":["FollowUp","SashWhip"],"picked":"Halt","floor":28.0},{"not_picked":["CrushJoints","BowlingBash"],"picked":"ThirdEye","floor":30.0},{"not_picked":["EmptyFist","MasterReality"],"picked":"Protect+1","floor":31.0},{"not_picked":["Establishment","Blasphemy+1"],"picked":"Brilliance","floor":33.0},{"not_picked":["ClearTheMind+1","Crescendo+1","SignatureMove"],"picked":"SKIP","floor":35.0},{"not_picked":["Protect+1","JustLucky","Evaluate+1"],"picked":"SKIP","floor":37.0},{"not_picked":["Worship+1","ThirdEye+1"],"picked":"WreathOfFlame+1","floor":38.0},{"not_picked":["Panache","Jack Of All Trades+1"],"picked":"Secret Technique+1","floor":39.0},{"not_picked":["Discovery+1","Bandage Up+1"],"picked":"Blind+1","floor":39.0},{"not_picked":["Impatience+1","Master of Strategy+1"],"picked":"HandOfGreed","floor":39.0},{"not_picked":["FlyingSleeves","ThirdEye+1"],"picked":"CutThroughFate+1","floor":41.0},{"not_picked":["ThirdEye+1","Nirvana"],"picked":"Halt+1","floor":45.0},{"not_picked":["EmptyFist","ThirdEye+1","Halt+1"],"picked":"SKIP","floor":47.0},{"not_picked":["LikeWater","Weave"],"picked":"TalkToTheHand+1","floor":48.0},{"not_picked":["ReachHeaven","Brilliance"],"picked":"Meditate+1","floor":55.0}],"player_experience":1205047,"relics_obtained":[{"floor":7.0,"key":"HornCleat"},{"floor":9.0,"key":"StrikeDummy"},{"floor":10.0,"key":"CloakClasp"},{"floor":14.0,"key":"War Paint"},{"floor":17.0,"key":"Damaru"},{"floor":17.0,"key":"Meat on the Bone"},{"floor":17.0,"key":"GoldenEye"},{"floor":24.0,"key":"Bag of Marbles"},{"floor":26.0,"key":"White Beast Statue"},{"floor":28.0,"key":"TeardropLocket"},{"floor":31.0,"key":"Toxic Egg 2"},{"floor":38.0,"key":"Unceasing Top"},{"floor":41.0,"key":"Nunchaku"},{"floor":44.0,"key":"Kunai"},{"floor":45.0,"key":"Old Coin"},{"floor":46.0,"key":"Pantograph"},{"floor":55.0,"key":"Eternal Feather"}],"event_choices":[{"damage_healed":0.0,"max_hp_gain":0.0,"max_hp_loss":0.0,"gold_gain":0.0,"cards_transformed":["Defend_P"],"event_name":"Living Wall","player_choice":"Change","floor":3.0,"gold_loss":0.0,"damage_taken":0.0,"cards_obtained":["CutThroughFate"]},{"cards_removed":["Defend_P"],"damage_healed":0.0,"max_hp_gain":0.0,"max_hp_loss":0.0,"gold_gain":0.0,"event_name":"Purifier","player_choice":"Purged","floor":4.0,"gold_loss":0.0,"damage_taken":0.0},{"damage_healed":0.0,"max_hp_gain":0.0,"max_hp_loss":0.0,"gold_gain":250.0,"event_name":"The Joust","player_choice":"Bet on Owner","floor":20.0,"gold_loss":50.0,"damage_taken":0.0},{"damage_healed":0.0,"max_hp_gain":0.0,"max_hp_loss":0.0,"gold_gain":0.0,"event_name":"Ghosts","player_choice":"Ignored","floor":22.0,"gold_loss":0.0,"damage_taken":0.0},{"damage_healed":0.0,"max_hp_gain":0.0,"max_hp_loss":0.0,"gold_gain":0.0,"event_name":"Mysterious Sphere","player_choice":"Fight","floor":38.0,"gold_loss":0.0,"damage_taken":0.0},{"damage_healed":0.0,"max_hp_gain":0.0,"max_hp_loss":0.0,"gold_gain":0.0,"event_name":"SensoryStone","player_choice":"Memory 3","floor":39.0,"gold_loss":0.0,"damage_taken":10.0}],"is_beta":true,"boss_relics":[{"not_picked":["Runic Dome","Fusion Hammer"],"picked":"Calling Bell"},{"not_picked":["Astrolabe","Black Star"],"picked":"Runic Pyramid"}],"items_purged_floors":[54],"is_endless":false,"potions_floor_spawned":[2,5,7,12,16,21,24,28,30,31,33,35,37,38,41,45,47,48,55],"killed_by":"The Heart","ascension_level":20}}