{"host":"dm4yvegl9um2tlqd","time":1610759850,"event":{"mods":["2.2 Compatiblity","AchievementEnabler","BaseMod","Colored Map","DeckTracker","Highlight Path","KOR Keyword Fix","Keyboard Shortcuts","Minty Spire (QoL Compilation)","Permanent Neow","Quick Restart","Random Character Button","StSLib","SuperFastMode","everything is the same but u backflip on backflip"],"gold_per_floor":[116,116,63,63,77,77,106,124,124,53,53,70,85,61,61,158,158,174,188,198,209,134,164,14,14,39,39,58,0,0,33,33,137,137,147,65,65,83,83,83,100,100,127,127,127,81,133,158,158,158],"floor_reached":51,"language":"KOR","playtime":1160,"items_purged":[],"score":865,"play_id":"394a0a29-273b-4bf3-81b3-8eb2c990f0a5","local_time":"20210116101730","is_ascension_mode":true,"campfire_choices":[{"data":"Bash","floor":6.0,"key":"SMITH"},{"data":"Flame Barrier","floor":11.0,"key":"SMITH"},{"data":"Perfected Strike","floor":15.0,"key":"SMITH"},{"data":"Corruption","floor":25.0,"key":"SMITH"},{"data":"Perfected Strike","floor":27.0,"key":"SMITH"},{"data":"Double Tap","floor":30.0,"key":"SMITH"},{"data":"Shrug It Off","floor":32.0,"key":"SMITH"},{"data":"Perfected Strike","floor":40,"key":"SMITH"},{"data":"Blood for Blood","floor":42,"key":"SMITH"},{"data":"Twin Strike","floor":45,"key":"SMITH"},{"data":"Perfected Strike","floor":49,"key":"SMITH"}],"circlet_count":0,"master_deck":["Strike_R","Strike_R","Strike_R","Strike_R","Strike_R","Defend_R+1","Bash+1","Perfected Strike+1","Perfected Strike+1","Shrug It Off+1","Headbutt","Flame Barrier+1","Twin Strike+1","Corruption+1","Armaments+1","Double Tap+1","Perfected Strike+1","Blood for Blood+1","Perfected Strike+1"],"relics":["Burning Blood","NeowsBlessing","Du-Vu Doll","Thread and Needle","Philosopher\u0027s Stone","Lizard Tail","Centennial Puzzle","Bronze Scales","Shuriken","Snecko Eye","War Paint","CaptainsWheel","Anchor"],"acts_visited":["Exordium","TheCity","TheBeyond"],"potions_floor_usage":[41,44],"damage_taken":[{"damage":2.0,"enemies":"Small Slimes","floor":1.0,"turns":2.0},{"damage":0.0,"enemies":"Cultist","floor":5.0,"turns":1.0},{"damage":0.0,"enemies":"Lagavulin","floor":7.0,"turns":1.0},{"damage":0.0,"enemies":"2 Louse","floor":8.0,"turns":2.0},{"damage":2.0,"enemies":"Lots of Slimes","floor":12.0,"turns":4.0},{"damage":0.0,"enemies":"Red Slaver","floor":13.0,"turns":3.0},{"damage":70.0,"enemies":"Hexaghost","floor":16.0,"turns":8.0},{"damage":3.0,"enemies":"Spheric Guardian","floor":18.0,"turns":3.0},{"damage":15.0,"enemies":"2 Thieves","floor":19.0,"turns":4.0},{"damage":20.0,"enemies":"Snake Plant","floor":20.0,"turns":3.0},{"damage":11.0,"enemies":"Snecko","floor":21.0,"turns":4.0},{"damage":11.0,"enemies":"Gremlin Leader","floor":23.0,"turns":6.0},{"damage":5.0,"enemies":"Centurion and Healer","floor":28.0,"turns":3.0},{"damage":7.0,"enemies":"Book of Stabbing","floor":31.0,"turns":3.0},{"damage":60.0,"enemies":"Automaton","floor":33.0,"turns":7.0},{"damage":13,"enemies":"Orb Walker","floor":35,"turns":2},{"damage":3,"enemies":"3 Shapes","floor":38,"turns":2},{"damage":17,"enemies":"Jaw Worm Horde","floor":41,"turns":3},{"damage":0,"enemies":"Writhing Mass","floor":44,"turns":1},{"damage":0,"enemies":"2 Orb Walkers","floor":47,"turns":2},{"damage":41,"enemies":"Time Eater","floor":50,"turns":4}],"seed_played":"1225729009704487950","potions_obtained":[{"floor":5.0,"key":"FearPotion"},{"floor":8.0,"key":"FearPotion"},{"floor":12.0,"key":"Dexterity Potion"},{"floor":18.0,"key":"DuplicationPotion"},{"floor":20.0,"key":"Weak Potion"},{"floor":21.0,"key":"BloodPotion"},{"floor":23.0,"key":"AttackPotion"},{"floor":31.0,"key":"Strength Potion"},{"floor":37,"key":"Explosive Potion"},{"floor":37,"key":"ElixirPotion"},{"floor":37,"key":"SmokeBomb"},{"floor":41,"key":"Explosive Potion"}],"is_trial":false,"path_per_floor":["M","?","$","?","M","R","E","M","T","$","R","M","M","$","R","B",null,"M","M","M","M","?","E","$","R","T","R","M","?","R","E","R","B",null,"M","$","?","M","?","R","M","R","T","M","R","$","?","T","R","B",null],"character_chosen":"IRONCLAD","items_purchased":["Perfected Strike","Flame Barrier","Twin Strike","Centennial Puzzle","Blood for Blood","Perfected Strike"],"campfire_rested":0,"item_purchase_floors":[3,10,14,24,36,46],"current_hp_per_floor":[80,80,80,80,80,80,80,80,80,80,80,80,80,80,80,16,80,80,71,57,52,52,47,47,47,47,47,48,48,48,63,63,9,80,73,73,73,76,76,76,65,65,65,71,71,71,77,77,77,42],"gold":158,"neow_bonus":"THREE_ENEMY_KILL","is_daily":false,"chose_seed":false,"campfire_upgraded":11,"win_rate":0.0,"timestamp":1610759850,"path_taken":["M","?","?","?","?","R","E","M","T","?","R","M","M","$","R","BOSS","M","M","M","?","?","E","$","R","T","R","M","?","R","E","R","BOSS","M","$","?","?","?","R","M","R","T","M","R","?","?","?","R","BOSS"],"items_purchased_type":["Card","Card","Card","Relic","Card","Card"],"build_version":"2020-12-22","purchased_purges":0,"victory":true,"max_hp_per_floor":[80,80,80,80,80,80,80,80,80,80,80,80,80,80,80,80,80,80,80,80,80,80,80,80,80,80,80,80,80,80,80,80,80,80,80,80,80,80,80,80,80,80,80,80,80,80,80,80,80,80],"card_choices":[{"not_picked":["Clothesline","Thunderclap"],"picked":"Perfected Strike","floor":1.0},{"not_picked":["Fire Breathing","Reaper"],"picked":"Shrug It Off","floor":5.0},{"not_picked":["Flex","Anger"],"picked":"Headbutt","floor":7.0},{"not_picked":["Body Slam","Clothesline","Flex"],"picked":"SKIP","floor":8.0},{"not_picked":["Cleave","Sentinel"],"picked":"Carnage","floor":12.0},{"not_picked":["Carnage","Cleave","Sword Boomerang"],"picked":"SKIP","floor":13.0},{"not_picked":["Barricade","Impervious"],"picked":"Corruption","floor":16.0},{"not_picked":["Flex","Reckless Charge+1"],"picked":"Armaments+1","floor":18.0},{"not_picked":["Body Slam+1","Clothesline","Heavy Blade"],"picked":"SKIP","floor":19.0},{"not_picked":["Anger","Whirlwind+1","Dual Wield"],"picked":"SKIP","floor":20.0},{"not_picked":["Headbutt","True Grit"],"picked":"Double Tap","floor":21.0},{"not_picked":["Cleave","Carnage","Hemokinesis"],"picked":"SKIP","floor":23.0},{"not_picked":["Iron Wave","Body Slam","Headbutt"],"picked":"SKIP","floor":28.0},{"not_picked":["Heavy Blade","Evolve","Pummel"],"picked":"SKIP","floor":31.0},{"not_picked":["Infernal Blade+1","Havoc+1"],"picked":"Perfected Strike","floor":35},{"not_picked":["Body Slam+1","Flex+1","Clothesline"],"picked":"SKIP","floor":38},{"not_picked":["Headbutt","Evolve","Havoc"],"picked":"SKIP","floor":41}],"player_experience":53026,"relics_obtained":[{"floor":7.0,"key":"Du-Vu Doll"},{"floor":9.0,"key":"Thread and Needle"},{"floor":23.0,"key":"Lizard Tail"},{"floor":26.0,"key":"Bronze Scales"},{"floor":31.0,"key":"Shuriken"},{"floor":43,"key":"War Paint"},{"floor":47,"key":"CaptainsWheel"},{"floor":48,"key":"Anchor"}],"event_choices":[{"cards_removed":["Defend_R"],"damage_healed":0.0,"max_hp_gain":0.0,"max_hp_loss":0.0,"gold_gain":0.0,"event_name":"Purifier","player_choice":"Purged","floor":2.0,"gold_loss":0.0,"damage_taken":0.0},{"cards_removed":["Defend_R"],"damage_healed":0.0,"max_hp_gain":0.0,"max_hp_loss":0.0,"gold_gain":0.0,"event_name":"Bonfire Elementals","player_choice":"Offered Basic","floor":4.0,"gold_loss":0.0,"damage_taken":0.0},{"cards_removed":["Carnage"],"damage_healed":0.0,"max_hp_gain":0.0,"max_hp_loss":0.0,"gold_gain":0.0,"event_name":"Beggar","player_choice":"Gave Gold","floor":22.0,"gold_loss":75.0,"damage_taken":0.0},{"damage_healed":0.0,"max_hp_gain":0.0,"max_hp_loss":0.0,"gold_gain":0.0,"event_name":"Masked Bandits","player_choice":"Paid Fearfully","floor":29.0,"gold_loss":58.0,"damage_taken":0.0},{"damage_healed":0,"gold_gain":0,"player_choice":"Got Potions","damage_taken":0,"max_hp_gain":0,"max_hp_loss":0,"event_name":"Lab","floor":37,"gold_loss":0},{"cards_removed":["Defend_R"],"damage_healed":0,"gold_gain":0,"player_choice":"Card Removal","damage_taken":0,"max_hp_gain":0,"max_hp_loss":0,"event_name":"Wheel of Change","floor":39,"gold_loss":0},{"damage_healed":0,"gold_gain":0,"player_choice":"Fight","damage_taken":0,"max_hp_gain":0,"max_hp_loss":0,"event_name":"Mysterious Sphere","floor":47,"gold_loss":0}],"is_beta":false,"boss_relics":[{"not_picked":["Fusion Hammer","Empty Cage"],"picked":"Philosopher\u0027s Stone"},{"not_picked":["Astrolabe","Busted Crown"],"picked":"Snecko Eye"}],"items_purged_floors":[],"is_endless":false,"potions_floor_spawned":[5,8,12,18,20,21,23,31,41],"ascension_level":4}}