{"host":"6azrrw3tf7wb0f4b","time":1610806760,"event":{"mods":["BaseMod","DeckTracker","Minty Spire (QoL Compilation)","SuperFastMode"],"gold_per_floor":[116,127,127,137,137,137,237,85,85,85,100,133,133,133,133,228,228,243,243,243,96,110,143,143,160,185,196,214,214,214],"floor_reached":29,"language":"KOR","playtime":636,"items_purged":["Strike_B","Strike_B"],"score":389,"play_id":"c53f3865-97b9-49d1-b71d-ea1c1a971143","local_time":"20210116231920","is_ascension_mode":true,"campfire_choices":[{"data":"Zap","floor":6,"key":"SMITH"},{"floor":10,"key":"REST"},{"floor":13,"key":"REST"},{"data":"Creative AI","floor":15,"key":"SMITH"},{"floor":24,"key":"REST"}],"circlet_count":0,"master_deck":["AscendersBane","Strike_B","Strike_B","Defend_B","Defend_B","Defend_B+1","Defend_B+1","Zap+1","Dualcast","Thunder Strike","Coolheaded+1","Compile Driver","Leap","Doom and Gloom","Static Discharge","Creative AI+1","Multi-Cast","Defragment","Steam","Chill","Storm","Hologram+1","Seek","Force Field"],"relics":["Cracked Core","Dead Branch","Happy Flower","Eternal Feather","Centennial Puzzle","SlaversCollar","Ancient Tea Set","Letter Opener","Anchor"],"acts_visited":["Exordium","TheCity"],"potions_floor_usage":[12,18,23,23,29],"damage_taken":[{"damage":5,"enemies":"2 Louse","floor":1,"turns":3},{"damage":15,"enemies":"Small Slimes","floor":2,"turns":4},{"damage":4,"enemies":"Cultist","floor":4,"turns":3},{"damage":11,"enemies":"Looter","floor":11,"turns":3},{"damage":19,"enemies":"3 Sentries","floor":12,"turns":6},{"damage":19,"enemies":"The Guardian","floor":16,"turns":11},{"damage":26,"enemies":"Shell Parasite","floor":18,"turns":5},{"damage":12,"enemies":"Spheric Guardian","floor":22,"turns":4},{"damage":5,"enemies":"Gremlin Leader","floor":23,"turns":6},{"damage":11,"enemies":"Snecko","floor":25,"turns":4},{"damage":21,"enemies":"Chosen and Byrds","floor":27,"turns":5},{"damage":18,"enemies":"3 Cultists","floor":28,"turns":3},{"damage":8,"enemies":"Slavers","floor":29,"turns":1}],"seed_played":"8722328049192417112","potions_obtained":[{"floor":1,"key":"Strength Potion"},{"floor":4,"key":"SteroidPotion"},{"floor":11,"key":"EssenceOfDarkness"},{"floor":16,"key":"Fire Potion"},{"floor":22,"key":"Fire Potion"},{"floor":28,"key":"PowerPotion"}],"is_trial":false,"path_per_floor":["M","M","?","M","?","R","?","$","T","R","M","E","R","?","R","B",null,"M","?","?","$","M","E","R","M","T","M","M","E"],"character_chosen":"DEFECT","items_purchased":["Doom and Gloom","Steam"],"campfire_rested":3,"item_purchase_floors":[8,21],"current_hp_per_floor":[63,48,45,41,26,26,26,26,26,48,37,18,49,49,58,39,66,40,40,40,40,28,23,57,46,46,25,7,0,0],"gold":214,"neow_bonus":"ONE_RANDOM_RARE_CARD","is_daily":false,"chose_seed":false,"campfire_upgraded":2,"win_rate":0.0,"timestamp":1610806760,"path_taken":["M","M","?","M","?","R","?","$","T","R","?","E","R","?","R","BOSS","M","?","?","$","M","E","R","M","T","?","?","E"],"items_purchased_type":["Card","Card"],"build_version":"2020-12-22","purchased_purges":2,"victory":false,"max_hp_per_floor":[75,75,75,75,75,75,75,75,75,75,75,75,75,75,75,75,75,75,75,75,75,75,75,75,75,75,75,75,75,75],"card_choices":[{"not_picked":["Hologram","Stack"],"picked":"Coolheaded","floor":1},{"not_picked":["Streamline","Undo"],"picked":"Compile Driver","floor":2},{"not_picked":["Steam","Sweeping Beam"],"picked":"Leap","floor":4},{"not_picked":["Fusion","Gash"],"picked":"Static Discharge","floor":11},{"not_picked":["Compile Driver","Rebound"],"picked":"Creative AI","floor":12},{"not_picked":["Fission","Buffer"],"picked":"Multi-Cast","floor":16},{"not_picked":["Redo","Cold Snap+1"],"picked":"Defragment","floor":18},{"not_picked":["Beam Cell","Coolheaded"],"picked":"Chill","floor":22},{"not_picked":["Reprogram+1","Rebound"],"picked":"Storm","floor":23},{"not_picked":["Streamline","Coolheaded"],"picked":"Hologram+1","floor":25},{"not_picked":["Compile Driver","Rip and Tear"],"picked":"Seek","floor":27},{"not_picked":["Redo","Hologram+1"],"picked":"Force Field","floor":28}],"player_experience":722630,"relics_obtained":[{"floor":9,"key":"Happy Flower"},{"floor":12,"key":"Eternal Feather"},{"floor":23,"key":"Letter Opener"},{"floor":26,"key":"Anchor"}],"event_choices":[{"damage_healed":0,"gold_gain":0,"player_choice":"Success","damage_taken":3,"relics_obtained":["Dead Branch"],"max_hp_gain":0,"max_hp_loss":0,"event_name":"Scrap Ooze","floor":3,"gold_loss":0},{"damage_healed":0,"gold_gain":0,"player_choice":"Entered Light","damage_taken":15,"max_hp_gain":0,"max_hp_loss":0,"event_name":"Shining Light","floor":5,"gold_loss":0,"cards_upgraded":["Defend_B","Defend_B"]},{"damage_healed":0,"gold_gain":100,"player_choice":"Gold","damage_taken":0,"max_hp_gain":0,"max_hp_loss":0,"event_name":"Wheel of Change","floor":7,"gold_loss":0},{"damage_healed":0,"gold_gain":0,"player_choice":"Searched \u00272\u0027 times","damage_taken":0,"relics_obtained":["Centennial Puzzle"],"max_hp_gain":0,"max_hp_loss":0,"event_name":"Dead Adventurer","floor":14,"gold_loss":0},{"damage_healed":0,"gold_gain":0,"player_choice":"Opened","damage_taken":0,"relics_obtained":["Ancient Tea Set"],"max_hp_gain":0,"max_hp_loss":0,"event_name":"The Mausoleum","floor":19,"gold_loss":0},{"damage_healed":0,"gold_gain":0,"player_choice":"Forge","damage_taken":0,"max_hp_gain":0,"max_hp_loss":0,"event_name":"Accursed Blacksmith","floor":20,"gold_loss":0,"cards_upgraded":["Coolheaded"]}],"is_beta":false,"boss_relics":[{"not_picked":["Inserter","Black Star"],"picked":"SlaversCollar"}],"items_purged_floors":[8,21],"is_endless":false,"potions_floor_spawned":[1,4,11,16,22,28],"killed_by":"Slavers","ascension_level":12}}