{"host":"j8c8hlhqrhjej8u7","time":1610768172,"event":{"mods":["BaseMod","Minty Spire (QoL Compilation)","StSLib","[功能]功能增强和修复MOD"],"gold_per_floor":[119,137,90,90,90,103,103,123,169,169,201,168,145,162,162,463,463,481,431,416,433,433,433,433,461,461,486,486,486,502,522,522,850,850,864,887,877,1876,1851,1851,1851,1851,1851,1898,1924,1924,1924,1940,1940,1940,1940,1940,1889,1919,1919,1919],"floor_reached":55,"language":"ZHS","playtime":1144,"items_purged":["Strike_R","Defend_R","Strike_R","Defend_R","Cleave","Strike_R","Strike_R","Strike_R","Bash","Defend_R","Defend_R","Feed","Shrug It Off","Shockwave+1","Normality","Normality","Bloodletting+1","Flex+1"],"score":1131,"play_id":"90d6ea61-f06c-48d9-8791-ea0267cb98eb","local_time":"20210116113612","is_ascension_mode":true,"campfire_choices":[{"data":"Whirlwind","floor":7.0,"key":"SMITH"},{"data":"Flex","floor":10.0,"key":"SMITH"},{"data":"Seeing Red","floor":15.0,"key":"SMITH"},{"data":"Flex","floor":23.0,"key":"SMITH"},{"data":"Flex","floor":29.0,"key":"SMITH"},{"floor":32.0,"key":"RECALL"},{"data":"Limit Break","floor":40.0,"key":"SMITH"},{"data":"Clash","floor":42.0,"key":"SMITH"}],"circlet_count":0,"master_deck":["Whirlwind+1","Flex+1","Seeing Red+1","Flex+1","Limit Break+1","Clash+1","Clash+1","Reaper"],"relics":["Coffee Dripper","Pantograph","Toy Ornithopter","Pear"],"acts_visited":["Exordium","TheCity","TheBeyond","TheEnding"],"potions_floor_usage":[50,50,54,55],"damage_taken":[{"damage":2.0,"enemies":"Jaw Worm","floor":1.0,"turns":3.0},{"damage":0.0,"enemies":"Small Slimes","floor":2.0,"turns":2.0},{"damage":0.0,"enemies":"2 Louse","floor":6.0,"turns":1.0},{"damage":0.0,"enemies":"Lots of Slimes","floor":8.0,"turns":1.0},{"damage":10.0,"enemies":"3 Sentries","floor":11.0,"turns":2.0},{"damage":0.0,"enemies":"Exordium Wildlife","floor":14.0,"turns":1.0},{"damage":0.0,"enemies":"Slime Boss","floor":16.0,"turns":2.0},{"damage":11.0,"enemies":"2 Thieves","floor":18.0,"turns":2.0},{"damage":12.0,"enemies":"Shell Parasite","floor":21.0,"turns":2.0},{"damage":6.0,"enemies":"Book of Stabbing","floor":25.0,"turns":2.0},{"damage":0.0,"enemies":"Slavers","floor":27.0,"turns":1.0},{"damage":0.0,"enemies":"Snake Plant","floor":30.0,"turns":1.0},{"damage":0.0,"enemies":"Centurion and Healer","floor":31.0,"turns":1.0},{"damage":28.0,"enemies":"Automaton","floor":33.0,"turns":5.0},{"damage":16.0,"enemies":"3 Shapes","floor":35.0,"turns":1.0},{"damage":0.0,"enemies":"Nemesis","floor":41.0,"turns":2.0},{"damage":0.0,"enemies":"2 Orb Walkers","floor":44.0,"turns":1.0},{"damage":13.0,"enemies":"Giant Head","floor":45.0,"turns":4.0},{"damage":0,"enemies":"3 Darklings","floor":48,"turns":1},{"damage":68,"enemies":"Time Eater","floor":50,"turns":5},{"damage":12,"enemies":"Shield and Spear","floor":54,"turns":2},{"damage":159,"enemies":"The Heart","floor":55,"turns":5}],"seed_played":"-6177193076652445842","potions_obtained":[{"floor":1.0,"key":"Fire Potion"},{"floor":1.0,"key":"PowerPotion"},{"floor":2.0,"key":"Dexterity Potion"},{"floor":8.0,"key":"FairyPotion"},{"floor":21.0,"key":"HeartOfIron"},{"floor":25.0,"key":"BloodPotion"},{"floor":25.0,"key":"ColorlessPotion"},{"floor":31.0,"key":"BloodPotion"},{"floor":31.0,"key":"Dexterity Potion"},{"floor":33.0,"key":"SteroidPotion"},{"floor":35.0,"key":"SmokeBomb"},{"floor":44.0,"key":"BloodPotion"},{"floor":48,"key":"LiquidBronze"},{"floor":48,"key":"SteroidPotion"}],"is_trial":false,"path_per_floor":["M","M","$","?","$","M","R","M","T","R","E","?","$","M","R","B",null,"M","?","$","M","$","R","?","E","T","E","?","R","M","M","R","B",null,"M","T","$","?","$","R","E","R","T","?","E","R","?","M","R","B",null,"R","$","E","B"],"character_chosen":"IRONCLAD","items_purchased":["Whirlwind","Seeing Red","Flex","Shrug It Off","Clash","Pantograph","Toy Ornithopter","Block Potion","ColorlessPotion"],"campfire_rested":0,"item_purchase_floors":[3,13,13,20,39,53,53,53,53],"current_hp_per_floor":[70,70,70,75,75,75,75,75,75,75,65,65,65,65,65,65,80,72,72,72,60,60,60,60,71,71,71,71,71,71,88,88,60,81,65,65,65,65,65,65,65,65,65,82,69,69,69,69,69,1,66,66,66,69,0,0],"gold":1919,"neow_bonus":"BOSS_RELIC","is_daily":false,"chose_seed":false,"campfire_upgraded":7,"win_rate":0.0,"timestamp":1610768172,"path_taken":["M","M","$","?","$","M","R","M","T","R","E","?","$","M","R","BOSS","M","?","$","?","$","R","?","E","T","E","?","R","M","M","R","BOSS","M","?","$","?","$","R","E","R","T","?","E","R","?","M","R","BOSS","R","$","E","BOSS"],"items_purchased_type":["Card","Card","Card","Card","Card","Relic","Relic","Potion","Potion"],"build_version":"2020-12-22","purchased_purges":18,"victory":false,"max_hp_per_floor":[80,80,80,85,85,85,85,85,85,85,85,85,85,85,85,85,85,88,88,88,88,88,88,88,88,88,88,88,88,88,88,88,88,88,88,88,88,88,88,88,88,88,88,88,88,88,88,88,88,88,88,88,88,98,98,98],"card_choices":[{"not_picked":["Wild Strike","Warcry"],"picked":"Cleave","floor":1.0},{"not_picked":["Perfected Strike","Iron Wave","Clothesline"],"picked":"SKIP","floor":1.0},{"not_picked":["Pummel","Power Through","Headbutt"],"picked":"SKIP","floor":2.0},{"not_picked":["Rupture","Seeing Red","Headbutt"],"picked":"SKIP","floor":2.0},{"not_picked":["Dual Wield","Warcry"],"picked":"Flex","floor":6.0},{"not_picked":["Body Slam","Dark Embrace","Fiend Fire"],"picked":"SKIP","floor":6.0},{"not_picked":["Anger","Sword Boomerang","Reckless Charge"],"picked":"SKIP","floor":8.0},{"not_picked":["Anger","Iron Wave","Warcry"],"picked":"SKIP","floor":8.0},{"not_picked":["Disarm","Havoc","Evolve"],"picked":"SKIP","floor":11.0},{"not_picked":["Inflame","Perfected Strike","Clothesline"],"picked":"SKIP","floor":14.0},{"not_picked":["Warcry","Clothesline","Body Slam"],"picked":"SKIP","floor":14.0},{"not_picked":["Demon Form","Brutality"],"picked":"Feed","floor":16.0},{"not_picked":["Immolate","Feed"],"picked":"Reaper","floor":16.0},{"not_picked":["Body Slam","Ghostly Armor","Shrug It Off"],"picked":"SKIP","floor":18.0},{"not_picked":["Cleave","Anger","Infernal Blade+1"],"picked":"SKIP","floor":18.0},{"not_picked":["Rage","Armaments","Spot Weakness"],"picked":"SKIP","floor":21.0},{"not_picked":["True Grit","Feel No Pain","Offering"],"picked":"SKIP","floor":21.0},{"not_picked":["Combust","Whirlwind+1","Heavy Blade"],"picked":"SKIP","floor":25.0},{"not_picked":["Anger","Rupture"],"picked":"Flex","floor":27.0},{"not_picked":["Armaments+1","Iron Wave"],"picked":"Shockwave+1","floor":30.0},{"not_picked":["Armaments","Brutality","Carnage"],"picked":"SKIP","floor":30.0},{"not_picked":["Thunderclap","True Grit","Spot Weakness+1"],"picked":"SKIP","floor":31.0},{"not_picked":["Anger+1","Sword Boomerang+1","Evolve"],"picked":"SKIP","floor":31.0},{"not_picked":["Immolate","Exhume"],"picked":"Limit Break","floor":33.0},{"not_picked":["Spot Weakness","Iron Wave+1"],"picked":"Bloodletting+1","floor":35.0},{"not_picked":["Burning Pact+1","Headbutt","Havoc"],"picked":"SKIP","floor":35.0},{"not_picked":["Dual Wield","Pummel","Exhume"],"picked":"SKIP","floor":45.0},{"not_picked":["Twin Strike+1","Warcry"],"picked":"Clash+1","floor":48},{"not_picked":["Havoc+1","Ghostly Armor","Dark Embrace"],"picked":"SKIP","floor":48},{"not_picked":["True Grit","Warcry"],"picked":"Reaper","floor":54}],"player_experience":65567,"relics_obtained":[{"floor":54,"key":"Pear"}],"event_choices":[{"damage_healed":0.0,"max_hp_gain":5.0,"max_hp_loss":0.0,"gold_gain":0.0,"event_name":"Big Fish","player_choice":"Donut","floor":4.0,"gold_loss":0.0,"damage_taken":0.0},{"damage_healed":0.0,"max_hp_gain":0.0,"max_hp_loss":0.0,"gold_gain":0.0,"event_name":"World of Goop","player_choice":"Left Gold","floor":12.0,"gold_loss":33.0,"damage_taken":0.0},{"damage_healed":0.0,"max_hp_gain":0.0,"max_hp_loss":0.0,"gold_gain":0.0,"event_name":"The Joust","player_choice":"Bet on Owner","floor":19.0,"gold_loss":50.0,"damage_taken":0.0},{"cards_removed":["Reaper"],"damage_healed":0.0,"max_hp_gain":0.0,"max_hp_loss":0.0,"gold_gain":0.0,"event_name":"Back to Basics","player_choice":"Elegance","floor":24.0,"gold_loss":0.0,"damage_taken":0.0},{"damage_healed":0.0,"max_hp_gain":0.0,"max_hp_loss":0.0,"gold_gain":0.0,"event_name":"WeMeetAgain","player_choice":"Ignored","floor":28.0,"gold_loss":0.0,"damage_taken":0.0},{"damage_healed":0.0,"max_hp_gain":0.0,"max_hp_loss":0.0,"gold_gain":999.0,"event_name":"MindBloom","player_choice":"Gold","floor":38.0,"gold_loss":0.0,"damage_taken":0.0,"cards_obtained":["Normality","Normality"]},{"damage_healed":0.0,"max_hp_gain":0.0,"max_hp_loss":0.0,"gold_gain":0.0,"event_name":"Mysterious Sphere","player_choice":"Fight","floor":44.0,"gold_loss":0.0,"damage_taken":0.0},{"damage_healed":0,"gold_gain":0,"player_choice":"0 cards matched","damage_taken":0,"max_hp_gain":0,"max_hp_loss":0,"event_name":"Match and Keep!","floor":47,"gold_loss":0,"cards_obtained":[]}],"is_beta":false,"boss_relics":[{"not_picked":["Astrolabe","Calling Bell","Philosopher\u0027s Stone"]},{"not_picked":["Fusion Hammer","Mark of Pain","Busted Crown"]}],"items_purged_floors":[3,3,3,3,3,3,3,3,13,13,20,20,37,37,39,39,39,39],"is_endless":false,"potions_floor_spawned":[1,1,2,8,8,11,11,14,21,25,25,25,30,30,30,31,31,33,35,35,44,48,48],"killed_by":"The Heart","ascension_level":7}}