{"host":"utcbn1j9ebmpc40m","time":1610767955,"event":{"mods":["BaseMod","Better Altar","Better Match","GifTheSpireLib","Minty Spire (QoL Compilation)","Poor People Problems","StSLib","SuperFastMode","The IronCluck","The Servant 0.9.4"],"gold_per_floor":[118,10,10,10,10,41,41,56,56,71,100,117,135,147,147,246,246,221,12,26,26,26],"floor_reached":21,"language":"ENG","playtime":504,"items_purged":["Defend_G"],"score":324,"play_id":"87e1c836-270c-40a6-9a18-2632f420d763","local_time":"20210115223235","is_ascension_mode":true,"campfire_choices":[{"data":"Noxious Fumes","floor":7,"key":"SMITH"},{"floor":15,"key":"REST"}],"circlet_count":0,"master_deck":["AscendersBane","Strike_G","Strike_G","Strike_G","Strike_G","Defend_G","Defend_G","Defend_G","Defend_G","Survivor","Neutralize","Noxious Fumes+1","Leg Sweep","Dagger Spray","PiercingWail","Prepared","Accuracy+1","Burst","Accuracy+1","Blade Dance","Prepared+1"],"relics":["Ring of the Snake","NeowsBlessing","GremlinMask","Frozen Egg 2","Singing Bowl","Ninja Scroll","Empty Cage","Pen Nib"],"acts_visited":["Exordium","TheCity"],"potions_floor_usage":[11,12,16,21],"damage_taken":[{"damage":0,"enemies":"Small Slimes","floor":1,"turns":1},{"damage":0,"enemies":"3 Sentries","floor":6,"turns":1},{"damage":0,"enemies":"Cultist","floor":8,"turns":1},{"damage":4,"enemies":"Jaw Worm","floor":10,"turns":5},{"damage":10,"enemies":"Lagavulin","floor":11,"turns":8},{"damage":7,"enemies":"Gremlin Gang","floor":12,"turns":4},{"damage":6,"enemies":"2 Fungi Beasts","floor":13,"turns":5},{"damage":1,"enemies":"Blue Slaver","floor":14,"turns":5},{"damage":40,"enemies":"Slime Boss","floor":16,"turns":12},{"damage":23,"enemies":"2 Thieves","floor":18,"turns":5},{"damage":26,"enemies":"Shell Parasite","floor":20,"turns":6},{"damage":16,"enemies":"Chosen and Byrds","floor":21,"turns":7}],"seed_played":"-189192112537130270","potions_obtained":[{"floor":6,"key":"CunningPotion"},{"floor":11,"key":"SpeedPotion"},{"floor":14,"key":"Block Potion"},{"floor":18,"key":"Fire Potion"},{"floor":20,"key":"Dexterity Potion"}],"is_trial":false,"path_per_floor":["M","$","?","$","?","E","R","M","T","M","E","M","M","M","R","B",null,"M","$","M","M"],"character_chosen":"THE_SILENT","items_purchased":["Noxious Fumes","Blade Dance","Pen Nib"],"campfire_rested":1,"item_purchase_floors":[2,19,19],"current_hp_per_floor":[63,63,63,63,63,63,63,63,63,59,49,42,36,35,56,16,57,34,34,8,0,0],"gold":26,"neow_bonus":"THREE_ENEMY_KILL","is_daily":false,"chose_seed":false,"campfire_upgraded":1,"win_rate":0.0,"timestamp":1610767955,"path_taken":["M","$","?","?","?","E","R","?","T","M","E","?","M","M","R","BOSS","M","$","M","M"],"items_purchased_type":["Card","Card","Relic"],"build_version":"2020-12-22","purchased_purges":1,"victory":false,"max_hp_per_floor":[70,70,70,70,70,70,70,70,70,70,70,70,70,70,70,70,70,70,70,70,70,70],"card_choices":[{"not_picked":["Dagger Throw","Underhanded Strike","Dodge and Roll"],"picked":"SKIP","floor":1},{"not_picked":["Setup","Malaise"],"picked":"Leg Sweep","floor":6},{"not_picked":["Masterful Stab","Leg Sweep","Blade Dance"],"picked":"SKIP","floor":8},{"not_picked":["Dash","All Out Attack"],"picked":"Dagger Spray","floor":10},{"not_picked":["Riddle With Holes","Poisoned Stab"],"picked":"PiercingWail","floor":11},{"not_picked":["Poisoned Stab","Expertise"],"picked":"Prepared","floor":12},{"not_picked":["Caltrops+1","A Thousand Cuts+1"],"picked":"Accuracy+1","floor":13},{"not_picked":["Bane","Dagger Spray"],"picked":"Slice","floor":14},{"not_picked":["Malaise","Adrenaline"],"picked":"Burst","floor":16},{"not_picked":["Endless Agony","Prepared+1"],"picked":"Accuracy+1","floor":18},{"not_picked":["Bane","Deflect"],"picked":"Prepared+1","floor":20}],"player_experience":495701,"relics_obtained":[{"floor":6,"key":"Frozen Egg 2"},{"floor":9,"key":"Singing Bowl"},{"floor":11,"key":"Ninja Scroll"}],"event_choices":[{"damage_healed":0,"gold_gain":0,"player_choice":"Trade","damage_taken":0,"relics_obtained":["GremlinMask"],"max_hp_gain":0,"max_hp_loss":0,"event_name":"FaceTrader","floor":3,"gold_loss":0},{"damage_healed":0,"gold_gain":0,"player_choice":"Ignored","damage_taken":0,"max_hp_gain":0,"max_hp_loss":0,"event_name":"WeMeetAgain","floor":5,"gold_loss":0}],"is_beta":false,"boss_relics":[{"not_picked":["Philosopher\u0027s Stone","SacredBark"],"picked":"Empty Cage"}],"items_purged_floors":[2],"is_endless":false,"potions_floor_spawned":[6,11,14,18,20],"killed_by":"Chosen and Byrds","ascension_level":10}}