{"host":"mal0jdk4f6ubgyb8","time":1610835791,"event":{"mods":["100% Spire Juice","Act Like it!","Arknights The Spire","Aspiration","BaseMod","Gensokyo","Hallownest","Koishi","Luminous","Marisa£®ÏF”Í°°ƒß¿Ì…≥£©","Minty Spire (QoL Compilation)","Quick Restart","Reimu£®≤©¿ˆ¡È√Œ£©","Relic Stats","Remilia£®¿Ÿ√◊¿Ú—«£©","StSLib","The Bug Knight","WarShipGirlsR/’ΩΩ¢…Ÿ≈ÆR mod","Yakumo Yukari mod","Youmu£®ªÍ∆«—˝√Œ£©","Yuri Mod","Yuyuko"],"gold_per_floor":[112,11,0,10,10,41,55,55,81,81,92,107,139,139,139,236,116,130,130,22,22,36,67,107,18,64,64,84,96,123,16,16,116,116,133,133,144,159,178,192,247,147,172,201,211,240,240,55,55,55,55,55,5,33,33,33],"floor_reached":55,"language":"ZHS","playtime":3353,"items_purged":["Moonworks:SakisCookie","Moonworks:SakisCookie"],"score":776,"play_id":"4005dcdf-95b1-412a-9e6a-05b8667a61f8","local_time":"20210117062311","is_ascension_mode":false,"campfire_choices":[{"data":"Moonworks:Encore","floor":8,"key":"SMITH"},{"floor":15,"key":"RECALL"},{"data":"Moonworks:SinkOrSwim","floor":32,"key":"SMITH"},{"data":"Moonworks:MetallicMonocoque","floor":47,"key":"SMITH"},{"data":"Moonworks:PlushieMaster","floor":49,"key":"SMITH"},{"data":"Moonworks:Ambush","floor":52,"key":"SMITH"}],"circlet_count":0,"master_deck":["Moonworks:Strike","Moonworks:Strike","Moonworks:Strike","Moonworks:Defend","Moonworks:Defend","Moonworks:Defend","Moonworks:Defend","Moonworks:Ambush+1","Moonworks:LongDistanceShot","Moonworks:NicePresent+1","Moonworks:CookingTime+1","Moonworks:SakisCookie","Moonworks:Encore+1","Moonworks:CloudOfSeagulls","Moonworks:SakisCookie","Moonworks:NicePresent+1","Moonworks:PlushieMaster+1","Moonworks:WindyEnchantment+1","Moonworks:IndiscriminateFireSupport","Moonworks:RagingMadness","Moonworks:ShieldCounter","Moonworks:EvilSpyWorkPreparation","Moonworks:SinkOrSwim+1","Moonworks:MetallicMonocoque+1","Moonworks:EvilSpyWorkPreparation+1","Moonworks:CloudOfSeagulls","Moonworks:IndiscriminateFireSupport","Moonworks:EvilMastermind","Moonworks:FinalSurgery+1"],"relics":["Moonworks:BrokenBomb","Moonworks:Homemark","NeowsBlessing","MealTicket","Kunai","Hallownest:DreamNailRelic","Nunchaku","Coffee Dripper","HollowMod:PaleOreRelic","War Paint","Bottled Flame","Toy Ornithopter","aspiration:HummingbirdHeart","Busted Crown","CaptainsWheel","aspiration:FrozenJewel","Pen Nib","Smiling Mask","Art of War","Pocketwatch"],"acts_visited":["Exordium","Hallownest:Greenpath","Hallownest:CityofTears","TheEnding"],"potions_floor_usage":[6,12,16,22,29,44,44,55],"damage_taken":[{"damage":0.0,"enemies":"Hallownest:monsterHuskGuard","floor":1.0,"turns":1.0},{"damage":0.0,"enemies":"Hallownest:2_Baldur","floor":2.0,"turns":1.0},{"damage":0.0,"enemies":"2_ Uuma","floor":4.0,"turns":1.0},{"damage":31,"enemies":"Hallownest:eliteMossKnight","floor":6,"turns":8},{"damage":8,"enemies":"Hallownest:Wandering_and_Horned","floor":7,"turns":5},{"damage":15,"enemies":"Hallownest:1_Ooma_and_2_Uuma","floor":11,"turns":9},{"damage":2,"enemies":"Hallownest:monsterMossCharger","floor":12,"turns":3},{"damage":14,"enemies":"Hallownest:eliteVengeflyKing","floor":13,"turns":8},{"damage":23,"enemies":"Hallownest:BossFalseKnight","floor":16,"turns":11},{"damage":24,"enemies":"Hallownest:2_Mistakes","floor":18,"turns":8},{"damage":2,"enemies":"Hallownest:3_Youths","floor":20,"turns":4},{"damage":16,"enemies":"Hallownest:monsterMisterMushroom","floor":22,"turns":6},{"damage":0,"enemies":"Hallownest:Nosk","floor":23,"turns":5},{"damage":10,"enemies":"Hallownest:Nosk","floor":24,"turns":3},{"damage":37,"enemies":"Hallownest:eliteWatcherKnight","floor":25,"turns":10},{"damage":13,"enemies":"Hallownest:3_Mistakes","floor":28,"turns":5},{"damage":0,"enemies":"Hallownest:Master_and_Novice","floor":29,"turns":1},{"damage":5,"enemies":"Hallownest:Nosk","floor":30,"turns":8},{"damage":0,"enemies":"Hallownest:monsterShrumalOgre","floor":31,"turns":4},{"damage":18,"enemies":"Hallownest:BossGrimm","floor":33,"turns":6},{"damage":6,"enemies":"Hallownest:3_Siblings","floor":35,"turns":4},{"damage":6,"enemies":"Hallownest:2_Littles","floor":37,"turns":2},{"damage":2,"enemies":"Hallownest:Shield_Sturdy","floor":38,"turns":5},{"damage":6,"enemies":"Hallownest:Slobbering_and_Violent","floor":39,"turns":6},{"damage":14,"enemies":"Hallownest:2_Soldiers_and_1_Guardian","floor":40,"turns":3},{"damage":19,"enemies":"Hallownest:2_Primals","floor":41,"turns":3},{"damage":43,"enemies":"Hallownest:StalkingDevout","floor":44,"turns":5},{"damage":13,"enemies":"Hallownest:Xero_Hu_Marmu","floor":45,"turns":4},{"damage":5,"enemies":"Hallownest:eliteHiveKnight","floor":46,"turns":7},{"damage":52,"enemies":"Hallownest:BossGreyPrinceZote","floor":50,"turns":8},{"damage":34,"enemies":"Shield and Spear","floor":54,"turns":5},{"damage":92,"enemies":"The Heart","floor":55,"turns":6}],"seed_played":"-2463115967502876048","potions_obtained":[{"floor":2.0,"key":"Strength Potion"},{"floor":4.0,"key":"ZuzhouPotion:ReiMu"},{"floor":6,"key":"DistilledChaos"},{"floor":7,"key":"FairyPotion"},{"floor":20,"key":"Fire Potion"},{"floor":22,"key":"FearPotion"},{"floor":25,"key":"Regen Potion"},{"floor":28,"key":"Energy Potion"},{"floor":30,"key":"LiquidMemories"},{"floor":33,"key":"Block Potion"},{"floor":54,"key":"Strength Potion"}],"is_trial":false,"path_per_floor":["M","M","?","M","?","E","M","R","T","?","M","M","E","?","R","B",null,"M","?","M","?","M","E","?","E","T","?","M","M","E","M","R","B",null,"M","?","M","M","M","M","?","?","T","E","M","E","R","$","R","B",null,"R","$","E","B"],"character_chosen":"THE_STARBREAKER","items_purchased":["Moonworks:EvilMastermind"],"campfire_rested":0,"item_purchase_floors":[48],"current_hp_per_floor":[60,60,60,60,60,32,30,30,30,30,21,35,31,31,31,18,60,47,47,53,53,44,54,57,29,29,60,57,60,57,57,57,49,60,60,60,54,60,60,46,37,37,37,14,11,16,16,31,31,18,60,60,60,26,0,0],"gold":33,"neow_bonus":"THREE_ENEMY_KILL","is_daily":false,"chose_seed":false,"campfire_upgraded":5,"win_rate":0.0,"timestamp":1610835791,"path_taken":["M","M","?","M","?","E","M","R","T","?","?","M","E","?","R","BOSS","M","?","M","?","M","E","?","E","T","?","M","?","E","M","R","BOSS","M","?","M","M","M","M","?","?","T","E","M","E","R","?","R","BOSS","R","$","E","BOSS"],"items_purchased_type":["Card"],"build_version":"2020-12-22","purchased_purges":2,"victory":false,"max_hp_per_floor":[60,60,60,60,60,60,60,60,60,60,60,60,60,60,60,60,60,60,60,60,60,60,60,60,60,60,60,60,60,60,60,60,60,60,60,60,60,60,60,60,60,60,60,60,60,60,60,60,60,60,60,60,60,60,60,60],"relic_stats":{"Nunchaku":[39],"Busted Crown":20,"counters":[32,165],"MealTicket":15,"Pen Nib":[10],"Art of War":[2],"Kunai":[94],"War Paint":["Moonworks:NicePresent","Moonworks:NicePresent"],"Smiling Mask":75,"obtain_stats":[{"NeowsBlessing":0,"Pen Nib":43,"Hallownest:DreamNailRelic":10,"aspiration:HummingbirdHeart":30,"War Paint":23,"Smiling Mask":44,"aspiration:FrozenJewel":42,"Nunchaku":13,"Bottled Flame":25,"CaptainsWheel":41,"Busted Crown":34,"Moonworks:Homemark":0,"MealTicket":3,"Coffee Dripper":17,"Art of War":46,"Kunai":6,"HollowMod:PaleOreRelic":21,"Toy Ornithopter":26,"Moonworks:BrokenBomb":0,"Pocketwatch":54},{"NeowsBlessing":0,"Pen Nib":26,"Hallownest:DreamNailRelic":5,"aspiration:HummingbirdHeart":18,"War Paint":13,"Smiling Mask":27,"aspiration:FrozenJewel":26,"Nunchaku":8,"Bottled Flame":15,"CaptainsWheel":26,"Busted Crown":20,"Moonworks:Homemark":0,"MealTicket":2,"Coffee Dripper":9,"Art of War":29,"Kunai":4,"HollowMod:PaleOreRelic":11,"Toy Ornithopter":15,"Moonworks:BrokenBomb":0,"Pocketwatch":31},{"NeowsBlessing":0,"Pen Nib":130,"Hallownest:DreamNailRelic":16,"aspiration:HummingbirdHeart":97,"War Paint":70,"Smiling Mask":135,"aspiration:FrozenJewel":130,"Nunchaku":36,"Bottled Flame":83,"CaptainsWheel":130,"Busted Crown":107,"Moonworks:Homemark":0,"MealTicket":2,"Coffee Dripper":47,"Art of War":146,"Kunai":11,"HollowMod:PaleOreRelic":59,"Toy Ornithopter":83,"Moonworks:BrokenBomb":0,"Pocketwatch":159}],"Toy Ornithopter":18,"Pocketwatch":[0]},"card_choices":[{"not_picked":["Moonworks:ImOnFire","Moonworks:SealedMemories"],"picked":"Moonworks:NicePresent","floor":1.0},{"not_picked":["Moonworks:LulusLuckyEgg","Moonworks:CompletionReward"],"picked":"Moonworks:CookingTime","floor":2.0},{"not_picked":["Moonworks:LulusLuckyEgg","Moonworks:Assault"],"picked":"Moonworks:SakisCookie","floor":4.0},{"not_picked":["Moonworks:WindyEnchantment","Moonworks:BackdoorTrade"],"picked":"Moonworks:Encore","floor":6},{"not_picked":["Moonworks:Assault","Moonworks:Dash"],"picked":"Moonworks:CloudOfSeagulls","floor":7},{"not_picked":["Moonworks:BeyondHell","Moonworks:DeployBits"],"picked":"Moonworks:SakisCookie","floor":11},{"not_picked":["Moonworks:Assault","Moonworks:CloudOfSeagulls"],"picked":"Moonworks:WindyEnchantment","floor":12},{"not_picked":["Moonworks:SakisCookie","Moonworks:ImOnFire"],"picked":"Moonworks:NicePresent","floor":13},{"not_picked":["Moonworks:Accelerator","Moonworks:MeltingMemories"],"picked":"Moonworks:PlushieMaster","floor":16},{"not_picked":["Moonworks:EvilSpyWorkPreparation","Moonworks:Flamethrower"],"picked":"Moonworks:WindyEnchantment+1","floor":18},{"not_picked":["Moonworks:IndiscriminateFireSupport","Moonworks:WindyEnchantment"],"picked":"Moonworks:TreasureThief","floor":20},{"not_picked":["Moonworks:JonathanRush","Moonworks:Assault"],"picked":"Moonworks:IndiscriminateFireSupport","floor":22},{"not_picked":["Moonworks:Dash+1","Moonworks:NicePresent"],"picked":"Moonworks:RagingMadness","floor":23},{"not_picked":["Moonworks:JonathanRush+1","Moonworks:SakisCookie","Moonworks:TacticalRetreat"],"picked":"SKIP","floor":25},{"not_picked":["Moonworks:JonathanRush+1","Moonworks:SakisCookie","Moonworks:TacticalRetreat"],"picked":"SKIP","floor":25},{"not_picked":["Moonworks:SakisCookie","Moonworks:JonathanRush"],"picked":"Moonworks:ShieldCounter","floor":28},{"not_picked":["Moonworks:CloudOfSeagulls","Moonworks:LulusLuckyEgg"],"picked":"Moonworks:EvilSpyWorkPreparation","floor":29},{"not_picked":["Moonworks:SubspaceTunnel","Moonworks:MixPhenomenon"],"picked":"Moonworks:SinkOrSwim","floor":30},{"not_picked":["Moonworks:TreasureThief","Moonworks:SakisCookie"],"picked":"Moonworks:AwakeningOfTalent","floor":31},{"not_picked":["Moonworks:WeAreWaruda","Moonworks:CrystalBarrier"],"picked":"Moonworks:MetallicMonocoque","floor":33},{"not_picked":["Moonworks:BigMagnum"],"picked":"SKIP","floor":35},{"not_picked":[],"picked":"Moonworks:EvilSpyWorkPreparation+1","floor":37},{"not_picked":[],"picked":"Moonworks:CloudOfSeagulls","floor":38},{"not_picked":["Moonworks:BigMagnum"],"picked":"SKIP","floor":39},{"not_picked":[],"picked":"Moonworks:IndiscriminateFireSupport","floor":40},{"not_picked":["Moonworks:ExtendedPhotonRifle"],"picked":"SKIP","floor":44},{"not_picked":["Moonworks:DeployBits"],"picked":"SKIP","floor":45},{"not_picked":["Moonworks:ForcedRevival"],"picked":"SKIP","floor":46},{"not_picked":[],"picked":"Moonworks:FinalSurgery+1","floor":54}],"player_experience":316547,"relics_obtained":[{"floor":6,"key":"Kunai"},{"floor":13,"key":"Nunchaku"},{"floor":23,"key":"War Paint"},{"floor":25,"key":"Bottled Flame"},{"floor":26,"key":"Toy Ornithopter"},{"floor":30,"key":"aspiration:HummingbirdHeart"},{"floor":41,"key":"CaptainsWheel"},{"floor":43,"key":"Pen Nib"},{"floor":44,"key":"Smiling Mask"},{"floor":46,"key":"Art of War"},{"floor":54,"key":"Pocketwatch"}],"event_choices":[],"is_beta":false,"boss_relics":[{"not_picked":["Calling Bell","Astrolabe"],"picked":"Coffee Dripper"},{"not_picked":["aspiration:WatcherSkillbook","Fusion Hammer"],"picked":"Busted Crown"}],"items_purged_floors":[48,53],"is_endless":false,"potions_floor_spawned":[2,4,6,7,11,20,22,25,28,30,33,39,41,54],"killed_by":"The Heart","ascension_level":0}}