{"host":"kgfs5ebhusfk1t4t","time":1610808775,"event":{"mods":["BaseMod","Colored Map","DeckTracker","Highlight Path","KOR Keyword Fix","Keyboard Shortcuts","Minty Spire (QoL Compilation)","Permanent Neow","Quick Restart","StSLib","SuperFastMode","everything is the same but u backflip on backflip"],"gold_per_floor":[115,190,200,14,31,31,42,60,83,98,98,98,118,132,132,132,132],"floor_reached":16,"language":"KOR","playtime":1082,"items_purged":["Strike_R"],"score":163,"play_id":"5d078ac1-7fa7-4c6c-8d9e-3350cf1dbde4","local_time":"20210116235255","is_ascension_mode":true,"campfire_choices":[{"floor":6,"key":"REST"},{"data":"Bash","floor":15,"key":"SMITH"}],"circlet_count":0,"master_deck":["AscendersBane","Strike_R","Strike_R","Defend_R+1","Defend_R","Defend_R","Defend_R+1","Bash+1","Armaments","Battle Trance","Dropkick","Ghostly Armor","Second Wind","Evolve","Rage","Sever Soul","Bloodletting"],"relics":["Burning Blood","War Paint","Golden Idol"],"acts_visited":["Exordium"],"potions_floor_usage":[10,10,16,16],"damage_taken":[{"damage":7,"enemies":"Small Slimes","floor":1,"turns":4},{"damage":13,"enemies":"Jaw Worm","floor":3,"turns":5},{"damage":2,"enemies":"2 Louse","floor":5,"turns":4},{"damage":10,"enemies":"Gremlin Gang","floor":7,"turns":8},{"damage":1,"enemies":"Looter","floor":8,"turns":5},{"damage":11,"enemies":"Lots of Slimes","floor":10,"turns":6},{"damage":4,"enemies":"3 Louse","floor":13,"turns":6},{"damage":2,"enemies":"Exordium Wildlife","floor":14,"turns":6},{"damage":66,"enemies":"Hexaghost","floor":16,"turns":16}],"seed_played":"-1870651823784058112","potions_obtained":[{"floor":3,"key":"Regen Potion"},{"floor":5,"key":"PowerPotion"},{"floor":13,"key":"ColorlessPotion"},{"floor":14,"key":"Block Potion"}],"is_trial":false,"path_per_floor":["M","?","M","$","M","R","M","M","T","M","$","?","M","M","R","B"],"character_chosen":"IRONCLAD","items_purchased":["Battle Trance","Dropkick"],"campfire_rested":1,"item_purchase_floors":[4,4],"current_hp_per_floor":[49,38,31,31,35,57,53,58,58,68,68,68,69,69,69,3,3],"gold":132,"neow_bonus":"REMOVE_TWO","is_daily":false,"chose_seed":false,"campfire_upgraded":1,"win_rate":0.0,"timestamp":1610808775,"path_taken":["M","?","M","?","M","R","M","?","T","M","$","?","M","M","R","BOSS"],"items_purchased_type":["Card","Card"],"build_version":"2020-12-22","purchased_purges":1,"victory":false,"max_hp_per_floor":[75,75,75,75,75,75,75,75,75,75,75,69,69,69,69,69,69],"card_choices":[{"not_picked":["Clash","Clothesline"],"picked":"Armaments","floor":1},{"not_picked":["Anger","Bloodletting","Sword Boomerang"],"picked":"SKIP","floor":3},{"not_picked":["Wild Strike","Intimidate"],"picked":"Ghostly Armor","floor":5},{"not_picked":["Havoc","Spot Weakness"],"picked":"Second Wind","floor":7},{"not_picked":["Pommel Strike","Intimidate"],"picked":"Evolve","floor":8},{"not_picked":["Pommel Strike","Searing Blow"],"picked":"Rage","floor":10},{"not_picked":["Iron Wave","Twin Strike"],"picked":"Sever Soul","floor":13},{"not_picked":["Headbutt","Cleave"],"picked":"Bloodletting","floor":14}],"player_experience":517980,"relics_obtained":[{"floor":9,"key":"War Paint"}],"event_choices":[{"damage_healed":0,"gold_gain":75,"player_choice":"Gather Gold","damage_taken":11,"max_hp_gain":0,"max_hp_loss":0,"event_name":"World of Goop","floor":2,"gold_loss":0},{"damage_healed":0,"gold_gain":0,"player_choice":"Lose Max HP","damage_taken":0,"relics_obtained":["Golden Idol"],"max_hp_gain":0,"max_hp_loss":6,"event_name":"Golden Idol","floor":12,"gold_loss":0}],"is_beta":false,"boss_relics":[],"items_purged_floors":[4],"is_endless":false,"potions_floor_spawned":[3,5,13,14],"killed_by":"Hexaghost","ascension_level":14}}