{"host":"xt797mi8yhee06c1","time":1610808946,"event":{"mods":["100% Spire Juice","BaseMod","Bestiary","Koishi","Marisa£¨Ùöéë¡¡Øª×âÞÞ£©","Minty Spire (QoL Compilation)","Poor People Problems","Prisma Mod","Relic Filter","Shop Mod","Spicy Shops","StSLib","The Marked","The Servant 0.9.4","WarShipGirlsR/??á´Ò³R mod"],"gold_per_floor":[114,61,72,347,367,398,398,416,416,5,60,90,105,105,105,208,208,222,255,275,185,145,183,183,218,218,229,109,109,109],"floor_reached":29,"language":"KOR","playtime":1577,"items_purged":["Regret"],"score":336,"play_id":"0ae7fdf4-8870-4430-821d-f6b1a9a9bf7e","local_time":"20210116235546","is_ascension_mode":false,"campfire_choices":[{"floor":7.0,"key":"REST"},{"data":"Moonworks:IntelligenceOfficer","floor":15.0,"key":"SMITH"}],"circlet_count":0,"master_deck":["Moonworks:Strike","Moonworks:Strike+1","Moonworks:Strike","Moonworks:Strike+1","Moonworks:Defend","Moonworks:Defend","Moonworks:Defend","Moonworks:Defend","Moonworks:Ambush","Moonworks:LongDistanceShot","Moonworks:EvilSpyWorkPreparation","Moonworks:JonathanRush","Moonworks:FullSpeedAlicianrone","Moonworks:BeyondHell","Moonworks:EvilSpyWorkPreparation","Moonworks:JonathanRush","Moonworks:JonathanRush","Moonworks:EvilSpyWorkPreparation","Moonworks:NicePresent","Moonworks:IntelligenceOfficer+1","Moonworks:ReflectiveShell","Moonworks:BigBangBell+1","Moonworks:Dash+1","Moonworks:JonathanRush","Moonworks:Dash","Moonworks:UnpaidWork","Moonworks:Dash","Moonworks:ShieldCounter","Moonworks:JonathanRush","Moonworks:RedAndBlue+1","Moonworks:TacticalRetreat"],"relics":["Moonworks:BrokenBomb","Moonworks:Homemark","NeowsBlessing","Whetstone","Meat on the Bone","MealTicket","The Courier","SacredBark","Red Mask","Toolbox","CeramicFish","InkBottle","Eternal Feather","Matryoshka"],"acts_visited":["Exordium","TheCity"],"potions_floor_usage":[],"damage_taken":[{"damage":0.0,"enemies":"Small Slimes","floor":1.0,"turns":1.0},{"damage":0.0,"enemies":"Cultist","floor":3.0,"turns":1.0},{"damage":0.0,"enemies":"2 Louse","floor":5.0,"turns":1.0},{"damage":39.0,"enemies":"3 Sentries","floor":6.0,"turns":6.0},{"damage":13.0,"enemies":"Exordium Thugs","floor":8.0,"turns":4.0},{"damage":2.0,"enemies":"3 Louse","floor":13.0,"turns":3.0},{"damage":0.0,"enemies":"Slime Boss","floor":16.0,"turns":5.0},{"damage":18.0,"enemies":"Chosen","floor":18.0,"turns":6.0},{"damage":43.0,"enemies":"Masked Bandits","floor":19.0,"turns":5.0},{"damage":10.0,"enemies":"Spheric Guardian","floor":20.0,"turns":4.0},{"damage":30.0,"enemies":"Gremlin Leader","floor":23.0,"turns":5.0},{"damage":33,"enemies":"Slavers","floor":25,"turns":4},{"damage":12,"enemies":"Cultist and Chosen","floor":27,"turns":4},{"damage":40,"enemies":"Book of Stabbing","floor":29,"turns":4}],"seed_played":"2942190600125078615","potions_obtained":[{"floor":1.0,"key":"SteroidPotion"},{"floor":8.0,"key":"AttackPotion"},{"floor":13.0,"key":"AttackPotion"},{"floor":18.0,"key":"Swift Potion"},{"floor":23.0,"key":"BlessingOfTheForge"}],"is_trial":false,"path_per_floor":["M","$","M","?","M","E","R","M","T","$","T","?","M","$","R","B",null,"M","?","M","$","?","E","?","E","T","M","$","E"],"character_chosen":"THE_STARBREAKER","items_purchased":["Moonworks:JonathanRush","Fruit Juice","Moonworks:JonathanRush","Moonworks:EvilSpyWorkPreparation","Moonworks:NicePresent","Toolbox","Moonworks:Dash","Matryoshka","Moonworks:TacticalRetreat"],"campfire_rested":1,"item_purchase_floors":[2,10,10,10,10,21,21,28,28],"current_hp_per_floor":[60,60,60,60,60,21,39,26,26,26,26,26,43,58,58,58,67,49,18,20,35,35,17,39,18,18,18,33,0,0],"gold":109,"neow_bonus":"THREE_ENEMY_KILL","is_daily":false,"chose_seed":false,"campfire_upgraded":1,"win_rate":0.0,"timestamp":1610808946,"path_taken":["M","$","M","?","?","E","R","M","T","?","?","?","?","$","R","BOSS","M","?","M","$","?","E","?","E","T","M","$","E"],"items_purchased_type":["Card","Potion","Card","Card","Card","Relic","Card","Relic","Card"],"build_version":"2020-12-22","purchased_purges":1,"victory":false,"max_hp_per_floor":[60,60,60,60,60,60,60,60,60,60,60,60,67,67,67,67,67,67,67,67,67,67,67,67,67,67,67,67,67,67],"card_choices":[{"not_picked":["Moonworks:ExtendedPhotonRifle","Moonworks:CompletionReward"],"picked":"Moonworks:EvilSpyWorkPreparation","floor":1.0},{"not_picked":["Moonworks:CloudOfSeagulls","Moonworks:CompletionReward"],"picked":"Moonworks:FullSpeedAlicianrone","floor":3.0},{"not_picked":["Moonworks:BigMagnum","Moonworks:ReproductionOfRecords"],"picked":"Moonworks:BeyondHell","floor":5.0},{"not_picked":["Moonworks:Flamethrower","Moonworks:FinalSurgery"],"picked":"Moonworks:EvilSpyWorkPreparation","floor":6.0},{"not_picked":["Moonworks:Heat300Percent","Moonworks:NicePresent"],"picked":"Moonworks:JonathanRush","floor":8.0},{"not_picked":["Moonworks:LulusLuckyEgg","Moonworks:GoAway"],"picked":"Moonworks:IntelligenceOfficer","floor":13.0},{"not_picked":["Moonworks:LeapThroughSpace","Moonworks:FinalBattle"],"picked":"Moonworks:ReflectiveShell","floor":16.0},{"not_picked":["Moonworks:RagingMadness","Moonworks:Assault"],"picked":"Moonworks:BigBangBell+1","floor":18.0},{"not_picked":["Moonworks:NicePresent","Moonworks:BigMagnum"],"picked":"Moonworks:Dash+1","floor":19.0},{"not_picked":["Moonworks:CloudOfSeagulls","Moonworks:ForcedRevival"],"picked":"Moonworks:JonathanRush","floor":20.0},{"not_picked":[],"picked":"Moonworks:UnpaidWork","floor":22.0},{"not_picked":[],"picked":"Moonworks:Dash","floor":22.0},{"not_picked":[],"picked":"Moonworks:ShieldCounter","floor":22.0},{"not_picked":["Moonworks:Flamethrower+1","Moonworks:Poppoformation"],"picked":"Moonworks:JonathanRush","floor":23.0},{"not_picked":["Moonworks:EvilSpyWorkPreparation+1","Moonworks:AngelHand"],"picked":"Moonworks:RedAndBlue+1","floor":25},{"not_picked":["Moonworks:IndiscriminateFireSupport","Moonworks:ImOnFire","Moonworks:BigMagnum"],"picked":"SKIP","floor":27}],"player_experience":373204,"relics_obtained":[{"floor":6.0,"key":"Whetstone"},{"floor":9.0,"key":"Meat on the Bone"},{"floor":11.0,"key":"MealTicket"},{"floor":19.0,"key":"Red Mask"},{"floor":23.0,"key":"CeramicFish"},{"floor":25,"key":"InkBottle"},{"floor":26,"key":"Eternal Feather"}],"event_choices":[{"damage_healed":0.0,"max_hp_gain":0.0,"max_hp_loss":0.0,"gold_gain":275.0,"event_name":"Golden Shrine","player_choice":"Desecrate","floor":4.0,"gold_loss":0.0,"damage_taken":0.0,"cards_obtained":["Regret"]},{"damage_healed":0.0,"max_hp_gain":0.0,"max_hp_loss":0.0,"gold_gain":30.0,"event_name":"Dead Adventurer","player_choice":"Searched \u00272\u0027 times","floor":12.0,"gold_loss":0.0,"damage_taken":0.0,"relics_obtained":["The Courier"]},{"damage_healed":0.0,"max_hp_gain":0.0,"max_hp_loss":0.0,"gold_gain":30.0,"event_name":"Dead Adventurer","player_choice":"Searched \u00272\u0027 times","floor":12.0,"gold_loss":0.0,"damage_taken":0.0,"relics_obtained":["The Courier"]},{"damage_healed":0.0,"max_hp_gain":0.0,"max_hp_loss":0.0,"gold_gain":0.0,"event_name":"Masked Bandits","player_choice":"Fought Bandits","floor":19.0,"gold_loss":0.0,"damage_taken":0.0},{"damage_healed":22,"gold_gain":0,"player_choice":"Heal","damage_taken":0,"max_hp_gain":0,"max_hp_loss":0,"event_name":"The Library","floor":24,"gold_loss":0}],"is_beta":false,"boss_relics":[{"not_picked":["Pandora\u0027s Box","Coffee Dripper"],"picked":"SacredBark"}],"items_purged_floors":[10],"is_endless":false,"potions_floor_spawned":[1,8,13,18,23],"killed_by":"Book of Stabbing","ascension_level":0}}