{"host":"a5lz0e76zb3fcwkm","time":1610797744,"event":{"mods":["AchievementEnabler","BaseMod","Colored Map","Colored Powertips","Minty Spire (QoL Compilation)","StSLib","SuperFastMode"],"gold_per_floor":[115,115,134,134,153,153,178,206,242,254,293,265,290,318,330,420,432,456,483,505,221,221,221,235,235,235,262,262,262],"floor_reached":28,"language":"KOR","playtime":584,"items_purged":["Strike_R"],"score":500,"play_id":"92ec0189-8f9f-4ee6-b28d-b9ca82f37a6e","local_time":"20210116204904","is_ascension_mode":true,"campfire_choices":[{"data":"Shockwave","floor":6.0,"key":"SMITH"},{"data":"Evolve","floor":10.0,"key":"SMITH"},{"data":"Corruption","floor":15,"key":"SMITH"},{"floor":23,"key":"REST"},{"floor":25,"key":"REST"}],"circlet_count":0,"master_deck":["AscendersBane","Strike_R","Strike_R","Defend_R","Defend_R","Defend_R","Bash","Spot Weakness","Shockwave+1","Evolve+1","Sword Boomerang","Corruption+1","Limit Break","Shrug It Off","Impervious","Shrug It Off","Limit Break"],"relics":["Burning Blood","NeowsBlessing","MawBank","Orichalcum","SlaversCollar","Strange Spoon","Sundial","Bronze Scales"],"acts_visited":["Exordium","TheCity"],"potions_floor_usage":[14,16,20,24,27],"damage_taken":[{"damage":0.0,"enemies":"Jaw Worm","floor":1.0,"turns":1.0},{"damage":0.0,"enemies":"Cultist","floor":3.0,"turns":1.0},{"damage":0.0,"enemies":"2 Louse","floor":5.0,"turns":1.0},{"damage":29.0,"enemies":"Gremlin Nob","floor":7.0,"turns":4.0},{"damage":6.0,"enemies":"Red Slaver","floor":8.0,"turns":5.0},{"damage":15.0,"enemies":"Lagavulin","floor":11.0,"turns":7.0},{"damage":5.0,"enemies":"Looter","floor":13.0,"turns":3.0},{"damage":3,"enemies":"Exordium Thugs","floor":14,"turns":4},{"damage":23,"enemies":"Slime Boss","floor":16,"turns":6},{"damage":25,"enemies":"Spheric Guardian","floor":18,"turns":5},{"damage":19,"enemies":"3 Byrds","floor":19,"turns":6},{"damage":21,"enemies":"Centurion and Healer","floor":20,"turns":5},{"damage":30,"enemies":"Shelled Parasite and Fungi","floor":24,"turns":6},{"damage":51,"enemies":"Gremlin Leader","floor":27,"turns":8},{"damage":10,"enemies":"Sentry and Sphere","floor":28,"turns":3}],"seed_played":"5057014841692534815","potions_obtained":[{"floor":1.0,"key":"Swift Potion"},{"floor":5.0,"key":"Energy Potion"},{"floor":7.0,"key":"PowerPotion"},{"floor":12.0,"key":"CultistPotion"},{"floor":16,"key":"Weak Potion"},{"floor":18,"key":"Ancient Potion"},{"floor":20,"key":"DistilledChaos"}],"is_trial":false,"path_per_floor":["M","?","M","?","M","R","E","M","T","R","E","?","M","M","R","B",null,"M","M","M","$","?","R","M","R","T","E","M"],"character_chosen":"IRONCLAD","items_purchased":["Strange Spoon","BloodPotion"],"campfire_rested":2,"item_purchase_floors":[21,21],"current_hp_per_floor":[74,74,75,75,75,75,52,52,52,52,43,43,44,47,47,30,64,45,32,17,17,17,39,30,52,52,7,0,0],"gold":262,"neow_bonus":"THREE_ENEMY_KILL","is_daily":false,"chose_seed":false,"campfire_upgraded":3,"win_rate":0.0,"timestamp":1610797744,"path_taken":["M","?","?","?","?","R","E","M","T","R","E","?","M","M","R","BOSS","M","M","M","$","?","R","M","R","T","E","?"],"items_purchased_type":["Relic","Potion"],"build_version":"2020-12-22","purchased_purges":1,"victory":false,"max_hp_per_floor":[75,75,75,75,75,75,75,75,75,75,75,75,75,75,75,75,75,75,75,75,75,75,75,75,75,75,75,75,75],"card_choices":[{"not_picked":["Dark Embrace","Dropkick","Flex"],"picked":"SKIP","floor":1.0},{"not_picked":["Flex","Shrug It Off"],"picked":"Spot Weakness","floor":3.0},{"not_picked":["Clothesline","Warcry"],"picked":"Shockwave","floor":5.0},{"not_picked":["Rampage","Shockwave"],"picked":"Evolve","floor":7.0},{"not_picked":["Shockwave","Headbutt"],"picked":"Sword Boomerang","floor":8.0},{"not_picked":["Blood for Blood","Body Slam","Pommel Strike"],"picked":"SKIP","floor":11.0},{"not_picked":["Combust","Dark Embrace","Iron Wave"],"picked":"SKIP","floor":13.0},{"not_picked":["Uppercut","Dual Wield"],"picked":"Corruption","floor":14},{"not_picked":["Immolate","Impervious"],"picked":"Limit Break","floor":16},{"not_picked":["Wild Strike","Iron Wave"],"picked":"Shrug It Off","floor":18},{"not_picked":["Body Slam","Heavy Blade","Armaments"],"picked":"SKIP","floor":19},{"not_picked":["Bloodletting","Pommel Strike+1"],"picked":"Impervious","floor":20},{"not_picked":["Ghostly Armor","Combust"],"picked":"Shrug It Off","floor":24},{"not_picked":["True Grit","Thunderclap"],"picked":"Limit Break","floor":27}],"player_experience":1751215,"relics_obtained":[{"floor":7.0,"key":"MawBank"},{"floor":11.0,"key":"Orichalcum"},{"floor":26,"key":"Sundial"},{"floor":27,"key":"Bronze Scales"}],"event_choices":[{"cards_removed":["Strike_R"],"damage_healed":0.0,"max_hp_gain":0.0,"max_hp_loss":0.0,"gold_gain":0.0,"event_name":"Purifier","player_choice":"Purged","floor":2.0,"gold_loss":0.0,"damage_taken":0.0},{"cards_removed":["Defend_R"],"damage_healed":0.0,"max_hp_gain":0.0,"max_hp_loss":0.0,"gold_gain":0.0,"event_name":"Bonfire Elementals","player_choice":"Offered Basic","floor":4.0,"gold_loss":0.0,"damage_taken":0.0},{"damage_healed":0.0,"max_hp_gain":0.0,"max_hp_loss":0.0,"gold_gain":0.0,"event_name":"The Woman in Blue","player_choice":"Bought 3 Potions","floor":12.0,"gold_loss":0.0,"damage_taken":0.0},{"cards_removed":["Strike_R"],"damage_healed":0,"gold_gain":0,"player_choice":"Purged","damage_taken":0,"max_hp_gain":0,"max_hp_loss":0,"event_name":"Purifier","floor":22,"gold_loss":0}],"is_beta":false,"boss_relics":[{"not_picked":["Philosopher\u0027s Stone","Runic Dome"],"picked":"SlaversCollar"}],"items_purged_floors":[21],"is_endless":false,"potions_floor_spawned":[1,5,7,16,18,20],"killed_by":"Sentry and Sphere","ascension_level":20}}