{"host":"pa65g39v0cwbmgvo","time":1610803206,"event":{"mods":["2.2 Compatiblity","ATMod(°¢èªMod)","BaseMod","Better Skull","Better Third Choice","BetterRewards","Dota2Spire","Minty Spire (QoL Compilation)","Quick Restart","Replay The Spire","Spicy Shops","StSLib","SuperFastMode","¡¾ÒÅÎï¿¨ÅÆ¡¿REMEMod"],"gold_per_floor":[113,113,129,144,219,253,253,43,43,58,93,107,107,139,139,237,237,252,252,270,270,283,314,314,339,390,401,401,420,446,227,227,330,330,341,359,359,373,384,409,161,190,216,216,216,251,263,313,313,313,313,313,67,93,93],"floor_reached":56,"language":"ZHS","playtime":1146,"items_purged":["Strike_B","Strike_B","Pain","Defend_B","Shame","Defend_B+1","Defend_B+1"],"score":2075,"play_id":"8363f71b-0328-493c-81b7-16974fba6198","local_time":"20210116212006","is_ascension_mode":true,"campfire_choices":[{"floor":7,"key":"DIG"},{"floor":15,"key":"RECALL"},{"floor":24,"key":"DIG"},{"floor":28,"key":"DIG"},{"floor":32,"key":"DIG"},{"floor":45,"key":"DIG"},{"floor":49,"key":"DIG"},{"floor":52,"key":"DIG"}],"circlet_count":0,"master_deck":["Zap+1","AT_KingSlayer+1","AT_StudyProgram+1","Flash of Steel+1","Coolheaded+1","Reboot+1","AT_StudyProgram+1","AT_RightCognition+1","Echo Form+1","Hologram+1","Pot Of Greed+1","Pot Of Greed+1","Consume+1","Seek+1","AT_KingSlayer+1","Impatience+1"],"relics":["Cracked Core","REME_ComplimentaryCards","AT_ATBox","CaptainsWheel","REME_CardOfGreed","Bag of Marbles","Pen Nib","Shovel","AT_ChloranthyRing","BargainBundle","Membership Card","AT_SilvercatRing","AT_TimeSand","Dota2Spire:UrnOfShadows","FossilizedHelix","Golden Egg","REME_HourglassOfDeath","Shuriken","ReplayTheSpireMod:CursedCoin","Nunchaku","Dota2Spire:Desolator","Dota2Spire:Dagon","Centennial Puzzle","Empty Cage","Mummified Hand","Calipers","AT_SpeedBoots","AT_RedTearstoneRing","Grinning Jar","Dota2Spire:PhaseBoots","Dota2Spire:PowerTreads","Mango","Sozu","Molten Egg 2","Dota2Spire:AghanimScepter","DollysMirror","Dota2Spire:BladeMail","Smiling Mask","Replay:Mystery Machine","Quantum Egg","Dota2Spire:DivineRapier","Replay:Antivirus Software","Pear","Guide Book","DataDisk","Eternal Feather"],"acts_visited":["Exordium","TheCity","TheBeyond","TheEnding"],"potions_floor_usage":[6,18],"damage_taken":[{"damage":0.0,"enemies":"Cultist","floor":1.0,"turns":3.0},{"damage":0,"enemies":"Small Slimes","floor":3,"turns":2},{"damage":0,"enemies":"Jaw Worm","floor":4,"turns":2},{"damage":0,"enemies":"Gremlin Nob","floor":6,"turns":3},{"damage":0,"enemies":"3 Louse","floor":10,"turns":2},{"damage":0,"enemies":"Replay:BlueRogue","floor":11,"turns":3},{"damage":0,"enemies":"Lots of Slimes","floor":12,"turns":2},{"damage":0,"enemies":"3 Sentries","floor":14,"turns":3},{"damage":20,"enemies":"Hexaghost","floor":16,"turns":3},{"damage":11,"enemies":"2 Thieves","floor":18,"turns":2},{"damage":12,"enemies":"3 Byrds","floor":20,"turns":2},{"damage":0,"enemies":"Snecko","floor":22,"turns":2},{"damage":0,"enemies":"Book of Stabbing","floor":23,"turns":1},{"damage":0,"enemies":"REME_1_Revenger","floor":25,"turns":1},{"damage":0,"enemies":"Centurion and Healer","floor":27,"turns":2},{"damage":0,"enemies":"3 Cultists","floor":29,"turns":2},{"damage":0,"enemies":"Book of Stabbing","floor":30,"turns":1},{"damage":0,"enemies":"Automaton","floor":33,"turns":1},{"damage":0,"enemies":"3 Shapes","floor":35,"turns":3},{"damage":0,"enemies":"3 Darklings","floor":36,"turns":2},{"damage":0,"enemies":"4 Shapes","floor":38,"turns":1},{"damage":0,"enemies":"Sphere and 2 Shapes","floor":39,"turns":2},{"damage":0,"enemies":"Nemesis","floor":40,"turns":1},{"damage":0,"enemies":"R_Hoarder","floor":42,"turns":1},{"damage":0,"enemies":"Giant Head","floor":46,"turns":1},{"damage":0,"enemies":"Transient","floor":47,"turns":1},{"damage":0,"enemies":"Mind Bloom Boss Battle","floor":48,"turns":1},{"damage":0,"enemies":"Replay:Hell Engine","floor":50,"turns":1},{"damage":0,"enemies":"Shield and Spear","floor":54,"turns":1},{"damage":5,"enemies":"The Heart","floor":55,"turns":3}],"seed_played":"7744143537414397122","potions_obtained":[{"floor":3,"key":"Strength Potion"},{"floor":10,"key":"LiquidMemories"},{"floor":16,"key":"DuplicationPotion"},{"floor":22,"key":"PowerPotion"}],"is_trial":false,"path_per_floor":["M","?","M","M","?","E","R","$","T","M","E","M","?","E","R","B",null,"M","?","M","?","M","E","R","E","T","M","R","M","E","$","R","B",null,"M","M","?","M","M","E","$","E","T","?","R","E","M","?","R","B",null,"R","$","E","B",null],"character_chosen":"DEFECT","items_purchased":["REME_CardOfGreed","Bag of Marbles","Pen Nib","Shovel","AT_ChloranthyRing","BargainBundle","PowerPotion","FairyPotion","Membership Card","AT_SilvercatRing","AT_TimeSand","Dota2Spire:UrnOfShadows","Flash of Steel","Shuriken","ReplayTheSpireMod:CursedCoin","Nunchaku","AT_StudyProgram","Dota2Spire:PhaseBoots","Dota2Spire:PowerTreads","Dota2Spire:AghanimScepter","DollysMirror","Guide Book","DataDisk"],"campfire_rested":0,"item_purchase_floors":[0,0,0,0,0,0,0,0,0,0,0,0,0,8,8,8,8,31,31,41,41,53,53],"current_hp_per_floor":[75,60,60,60,49,49,49,49,49,49,49,49,54,54,54,34,69,58,58,46,50,50,50,50,50,50,50,50,50,50,50,64,64,87,87,87,87,87,87,87,87,87,87,87,87,87,87,87,87,87,92,102,102,102,97],"gold":93,"neow_bonus":"","is_daily":false,"chose_seed":false,"campfire_upgraded":0,"win_rate":0.0,"timestamp":1610803206,"path_taken":["M","?","M","M","?","E","R","?","T","M","E","M","?","E","R","BOSS","M","?","?","?","?","E","R","E","T","M","R","M","E","$","R","BOSS","M","M","?","?","M","E","$","E","T","?","R","E","M","?","R","BOSS","R","$","E","BOSS"],"items_purchased_type":["Relic","Relic","Relic","Relic","Relic","Relic","Potion","Potion","Relic","Relic","Relic","Relic","Card","Relic","Relic","Relic","Card","Relic","Relic","Relic","Relic","Relic","Relic"],"build_version":"2020-12-22","purchased_purges":7,"victory":true,"max_hp_per_floor":[75,75,75,75,75,75,75,75,75,75,75,75,80,80,80,80,80,80,80,80,80,80,80,80,80,80,80,80,80,80,80,94,94,94,94,94,94,94,94,94,94,94,94,94,94,94,94,94,94,94,94,104,104,104,104],"card_choices":[{"not_picked":["Go for the Eyes","Self Repair"],"picked":"Coolheaded","floor":1.0},{"not_picked":["Go for the Eyes","AT_HeatAcrobatics","Steam"],"picked":"SKIP","floor":3},{"not_picked":["Panic Button","Aggregate","Melter"],"picked":"SKIP","floor":4},{"not_picked":["Streamline","AT_HeatAcrobatics"],"picked":"Reboot","floor":6},{"not_picked":["REME_SelfUpgrade","Cold Snap","FIFO Queue"],"picked":"SKIP","floor":10},{"not_picked":["Rip and Tear","AT_HeatAcrobatics","Sunder"],"picked":"SKIP","floor":11},{"not_picked":["Coolheaded","Beam Cell"],"picked":"AT_RightCognition","floor":12},{"not_picked":["Stack","Double Energy","Compile Driver"],"picked":"SKIP","floor":14},{"not_picked":["AT_WaterDrop","Seek"],"picked":"Echo Form","floor":16},{"not_picked":["Streamline","BasicCrystalCard+1","Beam Cell+1"],"picked":"SKIP","floor":18},{"not_picked":["Rebound+1","Compile Driver"],"picked":"Hologram+1","floor":20},{"not_picked":["Sweeping Beam+1","Streamline","Ball Lightning+1"],"picked":"SKIP","floor":22},{"not_picked":["Ball Lightning+1","Stack","Sweeping Beam"],"picked":"SKIP","floor":23},{"not_picked":["BasicCrystalCard","Double Energy","Streamline+1"],"picked":"SKIP","floor":25},{"not_picked":["ReplayRNGCard","Stack+1","Compile Driver"],"picked":"SKIP","floor":27},{"not_picked":["Stack","Panic Button","Sunder"],"picked":"SKIP","floor":29},{"not_picked":["AT_StudyProgram","Defragment","Crystallizer"],"picked":"SKIP","floor":30},{"not_picked":["Gash","AT_HeatAcrobatics","BasicCrystalCard+1"],"picked":"SKIP","floor":35},{"not_picked":["Leap+1","Conserve Battery+1","Gash"],"picked":"SKIP","floor":36},{"not_picked":["Lockon+1","Coolheaded+1","FIFO Queue"],"picked":"SKIP","floor":38},{"not_picked":["Barrage","Ball Lightning+1","Reinforced Body"],"picked":"SKIP","floor":39},{"not_picked":["Tempest+1","Scrape+1"],"picked":"Seek","floor":40},{"not_picked":["Gash+1","ReplaySolidLightProjector+1","ReplayGash+1"],"picked":"SKIP","floor":42},{"not_picked":["REME_TheoryOfElimination","Panacea"],"picked":"Impatience","floor":44},{"not_picked":["Turbo+1","Barrage+1","Darkness+1"],"picked":"SKIP","floor":46},{"not_picked":["Compile Driver+1","Genetic Algorithm","Reprogram"],"picked":"SKIP","floor":47},{"not_picked":["Skim+1","REME_SelfUpgrade","Chaos"],"picked":"SKIP","floor":54}],"player_experience":81947,"relics_obtained":[{"floor":6,"key":"Golden Egg"},{"floor":7,"key":"REME_HourglassOfDeath"},{"floor":9,"key":"Dota2Spire:Desolator"},{"floor":11,"key":"Dota2Spire:Dagon"},{"floor":14,"key":"Centennial Puzzle"},{"floor":23,"key":"Mummified Hand"},{"floor":24,"key":"Calipers"},{"floor":25,"key":"AT_SpeedBoots"},{"floor":28,"key":"AT_RedTearstoneRing"},{"floor":30,"key":"Grinning Jar"},{"floor":32,"key":"Mango"},{"floor":40,"key":"Molten Egg 2"},{"floor":42,"key":"Dota2Spire:BladeMail"},{"floor":43,"key":"Smiling Mask"},{"floor":45,"key":"Replay:Mystery Machine"},{"floor":46,"key":"Quantum Egg"},{"floor":48,"key":"Dota2Spire:DivineRapier"},{"floor":49,"key":"Replay:Antivirus Software"},{"floor":52,"key":"Pear"},{"floor":54,"key":"Eternal Feather"}],"event_choices":[{"damage_healed":75.0,"max_hp_gain":0.0,"max_hp_loss":75.0,"gold_gain":0.0,"event_name":"betterThird:BetterShining","player_choice":"Upgrade","floor":2.0,"gold_loss":0.0,"damage_taken":15.0,"cards_upgraded":["Defend_B","Flash of Steel"]},{"damage_healed":0,"gold_gain":75,"player_choice":"Gold","damage_taken":11,"max_hp_gain":0,"max_hp_loss":0,"event_name":"betterThird:BetterGoop","floor":5,"gold_loss":0},{"damage_healed":0,"gold_gain":0,"player_choice":"Donut","damage_taken":0,"max_hp_gain":5,"max_hp_loss":0,"event_name":"Big Fish","floor":13,"gold_loss":0},{"cards_removed":["Dualcast"],"damage_healed":0,"gold_gain":0,"player_choice":"Purged","damage_taken":0,"max_hp_gain":0,"max_hp_loss":0,"event_name":"Purifier","floor":19,"gold_loss":0},{"damage_healed":4,"gold_gain":0,"player_choice":"LEAVE ","damage_taken":0,"relics_obtained":[],"max_hp_gain":0,"max_hp_loss":0,"event_name":"betterSkull:BetterSkull","floor":21,"gold_loss":0,"cards_upgraded":[]},{"damage_healed":0,"gold_gain":0,"cards_transformed":["Defend_B"],"player_choice":"Transformed","damage_taken":0,"max_hp_gain":0,"max_hp_loss":0,"event_name":"Transmorgrifier","floor":37,"gold_loss":0,"cards_obtained":["Consume"]},{"damage_healed":0,"gold_gain":0,"player_choice":"Memory 1","damage_taken":0,"max_hp_gain":0,"max_hp_loss":0,"event_name":"SensoryStone","floor":44,"gold_loss":0},{"damage_healed":0,"gold_gain":0,"player_choice":"Fight","damage_taken":0,"max_hp_gain":0,"max_hp_loss":0,"event_name":"MindBloom","floor":48,"gold_loss":0}],"is_beta":false,"boss_relics":[{"not_picked":["Painkiller Herb","Replay:Drink Me"],"picked":"Empty Cage"},{"not_picked":["Runic Pyramid","Nuclear Battery"],"picked":"Sozu"}],"items_purged_floors":[0,0,8,31,41,53,53],"is_endless":false,"potions_floor_spawned":[3,4,10,16,22,27,29,38,39,40,46,54],"ascension_level":5}}