{"host":"ojme7g6xlqwffsso","time":1610820336,"event":{"mods":["BaseMod","Downfall","Minty Spire (QoL Compilation)","Shop Mod","StSLib"],"gold_per_floor":[99,114,289,309,309,309,332,332,349,363,374,474,474,496,515,610,610,610,627,627,156,166,266,266,266,266,266,278,294,310,339,350,455,455,255,273,290,301,233,233,258,158,170,70,85,96,124,134,152,152,152,181,35,35,35,35],"floor_reached":57,"language":"ENG","playtime":3828,"items_purged":["Pain","bronze:Repulsor"],"score":1250,"play_id":"08cabdd0-bcaf-446b-b29d-75d90b7b1309","local_time":"20210117030536","is_ascension_mode":false,"campfire_choices":[{"data":"bronze:Replicate","floor":1,"key":"SMITH"},{"data":"bronze:Goto","floor":8,"key":"SMITH"},{"floor":13,"key":"REST"},{"data":"bronze:Optimize","floor":18,"key":"SMITH"},{"floor":27,"key":"RECALL"},{"data":"bronze:CleanCode","floor":35,"key":"SMITH"},{"data":"bronze:CutThrough","floor":44,"key":"SMITH"},{"data":"bronze:WildBeam","floor":54,"key":"SMITH"}],"circlet_count":0,"master_deck":["bronze:Strike","bronze:Strike","bronze:Defend","bronze:Defend","bronze:Replicate+1","bronze:Goto+1","bronze:MaxOutput+1","bronze:WildBeam+1","bronze:Optimize+1","bronze:Terminator+1","bronze:Safeguard+1","bronze:Return+1","bronze:CutThrough+1","bronze:ChosenStrike","bronze:CleanCode+1","bronze:FineTuning+1","bronze:Allocate+1","bronze:Frontload+1","bronze:Terminator+1","bronze:Constructor+1","bronze:Repair+1","bronze:AlphaBuild","bronze:ItsAFeature+1","bronze:MaxOutput+1","bronze:Mutator","bronze:OilSpill+1","bronze:CutThrough+1","bronze:Constructor+1","bronze:HardenedForm+1"],"relics":["bronze:BronzeCore","Ginger","Toy Ornithopter","Toxic Egg 2","Pen Nib","Odd Mushroom","Philosopher\u0027s Stone","Art of War","Centennial Puzzle","MutagenicStrength","Mummified Hand","Blue Candle","Omamori","Runic Pyramid","downfall:HeartBlessingRed","downfall:HeartBlessingGreen","Medical Kit","Bag of Marbles","downfall:HeartBlessingBlue","Frozen Egg 2","Lantern","Orichalcum"],"acts_visited":["Exordium","TheCity","TheBeyond","TheEnding"],"potions_floor_usage":[12,16,19,21,33,33,56],"damage_taken":[{"damage":1,"enemies":"Jaw Worm","floor":2,"turns":3},{"damage":3,"enemies":"Small Slimes","floor":4,"turns":3},{"damage":0,"enemies":"Cultist","floor":9,"turns":2},{"damage":2,"enemies":"3 Louse","floor":10,"turns":3},{"damage":0,"enemies":"2 Fungi Beasts","floor":11,"turns":2},{"damage":40,"enemies":"downfall:Heads","floor":12,"turns":6},{"damage":7,"enemies":"The Mushroom Lair","floor":14,"turns":3},{"damage":0,"enemies":"Exordium Thugs","floor":15,"turns":3},{"damage":3,"enemies":"SI_SHIV_ARCHETYPE","floor":16,"turns":5},{"damage":0,"enemies":"Shell Parasite","floor":19,"turns":3},{"damage":0,"enemies":"downfall:FleeingMerchant","floor":21,"turns":4},{"damage":0,"enemies":"Spheric Guardian","floor":22,"turns":3},{"damage":4,"enemies":"downfall:Augmenter","floor":23,"turns":4},{"damage":3,"enemies":"Snake Plant","floor":28,"turns":4},{"damage":1,"enemies":"Centurion and Healer","floor":29,"turns":3},{"damage":16,"enemies":"3 Cultists","floor":30,"turns":5},{"damage":17,"enemies":"Slavers","floor":31,"turns":5},{"damage":32,"enemies":"Snake Plant","floor":32,"turns":4},{"damage":1,"enemies":"IC_MUSHROOM_ARCHETYPE","floor":33,"turns":4},{"damage":1,"enemies":"3 Darklings","floor":36,"turns":4},{"damage":0,"enemies":"3 Shapes","floor":37,"turns":3},{"damage":1,"enemies":"Sphere and 2 Shapes","floor":38,"turns":2},{"damage":21,"enemies":"downfall:FleeingMerchant","floor":39,"turns":4},{"damage":0,"enemies":"Spire Growth","floor":43,"turns":1},{"damage":0,"enemies":"Writhing Mass","floor":45,"turns":4},{"damage":1,"enemies":"Sphere and 2 Shapes","floor":46,"turns":4},{"damage":0,"enemies":"Giant Head","floor":47,"turns":5},{"damage":12,"enemies":"Jaw Worm Horde","floor":48,"turns":3},{"damage":0,"enemies":"Maw","floor":49,"turns":5},{"damage":22,"enemies":"DF_ARCHETYPE_ORBS","floor":50,"turns":5},{"damage":11,"enemies":"downfall:CharBossMerchant","floor":52,"turns":7},{"damage":2,"enemies":"downfall:NeowBoss","floor":55,"turns":11},{"damage":93,"enemies":"downfall:NeowBossFinal","floor":56,"turns":9}],"seed_played":"2147701344374573813","potions_obtained":[{"floor":9,"key":"DistilledChaos"},{"floor":10,"key":"bronze:CleanCodePotion"},{"floor":12,"key":"hexamod:SoulburnPotion"},{"floor":15,"key":"sneckomod:MuddlingPotion"},{"floor":16,"key":"ColorlessPotion"},{"floor":19,"key":"Fruit Juice"},{"floor":23,"key":"Strength Potion"},{"floor":28,"key":"Guardian:BlockOnCardUsePotion"},{"floor":33,"key":"Guardian:BlockOnCardUsePotion"},{"floor":37,"key":"Guardian:BlockOnCardUsePotion"},{"floor":46,"key":"FairyPotion"},{"floor":48,"key":"AttackPotion"}],"is_trial":false,"path_per_floor":["R","M","?","M","?","T","T","R","M","M","M","?","R","?","M","B",null,"R","M","?","$","M","?","T","?","?","R","M","M","M","E","M","B",null,"R","M","M","M","$","?","T","$","M","R","M","M","E","M","M","B",null,"E","$","R","B","B",null],"character_chosen":"THE_AUTOMATON","items_purchased":["Art of War","bronze:Terminator+1","Centennial Puzzle","bronze:Repulsor","Medical Kit","Bag of Marbles","Orichalcum"],"campfire_rested":1,"item_purchase_floors":[21,21,21,21,39,39,53],"current_hp_per_floor":[63,62,62,59,47,47,47,47,47,45,45,10,28,21,21,23,63,63,68,68,68,68,64,64,64,64,64,61,60,52,46,24,43,68,68,68,68,67,46,46,46,46,46,56,66,75,78,66,76,56,78,77,77,77,78,23],"gold":35,"neow_bonus":"ONE_RARE_RELIC","is_daily":false,"chose_seed":false,"campfire_upgraded":6,"win_rate":0.0,"timestamp":1610820336,"path_taken":["R","M","?","M","?","?","T","R","M","M","M","?","R","?","M","BOSS","R","M","?","$","?","?","T","?","?","R","?","M","M","E","M","BOSS","R","M","M","M","$","?","T","$","M","R","M","M","E","?","M","BOSS","E","$","R","BOSS","BOSS"],"items_purchased_type":["Relic","Card","Relic","Card","Relic","Relic","Relic"],"build_version":"2020-12-22","purchased_purges":2,"victory":true,"max_hp_per_floor":[63,63,63,63,63,63,63,63,63,63,63,63,63,63,63,63,63,63,68,68,68,68,68,68,68,68,68,68,68,68,68,68,68,68,68,68,68,68,68,68,68,68,68,78,78,78,78,78,78,78,78,78,78,78,78,78],"card_choices":[{"not_picked":["bronze:DelayedSlice","bronze:Safeguard"],"picked":"bronze:MaxOutput","floor":2},{"not_picked":["bronze:OilSpill","bronze:BuggyMess"],"picked":"bronze:WildBeam","floor":4},{"not_picked":["bronze:BronzeArmor+1","bronze:WhirlingStrike"],"picked":"bronze:Optimize","floor":9},{"not_picked":["bronze:Invalidate+1","bronze:Overheat","bronze:DigitalCarnage"],"picked":"SKIP","floor":10},{"not_picked":["bronze:Invalidate+1","bronze:ChosenStrike"],"picked":"bronze:Terminator+1","floor":11},{"not_picked":["bronze:MaxOutput","bronze:Invalidate+1"],"picked":"bronze:Return+1","floor":12},{"not_picked":["bronze:Invalidate+1","bronze:WhirlingStrike"],"picked":"bronze:CutThrough","floor":14},{"not_picked":["bronze:BitShift+1","bronze:WhirlingStrike"],"picked":"bronze:ChosenStrike","floor":15},{"not_picked":["bronze:HyperBeam","bronze:Format+1"],"picked":"bronze:CleanCode","floor":16},{"not_picked":["bronze:Overheat","bronze:MaxOutput"],"picked":"bronze:FineTuning+1","floor":19},{"not_picked":["bronze:CloningBeam","bronze:DelayedGuard+1"],"picked":"bronze:Frontload+1","floor":21},{"not_picked":["bronze:Boost+1","bronze:Backtrace+1","bronze:Iterate+1"],"picked":"SKIP","floor":22},{"not_picked":["bronze:DarkDash","bronze:DigitalCarnage"],"picked":"bronze:Constructor+1","floor":23},{"not_picked":["bronze:ChosenStrike","bronze:BuggyMess+1","bronze:Overheat"],"picked":"SKIP","floor":28},{"not_picked":["bronze:DelayedSlice+1","bronze:Separator"],"picked":"bronze:ItsAFeature+1","floor":29},{"not_picked":["bronze:ForLoop+1","bronze:ChildClass+1"],"picked":"bronze:MaxOutput+1","floor":30},{"not_picked":["bronze:Allocate+1","bronze:Repair+1"],"picked":"bronze:Mutator","floor":31},{"not_picked":["bronze:Invalidate+1","bronze:MaxOutput","bronze:Frontload+1"],"picked":"SKIP","floor":32},{"not_picked":["bronze:Philosophize+1","bronze:Turbo+1"],"picked":"bronze:OilSpill+1","floor":36},{"not_picked":["bronze:DelayedSlice+1","bronze:Return+1","bronze:Shield+1"],"picked":"SKIP","floor":37},{"not_picked":["bronze:Shield+1","bronze:Turbo+1"],"picked":"bronze:CutThrough+1","floor":38},{"not_picked":["bronze:WildBeam+1","bronze:Frontload+1","bronze:Safeguard+1"],"picked":"SKIP","floor":39},{"not_picked":["bronze:DarkDash","bronze:Branch+1","bronze:Backtrace"],"picked":"SKIP","floor":43},{"not_picked":["bronze:OilSpill+1","bronze:BronzeOrb","bronze:ClassDefault+1"],"picked":"SKIP","floor":45},{"not_picked":["bronze:DelayedSlice","bronze:FineTuning+1"],"picked":"bronze:Constructor+1","floor":46},{"not_picked":["bronze:FollowUp+1","bronze:Overload+1"],"picked":"bronze:HardenedForm+1","floor":47},{"not_picked":["bronze:Flail","bronze:Iterate","bronze:ClassDefault+1"],"picked":"SKIP","floor":48},{"not_picked":["bronze:Frontload+1","bronze:DelayedGuard+1","bronze:ClassDefault+1"],"picked":"SKIP","floor":49},{"not_picked":["bronze:Shell+1","bronze:Overload+1","bronze:DelayedGuard+1"],"picked":"SKIP","floor":52}],"player_experience":864137,"relics_obtained":[{"floor":6,"key":"Toxic Egg 2"},{"floor":7,"key":"Pen Nib"},{"floor":14,"key":"Odd Mushroom"},{"floor":23,"key":"MutagenicStrength"},{"floor":24,"key":"Mummified Hand"},{"floor":31,"key":"Omamori"},{"floor":47,"key":"Frozen Egg 2"},{"floor":52,"key":"Lantern"}],"event_choices":[{"damage_healed":0,"gold_gain":0,"player_choice":"Success","damage_taken":12,"relics_obtained":["Toy Ornithopter"],"max_hp_gain":0,"max_hp_loss":0,"event_name":"Scrap Ooze","floor":5,"gold_loss":0},{"damage_healed":0,"gold_gain":0,"player_choice":"Fought Mushrooms","damage_taken":0,"max_hp_gain":0,"max_hp_loss":0,"event_name":"Mushrooms","floor":14,"gold_loss":0},{"damage_healed":0,"gold_gain":0,"player_choice":"Ignored","damage_taken":0,"max_hp_gain":0,"max_hp_loss":0,"event_name":"Vampires","floor":25,"gold_loss":0}],"is_beta":false,"boss_relics":[{"not_picked":["SlaversCollar","Fusion Hammer"],"picked":"Philosopher\u0027s Stone"},{"not_picked":["Pandora\u0027s Box","Busted Crown"],"picked":"Runic Pyramid"}],"items_purged_floors":[39,42],"is_endless":false,"potions_floor_spawned":[9,10,12,15,16,19,23,28,30,33,37,46,48,49,52],"ascension_level":0}}