{"host":"l4kdldlios54gl54","time":1610770184,"event":{"mods":["AchievementEnabler","BaseMod","Colored Map","Colored Powertips","Minty Spire (QoL Compilation)","Random Character Button"],"gold_per_floor":[209,134,146,46,66,66,66,26,26,52,52,52,79,93,93,170,170,182,106,124,124,124],"floor_reached":21,"language":"ENG","playtime":662,"items_purged":["Strike_R","Strike_R"],"score":354,"play_id":"0ca4f81c-2d93-4a84-8eb9-6e2b56d2c55f","local_time":"20210116050944","is_ascension_mode":true,"campfire_choices":[{"data":"Wild Strike","floor":6,"key":"SMITH"},{"data":"Armaments","floor":15,"key":"SMITH"}],"circlet_count":0,"master_deck":["AscendersBane","Strike_R","Strike_R","Strike_R","Defend_R","Defend_R+1","Defend_R+1","Defend_R","Bash","Wild Strike+1","Power Through","Cleave","Parasite","Armaments+1","Impervious","Sever Soul+1","Inflame"],"relics":["Burning Blood","Mercury Hourglass","Toy Ornithopter","Oddly Smooth Stone","Velvet Choker"],"acts_visited":["Exordium","TheCity"],"potions_floor_usage":[10,14,18],"damage_taken":[{"damage":8,"enemies":"2 Louse","floor":1,"turns":2},{"damage":14,"enemies":"Jaw Worm","floor":3,"turns":4},{"damage":4,"enemies":"Small Slimes","floor":5,"turns":4},{"damage":0,"enemies":"Looter","floor":8,"turns":4},{"damage":37,"enemies":"Lagavulin","floor":10,"turns":7},{"damage":1,"enemies":"3 Louse","floor":14,"turns":3},{"damage":39,"enemies":"The Guardian","floor":16,"turns":14},{"damage":28,"enemies":"Shell Parasite","floor":18,"turns":6},{"damage":23,"enemies":"Spheric Guardian","floor":20,"turns":6},{"damage":42,"enemies":"Chosen and Byrds","floor":21,"turns":4}],"seed_played":"-9214246511719595405","potions_obtained":[{"floor":1,"key":"Regen Potion"},{"floor":10,"key":"BlessingOfTheForge"},{"floor":16,"key":"Fire Potion"},{"floor":18,"key":"FearPotion"}],"is_trial":false,"path_per_floor":["M","$","M","$","M","R","?","M","T","E","?","?","T","M","R","B",null,"M","$","M","M"],"character_chosen":"IRONCLAD","items_purchased":["Inflame"],"campfire_rested":0,"item_purchase_floors":[19],"current_hp_per_floor":[66,66,58,58,60,60,37,43,43,26,26,44,44,54,54,21,62,45,45,28,0,0],"gold":124,"neow_bonus":"HUNDRED_GOLD","is_daily":false,"chose_seed":false,"campfire_upgraded":2,"win_rate":0.0,"timestamp":1610770184,"path_taken":["M","$","M","$","M","R","?","M","T","E","?","?","?","M","R","BOSS","M","$","M","M"],"items_purchased_type":["Card"],"build_version":"2020-12-22","purchased_purges":2,"victory":false,"max_hp_per_floor":[75,75,75,75,75,75,75,75,75,75,75,75,75,75,75,75,75,75,75,75,75,75],"card_choices":[{"not_picked":["Seeing Red","Dark Embrace","Heavy Blade"],"picked":"SKIP","floor":1},{"not_picked":["Twin Strike","Sever Soul"],"picked":"Wild Strike","floor":3},{"not_picked":["Battle Trance","Combust"],"picked":"Power Through","floor":5},{"not_picked":["Body Slam","Havoc"],"picked":"Cleave","floor":8},{"not_picked":["Havoc","Second Wind","Sentinel"],"picked":"SKIP","floor":10},{"not_picked":["Body Slam","Searing Blow"],"picked":"Armaments","floor":14},{"not_picked":["Berserk","Double Tap"],"picked":"Impervious","floor":16},{"not_picked":["Clothesline","Sword Boomerang"],"picked":"Sever Soul+1","floor":18},{"not_picked":["Iron Wave","Flex","Seeing Red+1"],"picked":"SKIP","floor":20}],"player_experience":862473,"relics_obtained":[{"floor":9,"key":"Mercury Hourglass"},{"floor":10,"key":"Toy Ornithopter"},{"floor":13,"key":"Oddly Smooth Stone"}],"event_choices":[{"damage_healed":0,"gold_gain":0,"player_choice":"Entered Light","damage_taken":23,"max_hp_gain":0,"max_hp_loss":0,"event_name":"Shining Light","floor":7,"gold_loss":0,"cards_upgraded":["Defend_R","Defend_R"]},{"damage_healed":0,"gold_gain":0,"player_choice":"Searched \u00270\u0027 times","damage_taken":0,"max_hp_gain":0,"max_hp_loss":0,"event_name":"Dead Adventurer","floor":11,"gold_loss":0},{"damage_healed":18,"gold_gain":0,"player_choice":"Healed and dodged fight","damage_taken":0,"max_hp_gain":0,"max_hp_loss":0,"event_name":"Mushrooms","floor":12,"gold_loss":0,"cards_obtained":["Parasite"]}],"is_beta":false,"boss_relics":[{"not_picked":["Black Star","SacredBark"],"picked":"Velvet Choker"}],"items_purged_floors":[2,4],"is_endless":false,"potions_floor_spawned":[1,10,16,18],"killed_by":"Chosen and Byrds","ascension_level":20}}