{"host":"7zdktqb5xjtif29d","time":1610835789,"event":{"mods":["AchievementEnabler","BaseMod","Colored Map","Colored Powertips","Dark Map","Highlight Path","Minty Spire (QoL Compilation)","Rare Cards Sparkle","SuperFastMode","Waifu the Spire","everything is the same but u backflip on backflip"],"gold_per_floor":[114,64,83,99,113,113,113],"floor_reached":6,"language":"ENG","playtime":412,"items_purged":[],"score":42,"play_id":"b3848b8b-6d1a-4d3c-850e-cbc08bc440d0","local_time":"20210116222309","is_ascension_mode":true,"campfire_choices":[],"circlet_count":0,"master_deck":["Strike_B","Strike_B","Strike_B","Strike_B","Defend_B","Defend_B","Defend_B","Defend_B","Zap","Dualcast","Machine Learning","Hello World","White Noise"],"relics":["Cracked Core"],"acts_visited":["Exordium"],"potions_floor_usage":[6,6],"damage_taken":[{"damage":5,"enemies":"2 Louse","floor":1,"turns":3},{"damage":7,"enemies":"Jaw Worm","floor":3,"turns":3},{"damage":11,"enemies":"Small Slimes","floor":4,"turns":5},{"damage":22,"enemies":"3 Louse","floor":5,"turns":4},{"damage":64,"enemies":"Gremlin Nob","floor":6,"turns":5}],"seed_played":"5308068730420172012","potions_obtained":[{"floor":1,"key":"Block Potion"},{"floor":5,"key":"Swift Potion"}],"is_trial":false,"path_per_floor":["M","?","M","M","M","E"],"character_chosen":"DEFECT","items_purchased":[],"campfire_rested":0,"item_purchase_floors":[],"current_hp_per_floor":[70,70,63,52,30,0,0],"gold":113,"neow_bonus":"THREE_RARE_CARDS","is_daily":false,"chose_seed":false,"campfire_upgraded":0,"win_rate":0.0,"timestamp":1610835789,"path_taken":["M","?","M","M","M","E"],"items_purchased_type":[],"build_version":"2020-12-22","purchased_purges":0,"victory":false,"max_hp_per_floor":[75,75,75,75,75,75,75],"card_choices":[{"not_picked":["Creative AI","Thunder Strike"],"picked":"Machine Learning","floor":0},{"not_picked":["Turbo","Stack","Coolheaded"],"picked":"SKIP","floor":1},{"not_picked":["Stack","Rebound"],"picked":"Hello World","floor":3},{"not_picked":["Steam","Go for the Eyes","Leap"],"picked":"SKIP","floor":4},{"not_picked":["All For One","Cold Snap"],"picked":"White Noise","floor":5}],"player_experience":233835,"relics_obtained":[],"event_choices":[{"cards_removed":["Normality"],"damage_healed":0,"gold_gain":0,"player_choice":"Card Removal","damage_taken":0,"max_hp_gain":0,"max_hp_loss":0,"event_name":"The Cleric","floor":2,"gold_loss":50}],"is_beta":false,"boss_relics":[],"items_purged_floors":[],"is_endless":false,"potions_floor_spawned":[1,5],"killed_by":"Gremlin Nob","ascension_level":2}}