{"host":"sav7uxregyirlf69","time":1610800868,"event":{"mods":["AchievementEnabler","BaseMod","Colored Map","DeckTracker","Keyboard Shortcuts","Minty Spire (QoL Compilation)","READ ME - Guardian Mod","StSLib","SuperFastMode"],"gold_per_floor":[113,113,113,133,133,133,154,154,179,216,268,205,235,271,283,391,403,433,82,82,118,200,200,200],"floor_reached":23,"language":"KOR","playtime":311,"items_purged":["Strike_G"],"score":374,"play_id":"4a32c0d0-60e3-4729-8777-c40a75540628","local_time":"20210116214108","is_ascension_mode":true,"campfire_choices":[{"data":"Corpse Explosion","floor":6.0,"key":"SMITH"},{"data":"Neutralize","floor":8.0,"key":"SMITH"},{"data":"Deadly Poison","floor":15.0,"key":"SMITH"}],"circlet_count":0,"master_deck":["AscendersBane","Strike_G","Strike_G","Strike_G","Defend_G","Defend_G","Defend_G","Defend_G","Defend_G","Survivor","Neutralize+1","Corpse Explosion+1","Dagger Spray","Deadly Poison+1","Crippling Poison","Noxious Fumes"],"relics":["Ring of the Snake","Golden Idol","MawBank","Happy Flower","StrikeDummy","SlaversCollar","ClockworkSouvenir","Red Mask","HornCleat"],"acts_visited":["Exordium","TheCity"],"potions_floor_usage":[23,23],"damage_taken":[{"damage":0.0,"enemies":"2 Louse","floor":1.0,"turns":2.0},{"damage":0.0,"enemies":"Small Slimes","floor":4.0,"turns":2.0},{"damage":0.0,"enemies":"Cultist","floor":7.0,"turns":3.0},{"damage":30.0,"enemies":"Gremlin Nob","floor":11.0,"turns":4.0},{"damage":1.0,"enemies":"2 Fungi Beasts","floor":13.0,"turns":3.0},{"damage":4.0,"enemies":"Blue Slaver","floor":14.0,"turns":4.0},{"damage":10.0,"enemies":"The Guardian","floor":16.0,"turns":9.0},{"damage":16.0,"enemies":"Spheric Guardian","floor":18.0,"turns":4.0},{"damage":35,"enemies":"Masked Bandits","floor":21,"turns":4},{"damage":13,"enemies":"Gremlin Leader","floor":23,"turns":4}],"seed_played":"5039560243796300543","potions_obtained":[{"floor":11.0,"key":"ColorlessPotion"},{"floor":13.0,"key":"Swift Potion"},{"floor":21,"key":"Poison Potion"}],"is_trial":false,"path_per_floor":["M","?","?","M","?","R","M","R","T","T","E","?","M","M","R","B",null,"M","$","?","?","T","E"],"character_chosen":"THE_SILENT","items_purchased":["ClockworkSouvenir","LiquidBronze","Noxious Fumes"],"campfire_rested":0,"item_purchase_floors":[19,19,19],"current_hp_per_floor":[59,64,59,59,59,59,59,59,59,59,29,29,28,24,24,14,48,32,32,44,9,9,0,0],"gold":200,"neow_bonus":"THREE_RARE_CARDS","is_daily":false,"chose_seed":false,"campfire_upgraded":3,"win_rate":0.0,"timestamp":1610800868,"path_taken":["M","?","?","M","?","R","M","R","T","?","E","?","?","M","R","BOSS","M","$","?","?","?","E"],"items_purchased_type":["Relic","Potion","Card"],"build_version":"2020-12-22","purchased_purges":1,"victory":false,"max_hp_per_floor":[60,65,59,59,59,59,59,59,59,59,59,59,59,59,59,59,59,59,59,59,59,59,59,59],"card_choices":[{"not_picked":["Wraith Form v2","Malaise"],"picked":"Corpse Explosion","floor":0.0},{"not_picked":["Bane","Footwork"],"picked":"Dagger Spray","floor":1.0},{"not_picked":["Flechettes","Dodge and Roll","Underhanded Strike"],"picked":"SKIP","floor":4.0},{"not_picked":["Dagger Spray","Cloak And Dagger","Sucker Punch"],"picked":"SKIP","floor":7.0},{"not_picked":["Backstab","Distraction"],"picked":"Deadly Poison","floor":11.0},{"not_picked":["Corpse Explosion","Backstab"],"picked":"Crippling Poison","floor":13.0},{"not_picked":["Dodge and Roll","Acrobatics","Backstab"],"picked":"SKIP","floor":14.0},{"not_picked":["Expertise","Deadly Poison","Flying Knee"],"picked":"SKIP","floor":18.0}],"player_experience":1291965,"relics_obtained":[{"floor":9.0,"key":"MawBank"},{"floor":10.0,"key":"Happy Flower"},{"floor":11.0,"key":"StrikeDummy"},{"floor":21,"key":"Red Mask"},{"floor":22,"key":"HornCleat"}],"event_choices":[{"damage_healed":0.0,"max_hp_gain":5.0,"max_hp_loss":0.0,"gold_gain":0.0,"event_name":"Big Fish","player_choice":"Donut","floor":2.0,"gold_loss":0.0,"damage_taken":0.0},{"damage_healed":0.0,"max_hp_gain":0.0,"max_hp_loss":6.0,"gold_gain":0.0,"event_name":"Golden Idol","player_choice":"Lose Max HP","floor":3.0,"gold_loss":0.0,"damage_taken":0.0,"relics_obtained":["Golden Idol"]},{"damage_healed":0.0,"max_hp_gain":0.0,"max_hp_loss":0.0,"gold_gain":0.0,"event_name":"Liars Game","player_choice":"Ignored","floor":5.0,"gold_loss":0.0,"damage_taken":0.0},{"cards_removed":["Strike_G"],"damage_healed":0.0,"max_hp_gain":0.0,"max_hp_loss":0.0,"gold_gain":0.0,"event_name":"The Cleric","player_choice":"Card Removal","floor":12.0,"gold_loss":75.0,"damage_taken":0.0},{"damage_healed":12,"gold_gain":0,"player_choice":"Heal","damage_taken":0,"max_hp_gain":0,"max_hp_loss":0,"event_name":"The Library","floor":20,"gold_loss":0},{"damage_healed":0,"gold_gain":0,"player_choice":"Fought Bandits","damage_taken":0,"max_hp_gain":0,"max_hp_loss":0,"event_name":"Masked Bandits","floor":21,"gold_loss":0}],"is_beta":false,"boss_relics":[{"not_picked":["Snecko Eye","Fusion Hammer"],"picked":"SlaversCollar"}],"items_purged_floors":[19],"is_endless":false,"potions_floor_spawned":[11,13,21],"killed_by":"Gremlin Leader","ascension_level":20}}