{"host":"y193d0agu1dp5x1y","time":1610763263,"event":{"mods":["AchievementEnabler","BaseMod","Googly Eyes","Minty Spire (QoL Compilation)"],"gold_per_floor":[110,110,128,203,223,223,256,256,256,256,271,285,285,285,285,387,387,387,233,233,233,143,143,143,143,143,143,143,143,20,20,20,20,20],"floor_reached":33,"language":"ENG","playtime":1451,"items_purged":["Dualcast+1","Strike_B"],"score":274,"play_id":"7fbf5103-baff-446d-a726-03b058a13fa6","local_time":"20210115201423","is_ascension_mode":false,"campfire_choices":[{"data":"Defragment","floor":6.0,"key":"SMITH"},{"floor":8.0,"key":"REST"},{"floor":15.0,"key":"REST"},{"floor":24,"key":"REST"},{"data":"Capacitor","floor":27,"key":"SMITH"},{"data":"Heatsinks","floor":32,"key":"SMITH"}],"circlet_count":0,"master_deck":["Strike_B","Strike_B","Defend_B","Defend_B","Defend_B","Defend_B","Zap+1","Defragment+1","Chill+1","Capacitor+1","Sweeping Beam","Heatsinks+1","Redo+1","Reinforced Body","Compile Driver","Sweeping Beam","Leap"],"relics":["Busted Crown","Bird Faced Urn","InkBottle","War Paint","Ectoplasm","Strawberry"],"acts_visited":["Exordium","TheCity"],"potions_floor_usage":[23,31,31,33],"damage_taken":[{"damage":0.0,"enemies":"2 Louse","floor":1.0,"turns":3.0},{"damage":5.0,"enemies":"Small Slimes","floor":3.0,"turns":2.0},{"damage":4.0,"enemies":"Cultist","floor":5.0,"turns":4.0},{"damage":26.0,"enemies":"Lagavulin","floor":7.0,"turns":6.0},{"damage":9.0,"enemies":"Blue Slaver","floor":11.0,"turns":4.0},{"damage":0.0,"enemies":"Gremlin Gang","floor":12.0,"turns":6.0},{"damage":47.0,"enemies":"Slime Boss","floor":16.0,"turns":11.0},{"damage":18,"enemies":"Spheric Guardian","floor":18,"turns":6},{"damage":13,"enemies":"2 Thieves","floor":22,"turns":5},{"damage":11,"enemies":"3 Cultists","floor":23,"turns":6},{"damage":14,"enemies":"Snecko","floor":25,"turns":7},{"damage":37,"enemies":"Cultist and Chosen","floor":28,"turns":8},{"damage":0,"enemies":"Shelled Parasite and Fungi","floor":29,"turns":6},{"damage":12,"enemies":"Centurion and Healer","floor":31,"turns":6},{"damage":41,"enemies":"Champ","floor":33,"turns":10}],"seed_played":"2339798530790920475","potions_obtained":[{"floor":1.0,"key":"Strength Potion"},{"floor":7.0,"key":"FearPotion"},{"floor":11.0,"key":"SkillPotion"},{"floor":12.0,"key":"FocusPotion"},{"floor":22,"key":"Block Potion"},{"floor":25,"key":"Energy Potion"},{"floor":28,"key":"Weak Potion"},{"floor":31,"key":"BlessingOfTheForge"}],"is_trial":false,"path_per_floor":["M","?","M","?","M","R","E","R","T","?","M","M","?","?","R","B",null,"M","$","?","?","M","M","R","M","T","R","M","M","$","M","R","B"],"character_chosen":"DEFECT","items_purchased":["Heatsinks","Sweeping Beam"],"campfire_rested":3,"item_purchase_floors":[19,30],"current_hp_per_floor":[75,75,70,59,55,55,29,51,51,56,49,51,39,39,63,20,80,62,62,47,41,34,29,54,46,53,53,22,28,28,22,22,0,0],"gold":20,"neow_bonus":"BOSS_RELIC","is_daily":false,"chose_seed":false,"campfire_upgraded":3,"win_rate":0.0,"timestamp":1610763263,"path_taken":["M","?","M","?","M","R","E","R","T","?","M","M","?","?","R","BOSS","M","$","?","?","M","M","R","M","T","R","M","?","$","M","R","BOSS"],"items_purchased_type":["Card","Card"],"build_version":"2020-12-22","purchased_purges":2,"victory":false,"max_hp_per_floor":[75,75,75,75,75,75,75,75,75,80,80,80,80,80,80,80,80,80,80,85,85,85,85,85,85,92,92,92,92,92,92,92,92,92],"card_choices":[{"not_picked":[],"picked":"Defragment","floor":1.0},{"not_picked":["Coolheaded"],"picked":"SKIP","floor":3.0},{"not_picked":["Coolheaded"],"picked":"SKIP","floor":3.0},{"not_picked":["Barrage"],"picked":"SKIP","floor":5.0},{"not_picked":["Lockon"],"picked":"SKIP","floor":7.0},{"not_picked":[],"picked":"Chill","floor":11.0},{"not_picked":["Streamline"],"picked":"SKIP","floor":12.0},{"not_picked":[],"picked":"Sweeping Beam","floor":18},{"not_picked":[],"picked":"Redo+1","floor":22},{"not_picked":["Steam Power+1"],"picked":"SKIP","floor":23},{"not_picked":["Coolheaded"],"picked":"SKIP","floor":25},{"not_picked":[],"picked":"Reinforced Body","floor":28},{"not_picked":[],"picked":"Compile Driver","floor":29},{"not_picked":[],"picked":"Leap","floor":31}],"player_experience":100266,"relics_obtained":[{"floor":7.0,"key":"Bird Faced Urn"},{"floor":9.0,"key":"InkBottle"},{"floor":26,"key":"Strawberry"}],"event_choices":[{"damage_healed":0.0,"max_hp_gain":0.0,"max_hp_loss":0.0,"gold_gain":0.0,"event_name":"Living Wall","player_choice":"Grow","floor":2.0,"gold_loss":0.0,"damage_taken":0.0,"cards_upgraded":["Zap"]},{"damage_healed":0.0,"max_hp_gain":0.0,"max_hp_loss":0.0,"gold_gain":75.0,"event_name":"World of Goop","player_choice":"Gather Gold","floor":4.0,"gold_loss":0.0,"damage_taken":11.0},{"damage_healed":0.0,"max_hp_gain":5.0,"max_hp_loss":0.0,"gold_gain":0.0,"event_name":"Big Fish","player_choice":"Donut","floor":10.0,"gold_loss":0.0,"damage_taken":0.0},{"damage_healed":0.0,"max_hp_gain":0.0,"max_hp_loss":0.0,"gold_gain":0.0,"event_name":"Scrap Ooze","player_choice":"Success","floor":13.0,"gold_loss":0.0,"damage_taken":12.0,"relics_obtained":["War Paint"]},{"damage_healed":0.0,"max_hp_gain":0.0,"max_hp_loss":0.0,"gold_gain":0.0,"cards_transformed":["Strike_B"],"event_name":"Transmorgrifier","player_choice":"Transformed","floor":14.0,"gold_loss":0.0,"damage_taken":0.0,"cards_obtained":["Capacitor"]},{"damage_healed":0,"gold_gain":0,"player_choice":"Shed Blood","damage_taken":20,"max_hp_gain":5,"max_hp_loss":0,"event_name":"Forgotten Altar","floor":20,"gold_loss":0},{"damage_healed":0,"gold_gain":0,"player_choice":"","damage_taken":6,"max_hp_gain":0,"max_hp_loss":0,"event_name":"Knowing Skull","floor":21,"potions_obtained":[],"gold_loss":0,"cards_obtained":[]}],"is_beta":false,"boss_relics":[{"not_picked":["Astrolabe","Inserter"],"picked":"Ectoplasm"}],"items_purged_floors":[19,30],"is_endless":false,"potions_floor_spawned":[1,7,11,12,22,25,28,31],"killed_by":"Champ","ascension_level":0}}