{"host":"7k2a2omxz3voj5ax","time":1610806904,"event":{"mods":["BaseMod","Marisa£¨ìFÓê¡¡Ä§ÀíÉ³£©","Minty Spire (QoL Compilation)","Quick Restart","Spicy Shops","StSLib","Starting Relic: Pandora\u0027s Box","¡¾ÒÅÎï¿¨ÅÆ¡¿REMEMod","óô»ðÖ¸ÄÏ"],"gold_per_floor":[132,166,193,220,220,262,1134,1176,1202,1251,1276,983,1010,1057,329,501,501,531,531,117,42,82,160,160,233,286,286,320,376,434,505,505,626,626,688,688,910,910,444,518,518,617,640,713,509,459,537,607,607,637,667,667,560,297,324,324],"floor_reached":57,"language":"ZHS","playtime":2469,"items_purged":["UpSweep","ShootingEcho","StarBarrage","Injury","WitchOfGreed"],"score":3819,"play_id":"b1643536-1bb1-47c2-9e4f-bc638d32b7ad","local_time":"20210116232144","is_ascension_mode":true,"campfire_choices":[{"data":"REME_ACTH","floor":24.0,"key":"SMITH"},{"data":"REME_CopyPotion","floor":27.0,"key":"SMITH"},{"data":"Reinforced Body","floor":32.0,"key":"SMITH"},{"data":"REME_MagicPocketWatch","floor":41.0,"key":"SMITH"},{"floor":49.0,"key":"RECALL"}],"circlet_count":0,"master_deck":["AscendersBane","6A+1","AlicesGift","EarthLightRay+1","REME_ACTH+1","PowerUp+1","REME_CopyPotion+1","Scrawl+1","Crescendo","Necronomicurse","PowerUp+1","Reinforced Body+1","REME_MagicPocketWatch+1","MilkyWay+1"],"relics":["MiniHakkero","REME_ComplimentaryCards","Orichalcum","Calipers","SimpleLauncher","PrismaticShard","Oddly Smooth Stone","Vajra","Lantern","Bag of Preparation","Boot","Toy Ornithopter","Torii","TungstenRod","Coffee Dripper","Necronomicon","War Paint","Chemical X","DollysMirror","Red Mask","Juzu Bracelet","Blood Vial","Akabeko","REME_ChargedStone","Darkstone Periapt","TheAbacus","Nunchaku","Du-Vu Doll","Toxic Egg 2","Membership Card","Ancient Tea Set","Centennial Puzzle","CaptainsWheel","Medical Kit","Cauldron","MagicBroom"],"acts_visited":["Exordium","TheCity","TheBeyond","TheEnding"],"potions_floor_usage":[53,56,56],"damage_taken":[{"damage":12.0,"enemies":"Jaw Worm","floor":1.0,"turns":2.0},{"damage":5.0,"enemies":"Small Slimes","floor":2.0,"turns":2.0},{"damage":0.0,"enemies":"2 Louse","floor":3.0,"turns":2.0},{"damage":6.0,"enemies":"Looter","floor":4.0,"turns":2.0},{"damage":27.0,"enemies":"3 Sentries","floor":6.0,"turns":7.0},{"damage":0.0,"enemies":"Gremlin Nob","floor":8.0,"turns":1.0},{"damage":0.0,"enemies":"Lagavulin","floor":10.0,"turns":3.0},{"damage":0.0,"enemies":"3 Louse","floor":11.0,"turns":2.0},{"damage":0.0,"enemies":"Gremlin Gang","floor":13.0,"turns":3.0},{"damage":0.0,"enemies":"3 Sentries","floor":14.0,"turns":4.0},{"damage":0.0,"enemies":"The Guardian","floor":16.0,"turns":4.0},{"damage":0.0,"enemies":"3 Byrds","floor":18.0,"turns":3.0},{"damage":0.0,"enemies":"Masked Bandits","floor":22.0,"turns":2.0},{"damage":26.0,"enemies":"Slavers","floor":23.0,"turns":3.0},{"damage":0.0,"enemies":"Gremlin Leader","floor":25.0,"turns":1.0},{"damage":0.0,"enemies":"Chosen","floor":28.0,"turns":1.0},{"damage":0.0,"enemies":"Snecko","floor":29.0,"turns":2.0},{"damage":0.0,"enemies":"Sentry and Sphere","floor":30.0,"turns":3.0},{"damage":0.0,"enemies":"Book of Stabbing","floor":31.0,"turns":2.0},{"damage":0.0,"enemies":"Champ","floor":33.0,"turns":3.0},{"damage":0.0,"enemies":"Orb Walker","floor":35.0,"turns":2.0},{"damage":0.0,"enemies":"Reptomancer","floor":40.0,"turns":2.0},{"damage":0.0,"enemies":"2 Orb Walkers","floor":42.0,"turns":1.0},{"damage":0.0,"enemies":"Nemesis","floor":44.0,"turns":3.0},{"damage":0.0,"enemies":"Reptomancer","floor":47.0,"turns":1.0},{"damage":0.0,"enemies":"Mind Bloom Boss Battle","floor":48.0,"turns":1.0},{"damage":0.0,"enemies":"Awakened One","floor":50.0,"turns":2.0},{"damage":0.0,"enemies":"Time Eater","floor":51.0,"turns":5.0},{"damage":0,"enemies":"Shield and Spear","floor":55,"turns":1},{"damage":0,"enemies":"The Heart","floor":56,"turns":5}],"seed_played":"7075442370190749282","potions_obtained":[{"floor":1.0,"key":"Regen Potion"},{"floor":1.0,"key":"Energy Potion"},{"floor":2.0,"key":"Fruit Juice"},{"floor":3.0,"key":"SteroidPotion"},{"floor":4.0,"key":"Dexterity Potion"},{"floor":6.0,"key":"PowerPotion"},{"floor":6.0,"key":"Energy Potion"},{"floor":8.0,"key":"BottledSpark"},{"floor":10.0,"key":"SkillPotion"},{"floor":14.0,"key":"ColorlessPotion"},{"floor":16.0,"key":"ColorlessPotion"},{"floor":16.0,"key":"ColorlessPotion"},{"floor":18.0,"key":"EntropicBrew"},{"floor":23.0,"key":"Fire Potion"},{"floor":25.0,"key":"AttackPotion"},{"floor":28.0,"key":"DistilledChaos"}],"is_trial":false,"path_per_floor":["M","M","M","M","?","E","R","E","T","E","M","$","M","E","R","B",null,"M","?","$","?","?","E","R","E","T","R","M","M","M","E","R","B",null,"M","?","?","?","$","E","R","?","T","E","$","?","E","?","R","B","B",null,"R","$","E","B",null],"character_chosen":"MARISA","items_purchased":["Calipers","SimpleLauncher","PrismaticShard","PowerUp","Bag of Preparation","Toy Ornithopter","Torii","TungstenRod","War Paint","Chemical X","DollysMirror","Darkstone Periapt","TheAbacus","REME_MagicPocketWatch","Membership Card","Ancient Tea Set","Medical Kit","MilkyWay+1","LiquidMemories","Cauldron"],"campfire_rested":0,"item_purchase_floors":[7,7,7,7,12,15,15,15,20,20,20,39,39,39,45,45,53,54,54,54],"current_hp_per_floor":[37,37,41,35,28,5,5,9,9,13,17,17,21,25,25,39,66,75,58,58,58,74,55,55,61,61,61,63,71,75,75,75,75,75,75,75,75,71,71,71,71,71,71,71,71,71,71,71,71,71,71,71,77,77,77,77],"gold":324,"neow_bonus":"TRANSFORM_TWO_CARDS","is_daily":false,"chose_seed":false,"campfire_upgraded":4,"win_rate":0.0,"timestamp":1610806904,"path_taken":["M","M","M","M","?","E","R","E","T","E","M","$","M","E","R","BOSS","M","?","$","?","?","E","R","E","T","R","M","M","M","E","R","BOSS","M","?","?","?","$","E","R","?","T","E","$","?","E","?","R","BOSS","BOSS","R","$","E","BOSS"],"items_purchased_type":["Relic","Relic","Relic","Card","Relic","Relic","Relic","Relic","Relic","Relic","Relic","Relic","Relic","Card","Relic","Relic","Relic","Card","Potion","Relic"],"build_version":"2020-12-22","purchased_purges":5,"victory":true,"max_hp_per_floor":[70,75,75,75,75,75,75,75,75,75,75,75,75,75,75,75,75,75,75,75,75,75,75,75,75,75,75,75,75,75,75,75,75,75,75,75,75,71,71,71,71,71,71,71,71,71,71,71,71,71,71,71,77,77,77,77],"card_choices":[{"not_picked":["Acceleration","DC","MilkyWay"],"picked":"SKIP","floor":1.0},{"not_picked":["LuminesStrike","OortCloud","MysteriousBeam"],"picked":"SKIP","floor":2.0},{"not_picked":["6A","GalacticHalo","Acceleration"],"picked":"SKIP","floor":3.0},{"not_picked":["PropBag","AlicesGift","NonDirectionalLaser"],"picked":"SKIP","floor":4.0},{"not_picked":["ShootingEcho","DoubleSpark","LuminesStrike"],"picked":"SKIP","floor":6.0},{"not_picked":["Juggernaut","Redo","Predator"],"picked":"SKIP","floor":8.0},{"not_picked":["CrushJoints","Leap","Wallop"],"picked":"SKIP","floor":10.0},{"not_picked":["EmptyBody","FlyingSleeves","Body Slam"],"picked":"SKIP","floor":11.0},{"not_picked":["Seeing Red","PathToVictory","Clash"],"picked":"SKIP","floor":13.0},{"not_picked":["Dagger Spray","Wireheading"],"picked":"REME_CopyPotion","floor":14.0},{"not_picked":["REME_ForAll","Corpse Explosion"],"picked":"Scrawl","floor":16.0},{"not_picked":["Steam+1","Prostrate"],"picked":"Crescendo","floor":18.0},{"not_picked":["Loop","Rebound","Evaluate"],"picked":"SKIP","floor":23.0},{"not_picked":["REME_ShadowStrike","SuperPerseids","Meteor Strike"],"picked":"SKIP","floor":25.0},{"not_picked":["MilkyWay","Reprogram","Feel No Pain"],"picked":"SKIP","floor":28.0},{"not_picked":["Leg Sweep","Acceleration"],"picked":"Reinforced Body","floor":29.0},{"not_picked":["Turbo","WitchOfGreed","REME_Cut"],"picked":"SKIP","floor":30.0},{"not_picked":["Robbery+1","Barrage","WheelKick"],"picked":"SKIP","floor":31.0},{"not_picked":["Chaos","Backflip","Cold Snap"],"picked":"SKIP","floor":35.0},{"not_picked":["SandsOfTime+1","MilkyWay","Dark Shackles"],"picked":"SKIP","floor":40.0},{"not_picked":["BigCrunch+1","EarthLightRay+1","Iron Wave"],"picked":"SKIP","floor":44.0},{"not_picked":["Weave","LuminesStrike","Dropkick"],"picked":"SKIP","floor":47.0},{"not_picked":["Auto Shields+1","Flex+1","Metallicize+1"],"picked":"SKIP","floor":55}],"player_experience":452394,"relics_obtained":[{"floor":6.0,"key":"Orichalcum"},{"floor":8.0,"key":"Oddly Smooth Stone"},{"floor":9.0,"key":"Vajra"},{"floor":10.0,"key":"Lantern"},{"floor":14.0,"key":"Boot"},{"floor":19.0,"key":"Necronomicon"},{"floor":22.0,"key":"Red Mask"},{"floor":23.0,"key":"Juzu Bracelet"},{"floor":25.0,"key":"Blood Vial"},{"floor":26.0,"key":"Akabeko"},{"floor":40.0,"key":"Nunchaku"},{"floor":42.0,"key":"Du-Vu Doll"},{"floor":44.0,"key":"Toxic Egg 2"},{"floor":47.0,"key":"Centennial Puzzle"},{"floor":48.0,"key":"CaptainsWheel"},{"floor":55,"key":"MagicBroom"}],"event_choices":[{"cards_removed":["ManaConvection"],"damage_healed":0.0,"max_hp_gain":0.0,"max_hp_loss":0.0,"gold_gain":0.0,"event_name":"Golden Wing","player_choice":"Card Removal","floor":5.0,"gold_loss":0.0,"damage_taken":7.0},{"damage_healed":0.0,"max_hp_gain":0.0,"max_hp_loss":0.0,"gold_gain":0.0,"event_name":"Cursed Tome","player_choice":"Obtained Book","floor":19.0,"gold_loss":0.0,"damage_taken":21.0},{"cards_removed":["SporeBomb"],"damage_healed":0.0,"max_hp_gain":0.0,"max_hp_loss":0.0,"gold_gain":0.0,"event_name":"Beggar","player_choice":"Gave Gold","floor":21.0,"gold_loss":75.0,"damage_taken":0.0},{"damage_healed":0.0,"max_hp_gain":0.0,"max_hp_loss":0.0,"gold_gain":0.0,"event_name":"Masked Bandits","player_choice":"Fought Bandits","floor":22.0,"gold_loss":0.0,"damage_taken":0.0},{"cards_removed":["OortCloud"],"damage_healed":0.0,"max_hp_gain":0.0,"max_hp_loss":0.0,"gold_gain":0.0,"event_name":"Falling","player_choice":"Removed Power","floor":36.0,"gold_loss":0.0,"damage_taken":0.0},{"damage_healed":0.0,"max_hp_gain":0.0,"max_hp_loss":0.0,"gold_gain":222.0,"event_name":"Tomb of Lord Red Mask","player_choice":"Wore Mask","floor":37.0,"gold_loss":0.0,"damage_taken":0.0},{"damage_healed":0.0,"max_hp_gain":0.0,"max_hp_loss":4.0,"gold_gain":0.0,"event_name":"Winding Halls","player_choice":"Max HP","floor":38.0,"gold_loss":0.0,"damage_taken":0.0},{"damage_healed":0.0,"max_hp_gain":0.0,"max_hp_loss":0.0,"gold_gain":0.0,"event_name":"Mysterious Sphere","player_choice":"Fight","floor":42.0,"gold_loss":0.0,"damage_taken":0.0},{"damage_healed":0.0,"max_hp_gain":0.0,"max_hp_loss":0.0,"gold_gain":0.0,"event_name":"Designer","player_choice":"Upgraded Two","floor":46.0,"gold_loss":50.0,"damage_taken":0.0,"cards_upgraded":["Scrawl","6A"]},{"damage_healed":0.0,"max_hp_gain":0.0,"max_hp_loss":0.0,"gold_gain":0.0,"event_name":"MindBloom","player_choice":"Fight","floor":48.0,"gold_loss":0.0,"damage_taken":0.0}],"is_beta":false,"boss_relics":[{"not_picked":["Snecko Eye","REME_DemonsWealth"],"picked":"Coffee Dripper"},{"not_picked":["ExperimentalFamiliar","Busted Crown"],"picked":"REME_ChargedStone"}],"items_purged_floors":[7,7,12,53,54],"is_endless":false,"potions_floor_spawned":[1,2,6,14,16,23,25,28,29,30,42,47,48],"ascension_level":20}}