{"host":"y9jgkjnf95sujozk","time":1610807057,"event":{"mods":["2.2 Compatiblity","AchievementEnabler","Act Like it!","BaseMod","Block Reminder","Colored Map","Colored Powertips","Decade(王小明)","Downfall","Friendly Minions","Gensokyo","GifTheSpireLib","Hallownest","Hermit","Highlight Path","HololiveMod","Hubris","Infinite Spire","Jorbs\u0027s Wanderer Trilogy","Koishi","Marisa（霧雨　魔理沙）","Minty Spire (QoL Compilation)","Quick Restart","Random Character Button","Rare Cards Sparkle","Reimu（博??梦）","Remilia（蕾米莉?）","Shop Mod","StSLib","SuperFastMode","The Animator","The Bug Knight","The Cursed","The Disciple","The Hierophant","The Jungle","The Senshi","The Servant 0.9.4"],"gold_per_floor":[111,131,131,131,146,146,52,78,102,114,114,164,183,183,183,284,334,354,354,354,372,392,392,15,15,63,63,80,80,93,93,190,190,205,205,57,57,75,75,75,75,75,75,75,75,75,75],"floor_reached":51,"language":"ENG","playtime":1294,"items_purged":["Writhe"],"score":719,"play_id":"fbf4bddc-ed3e-402c-a687-add075050305","local_time":"20210116152417","is_ascension_mode":true,"campfire_choices":[{"data":"WitchLeyline","floor":6,"key":"SMITH"},{"floor":11,"key":"REST"},{"floor":15,"key":"REST"},{"floor":23,"key":"REST"},{"data":"JA","floor":25,"key":"SMITH"},{"data":"MillisecondPulsars","floor":27,"key":"SMITH"},{"floor":32,"key":"REST"},{"floor":41,"key":"REST"},{"floor":45,"key":"REST"},{"data":"ShootingEcho","floor":47,"key":"SMITH"},{"data":"CasketOfStar","floor":49,"key":"SMITH"}],"circlet_count":0,"master_deck":["Enlightenment","Strike_MRS+1","Strike_MRS","Strike_MRS","Strike_MRS","Defend_MRS","Defend_MRS+1","Defend_MRS+1","Defend_MRS","MasterSpark","UpSweep","WitchLeyline+1","EventHorizon","WitchLeyline+1","Jack Of All Trades","AbsoluteMagnitude","PropBag","ShootingEcho","BinaryStars+1","WitchLeyline","SporeBomb+1","ShootingEcho","MillisecondPulsars+1","JA+1","BinaryStars+1","IllusionStar","OrrerysSun","CasketOfStar+1","ShootingEcho+1","Gensokyo:Dawn+1","AsteroidBelt+1"],"relics":["MiniHakkero","NeowsBlessing","Pear","hubris:64BitClover","Anchor","Tiny House","War Paint","Hallownest:DreamNailRelic","DollysMirror","Bronze Scales","hubris:Teleporter","Toxic Egg 2","SacredBark","Strange Spoon","Cauldron","hubris:BottledRain"],"acts_visited":["Exordium","TheCity","TheCity"],"potions_floor_usage":[8,16,16,16,28,33,33,33,33,38,50,50,50],"damage_taken":[{"damage":0,"enemies":"Hallownest:2_MossCreeps","floor":1,"turns":1},{"damage":0,"enemies":"Hallownest:monsterHuskGuard","floor":2,"turns":1},{"damage":0,"enemies":"Hallownest:2_Baldur","floor":5,"turns":1},{"damage":12,"enemies":"Hallownest:eliteMossKnight","floor":8,"turns":4},{"damage":2,"enemies":"Hallownest:Guard_and_Warrior","floor":10,"turns":4},{"damage":10,"enemies":"Hallownest:1_Baldur_1_Crawlid_1_Warrior","floor":13,"turns":4},{"damage":71,"enemies":"Hallownest:BossHornet","floor":16,"turns":9},{"damage":0,"enemies":"Spheric Guardian","floor":18,"turns":3},{"damage":2,"enemies":"Chosen","floor":21,"turns":3},{"damage":8,"enemies":"Snake Plant","floor":22,"turns":3},{"damage":4,"enemies":"Centurion and Healer","floor":28,"turns":4},{"damage":29,"enemies":"Shelled Parasite and Fungi","floor":31,"turns":5},{"damage":48,"enemies":"Collector","floor":33,"turns":5},{"damage":8,"enemies":"Gensokyo:3_Bats","floor":35,"turns":3},{"damage":136,"enemies":"Gensokyo:3_Bats","floor":38,"turns":14},{"damage":37,"enemies":"Gensokyo:3_Boulders","floor":39,"turns":8},{"damage":33,"enemies":"Gensokyo:Yuyuko","floor":50,"turns":12}],"seed_played":"6563367584649463522","potions_obtained":[{"floor":1,"key":"Energy Potion"},{"floor":10,"key":"StarNLove"},{"floor":13,"key":"GrandPatriotsElixir:ReiMu"},{"floor":17,"key":"EntropicBrew"},{"floor":18,"key":"FairyPotion"},{"floor":22,"key":"AttackPotion"},{"floor":31,"key":"Weak Potion"},{"floor":33,"key":"champ:CounterPotion"},{"floor":39,"key":"EssenceOfSteel"},{"floor":40,"key":"ZuzhouPotion:ReiMu"},{"floor":40,"key":"BottledSpark"}],"is_trial":false,"path_per_floor":["M","M","?","T","M","R","$","E","T","M","R","?","M","?","R","B",null,"M","?","?","M","M","R","$","R","T","R","M","AVR","M","R","B",null,"M","?","$","?","M","AVR","R","COS","T","R","R","?","R","B",null],"character_chosen":"MARISA","items_purchased":["Jack Of All Trades","JA","DollysMirror","Strange Spoon"],"campfire_rested":6,"item_purchase_floors":[7,24,24,37],"current_hp_per_floor":[75,75,75,85,85,85,85,73,73,71,85,85,75,75,85,24,90,90,90,90,88,80,90,90,90,90,90,86,86,57,84,36,90,82,82,82,82,45,45,72,72,72,90,90,90,90,90],"gold":75,"neow_bonus":"THREE_ENEMY_KILL","is_daily":false,"chose_seed":false,"campfire_upgraded":5,"win_rate":0.0,"timestamp":1610807057,"path_taken":["M","M","?","?","M","R","$","E","T","M","R","?","M","?","R","BOSS","M","?","?","M","M","R","$","R","T","R","?","AVR","M","R","BOSS","M","?","$","?","?","AVR","R","COS","T","R","R","?","R","BOSS"],"items_purchased_type":["Card","Card","Relic","Relic"],"build_version":"2020-12-22","purchased_purges":1,"victory":true,"max_hp_per_floor":[75,75,75,85,85,85,85,85,85,85,85,85,85,85,85,85,90,90,90,90,90,90,90,90,90,90,90,90,90,90,90,90,90,90,90,90,90,90,90,90,90,90,90,90,90,90,90],"card_choices":[{"not_picked":["MilkyWay","DoubleSpark"],"picked":"WitchLeyline","floor":1},{"not_picked":["OortCloud","NonDirectionalLaser"],"picked":"EventHorizon","floor":2},{"not_picked":["StarBarrage","Robbery"],"picked":"WitchLeyline","floor":5},{"not_picked":["DC","AsteroidBelt"],"picked":"AbsoluteMagnitude","floor":8},{"not_picked":["GravityBeat","MilkyWay"],"picked":"PropBag","floor":10},{"not_picked":["PulseMagic","EarthLightRay"],"picked":"ShootingEcho","floor":13},{"not_picked":["ManaRampage","CollectingQuirk"],"picked":"BinaryStars","floor":16},{"not_picked":["OneTimeOff","DoubleSpark"],"picked":"WitchLeyline","floor":17},{"not_picked":["IllusionStar","MysteriousBeam+1"],"picked":"SporeBomb+1","floor":18},{"not_picked":["ShootTheMoon","EnergyRecoil"],"picked":"ShootingEcho","floor":21},{"not_picked":["ShootTheMoon+1","DeepEcoloBomb+1"],"picked":"MillisecondPulsars","floor":22},{"not_picked":["GrandCross","StarlightTyphoon+1"],"picked":"IllusionStar","floor":28},{"not_picked":["MysteriousBeam","UnstableBomb"],"picked":"OrrerysSun","floor":31},{"not_picked":["ManaRampage+1","MillisecondPulsars"],"picked":"CasketOfStar","floor":33},{"not_picked":["ManaConvection+1","Robbery+1"],"picked":"ShootingEcho","floor":35},{"not_picked":["Gensokyo:HouraiInAPot","Gensokyo:RisingWorld"],"picked":"Gensokyo:Dawn","floor":38},{"not_picked":["DC+1","ChargingUp+1"],"picked":"AsteroidBelt+1","floor":39}],"player_experience":149678,"relics_obtained":[{"floor":4,"key":"Pear"},{"floor":8,"key":"hubris:64BitClover"},{"floor":9,"key":"Anchor"},{"floor":26,"key":"Bronze Scales"},{"floor":28,"key":"hubris:Teleporter"},{"floor":43,"key":"hubris:BottledRain"}],"event_choices":[{"damage_healed":0,"gold_gain":0,"player_choice":"Opened","damage_taken":0,"relics_obtained":["War Paint"],"max_hp_gain":0,"max_hp_loss":0,"event_name":"The Mausoleum","floor":19,"gold_loss":0,"cards_obtained":["Writhe"]}],"is_beta":false,"boss_relics":[{"not_picked":["hubris:TerracottaHorce","hubris:BlackHole"],"picked":"Tiny House"},{"not_picked":["Astrolabe","RedLine:ReiMu"],"picked":"SacredBark"}],"items_purged_floors":[24],"is_endless":false,"potions_floor_spawned":[1,10,13,18,22,31,33,39],"ascension_level":1}}