{"host":"d85gwtocd8go8gx0","time":1610789363,"event":{"mods":["BaseMod","Highlight Path","Minty Spire (QoL Compilation)","Permanent Neow","Quick Restart","UnlockEverythingMod"],"gold_per_floor":[115,115,135,135,148,148,182,182,182,198,230,86,86,115,115,194,194,206,206,5,5,15,42,42,75,126,126,126,152,162,178,178,251,251,268,268,286,301,226,226,254,254,254,154,154,154],"floor_reached":45,"language":"ENG","playtime":1460,"items_purged":["Strike_R","Defend_R"],"score":1109,"play_id":"53129ca7-26c1-4d72-8bab-cf19977e5a5a","local_time":"20210116012923","is_ascension_mode":true,"campfire_choices":[{"data":"Bash","floor":6.0,"key":"SMITH"},{"data":"Limit Break","floor":8.0,"key":"SMITH"},{"data":"Spot Weakness","floor":13.0,"key":"SMITH"},{"data":"Inflame","floor":15.0,"key":"SMITH"},{"data":"Spot Weakness","floor":28.0,"key":"SMITH"},{"data":"Strike_R","floor":32.0,"key":"PURGE"},{"data":"Strike_R","floor":40.0,"key":"PURGE"}],"circlet_count":0,"master_deck":["AscendersBane","Strike_R+1","Strike_R+1","Defend_R","Defend_R+1","Defend_R+1","Bash+1","Limit Break+1","Sword Boomerang","Sword Boomerang","Reaper","Double Tap","Inflame+1","Pummel","Sword Boomerang","Flex","Reaper","Spot Weakness+1","Flex","Limit Break+1","Sword Boomerang","Heavy Blade+1","Inflame+1","Flex","Offering"],"relics":["Burning Blood","Singing Bowl","Orichalcum","Peace Pipe","StrikeDummy","Whetstone","Coffee Dripper","DollysMirror","Question Card","Boot","War Paint","Frozen Egg 2","Sozu","Girya","Toxic Egg 2"],"acts_visited":["Exordium","TheCity","TheBeyond"],"potions_floor_usage":[],"damage_taken":[{"damage":5.0,"enemies":"2 Louse","floor":1.0,"turns":3.0},{"damage":0.0,"enemies":"Small Slimes","floor":3.0,"turns":2.0},{"damage":14.0,"enemies":"Jaw Worm","floor":5.0,"turns":3.0},{"damage":25.0,"enemies":"3 Sentries","floor":7.0,"turns":14.0},{"damage":35.0,"enemies":"Large Slime","floor":10.0,"turns":8.0},{"damage":5.0,"enemies":"Gremlin Nob","floor":11.0,"turns":3.0},{"damage":23.0,"enemies":"3 Sentries","floor":14.0,"turns":5.0},{"damage":25.0,"enemies":"The Guardian","floor":16.0,"turns":5.0},{"damage":32.0,"enemies":"2 Thieves","floor":18.0,"turns":3.0},{"damage":12.0,"enemies":"Chosen","floor":22.0,"turns":4.0},{"damage":54.0,"enemies":"Slavers","floor":23.0,"turns":4.0},{"damage":37.0,"enemies":"Gremlin Leader","floor":25.0,"turns":5.0},{"damage":35.0,"enemies":"Book of Stabbing","floor":29.0,"turns":4.0},{"damage":5.0,"enemies":"Sentry and Sphere","floor":30.0,"turns":3.0},{"damage":12.0,"enemies":"Centurion and Healer","floor":31.0,"turns":4.0},{"damage":41.0,"enemies":"Champ","floor":33.0,"turns":7.0},{"damage":6.0,"enemies":"Orb Walker","floor":35.0,"turns":2.0},{"damage":52.0,"enemies":"3 Shapes","floor":37.0,"turns":3.0},{"damage":38.0,"enemies":"3 Darklings","floor":38.0,"turns":4.0},{"damage":85.0,"enemies":"Giant Head","floor":41.0,"turns":6.0},{"damage":57,"enemies":"4 Shapes","floor":45,"turns":3}],"seed_played":"7399141812944601935","potions_obtained":[{"floor":5.0,"key":"PowerPotion"},{"floor":10.0,"key":"Dexterity Potion"},{"floor":14.0,"key":"Swift Potion"},{"floor":22.0,"key":"LiquidMemories"}],"is_trial":false,"path_per_floor":["M","?","M","?","M","R","E","R","T","M","E","$","R","E","R","B",null,"M","?","$","?","M","E","$","E","T","?","R","E","M","M","R","B",null,"M","?","M","M","$","R","E","?","T","$","M"],"character_chosen":"IRONCLAD","items_purchased":["Pummel","Sword Boomerang","Flex","DollysMirror"],"campfire_rested":0,"item_purchase_floors":[12,12,20,20],"current_hp_per_floor":[69,51,57,62,54,54,47,47,47,38,50,50,50,65,65,66,77,70,70,70,70,72,64,64,84,84,84,84,55,56,58,58,23,69,71,71,53,89,89,89,19,19,19,19,0,0],"gold":154,"neow_bonus":"ONE_RANDOM_RARE_CARD","is_daily":false,"chose_seed":false,"campfire_upgraded":5,"win_rate":0.0,"timestamp":1610789363,"path_taken":["M","?","M","?","M","R","E","R","T","M","E","$","R","E","R","BOSS","M","?","$","?","M","E","?","E","T","?","R","E","M","M","R","BOSS","M","?","M","M","$","R","E","?","T","$","M"],"items_purchased_type":["Card","Card","Card","Relic"],"build_version":"2020-12-22","purchased_purges":2,"victory":false,"max_hp_per_floor":[75,75,75,80,80,80,80,80,80,80,80,80,80,80,80,80,80,80,80,80,80,82,84,84,84,84,84,84,84,84,84,84,84,84,86,86,88,90,90,90,92,92,92,92,92,92],"card_choices":[{"not_picked":["Pommel Strike","Blood for Blood"],"picked":"Sword Boomerang","floor":1.0},{"not_picked":["Headbutt","Body Slam"],"picked":"Sword Boomerang","floor":3.0},{"not_picked":["Havoc","Twin Strike"],"picked":"Reaper","floor":5.0},{"not_picked":["Disarm","Searing Blow"],"picked":"Double Tap","floor":7.0},{"not_picked":["Warcry","Pommel Strike"],"picked":"Inflame","floor":10.0},{"not_picked":["Disarm","Sever Soul"],"picked":"Spot Weakness","floor":11.0},{"not_picked":["Immolate","Cleave"],"picked":"Flex","floor":14.0},{"not_picked":["Bludgeon","Brutality"],"picked":"Reaper","floor":16.0},{"not_picked":["Rage","Evolve"],"picked":"Spot Weakness","floor":18.0},{"not_picked":["Anger","Seeing Red","Headbutt"],"picked":"Singing Bowl","floor":22.0},{"not_picked":["Armaments","Blood for Blood","Headbutt"],"picked":"Singing Bowl","floor":23.0},{"not_picked":["Entrench","Carnage","Feel No Pain"],"picked":"Sword Boomerang","floor":25.0},{"not_picked":["Rupture+1","Barricade+1","Power Through"],"picked":"Heavy Blade+1","floor":29.0},{"not_picked":["Rampage","Spot Weakness+1","Hemokinesis"],"picked":"Inflame+1","floor":30.0},{"not_picked":["Reckless Charge","Heavy Blade","Sword Boomerang"],"picked":"Flex","floor":31.0},{"not_picked":["Berserk+1","Reaper","Feed"],"picked":"Offering","floor":33.0},{"not_picked":["Wild Strike+1","Shrug It Off","Cleave","Heavy Blade"],"picked":"Singing Bowl","floor":35.0},{"not_picked":["Sword Boomerang","Shrug It Off","Havoc","Headbutt"],"picked":"Singing Bowl","floor":37.0},{"not_picked":["Headbutt+1","True Grit","Ghostly Armor","Wild Strike+1"],"picked":"Singing Bowl","floor":38.0},{"not_picked":["Bludgeon","Feel No Pain+1","Shockwave","Wild Strike"],"picked":"Singing Bowl","floor":41.0}],"player_experience":14996,"relics_obtained":[{"floor":7.0,"key":"Orichalcum"},{"floor":9.0,"key":"Peace Pipe"},{"floor":11.0,"key":"StrikeDummy"},{"floor":14.0,"key":"Whetstone"},{"floor":23.0,"key":"Question Card"},{"floor":25.0,"key":"Boot"},{"floor":26.0,"key":"War Paint"},{"floor":29.0,"key":"Frozen Egg 2"},{"floor":41.0,"key":"Girya"},{"floor":43,"key":"Toxic Egg 2"}],"event_choices":[{"damage_healed":0.0,"max_hp_gain":0.0,"max_hp_loss":0.0,"gold_gain":0.0,"event_name":"Scrap Ooze","player_choice":"Success","floor":2.0,"gold_loss":0.0,"damage_taken":18.0,"relics_obtained":["Singing Bowl"]},{"damage_healed":0.0,"max_hp_gain":5.0,"max_hp_loss":0.0,"gold_gain":0.0,"event_name":"Big Fish","player_choice":"Donut","floor":4.0,"gold_loss":0.0,"damage_taken":0.0},{"damage_healed":0.0,"max_hp_gain":0.0,"max_hp_loss":0.0,"gold_gain":0.0,"event_name":"Vampires","player_choice":"Ignored","floor":19.0,"gold_loss":0.0,"damage_taken":0.0},{"damage_healed":0.0,"max_hp_gain":0.0,"max_hp_loss":0.0,"gold_gain":0.0,"event_name":"The Mausoleum","player_choice":"Ignored","floor":21.0,"gold_loss":0.0,"damage_taken":0.0},{"damage_healed":0.0,"max_hp_gain":0.0,"max_hp_loss":0.0,"gold_gain":0.0,"event_name":"Ghosts","player_choice":"Ignored","floor":27.0,"gold_loss":0.0,"damage_taken":0.0},{"damage_healed":0.0,"max_hp_gain":0.0,"max_hp_loss":0.0,"gold_gain":0.0,"event_name":"Tomb of Lord Red Mask","player_choice":"Ignored","floor":36.0,"gold_loss":0.0,"damage_taken":0.0},{"cards_removed":["Spot Weakness"],"damage_healed":0,"gold_gain":0,"player_choice":"Removed Skill","damage_taken":0,"max_hp_gain":0,"max_hp_loss":0,"event_name":"Falling","floor":42,"gold_loss":0}],"is_beta":false,"boss_relics":[{"not_picked":["Runic Dome","Runic Pyramid"],"picked":"Coffee Dripper"},{"not_picked":["Calling Bell","Runic Cube"],"picked":"Sozu"}],"items_purged_floors":[39,44],"is_endless":false,"potions_floor_spawned":[5,10,14,22,29,31,35,38],"killed_by":"4 Shapes","ascension_level":20}}