{"host":"cagarqi0rrp923hr","time":1610832308,"event":{"mods":["BaseMod","Colored Map","Colored Powertips","Dark Map","Highlight Path","Minty Spire (QoL Compilation)","StSLib"],"gold_per_floor":[217,217,231,160,175,175,204,204,204,93,93,93,93,113,113,208,208,228,244,255,255,255],"floor_reached":21,"language":"ENG","playtime":726,"items_purged":["Strike_R"],"score":179,"play_id":"ec9356c8-dd38-4cbc-87d1-caba5a36e01c","local_time":"20210116162508","is_ascension_mode":false,"campfire_choices":[{"data":"Whirlwind","floor":6,"key":"SMITH"},{"floor":11,"key":"REST"},{"data":"Flex","floor":13,"key":"SMITH"},{"floor":15,"key":"REST"}],"circlet_count":0,"master_deck":["Strike_R","Strike_R","Strike_R","Strike_R","Defend_R","Defend_R","Defend_R","Defend_R","Bash","Whirlwind+1","Flex+1","Flex","Double Tap"],"relics":["Black Blood","Incense Burner","Bird Faced Urn","MawBank"],"acts_visited":["Exordium","TheCity"],"potions_floor_usage":[16,19,19],"damage_taken":[{"damage":13,"enemies":"Cultist","floor":1,"turns":5},{"damage":11,"enemies":"Jaw Worm","floor":3,"turns":4},{"damage":5,"enemies":"2 Louse","floor":5,"turns":2},{"damage":36,"enemies":"3 Sentries","floor":7,"turns":5},{"damage":15,"enemies":"Gremlin Gang","floor":14,"turns":3},{"damage":11,"enemies":"Slime Boss","floor":16,"turns":7},{"damage":10,"enemies":"Chosen","floor":18,"turns":3},{"damage":10,"enemies":"Spheric Guardian","floor":19,"turns":3},{"damage":24,"enemies":"Centurion and Healer","floor":20,"turns":4},{"damage":68,"enemies":"Sentry and Sphere","floor":21,"turns":7}],"seed_played":"6395524895445197837","potions_obtained":[{"floor":1,"key":"DuplicationPotion"},{"floor":16,"key":"AttackPotion"},{"floor":18,"key":"AttackPotion"}],"is_trial":false,"path_per_floor":["M","?","M","$","M","R","E","T","T","$","R","?","R","M","R","B",null,"M","M","M","M"],"character_chosen":"IRONCLAD","items_purchased":["Whirlwind","Flex"],"campfire_rested":2,"item_purchase_floors":[4,10],"current_hp_per_floor":[73,73,68,68,69,69,39,39,39,39,63,63,63,54,78,73,80,80,80,68,0,0],"gold":255,"neow_bonus":"HUNDRED_GOLD","is_daily":false,"chose_seed":false,"campfire_upgraded":2,"win_rate":0.0,"timestamp":1610832308,"path_taken":["M","?","M","$","M","R","E","?","T","$","R","?","R","M","R","BOSS","M","M","M","M"],"items_purchased_type":["Card","Card"],"build_version":"2020-12-22","purchased_purges":1,"victory":false,"max_hp_per_floor":[80,80,80,80,80,80,80,80,80,80,80,80,80,80,80,80,80,80,80,80,80,80],"card_choices":[{"not_picked":["Sever Soul","Carnage","Headbutt"],"picked":"SKIP","floor":1},{"not_picked":["Fire Breathing","Clash","Sword Boomerang"],"picked":"SKIP","floor":3},{"not_picked":["Cleave","Fire Breathing"],"picked":"Flex","floor":5},{"not_picked":["Headbutt","Flame Barrier","Warcry"],"picked":"SKIP","floor":7},{"not_picked":["Rupture","Armaments","Berserk"],"picked":"SKIP","floor":14},{"not_picked":["Offering","Corruption"],"picked":"Double Tap","floor":16},{"not_picked":["Iron Wave","Second Wind","Clash"],"picked":"SKIP","floor":18},{"not_picked":["True Grit","Blood for Blood","Body Slam+1"],"picked":"SKIP","floor":19},{"not_picked":["Dual Wield+1","Iron Wave","Power Through+1"],"picked":"SKIP","floor":20}],"player_experience":19585,"relics_obtained":[{"floor":7,"key":"Incense Burner"},{"floor":8,"key":"Bird Faced Urn"},{"floor":9,"key":"MawBank"}],"event_choices":[{"damage_healed":0,"gold_gain":0,"player_choice":"Ignored","damage_taken":0,"max_hp_gain":0,"max_hp_loss":0,"event_name":"Shining Light","floor":2,"gold_loss":0},{"damage_healed":0,"gold_gain":0,"player_choice":"Ignored","damage_taken":0,"max_hp_gain":0,"max_hp_loss":0,"event_name":"NoteForYourself","floor":12,"gold_loss":0}],"is_beta":false,"boss_relics":[{"not_picked":["Runic Dome","Cursed Key"],"picked":"Black Blood"}],"items_purged_floors":[10],"is_endless":false,"potions_floor_spawned":[1,16,18],"killed_by":"Sentry and Sphere","ascension_level":0}}