{"host":"h2gxemxa99wv6yfu","time":1610755425,"event":{"mods":["Bard","BaseMod","Beaked The Cultist","BetterRewards","Block Reminder","Colored Powertips","Conspire","Friendly Minions","Glutton Mod","Highlight Path","Hubris","Infinite Spire","Mad Scientist","Marisa????????","Minty Spire (QoL Compilation)","Permanent Neow","Quick Restart","Relic Stats","Replay The Spire","Shop Mod","StSLib","The Animator","The Blackbeard","The Bug Knight","The Construct","The Disciple","The Mystic","The Necromancer","The Servant 0.9.4","The Witch"],"gold_per_floor":[109,109,127,145,157,157,168,168,168,168,187,187,204,235,235,337,337,357,16,27,27,27,45,73,106,140,140,140,140,153,153,173,191,191,295,295,307,307,130,130,130],"floor_reached":40,"language":"ENG","playtime":2130,"items_purged":["Strike_MRS","Strike_MRS"],"score":408,"play_id":"320027cc-cb51-47d9-9974-fb1e184639bb","local_time":"20210115180345","is_ascension_mode":false,"campfire_choices":[{"data":"Apotheosis","floor":6.0,"key":"SMITH"},{"data":"PowerUp","floor":8.0,"key":"SMITH"},{"data":"MilkyWay","floor":15.0,"key":"SMITH"},{"floor":27.0,"key":"REST"},{"floor":29.0,"key":"REST"},{"floor":34.0,"key":"REST"}],"circlet_count":0,"master_deck":["Strike_MRS","Defend_MRS","Defend_MRS","Defend_MRS","Defend_MRS","MasterSpark","UpSweep","Apotheosis+1","PowerUp+1","MilkyWay+1","GrandCross","NonDirectionalLaser","SprinkleStarSeal","6A","ManaRampage","CurseOfTheBell","DoubleSpark","EnergyFlow","AsteroidBelt+1","Singularity","SuperPerseids","JA","NonDirectionalLaser"],"relics":["MiniHakkero","Replay:WaspNest","Lee\u0027s Waffle","hubris:Icosahedron","hubris:ToyBattleship","Centennial Puzzle","hubris:CuriousFeather","MerchantsRug","Onion Ring","Calipers","Oddly Smooth Stone","TungstenRod","RampagingMagicTools","infinitespire:Beetle Shell"],"acts_visited":["Exordium","TheCity","TheBeyond"],"potions_floor_usage":[40],"damage_taken":[{"damage":0.0,"enemies":"Small Slimes","floor":1.0,"turns":3.0},{"damage":0.0,"enemies":"Cultist","floor":3.0,"turns":3.0},{"damage":3.0,"enemies":"2 Louse","floor":4.0,"turns":3.0},{"damage":6.0,"enemies":"2 Fungi Beasts","floor":5.0,"turns":3.0},{"damage":10.0,"enemies":"Exordium Thugs","floor":7.0,"turns":3.0},{"damage":2.0,"enemies":"Large Slime","floor":11.0,"turns":3.0},{"damage":4.0,"enemies":"Exordium Wildlife","floor":13.0,"turns":2.0},{"damage":12.0,"enemies":"Gremlin Nob","floor":14.0,"turns":3.0},{"damage":14.0,"enemies":"Hexaghost","floor":16.0,"turns":6.0},{"damage":20.0,"enemies":"2 Thieves","floor":18.0,"turns":2.0},{"damage":7.0,"enemies":"3 Byrds","floor":20.0,"turns":4.0},{"damage":19.0,"enemies":"Snecko","floor":23.0,"turns":4.0},{"damage":6.0,"enemies":"Nightmare","floor":25.0,"turns":10.0},{"damage":0.0,"enemies":"conspire:MimicChest","floor":26.0,"turns":7.0},{"damage":11.0,"enemies":"Shelled Parasite and Fungi","floor":30.0,"turns":4.0},{"damage":17.0,"enemies":"Snake Plant","floor":32.0,"turns":2.0},{"damage":11.0,"enemies":"Chosen and Byrds","floor":33.0,"turns":6.0},{"damage":24.0,"enemies":"Collector","floor":35.0,"turns":9.0},{"damage":25.0,"enemies":"3 Shapes","floor":37.0,"turns":4.0},{"damage":28,"enemies":"infinitespire:Three Voidlings","floor":40,"turns":3},{"damage":17,"enemies":"Nightmare_Alpha","floor":40,"turns":1}],"seed_played":"-3510040754666313178","potions_obtained":[{"floor":1.0,"key":"Ancient Potion"},{"floor":7.0,"key":"Fruit Juice"},{"floor":14.0,"key":"Languid Potion"},{"floor":16.0,"key":"conspire:TimeTravelPotion"},{"floor":18.0,"key":"PowerPotion"},{"floor":23.0,"key":"SpeedPotion"},{"floor":25.0,"key":"Energy Potion"},{"floor":33.0,"key":"DuplicationPotion"}],"is_trial":false,"path_per_floor":["M","?","M","M","M","R","M","R","T","?","M","?","M","E","R","B",null,"M","$","M","PTL","PTL","M","?","NM","?","R","T","R","M","?","M","M","R","B",null,"M","?","$","?"],"character_chosen":"MARISA","items_purchased":["Replay:WaspNest","Lee\u0027s Waffle","Apotheosis","PowerUp","EnergyFlow","MerchantsRug","Onion Ring","infinitespire:Beetle Shell"],"campfire_rested":3,"item_purchase_floors":[0,0,0,0,19,19,19,39],"current_hp_per_floor":[82,82,82,79,73,73,63,68,68,56,59,59,58,51,51,43,65,65,65,58,58,58,39,13,7,7,26,26,45,34,34,17,6,25,1,65,40,40,40,0,0],"gold":130,"neow_bonus":"","is_daily":false,"chose_seed":false,"campfire_upgraded":3,"win_rate":0.0,"timestamp":1610755425,"path_taken":["M","?","?","M","M","R","?","R","T","?","M","?","M","E","R","BOSS","M","$","M","PTL","PTL","M","?","NM","?","R","T","R","M","?","M","M","R","BOSS","M","?","$","?"],"items_purchased_type":["Relic","Relic","Card","Card","Card","Relic","Relic","Relic"],"build_version":"2020-12-22","purchased_purges":2,"victory":false,"max_hp_per_floor":[82,82,82,82,82,82,82,87,87,65,65,65,65,65,65,65,65,65,65,65,65,65,65,65,65,65,65,65,65,65,65,65,65,65,65,65,65,65,65,65,65],"relic_stats":{"Lee\u0027s Waffle":23,"Centennial Puzzle":[33],"counters":[23,93],"obtain_stats":[{"MerchantsRug":19,"Lee\u0027s Waffle":0,"Calipers":24,"animator:TheMissingPiece":0,"Oddly Smooth Stone":25,"Replay:WaspNest":0,"infinitespire:Beetle Shell":39,"Boot":26,"White Beast Statue":17,"Calling Bell":17,"Centennial Puzzle":17,"hubris:Icosahedron":12,"animator:PurgingStone":0,"infinitespire:Lychee Nut":10,"Onion Ring":19,"animator:LivingPicture":0,"hubris:CuriousFeather":17,"hubris:ToyBattleship":14,"MiniHakkero":19,"RampagingMagicTools":36,"TungstenRod":28},{"MerchantsRug":12,"Lee\u0027s Waffle":2,"Calipers":14,"animator:TheMissingPiece":0,"Oddly Smooth Stone":15,"Replay:WaspNest":2,"infinitespire:Beetle Shell":21,"Boot":16,"White Beast Statue":11,"Calling Bell":11,"Centennial Puzzle":11,"hubris:Icosahedron":8,"animator:PurgingStone":0,"infinitespire:Lychee Nut":7,"Onion Ring":12,"animator:LivingPicture":0,"hubris:CuriousFeather":11,"hubris:ToyBattleship":10,"MiniHakkero":12,"RampagingMagicTools":20,"TungstenRod":16},{"MerchantsRug":39,"Lee\u0027s Waffle":8,"Calipers":47,"animator:TheMissingPiece":0,"Oddly Smooth Stone":57,"Replay:WaspNest":8,"infinitespire:Beetle Shell":89,"Boot":64,"White Beast Statue":37,"Calling Bell":37,"Centennial Puzzle":37,"hubris:Icosahedron":26,"animator:PurgingStone":0,"infinitespire:Lychee Nut":23,"Onion Ring":39,"animator:LivingPicture":0,"hubris:CuriousFeather":37,"hubris:ToyBattleship":31,"MiniHakkero":39,"RampagingMagicTools":85,"TungstenRod":64}],"TungstenRod":25},"card_choices":[{"not_picked":["MeteoricShower","SuperPerseids"],"picked":"MilkyWay","floor":1.0},{"not_picked":["AsteroidBelt","GalacticHalo"],"picked":"GrandCross","floor":3.0},{"not_picked":["OpenUniverse","ChargeUpSpray","DragonMeteor"],"picked":"SKIP","floor":4.0},{"not_picked":["Acceleration","ChargeUpSpray"],"picked":"NonDirectionalLaser","floor":5.0},{"not_picked":["DarkMatter","DC"],"picked":"SprinkleStarSeal","floor":7.0},{"not_picked":["Occultation","GalacticHalo","PowerUp"],"picked":"SKIP","floor":11.0},{"not_picked":["SporeBomb","UnstableBomb","DC"],"picked":"SKIP","floor":13.0},{"not_picked":["GravityBeat","DarkSpark"],"picked":"6A","floor":14.0},{"not_picked":["StarDustReverie","UltimateShortwave"],"picked":"ManaRampage","floor":16.0},{"not_picked":["MilkyWay","GalacticHalo"],"picked":"DoubleSpark","floor":18.0},{"not_picked":["ChargingUp","EnergyRecoil","WitchOfGreed"],"picked":"SKIP","floor":20.0},{"not_picked":["DC+1","SporeBomb","PowerUp"],"picked":"SKIP","floor":23.0},{"not_picked":["LuminesStrike","SuperPerseids"],"picked":"AsteroidBelt+1","floor":24.0},{"not_picked":["SuperNova","GalacticHalo+1","IllusionStar"],"picked":"SKIP","floor":25.0},{"not_picked":["GrandCross","MilkyWay"],"picked":"Singularity","floor":26.0},{"not_picked":["EarthLightRay","DoubleSpark","DarkSpark"],"picked":"SKIP","floor":30.0},{"not_picked":["NonDirectionalLaser","Orbital"],"picked":"SuperPerseids","floor":32.0},{"not_picked":["Acceleration+1","IllusionStar","UnstableBomb"],"picked":"SKIP","floor":33.0},{"not_picked":["UltimateShortwave","AbsoluteMagnitude"],"picked":"JA","floor":35.0},{"not_picked":["GalacticHalo+1","WitchLeyline+1","IllusionStar+1"],"picked":"SKIP","floor":37.0}],"player_experience":14010,"relics_obtained":[{"floor":14.0,"key":"hubris:ToyBattleship"},{"floor":17.0,"key":"Centennial Puzzle"},{"floor":17.0,"key":"White Beast Statue"},{"floor":17.0,"key":"hubris:CuriousFeather"},{"floor":24.0,"key":"Calipers"},{"floor":25.0,"key":"Oddly Smooth Stone"},{"floor":26.0,"key":"Boot"},{"floor":28.0,"key":"TungstenRod"}],"event_choices":[{"cards_removed":["Strike_MRS"],"damage_healed":0.0,"max_hp_gain":0.0,"max_hp_loss":0.0,"gold_gain":0.0,"event_name":"Wheel of Change","player_choice":"Card Removal","floor":2.0,"gold_loss":0.0,"damage_taken":0.0},{"damage_healed":0.0,"max_hp_gain":0.0,"max_hp_loss":0.0,"gold_gain":0.0,"event_name":"Scrap Ooze","player_choice":"Success","floor":10.0,"gold_loss":0.0,"damage_taken":12.0,"relics_obtained":["infinitespire:Lychee Nut"]}],"is_beta":false,"boss_relics":[{"not_picked":["hubris:TerracottaHorce","hubris:ScarierMask"],"picked":"Calling Bell"},{"not_picked":["construct:WeddingRing","ChewingGum"],"picked":"RampagingMagicTools"}],"items_purged_floors":[0,39],"is_endless":true,"potions_floor_spawned":[1,7,14,16,18,23,25,33],"killed_by":"Nightmare_Alpha","ascension_level":0}}