{"host":"rfd0aujzbne52cnp","time":1610779911,"event":{"mods":["2.2 Compatiblity","BaseMod","Better Match","Better Third Choice","BetterRewards","Colored Powertips","Hermit","Jorbs\u0027s Wanderer Trilogy","Minty Spire (QoL Compilation)","Quick Restart","Spicy Shops","StSLib","everything is the same but u backflip on backflip"],"gold_per_floor":[119,119,134,147,147,177,177,205,229,229,240,240,255,255,255,383,383,398,419,419,419,442,475,475,488,488,523,523,567,492,508,508,633,633,668,684,38,56,74,112,136,185,211,251,272,272,272,53,53,58],"floor_reached":51,"language":"ENG","playtime":2661,"items_purged":["hermit:Strike_Hermit","stsjorbsmod:Amnesia","hermit:Strike_Hermit+1"],"score":1403,"play_id":"632307bf-4649-45b2-917a-9aaf8b826e94","local_time":"20210116015151","is_ascension_mode":true,"campfire_choices":[{"floor":7,"key":"REST"},{"data":"hermit:Desperado","floor":10,"key":"SMITH"},{"data":"hermit:Snapshot","floor":12,"key":"SMITH"},{"data":"hermit:Covet","floor":15,"key":"SMITH"},{"data":"hermit:GoldenBullet","floor":24,"key":"SMITH"},{"floor":28,"key":"REST"},{"data":"hermit:Dive","floor":32,"key":"SMITH"},{"data":"hermit:DeadOrAlive","floor":46,"key":"SMITH"},{"floor":49,"key":"REST"}],"circlet_count":0,"master_deck":["hermit:Strike_Hermit+1","hermit:Defend_Hermit+1","hermit:Defend_Hermit+1","hermit:Snapshot+1","hermit:Covet+1","hermit:Headshot+1","hermit:BigShot","hermit:Quickdraw+1","hermit:Desperado+1","hermit:GhostlyPresence","hermit:GhostlyPresence","hermit:FinalCanter","hermit:GoldenBullet+1","hermit:Glare","hermit:Enervate","hermit:Dive+1","hermit:DeadOrAlive+1","hermit:GoldenBullet","hermit:Enervate+1","hermit:Combo+1","hermit:Glare","hermit:GhostlyPresence","hermit:Dive+1","hermit:Scavenge","hermit:Determination+1","hermit:Virtue+1","hermit:FinalCanter"],"relics":["hermit:Momento","Strange Spoon","hermit:Spyglass","Art of War","Thread and Needle","Bag of Marbles","Whetstone","Akabeko","Centennial Puzzle","Golden Idol","Cursed Key","White Beast Statue","Regal Pillow","Frozen Egg 2","The Courier","Busted Crown","Oddly Smooth Stone","Nunchaku","Chemical X","Anchor","Omamori","Blood Vial","hermit:RyeStalk","Pen Nib"],"acts_visited":["Exordium","TheCity","TheBeyond"],"potions_floor_usage":[6,27,27,33,39,42,44,50],"damage_taken":[{"damage":0,"enemies":"2 Louse","floor":1,"turns":3},{"damage":0,"enemies":"Jaw Worm","floor":3,"turns":3},{"damage":0,"enemies":"Cultist","floor":4,"turns":3},{"damage":15,"enemies":"3 Sentries","floor":6,"turns":9},{"damage":8,"enemies":"Gremlin Nob","floor":8,"turns":3},{"damage":0,"enemies":"Exordium Wildlife","floor":11,"turns":1},{"damage":0,"enemies":"Blue Slaver","floor":13,"turns":3},{"damage":17,"enemies":"Slime Boss","floor":16,"turns":7},{"damage":0,"enemies":"Chosen","floor":18,"turns":1},{"damage":3,"enemies":"Spheric Guardian","floor":19,"turns":5},{"damage":0,"enemies":"Centurion and Healer","floor":22,"turns":2},{"damage":0,"enemies":"Book of Stabbing","floor":23,"turns":4},{"damage":0,"enemies":"Cultist and Chosen","floor":25,"turns":4},{"damage":14,"enemies":"Gremlin Leader","floor":27,"turns":5},{"damage":0,"enemies":"Slavers","floor":29,"turns":4},{"damage":3,"enemies":"Sentry and Sphere","floor":31,"turns":4},{"damage":65,"enemies":"Automaton","floor":33,"turns":10},{"damage":0,"enemies":"3 Shapes","floor":35,"turns":4},{"damage":1,"enemies":"Orb Walker","floor":36,"turns":3},{"damage":5,"enemies":"Spire Growth","floor":38,"turns":4},{"damage":10,"enemies":"4 Shapes","floor":39,"turns":4},{"damage":0,"enemies":"Nemesis","floor":40,"turns":3},{"damage":0,"enemies":"Writhing Mass","floor":41,"turns":4},{"damage":0,"enemies":"Reptomancer","floor":42,"turns":5},{"damage":0,"enemies":"Nemesis","floor":44,"turns":5},{"damage":0,"enemies":"Spire Growth","floor":45,"turns":4},{"damage":23,"enemies":"Time Eater","floor":50,"turns":4}],"seed_played":"-6858143487800186724","potions_obtained":[{"floor":1,"key":"Fruit Juice"},{"floor":4,"key":"FairyPotion"},{"floor":8,"key":"SteroidPotion"},{"floor":25,"key":"Block Potion"},{"floor":27,"key":"Energy Potion"},{"floor":29,"key":"DistilledChaos"},{"floor":31,"key":"DuplicationPotion"},{"floor":33,"key":"Block Potion"},{"floor":39,"key":"Explosive Potion"},{"floor":40,"key":"SkillPotion"},{"floor":42,"key":"SkillPotion"},{"floor":44,"key":"GamblersBrew"}],"is_trial":false,"path_per_floor":["M","?","M","M","?","E","R","E","T","R","M","R","M","?","R","B",null,"M","M","?","?","M","E","R","M","T","E","R","E","?","M","R","B",null,"M","M","$","M","M","E","M","E","T","E","M","R","?","$","R","B",null],"character_chosen":"HERMIT","items_purchased":["Strange Spoon","hermit:Spyglass","Art of War","hermit:Combo+1","hermit:Glare","Oddly Smooth Stone","Nunchaku","Chemical X","hermit:GhostlyPresence","Pen Nib"],"campfire_rested":3,"item_purchase_floors":[0,0,0,37,37,37,37,37,37,48],"current_hp_per_floor":[40,40,40,40,40,30,54,46,46,46,46,46,46,46,46,29,63,63,60,60,60,60,60,60,60,60,46,74,74,74,71,71,6,57,57,56,56,51,41,41,41,41,41,43,45,45,45,45,74,51],"gold":58,"neow_bonus":"","is_daily":false,"chose_seed":false,"campfire_upgraded":6,"win_rate":0.0,"timestamp":1610779911,"path_taken":["M","?","M","M","?","E","R","E","T","R","?","R","M","?","R","BOSS","M","M","?","?","M","E","R","M","T","E","R","E","?","?","R","BOSS","M","?","$","M","M","E","M","E","T","E","M","R","?","$","R","BOSS"],"items_purchased_type":["Relic","Relic","Relic","Card","Card","Relic","Relic","Relic","Card","Relic"],"build_version":"2020-12-22","purchased_purges":3,"victory":true,"max_hp_per_floor":[75,75,75,75,75,80,80,80,80,80,80,80,80,74,74,74,74,74,74,74,74,74,74,74,74,74,74,74,74,74,74,74,74,74,74,74,74,74,74,74,74,74,74,74,74,74,74,74,74,74],"card_choices":[{"not_picked":["hermit:LowProfile","hermit:Vantage"],"picked":"hermit:Headshot","floor":1},{"not_picked":["hermit:DeadMansHand","hermit:LuckOfTheDraw"],"picked":"hermit:Quickdraw","floor":3},{"not_picked":["hermit:Brawl","hermit:Snipe","hermit:ItchyTrigger"],"picked":"SKIP","floor":4},{"not_picked":["hermit:Dive","hermit:Manifest"],"picked":"hermit:Desperado","floor":6},{"not_picked":["hermit:Spite","hermit:FromBeyond","hermit:Roulette"],"picked":"SKIP","floor":8},{"not_picked":["hermit:HoleUp","hermit:Manifest"],"picked":"hermit:GhostlyPresence","floor":11},{"not_picked":["hermit:Showdown","hermit:Malice"],"picked":"hermit:GhostlyPresence","floor":13},{"not_picked":["hermit:EternalForm","hermit:Dissolve"],"picked":"hermit:FinalCanter","floor":16},{"not_picked":["hermit:LuckOfTheDraw+1","hermit:PistolWhip"],"picked":"hermit:GoldenBullet","floor":18},{"not_picked":["hermit:Headshot","hermit:Maintenance","hermit:SprayPray+1"],"picked":"SKIP","floor":19},{"not_picked":["hermit:Showdown","hermit:Quickdraw"],"picked":"hermit:Enervate","floor":22},{"not_picked":["hermit:Gambit","hermit:Glare","hermit:BodyArmor"],"picked":"SKIP","floor":23},{"not_picked":["hermit:Manifest+1","hermit:LowProfile","hermit:Quickdraw"],"picked":"SKIP","floor":25},{"not_picked":["hermit:Quickdraw","hermit:Manifest","hermit:Dissolve"],"picked":"SKIP","floor":27},{"not_picked":["hermit:Snipe","hermit:Feint"],"picked":"hermit:Dive","floor":29},{"not_picked":["hermit:Feint","hermit:HighCaliber","hermit:BodyArmor"],"picked":"SKIP","floor":31},{"not_picked":["hermit:RoundhouseKick","hermit:FromBeyond"],"picked":"hermit:DeadOrAlive","floor":33},{"not_picked":[],"picked":"hermit:GoldenBullet","floor":35},{"not_picked":[],"picked":"hermit:Enervate+1","floor":36},{"not_picked":["hermit:Roulette"],"picked":"SKIP","floor":38},{"not_picked":[],"picked":"hermit:Dive+1","floor":39},{"not_picked":[],"picked":"hermit:Scavenge","floor":40},{"not_picked":[],"picked":"hermit:Determination+1","floor":41},{"not_picked":[],"picked":"hermit:Virtue+1","floor":42},{"not_picked":["hermit:Coalescence"],"picked":"SKIP","floor":44},{"not_picked":["hermit:Headshot"],"picked":"SKIP","floor":45}],"player_experience":1551343,"relics_obtained":[{"floor":5,"key":"Bag of Marbles"},{"floor":6,"key":"Whetstone"},{"floor":8,"key":"Akabeko"},{"floor":9,"key":"Centennial Puzzle"},{"floor":23,"key":"White Beast Statue"},{"floor":26,"key":"Regal Pillow"},{"floor":27,"key":"Frozen Egg 2"},{"floor":29,"key":"The Courier"},{"floor":40,"key":"Anchor"},{"floor":42,"key":"Omamori"},{"floor":43,"key":"Blood Vial"},{"floor":44,"key":"hermit:RyeStalk"}],"event_choices":[{"damage_healed":0,"gold_gain":0,"cards_transformed":["hermit:Strike_Hermit"],"player_choice":"Change","damage_taken":0,"max_hp_gain":0,"max_hp_loss":0,"event_name":"Living Wall","floor":2,"gold_loss":0,"cards_obtained":["hermit:BigShot"]},{"damage_healed":0,"gold_gain":0,"player_choice":"Relic","damage_taken":0,"max_hp_gain":0,"max_hp_loss":0,"event_name":"Wheel of Change","floor":5,"gold_loss":0},{"damage_healed":0,"gold_gain":0,"player_choice":"Lose Max HP","damage_taken":0,"relics_obtained":["Golden Idol"],"max_hp_gain":0,"max_hp_loss":6,"event_name":"Golden Idol","floor":14,"gold_loss":0},{"damage_healed":0,"gold_gain":0,"player_choice":"Simplicity","damage_taken":0,"max_hp_gain":0,"max_hp_loss":6,"event_name":"betterThird:BetterWriting","floor":20,"gold_loss":0},{"damage_healed":0,"gold_gain":0,"player_choice":"Read","damage_taken":0,"max_hp_gain":0,"max_hp_loss":0,"event_name":"The Library","floor":21,"gold_loss":0,"cards_obtained":["hermit:Glare"]},{"cards_removed":["hermit:Defend_Hermit"],"damage_healed":0,"gold_gain":0,"player_choice":"Gave Gold","damage_taken":0,"max_hp_gain":0,"max_hp_loss":0,"event_name":"Beggar","floor":30,"gold_loss":75},{"damage_healed":0,"gold_gain":0,"cards_transformed":["hermit:Defend_Hermit"],"player_choice":"Transformed","damage_taken":0,"max_hp_gain":0,"max_hp_loss":0,"event_name":"Transmorgrifier","floor":47,"gold_loss":0,"cards_obtained":["hermit:FinalCanter"]}],"is_beta":false,"boss_relics":[{"not_picked":["hermit:BartenderGlass","SlaversCollar"],"picked":"Cursed Key"},{"not_picked":["Philosopher\u0027s Stone","Velvet Choker"],"picked":"Busted Crown"}],"items_purged_floors":[0,37,48],"is_endless":false,"potions_floor_spawned":[1,4,8,25,27,29,31,33,35,36,38,39,40,41,42,44,45],"ascension_level":5}}