{"host":"gk9qdtkqd8dwfeg2","time":1610799872,"event":{"mods":["Act Like it!","Aspiration","BaseMod","Colored Powertips","KomeijiMod","Minty Spire (QoL Compilation)","Quick Restart","Replay The Spire","Shop Mod","StSLib","TestMod","The Gatherer","The Servant 0.9.4","Waifu the Spire","WarShipGirlsR/’ΩΩ¢…Ÿ≈ÆR mod","Yuri Mod"],"gold_per_floor":[119,119,139,139,154,154,169,187,187,187,217,231,249,280,280,357,357,377,377,390,59,59,59,59],"floor_reached":23,"language":"ZHS","playtime":423,"items_purged":[],"score":365,"play_id":"200b1708-30cd-4cad-afb2-7d9944b8547b","local_time":"20210116202432","is_ascension_mode":true,"campfire_choices":[{"data":"Defy Death","floor":6,"key":"SMITH"},{"data":"Body Slam","floor":15,"key":"SMITH"}],"circlet_count":0,"master_deck":["AscendersBane","Strike_R","Strike_R","Strike_R","Strike_R","Defend_R","Defend_R","Defend_R","Bash","Defy Death+1","Injury","Rupture+1","Burning Pact","Fire Breathing+1","Run Through+1","Intimidate","Body Slam+1","Shrug It Off","Fiend Fire","ReplayTheSpireMod:Muscle Training","Exhaustion"],"relics":["Burning Blood","testmod-TestBox","testmod-Brilliant","aspiration:Nostalgia","Cracked Core","Frozen Egg 2","testmod-EqualTreatment","Shuriken","testmod-StringDisintegrator","Medical Kit","MerchantsRug"],"acts_visited":["Exordium","TheCity"],"potions_floor_usage":[14,16,18],"damage_taken":[{"damage":2,"enemies":"Jaw Worm","floor":1,"turns":3},{"damage":1,"enemies":"Cultist","floor":3,"turns":3},{"damage":0,"enemies":"Small Slimes","floor":5,"turns":1},{"damage":0,"enemies":"3 Louse","floor":7,"turns":1},{"damage":11,"enemies":"Looter","floor":8,"turns":4},{"damage":30,"enemies":"Lagavulin","floor":11,"turns":5},{"damage":0,"enemies":"2 Fungi Beasts","floor":12,"turns":1},{"damage":0,"enemies":"3 Louse","floor":13,"turns":1},{"damage":23,"enemies":"Gremlin Nob","floor":14,"turns":4},{"damage":23,"enemies":"The Guardian","floor":16,"turns":10},{"damage":10,"enemies":"Shell Parasite","floor":18,"turns":3},{"damage":0,"enemies":"2 Thieves","floor":20,"turns":1},{"damage":21,"enemies":"Book of Stabbing","floor":23,"turns":3}],"seed_played":"5174581738508712561","potions_obtained":[{"floor":3,"key":"Ancient Potion"},{"floor":5,"key":"Swift Potion"},{"floor":14,"key":"Cursed Concoction"},{"floor":20,"key":"Swift Potion"}],"is_trial":false,"path_per_floor":["M","?","M","?","M","R","M","M","T","?","E","M","M","E","R","B",null,"M","?","M","$","?","E"],"character_chosen":"IRONCLAD","items_purchased":["Medical Kit","MerchantsRug"],"campfire_rested":0,"item_purchase_floors":[21,21],"current_hp_per_floor":[72,72,75,75,75,75,75,70,70,70,46,52,58,41,41,24,62,58,58,64,64,64,43,43],"gold":59,"neow_bonus":"NOSTALGIA","is_daily":false,"chose_seed":false,"campfire_upgraded":2,"win_rate":0.0,"timestamp":1610799872,"path_taken":["M","?","?","?","M","R","M","M","T","?","E","M","M","E","R","BOSS","M","?","M","$","?","E"],"items_purchased_type":["Relic","Relic"],"build_version":"2020-12-22","purchased_purges":0,"victory":false,"max_hp_per_floor":[75,75,75,75,75,75,75,75,75,75,75,75,75,75,75,75,75,75,75,75,75,75,75,75],"card_choices":[{"not_picked":["Warcry","Headbutt"],"picked":"Defy Death","floor":1},{"not_picked":["Perfected Strike","Sever Soul","Cleave"],"picked":"SKIP","floor":3},{"not_picked":["Defy Death","ReplayTheSpireMod:Stacked"],"picked":"Rupture+1","floor":5},{"not_picked":["True Grit","ReplayTheSpireMod:Strike From Hell"],"picked":"Burning Pact","floor":7},{"not_picked":["Heavy Blade","Power Through"],"picked":"Fire Breathing+1","floor":8},{"not_picked":["Massacre","Defy Death"],"picked":"Intimidate","floor":11},{"not_picked":["Cleave","Clash"],"picked":"Body Slam","floor":12},{"not_picked":["Rage","Uppercut"],"picked":"Shrug It Off","floor":13},{"not_picked":["ReplayTheSpireMod:Limb From Limb","ReplayTheSpireMod:Stacked","Demonic Infusion"],"picked":"SKIP","floor":14},{"not_picked":["Reaper","Juggernaut+1"],"picked":"Fiend Fire","floor":16},{"not_picked":["Replay:Undeath\u0027s Touch","Heavy Blade","Defy Death"],"picked":"SKIP","floor":18},{"not_picked":["ReplayTheSpireMod:LeadingStrike","Hemokinesis"],"picked":"ReplayTheSpireMod:Muscle Training","floor":20}],"player_experience":635620,"relics_obtained":[{"floor":11,"key":"testmod-EqualTreatment"},{"floor":14,"key":"Shuriken"}],"event_choices":[{"cards_removed":["Strike_R"],"damage_healed":0,"gold_gain":0,"player_choice":"Purged","damage_taken":0,"max_hp_gain":0,"max_hp_loss":0,"event_name":"Purifier","floor":2,"gold_loss":0},{"damage_healed":0,"gold_gain":0,"player_choice":"Ignored","damage_taken":0,"max_hp_gain":0,"max_hp_loss":0,"event_name":"Vampires","floor":19,"gold_loss":0}],"is_beta":false,"boss_relics":[{"not_picked":["Sozu","Abe\u0027s Treasure"],"picked":"testmod-StringDisintegrator"}],"items_purged_floors":[],"is_endless":false,"potions_floor_spawned":[3,5,8,12,13,14,20],"killed_by":"Book of Stabbing","ascension_level":16}}