{"host":"5l3fd535wdxfzl1g","time":1610806193,"event":{"mods":["2.2 Compatiblity","AchievementEnabler","BaseMod","Better Third Choice","Better Vampires","Colored Powertips","Minty Spire (QoL Compilation)","Quick Restart","Rare Cards Sparkle","Replay The Spire","StSLib","UnlockEverythingMod"],"gold_per_floor":[117,136,146,71,71,100,110,210,262,272,324,354,354,380,380,380,380],"floor_reached":16,"language":"ZHS","playtime":579,"items_purged":["Strike_B"],"score":145,"play_id":"1b8194c3-8744-4e16-b2e8-281156bd71d4","local_time":"20210116220953","is_ascension_mode":false,"campfire_choices":[{"data":"Zap","floor":13,"key":"SMITH"}],"circlet_count":0,"master_deck":["Strike_B","Strike_B","Defend_B","Defend_B","Defend_B","Defend_B","Zap+1","Dualcast","Barrage","Gash"],"relics":["Cracked Core","NeowsBlessing","Ring of Peace","Snack Pack","Juzu Bracelet","Lantern","Tiny Chest"],"acts_visited":["Exordium"],"potions_floor_usage":[12],"damage_taken":[{"damage":0.0,"enemies":"Cultist","floor":1.0,"turns":1.0},{"damage":0.0,"enemies":"Jaw Worm","floor":2.0,"turns":1.0},{"damage":0.0,"enemies":"Small Slimes","floor":3.0,"turns":1.0},{"damage":0.0,"enemies":"Lagavulin","floor":6.0,"turns":6.0},{"damage":4.0,"enemies":"Exordium Thugs","floor":7.0,"turns":5.0},{"damage":6.0,"enemies":"Exordium Wildlife","floor":10.0,"turns":5.0},{"damage":25,"enemies":"3 Sentries","floor":12,"turns":8},{"damage":39,"enemies":"Gremlin Nob","floor":14,"turns":5},{"damage":26,"enemies":"Fading Forest","floor":16,"turns":7}],"seed_played":"-2300843035219993055","potions_obtained":[{"floor":1.0,"key":"Explosive Potion"},{"floor":7.0,"key":"LiquidMemories"}],"is_trial":false,"path_per_floor":["M","M","M","$","?","E","M","?","T","M","T","E","R","E","R","B"],"character_chosen":"DEFECT","items_purchased":[],"campfire_rested":0,"item_purchase_floors":[],"current_hp_per_floor":[75,75,75,75,75,75,71,71,71,69,69,48,48,13,13,0,0],"gold":380,"neow_bonus":"THREE_ENEMY_KILL","is_daily":false,"chose_seed":false,"campfire_upgraded":1,"win_rate":0.0,"timestamp":1610806193,"path_taken":["M","M","?","$","?","E","M","?","T","?","?","E","R","E","R","BOSS"],"items_purchased_type":[],"build_version":"2020-12-22","purchased_purges":1,"victory":false,"max_hp_per_floor":[75,75,75,75,75,75,75,75,75,75,75,75,75,75,75,75,75],"card_choices":[{"not_picked":["FIFO Queue","BasicCrystalCard","Cold Snap"],"picked":"SKIP","floor":1.0},{"not_picked":["Steam","Go for the Eyes","Recycle"],"picked":"SKIP","floor":2.0},{"not_picked":["Compile Driver","Rebound"],"picked":"Barrage","floor":3.0},{"not_picked":["Barrage","Steam","Darkness"],"picked":"SKIP","floor":6.0},{"not_picked":["Streamline","Panic Button"],"picked":"Gash","floor":7.0},{"not_picked":["ReplayTheSpireMod:Omega Cannon","Ball Lightning","BasicCrystalCard"],"picked":"SKIP","floor":10.0},{"not_picked":["Loop","Crystallizer","Barrage"],"picked":"SKIP","floor":12},{"not_picked":["Loop","Compile Driver","Thunder Strike"],"picked":"SKIP","floor":14},{"not_picked":["Loop","Compile Driver","Thunder Strike"],"picked":"SKIP","floor":14}],"player_experience":102006,"relics_obtained":[{"floor":5.0,"key":"Ring of Peace"},{"floor":6.0,"key":"Snack Pack"},{"floor":11.0,"key":"Juzu Bracelet"},{"floor":12,"key":"Lantern"},{"floor":14,"key":"Tiny Chest"}],"event_choices":[{"damage_healed":0.0,"max_hp_gain":0.0,"max_hp_loss":0.0,"gold_gain":100.0,"event_name":"Golden Shrine","player_choice":"Pray","floor":8.0,"gold_loss":0.0,"damage_taken":0.0}],"is_beta":false,"boss_relics":[],"items_purged_floors":[4],"is_endless":false,"potions_floor_spawned":[1,7],"killed_by":"Fading Forest","ascension_level":0}}