{"host":"Krakhan","time":1610820542,"event":{"mods":["AchievementEnabler","BaseMod","Colored Map","Colored Powertips","Faster Ascension Climbing","Highlight Path","Minty Spire (QoL Compilation)","Rare Cards Sparkle","Relic Stats","StSLib"],"gold_per_floor":[116,127,137,137,149,174,174,209,209,209,241,251,262,262,262,360,360,377,67,67,67,87,87,115,142,191,191,201,226,226,226,226],"floor_reached":31,"language":"ENG","playtime":868,"items_purged":["Strike_R"],"score":333,"play_id":"3f832c1a-0ebd-4daa-acf7-6b97d737d5c1","local_time":"20210116130902","is_ascension_mode":true,"campfire_choices":[{"data":"Whirlwind","floor":7,"key":"SMITH"},{"data":"Flame Barrier","floor":15,"key":"SMITH"},{"data":"Metallicize","floor":23,"key":"SMITH"}],"circlet_count":0,"master_deck":["Strike_R","Strike_R","Strike_R","Strike_R","Defend_R","Defend_R","Defend_R","Defend_R","Bash+1","Carnage","Thunderclap","Flame Barrier+1","Metallicize+1","Whirlwind+1","Inflame+1","Impervious","Inflame+1","Juggernaut+1","Sword Boomerang","Dark Shackles","BowlingBash","Terror"],"relics":["Runic Dome","Frozen Egg 2","Singing Bowl","Blue Candle","Tiny Chest","Shuriken","Philosopher\u0027s Stone","PrismaticShard","Pen Nib","Strawberry","Potion Belt","Bottled Tornado","Sundial"],"acts_visited":["Exordium","TheCity"],"potions_floor_usage":[11,22,24],"damage_taken":[{"damage":3,"enemies":"Jaw Worm","floor":1,"turns":3},{"damage":0,"enemies":"Cultist","floor":2,"turns":2},{"damage":0,"enemies":"Small Slimes","floor":3,"turns":2},{"damage":2,"enemies":"Blue Slaver","floor":5,"turns":3},{"damage":8,"enemies":"Lagavulin","floor":6,"turns":5},{"damage":14,"enemies":"Gremlin Nob","floor":8,"turns":3},{"damage":20,"enemies":"Lagavulin","floor":11,"turns":4},{"damage":8,"enemies":"3 Louse","floor":12,"turns":3},{"damage":0,"enemies":"Exordium Wildlife","floor":13,"turns":2},{"damage":7,"enemies":"Hexaghost","floor":16,"turns":6},{"damage":9,"enemies":"Shell Parasite","floor":18,"turns":4},{"damage":5,"enemies":"2 Thieves","floor":22,"turns":3},{"damage":42,"enemies":"Slavers","floor":24,"turns":3},{"damage":12,"enemies":"Snecko","floor":28,"turns":3},{"damage":10,"enemies":"Book of Stabbing","floor":29,"turns":4},{"damage":15,"enemies":"Colosseum Slavers","floor":30,"turns":3},{"damage":9,"enemies":"Centurion and Healer","floor":31,"turns":1}],"seed_played":"7255389855433751783","potions_obtained":[{"floor":2,"key":"FearPotion"},{"floor":6,"key":"Fire Potion"},{"floor":11,"key":"AttackPotion"},{"floor":12,"key":"Block Potion"},{"floor":18,"key":"LiquidMemories"}],"is_trial":false,"path_per_floor":["M","M","M","?","M","E","R","E","T","?","E","M","M","?","R","B",null,"M","$","?","$","M","R","E","T","T","T","M","E","?","M"],"character_chosen":"IRONCLAD","items_purchased":["PrismaticShard","Dark Shackles"],"campfire_rested":0,"item_purchase_floors":[19,19],"current_hp_per_floor":[77,77,77,77,75,67,67,53,53,58,38,30,32,32,32,25,87,78,78,78,78,73,73,33,40,40,40,28,20,5,0,0],"gold":226,"neow_bonus":"BOSS_RELIC","is_daily":false,"chose_seed":false,"campfire_upgraded":3,"win_rate":0.0,"timestamp":1610820542,"path_taken":["M","M","M","?","?","E","R","E","T","?","E","M","M","?","R","BOSS","M","?","?","$","M","R","E","?","T","?","M","E","?","M"],"items_purchased_type":["Relic","Card"],"build_version":"2020-12-18","purchased_purges":1,"victory":false,"max_hp_per_floor":[80,80,80,80,80,80,80,80,80,85,85,85,87,87,87,87,87,87,87,87,87,87,87,89,96,96,96,96,98,98,98,98],"relic_stats":{"Singing Bowl":6,"counters":[17,54],"Shuriken":[3],"Sundial":[0],"Blue Candle":[0],"Tiny Chest":1,"Pen Nib":[1],"obtain_stats":[{"Potion Belt":26,"Singing Bowl":8,"Blue Candle":9,"Pen Nib":24,"Frozen Egg 2":6,"Bottled Tornado":27,"PrismaticShard":19,"Burning Blood":0,"Runic Dome":0,"Shuriken":14,"Sundial":29,"Strawberry":25,"Tiny Chest":11,"Philosopher\u0027s Stone":17},{"Potion Belt":13,"Singing Bowl":6,"Blue Candle":6,"Pen Nib":13,"Frozen Egg 2":5,"Bottled Tornado":13,"PrismaticShard":11,"Burning Blood":0,"Runic Dome":0,"Shuriken":9,"Sundial":15,"Strawberry":13,"Tiny Chest":7,"Philosopher\u0027s Stone":10},{"Potion Belt":43,"Singing Bowl":18,"Blue Candle":18,"Pen Nib":43,"Frozen Egg 2":15,"Bottled Tornado":43,"PrismaticShard":37,"Burning Blood":0,"Runic Dome":0,"Shuriken":27,"Sundial":50,"Strawberry":43,"Tiny Chest":22,"Philosopher\u0027s Stone":33}]},"card_choices":[{"not_picked":["Perfected Strike","Wild Strike"],"picked":"Carnage","floor":1},{"not_picked":["Power Through","Disarm"],"picked":"Thunderclap","floor":2},{"not_picked":["Seeing Red","Fire Breathing"],"picked":"Flame Barrier","floor":3},{"not_picked":["Second Wind","Shrug It Off"],"picked":"Metallicize","floor":5},{"not_picked":["Sword Boomerang","Dark Embrace+1"],"picked":"Whirlwind","floor":6},{"not_picked":["Wild Strike","Intimidate"],"picked":"Inflame+1","floor":8},{"not_picked":["Fire Breathing+1","Clash"],"picked":"Impervious","floor":11},{"not_picked":["Armaments","Sword Boomerang"],"picked":"Inflame+1","floor":12},{"not_picked":["Iron Wave","Pummel","Hemokinesis"],"picked":"Singing Bowl","floor":13},{"not_picked":["Fiend Fire","Offering"],"picked":"Juggernaut+1","floor":16},{"not_picked":["Havoc+1","Headbutt"],"picked":"Sword Boomerang","floor":18},{"not_picked":["Protect+1","Expertise"],"picked":"BowlingBash","floor":22},{"not_picked":["Deflect","Distraction","Concentrate"],"picked":"Singing Bowl","floor":24},{"not_picked":["Clothesline","Chill+1"],"picked":"Terror","floor":28},{"not_picked":["Clothesline","Iron Wave+1","Flechettes"],"picked":"Singing Bowl","floor":29}],"player_experience":1330154,"relics_obtained":[{"floor":6,"key":"Frozen Egg 2"},{"floor":8,"key":"Singing Bowl"},{"floor":9,"key":"Blue Candle"},{"floor":11,"key":"Tiny Chest"},{"floor":14,"key":"Shuriken"},{"floor":24,"key":"Pen Nib"},{"floor":25,"key":"Strawberry"},{"floor":26,"key":"Potion Belt"},{"floor":27,"key":"Bottled Tornado"},{"floor":29,"key":"Sundial"}],"event_choices":[{"damage_healed":0,"gold_gain":0,"player_choice":"Upgraded","damage_taken":0,"max_hp_gain":0,"max_hp_loss":0,"event_name":"Upgrade Shrine","floor":4,"gold_loss":0,"cards_upgraded":["Bash"]},{"damage_healed":0,"gold_gain":0,"player_choice":"Donut","damage_taken":0,"max_hp_gain":5,"max_hp_loss":0,"event_name":"Big Fish","floor":10,"gold_loss":0},{"damage_healed":0,"gold_gain":0,"player_choice":"Relic","damage_taken":0,"max_hp_gain":0,"max_hp_loss":0,"event_name":"Wheel of Change","floor":14,"gold_loss":0},{"damage_healed":0,"gold_gain":0,"player_choice":"Fight","damage_taken":0,"max_hp_gain":0,"max_hp_loss":0,"event_name":"Colosseum","floor":30,"gold_loss":0},{"damage_healed":0,"gold_gain":0,"player_choice":"Fled From Nobs","damage_taken":0,"max_hp_gain":0,"max_hp_loss":0,"event_name":"Colosseum","floor":30,"gold_loss":0}],"is_beta":true,"boss_relics":[{"not_picked":["Coffee Dripper","Black Star"],"picked":"Philosopher\u0027s Stone"}],"items_purged_floors":[19],"is_endless":false,"potions_floor_spawned":[2,6,11,12,16,18,30],"killed_by":"Centurion and Healer","ascension_level":1}}