{"host":"w9yruvs4bqht6bhw","time":1610840872,"event":{"mods":["BaseMod","Colored Powertips","Minty Spire (QoL Compilation)"],"gold_per_floor":[113,188,202,202,218,218,248,248,248,248,275,295,217,227,227,327,327,339,228,240,165,185,185,220,220,220,220,220],"floor_reached":27,"language":"ENG","playtime":659,"items_purged":["Strike_R"],"score":386,"play_id":"4db520f0-4786-4256-a233-e4ac3f36d6c9","local_time":"20210116184752","is_ascension_mode":true,"campfire_choices":[{"data":"Bash","floor":6,"key":"SMITH"},{"data":"Headbutt","floor":8,"key":"SMITH"},{"floor":15,"key":"REST"},{"floor":23,"key":"REST"}],"circlet_count":0,"master_deck":["AscendersBane","Strike_R","Strike_R","Strike_R","Defend_R","Defend_R","Defend_R","Defend_R","Bash+1","Headbutt+1","Inflame","True Grit","Feel No Pain","Ghostly Armor","Anger","Disarm","Bludgeon","Shrug It Off","Spot Weakness","Seeing Red"],"relics":["Burning Blood","NeowsBlessing","TungstenRod","Mummified Hand","Red Skull","Ginger","Busted Crown","Smiling Mask","Molten Egg 2"],"acts_visited":["Exordium","TheCity"],"potions_floor_usage":[7,11,16],"damage_taken":[{"damage":0,"enemies":"Small Slimes","floor":1,"turns":1},{"damage":0,"enemies":"2 Louse","floor":3,"turns":1},{"damage":0,"enemies":"Cultist","floor":5,"turns":1},{"damage":20,"enemies":"Lagavulin","floor":7,"turns":4},{"damage":27,"enemies":"Gremlin Nob","floor":11,"turns":4},{"damage":0,"enemies":"3 Louse","floor":12,"turns":2},{"damage":0,"enemies":"Blue Slaver","floor":14,"turns":2},{"damage":35,"enemies":"The Guardian","floor":16,"turns":12},{"damage":2,"enemies":"Chosen","floor":18,"turns":5},{"damage":14,"enemies":"Shell Parasite","floor":20,"turns":5},{"damage":43,"enemies":"Centurion and Healer","floor":22,"turns":7},{"damage":41,"enemies":"Slavers","floor":24,"turns":6},{"damage":21,"enemies":"Snake Plant","floor":27,"turns":1}],"seed_played":"-1618141288652581780","potions_obtained":[{"floor":1,"key":"Energy Potion"},{"floor":3,"key":"DuplicationPotion"},{"floor":7,"key":"Ancient Potion"},{"floor":18,"key":"Strength Potion"}],"is_trial":false,"path_per_floor":["M","?","M","?","M","R","E","R","T","?","E","M","$","M","R","B",null,"M","$","M","?","M","R","E","?","T","M"],"character_chosen":"IRONCLAD","items_purchased":["DistilledChaos","Spot Weakness"],"campfire_rested":2,"item_purchase_floors":[13,19],"current_hp_per_floor":[78,67,73,73,79,79,65,65,65,51,30,36,36,42,66,37,69,73,73,65,65,28,52,17,17,17,0,0],"gold":220,"neow_bonus":"THREE_ENEMY_KILL","is_daily":false,"chose_seed":false,"campfire_upgraded":2,"win_rate":0.0,"timestamp":1610840872,"path_taken":["M","?","M","?","?","R","E","R","T","?","E","M","$","M","R","BOSS","M","$","M","?","M","R","E","?","T","M"],"items_purchased_type":["Potion","Card"],"build_version":"2020-12-22","purchased_purges":1,"victory":false,"max_hp_per_floor":[80,80,80,80,80,80,80,80,80,80,80,80,80,80,80,80,80,80,80,80,80,80,80,80,80,80,80,80],"card_choices":[{"not_picked":["Rage","Rupture"],"picked":"Headbutt","floor":1},{"not_picked":["Perfected Strike","Wild Strike"],"picked":"Inflame","floor":3},{"not_picked":["Rupture","Warcry"],"picked":"True Grit","floor":5},{"not_picked":["Wild Strike","Twin Strike"],"picked":"Feel No Pain","floor":7},{"not_picked":["Body Slam","Entrench"],"picked":"Ghostly Armor","floor":11},{"not_picked":["Reckless Charge","Barricade"],"picked":"Anger","floor":12},{"not_picked":["Wild Strike","Sentinel"],"picked":"Disarm","floor":14},{"not_picked":["Impervious","Corruption"],"picked":"Bludgeon","floor":16},{"not_picked":[],"picked":"Shrug It Off","floor":18},{"not_picked":["Perfected Strike+1"],"picked":"SKIP","floor":20},{"not_picked":[],"picked":"Seeing Red","floor":22},{"not_picked":["Exhume"],"picked":"SKIP","floor":24}],"player_experience":418168,"relics_obtained":[{"floor":7,"key":"TungstenRod"},{"floor":9,"key":"Mummified Hand"},{"floor":11,"key":"Ginger"},{"floor":24,"key":"Smiling Mask"},{"floor":26,"key":"Molten Egg 2"}],"event_choices":[{"damage_healed":0,"gold_gain":75,"player_choice":"Gather Gold","damage_taken":11,"max_hp_gain":0,"max_hp_loss":0,"event_name":"World of Goop","floor":2,"gold_loss":0},{"damage_healed":0,"gold_gain":0,"player_choice":"Bought 0 Potions","damage_taken":0,"max_hp_gain":0,"max_hp_loss":0,"event_name":"The Woman in Blue","floor":4,"gold_loss":0},{"damage_healed":0,"gold_gain":0,"player_choice":"Success","damage_taken":18,"relics_obtained":["Red Skull"],"max_hp_gain":0,"max_hp_loss":0,"event_name":"Scrap Ooze","floor":10,"gold_loss":0},{"cards_removed":["Strike_R"],"damage_healed":0,"gold_gain":0,"player_choice":"Gave Gold","damage_taken":0,"max_hp_gain":0,"max_hp_loss":0,"event_name":"Beggar","floor":21,"gold_loss":75},{"damage_healed":0,"gold_gain":0,"player_choice":"Ignored","damage_taken":0,"max_hp_gain":0,"max_hp_loss":0,"event_name":"Vampires","floor":25,"gold_loss":0}],"is_beta":false,"boss_relics":[{"not_picked":["Runic Pyramid","Sozu"],"picked":"Busted Crown"}],"items_purged_floors":[19],"is_endless":false,"potions_floor_spawned":[1,3,7,14,18,20,22],"killed_by":"Snake Plant","ascension_level":12}}