{"host":"li2oyy8xcjugrjw6","time":1610833559,"event":{"mods":["AchievementEnabler","BaseMod","Colored Map","Minty Spire (QoL Compilation)","Permanent Neow","Replay The Spire","StSLib"],"gold_per_floor":[113,125,144,144,144,144,177,246,246,246,246],"floor_reached":10,"language":"ENG","playtime":561,"items_purged":[],"score":99,"play_id":"5618b403-d619-49b9-8a90-2ff186e13970","local_time":"20210116134559","is_ascension_mode":true,"campfire_choices":[{"data":"Bash","floor":6,"key":"SMITH"}],"circlet_count":0,"master_deck":["AscendersBane","Strike_R","Strike_R","Strike_R","Strike_R","Strike_R+1","Defend_R+1","Defend_R","Defend_R","Bash+1","Life Link","Thunderclap","Dropkick","Havoc","True Grit","Seeing Red"],"relics":["Burning Blood","Replay:Baseball","Golden Egg","Strawberry"],"acts_visited":["Exordium"],"potions_floor_usage":[7,7],"damage_taken":[{"damage":5,"enemies":"Small Slimes","floor":1,"turns":5},{"damage":7,"enemies":"2 Louse","floor":2,"turns":2},{"damage":5,"enemies":"Cultist","floor":3,"turns":4},{"damage":42,"enemies":"3 Sentries","floor":7,"turns":8},{"damage":30,"enemies":"Gremlin Nob","floor":10,"turns":3}],"seed_played":"-5088842027702883966","potions_obtained":[{"floor":1,"key":"EssenceOfSteel"},{"floor":2,"key":"Languid Potion"},{"floor":8,"key":"Languid Potion"}],"is_trial":false,"path_per_floor":["M","M","M","?","?","R","E","?","T","E"],"character_chosen":"IRONCLAD","items_purchased":[],"campfire_rested":0,"item_purchase_floors":[],"current_hp_per_floor":[73,72,73,57,50,50,14,21,21,0,0],"gold":246,"neow_bonus":"RANDOM_COMMON_RELIC","is_daily":false,"chose_seed":false,"campfire_upgraded":1,"win_rate":0.0,"timestamp":1610833559,"path_taken":["M","M","M","?","?","R","E","?","T","E"],"items_purchased_type":[],"build_version":"2020-12-22","purchased_purges":0,"victory":false,"max_hp_per_floor":[80,80,80,80,80,80,80,87,87,87,87],"card_choices":[{"not_picked":["ReplayTheSpireMod:Corrosion Curse","ReplayTheSpireMod:Strike From Hell"],"picked":"Life Link","floor":1},{"not_picked":["Anger","Infernal Blade"],"picked":"Thunderclap","floor":2},{"not_picked":["Headbutt","Body Slam"],"picked":"Dropkick","floor":3},{"not_picked":["Body Slam","Rupture"],"picked":"Havoc","floor":7},{"not_picked":["Wild Strike","Heavy Blade"],"picked":"True Grit","floor":8},{"not_picked":["Body Slam","Flex"],"picked":"Seeing Red","floor":8}],"player_experience":972370,"relics_obtained":[{"floor":7,"key":"Golden Egg"},{"floor":8,"key":"Strawberry"}],"event_choices":[{"damage_healed":0,"gold_gain":0,"player_choice":"Entered Light","damage_taken":16,"max_hp_gain":0,"max_hp_loss":0,"event_name":"Shining Light","floor":4,"gold_loss":0,"cards_upgraded":["Strike_R","Defend_R"]},{"cards_removed":["Defend_R"],"damage_healed":0,"gold_gain":0,"player_choice":"Card Removal","damage_taken":7,"max_hp_gain":0,"max_hp_loss":0,"event_name":"Golden Wing","floor":5,"gold_loss":0}],"is_beta":false,"boss_relics":[],"items_purged_floors":[],"is_endless":false,"potions_floor_spawned":[1,2],"killed_by":"Gremlin Nob","ascension_level":10}}