{"host":"359hz4210ybch7ku","time":1610775102,"event":{"mods":["BaseMod","Block Reminder","Colored Map","Colored Powertips","Highlight Path","Minty Spire (QoL Compilation)","Slay the Relics Exporter","StSLib"],"gold_per_floor":[113,126,0,0,0,0,0,0,0,19,58,58,89,89,89,220,220,235,9,23,39,39,39,70,70,70,20,20,58,83,98,98,226,226,245,245,265,279,292,2,40,40,64,88,88,107,128,128,128,128,128],"floor_reached":50,"language":"ENG","playtime":3263,"items_purged":["Defend_P","Protect+1"],"score":734,"play_id":"1e604a4a-11d2-4e99-ad2d-a6b5eceae40a","local_time":"20210115213142","is_ascension_mode":true,"campfire_choices":[{"data":"Adaptation","floor":6,"key":"SMITH"},{"data":"Eruption","floor":8,"key":"SMITH"},{"data":"TalkToTheHand","floor":12,"key":"SMITH"},{"floor":15,"key":"REST"},{"data":"LessonLearned","floor":23,"key":"SMITH"},{"floor":25,"key":"REST"},{"data":"FearNoEvil","floor":32,"key":"SMITH"},{"data":"FlurryOfBlows","floor":42,"key":"SMITH"},{"data":"Vault","floor":49,"key":"SMITH"}],"circlet_count":0,"master_deck":["Strike_P+1","Strike_P+1","Strike_P+1","Strike_P+1","Defend_P+1","Defend_P+1","Defend_P+1","Eruption+1","Vigilance+1","FearNoEvil+1","Adaptation+1","BowlingBash+1","FlurryOfBlows+1","TalkToTheHand+1","Crescendo+1","Wallop+1","FlurryOfBlows+1","ClearTheMind+1","InnerPeace+1","FlurryOfBlows+1","FlurryOfBlows","EmptyBody+1","Vault+1","EmptyBody+1"],"relics":["SlaversCollar","Golden Idol","Nunchaku","Damaru","Thread and Needle","MealTicket","Busted Crown","Bronze Scales","Enchiridion","Potion Belt","Art of War","Bag of Marbles","Philosopher\u0027s Stone","HornCleat","Sling","Orichalcum","Boot"],"acts_visited":["Exordium","TheCity","TheBeyond"],"potions_floor_usage":[11,18,20,31,33,33,35,35,41,47,50],"damage_taken":[{"damage":4,"enemies":"Jaw Worm","floor":1,"turns":3},{"damage":27,"enemies":"Small Slimes","floor":2,"turns":3},{"damage":8,"enemies":"2 Louse","floor":10,"turns":2},{"damage":12,"enemies":"3 Sentries","floor":11,"turns":6},{"damage":7,"enemies":"Lagavulin","floor":13,"turns":7},{"damage":1,"enemies":"Slime Boss","floor":16,"turns":5},{"damage":0,"enemies":"Chosen","floor":18,"turns":4},{"damage":9,"enemies":"2 Thieves","floor":20,"turns":4},{"damage":10,"enemies":"3 Cultists","floor":21,"turns":4},{"damage":2,"enemies":"Book of Stabbing","floor":24,"turns":4},{"damage":4,"enemies":"Gremlin Leader","floor":29,"turns":5},{"damage":0,"enemies":"Snake Plant","floor":30,"turns":3},{"damage":0,"enemies":"Snecko","floor":31,"turns":4},{"damage":12,"enemies":"Collector","floor":33,"turns":5},{"damage":0,"enemies":"3 Darklings","floor":35,"turns":2},{"damage":12,"enemies":"3 Shapes","floor":37,"turns":3},{"damage":0,"enemies":"Maw","floor":38,"turns":6},{"damage":4,"enemies":"Jaw Worm Horde","floor":39,"turns":2},{"damage":0,"enemies":"Giant Head","floor":41,"turns":3},{"damage":24,"enemies":"3 Darklings","floor":44,"turns":3},{"damage":4,"enemies":"Sphere and 2 Shapes","floor":46,"turns":2},{"damage":11,"enemies":"4 Shapes","floor":47,"turns":4},{"damage":97,"enemies":"Time Eater","floor":50,"turns":11}],"seed_played":"968189370606442858","potions_obtained":[{"floor":10,"key":"LiquidBronze"},{"floor":16,"key":"EntropicBrew"},{"floor":24,"key":"Explosive Potion"},{"floor":29,"key":"Block Potion"},{"floor":33,"key":"Explosive Potion"},{"floor":37,"key":"Weak Potion"},{"floor":41,"key":"Fruit Juice"},{"floor":46,"key":"ColorlessPotion"}],"is_trial":false,"path_per_floor":["M","M","$","?","?","R","?","R","T","M","E","R","E","?","R","B",null,"M","$","M","M","?","R","E","R","T","$","?","E","M","M","R","B",null,"M","?","M","M","M","$","E","R","T","M","$","M","M","?","R","B"],"character_chosen":"WATCHER","items_purchased":["Adaptation","BowlingBash","Bronze Scales","FlurryOfBlows","Sling","FlurryOfBlows"],"campfire_rested":2,"item_purchase_floors":[3,3,19,27,40,40],"current_hp_per_floor":[61,34,34,34,34,34,56,56,56,48,36,36,29,22,42,41,61,61,67,58,48,32,32,30,50,50,65,65,61,61,61,61,49,63,63,63,51,51,47,62,67,67,67,43,58,54,43,82,82,0,0],"gold":128,"neow_bonus":"BOSS_RELIC","is_daily":false,"chose_seed":false,"campfire_upgraded":7,"win_rate":0.0,"timestamp":1610775102,"path_taken":["M","M","$","?","?","R","?","R","T","?","E","R","E","?","R","BOSS","M","$","M","M","?","R","E","R","T","$","?","E","M","M","R","BOSS","M","?","M","M","M","$","E","R","T","M","$","?","M","?","R","BOSS"],"items_purchased_type":["Card","Card","Relic","Card","Relic","Card"],"build_version":"2020-12-22","purchased_purges":2,"victory":false,"max_hp_per_floor":[72,72,72,72,67,67,67,67,67,67,67,67,67,67,67,67,67,67,67,67,67,67,67,67,67,67,67,67,67,67,67,67,67,67,67,67,67,67,67,67,72,72,72,72,72,72,72,82,82,82,82],"card_choices":[{"not_picked":["Protect","Wallop"],"picked":"CutThroughFate","floor":1},{"not_picked":["Protect","SandsOfTime"],"picked":"FearNoEvil","floor":2},{"not_picked":["Halt","Consecrate"],"picked":"FlurryOfBlows","floor":10},{"not_picked":["ClearTheMind","WheelKick"],"picked":"TalkToTheHand","floor":11},{"not_picked":["Halt","ClearTheMind","ReachHeaven"],"picked":"SKIP","floor":13},{"not_picked":["DeusExMachina","Blasphemy"],"picked":"LessonLearned","floor":16},{"not_picked":["Halt"],"picked":"SKIP","floor":18},{"not_picked":[],"picked":"Crescendo","floor":20},{"not_picked":[],"picked":"Wallop+1","floor":21},{"not_picked":["Swivel"],"picked":"SKIP","floor":24},{"not_picked":["Conclude+1"],"picked":"SKIP","floor":29},{"not_picked":[],"picked":"ClearTheMind+1","floor":30},{"not_picked":["Evaluate"],"picked":"SKIP","floor":31},{"not_picked":[],"picked":"Protect","floor":35},{"not_picked":["Halt"],"picked":"SKIP","floor":37},{"not_picked":[],"picked":"InnerPeace","floor":38},{"not_picked":[],"picked":"FlurryOfBlows","floor":39},{"not_picked":[],"picked":"EmptyBody+1","floor":41},{"not_picked":[],"picked":"Vault","floor":44},{"not_picked":["BowlingBash"],"picked":"SKIP","floor":46},{"not_picked":[],"picked":"EmptyBody+1","floor":47}],"player_experience":221510,"relics_obtained":[{"floor":9,"key":"Nunchaku"},{"floor":11,"key":"Damaru"},{"floor":13,"key":"Thread and Needle"},{"floor":22,"key":"Enchiridion"},{"floor":24,"key":"Potion Belt"},{"floor":26,"key":"Art of War"},{"floor":29,"key":"Bag of Marbles"},{"floor":41,"key":"Orichalcum"},{"floor":43,"key":"Boot"}],"event_choices":[{"damage_healed":0,"gold_gain":0,"player_choice":"Ignored","damage_taken":0,"max_hp_gain":0,"max_hp_loss":0,"event_name":"Liars Game","floor":4,"gold_loss":0},{"damage_healed":0,"gold_gain":0,"player_choice":"Lose Max HP","damage_taken":0,"relics_obtained":["Golden Idol"],"max_hp_gain":0,"max_hp_loss":5,"event_name":"Golden Idol","floor":5,"gold_loss":0},{"damage_healed":22,"gold_gain":0,"player_choice":"Banana","damage_taken":0,"max_hp_gain":0,"max_hp_loss":0,"event_name":"Big Fish","floor":7,"gold_loss":0},{"damage_healed":0,"gold_gain":0,"player_choice":"Success","damage_taken":7,"relics_obtained":["MealTicket"],"max_hp_gain":0,"max_hp_loss":0,"event_name":"Scrap Ooze","floor":14,"gold_loss":0},{"damage_healed":0,"gold_gain":0,"player_choice":"Obtained Book","damage_taken":16,"max_hp_gain":0,"max_hp_loss":0,"event_name":"Cursed Tome","floor":22,"gold_loss":0},{"damage_healed":0,"gold_gain":0,"player_choice":"Simplicity","damage_taken":0,"max_hp_gain":0,"max_hp_loss":0,"event_name":"Back to Basics","floor":28,"gold_loss":0,"cards_upgraded":["Strike_P","Strike_P","Strike_P","Strike_P","Defend_P","Defend_P","Defend_P"]},{"cards_removed":["CutThroughFate"],"damage_healed":0,"gold_gain":0,"player_choice":"Gave Card","damage_taken":0,"relics_obtained":["HornCleat"],"max_hp_gain":0,"max_hp_loss":0,"event_name":"WeMeetAgain","floor":36,"gold_loss":0},{"cards_removed":["LessonLearned"],"damage_healed":29,"gold_gain":0,"player_choice":"Offered Rare","damage_taken":0,"max_hp_gain":10,"max_hp_loss":0,"event_name":"Bonfire Elementals","floor":48,"gold_loss":0}],"is_beta":false,"boss_relics":[{"not_picked":["Fusion Hammer","Tiny House"],"picked":"Busted Crown"},{"not_picked":["Velvet Choker","Runic Dome"],"picked":"Philosopher\u0027s Stone"}],"items_purged_floors":[19,40],"is_endless":false,"potions_floor_spawned":[10,16,24,29,33,37,41,46],"killed_by":"Time Eater","ascension_level":6}}