{"host":"o9oojikv0j1jifqm","time":1610811729,"event":{"mods":["BaseMod","Downfall","Marisa£®ÏF”Í°°ƒß¿Ì…≥£©","Minty Spire (QoL Compilation)","Shop Mod","StSLib","UnlockEverythingMod"],"gold_per_floor":[99,99,99,25,40,72,72,88,88,139,172,72,131,131,143,239,239,239,256,256,272,303,319,319,219,233,262,274,304,316,346,374,490,502,514,539,562,574,586,618,656,568,596,623,653,720,778,822,853,865,865],"floor_reached":50,"language":"ZHS","playtime":3972,"items_purged":[],"score":654,"play_id":"16831ef3-62ef-4c81-a654-b68d29b52a2f","local_time":"20210116234209","is_ascension_mode":false,"campfire_choices":[{"data":"bronze:Goto","floor":1.0,"key":"SMITH"},{"floor":12.0,"key":"REST"},{"data":"bronze:Mutator","floor":18.0,"key":"SMITH"},{"data":"1","floor":25.0,"key":"LIFT"},{"data":"2","floor":30.0,"key":"LIFT"},{"floor":35.0,"key":"RECALL"},{"data":"3","floor":42.0,"key":"LIFT"}],"circlet_count":0,"master_deck":["bronze:Strike","bronze:Strike","bronze:Strike","bronze:Defend","bronze:Defend","bronze:Defend","bronze:Defend","bronze:Replicate+1","bronze:Goto+1","bronze:DelayedSlice","bronze:Boost","bronze:Boost","bronze:ClassDefault","bronze:Turbo","bronze:Backtrace","bronze:FollowUp+1","bronze:Return","bronze:Branch","bronze:HardenedForm","bronze:FollowUp","bronze:Mutator+1","bronze:DelayedSlice+1","bronze:Flail","bronze:Allocate+1","bronze:ChildClass","bronze:Iterate+1","bronze:GetLatest","bronze:BitShift","bronze:ClassDefault","bronze:Optimize+1","bronze:Break","bronze:BronzeOrb","bronze:ChosenStrike+1","bronze:WhirlingStrike+1","bronze:GetLatest+1","bronze:FineTuning+1","bronze:Return+1","bronze:Repulsor+1","bronze:Repair+1"],"relics":["bronze:BronzeCore","downfall:HeartsMalice","Question Card","Shuriken","Dream Catcher","downfall:HeartBlessingGreen","Anchor","Black Star","bronze:BottledCode","Red Mask","Girya","downfall:HeartBlessingBlue","Orichalcum","MawBank","Philosopher\u0027s Stone","Omamori","downfall:TeleportStone","Whetstone","downfall:HeartBlessingRed","Ice Cream","CatCart","PreservedInsect","Art of War"],"acts_visited":["Exordium","TheCity","TheBeyond"],"potions_floor_usage":[50],"damage_taken":[{"damage":0.0,"enemies":"Cultist","floor":2.0,"turns":1.0},{"damage":0.0,"enemies":"Jaw Worm","floor":3.0,"turns":1.0},{"damage":0.0,"enemies":"downfall:FleeingMerchant","floor":4.0,"turns":1.0},{"damage":0.0,"enemies":"Small Slimes","floor":5.0,"turns":3.0},{"damage":39.0,"enemies":"Gremlin Nob","floor":6.0,"turns":5.0},{"damage":5.0,"enemies":"2 Fungi Beasts","floor":8.0,"turns":3.0},{"damage":0.0,"enemies":"Lagavulin","floor":11.0,"turns":3.0},{"damage":9.0,"enemies":"3 Sentries","floor":13.0,"turns":8.0},{"damage":0.0,"enemies":"3 Louse","floor":15.0,"turns":2.0},{"damage":31.0,"enemies":"SI_SHIV_ARCHETYPE","floor":16.0,"turns":8.0},{"damage":4.0,"enemies":"3 Byrds","floor":19.0,"turns":5.0},{"damage":0.0,"enemies":"Shell Parasite","floor":21.0,"turns":3.0},{"damage":0.0,"enemies":"Masked Bandits","floor":22.0,"turns":3.0},{"damage":15.0,"enemies":"Centurion and Healer","floor":23.0,"turns":4.0},{"damage":2.0,"enemies":"Cultist and Chosen","floor":26.0,"turns":4.0},{"damage":0.0,"enemies":"Book of Stabbing","floor":27.0,"turns":4.0},{"damage":18.0,"enemies":"Snecko","floor":29.0,"turns":4.0},{"damage":0.0,"enemies":"Shelled Parasite and Fungi","floor":31.0,"turns":3.0},{"damage":0.0,"enemies":"Centurion and Healer","floor":32.0,"turns":3.0},{"damage":24.0,"enemies":"IC_MUSHROOM_ARCHETYPE","floor":33.0,"turns":7.0},{"damage":0.0,"enemies":"3 Shapes","floor":36.0,"turns":4.0},{"damage":22.0,"enemies":"3 Darklings","floor":37.0,"turns":4.0},{"damage":0.0,"enemies":"Spire Growth","floor":40.0,"turns":3.0},{"damage":0.0,"enemies":"Jaw Worm Horde","floor":43.0,"turns":3.0},{"damage":23.0,"enemies":"Transient","floor":44.0,"turns":5.0},{"damage":2.0,"enemies":"Maw","floor":45.0,"turns":4.0},{"damage":0.0,"enemies":"2 Orb Walkers","floor":46.0,"turns":2.0},{"damage":14.0,"enemies":"Orin","floor":47.0,"turns":5.0},{"damage":0.0,"enemies":"Giant Head","floor":48.0,"turns":5.0},{"damage":0.0,"enemies":"Jaw Worm Horde","floor":49.0,"turns":2.0},{"damage":41,"enemies":"WA_ARCHETYPE_DIVINITY","floor":50,"turns":5}],"seed_played":"-6500140511846274104","potions_obtained":[{"floor":5.0,"key":"DistilledChaos"},{"floor":8.0,"key":"Energy Potion"},{"floor":11.0,"key":"BlessingOfTheForge"},{"floor":15.0,"key":"Fire Potion"},{"floor":16.0,"key":"BlessingOfTheForge"},{"floor":22.0,"key":"GamblersBrew"},{"floor":23.0,"key":"EssenceOfSteel"},{"floor":29.0,"key":"PowerPotion"},{"floor":32.0,"key":"SkillPotion"},{"floor":40.0,"key":"BlessingOfTheForge"},{"floor":44.0,"key":"Strength Potion"},{"floor":46.0,"key":"Dexterity Potion"}],"is_trial":false,"path_per_floor":["R","M","M","$","M","E","T","M","?","T","E","R","?","?","M","B",null,"R","M","?","M","?","M","T","R","M","E","?","M","R","M","M","B",null,"R","M","M","?","?","M","T","R","M","M","M","?","?","E","M","B"],"character_chosen":"THE_AUTOMATON","items_purchased":["bronze:ClassDefault"],"campfire_rested":1,"item_purchase_floors":[4],"current_hp_per_floor":[70,70,70,70,70,31,31,26,49,49,49,70,61,61,61,30,70,70,66,60,60,60,45,45,55,53,53,53,35,35,35,35,11,70,70,70,48,48,48,48,48,48,48,25,23,23,9,9,9,0,0],"gold":865,"neow_bonus":"THREE_ENEMY_KILL","is_daily":false,"chose_seed":false,"campfire_upgraded":2,"win_rate":0.0,"timestamp":1610811729,"path_taken":["R","M","M","$","?","E","T","?","?","?","E","R","?","?","M","BOSS","R","M","?","M","?","M","T","R","M","E","?","?","R","M","M","BOSS","R","M","M","?","?","?","T","R","M","M","M","?","?","E","M","BOSS"],"items_purchased_type":["Card"],"build_version":"2020-12-22","purchased_purges":0,"victory":false,"max_hp_per_floor":[70,70,70,70,70,70,70,70,70,70,70,70,70,70,70,70,70,70,70,60,60,60,60,60,70,70,70,70,70,70,70,70,70,70,70,70,70,70,70,70,70,70,70,70,70,70,70,70,70,70,70],"card_choices":[{"not_picked":["bronze:Boost","bronze:NullPointer"],"picked":"bronze:DelayedSlice","floor":2.0},{"not_picked":["bronze:CloningBeam","bronze:OilSpill"],"picked":"bronze:Boost","floor":3.0},{"not_picked":["bronze:Backtrace","bronze:BuggyMess"],"picked":"bronze:Boost","floor":4.0},{"not_picked":["bronze:CutThrough","bronze:BugBarrage"],"picked":"bronze:Turbo","floor":5.0},{"not_picked":["bronze:BugBarrage","bronze:NullPointer"],"picked":"bronze:Backtrace","floor":6.0},{"not_picked":["bronze:Overload","bronze:DelayedSlice","bronze:DelayedGuard"],"picked":"bronze:FollowUp","floor":8.0},{"not_picked":["bronze:Backtrace","bronze:Flail","bronze:Boost"],"picked":"bronze:Return","floor":11.0},{"not_picked":["bronze:BitShift","bronze:BugBarrage","bronze:FollowUp"],"picked":"bronze:Branch","floor":12.0},{"not_picked":["bronze:BitShift","bronze:CloningBeam","bronze:Iterate"],"picked":"bronze:HardenedForm","floor":13.0},{"not_picked":["bronze:BuggyMess","bronze:Boost","bronze:DarkDash"],"picked":"bronze:FollowUp","floor":15.0},{"not_picked":["bronze:Verify","bronze:CleanCode","bronze:FindAndReplace"],"picked":"bronze:Mutator","floor":16.0},{"not_picked":["bronze:BugBarrage","bronze:Shield","bronze:Branch+1"],"picked":"bronze:DelayedSlice+1","floor":19.0},{"not_picked":["bronze:DigitalCarnage","bronze:BitShift","bronze:OilSpill+1"],"picked":"bronze:Flail","floor":21.0},{"not_picked":["bronze:Deprecate","bronze:GetLatest","bronze:FineTuning"],"picked":"bronze:Allocate+1","floor":22.0},{"not_picked":["bronze:WildBeam","bronze:Turbo","bronze:FollowUp"],"picked":"bronze:ChildClass","floor":23.0},{"not_picked":["bronze:DelayedGuard+1","bronze:DigitalCarnage","bronze:Philosophize"],"picked":"bronze:Iterate+1","floor":26.0},{"not_picked":["bronze:Mutator","bronze:Turbo","bronze:Iterate"],"picked":"bronze:GetLatest","floor":27.0},{"not_picked":["bronze:DelayedSlice","bronze:ClassDefault","bronze:Flail"],"picked":"bronze:BitShift","floor":29.0},{"not_picked":["bronze:BitShift","bronze:DelayedSlice","bronze:Shield+1"],"picked":"bronze:ClassDefault","floor":31.0},{"not_picked":["bronze:OilSpill","bronze:BugBarrage","bronze:ChildClass"],"picked":"bronze:Optimize+1","floor":32.0},{"not_picked":["bronze:Verify","bronze:ShipIt","bronze:ThunderWave"],"picked":"bronze:Break","floor":33.0},{"not_picked":["bronze:Frontload+1","bronze:Iterate","bronze:BuggyMess+1"],"picked":"bronze:BronzeOrb","floor":36.0},{"not_picked":["bronze:BuggyMess+1","bronze:OilSpill+1","bronze:DigitalCarnage+1"],"picked":"bronze:ChosenStrike+1","floor":37.0},{"not_picked":["bronze:Break","bronze:Overheat+1","bronze:Philosophize"],"picked":"bronze:WhirlingStrike+1","floor":40.0},{"not_picked":["bronze:Invalidate+1","bronze:WildBeam","bronze:DelayedGuard"],"picked":"bronze:GetLatest+1","floor":43.0},{"not_picked":["bronze:Optimize","bronze:Boost","bronze:FollowUp+1","bronze:Shield"],"picked":"SKIP","floor":44.0},{"not_picked":["bronze:DigitalCarnage","bronze:Virus","bronze:CutThrough"],"picked":"bronze:FineTuning+1","floor":45.0},{"not_picked":["bronze:Shield","bronze:Optimize","bronze:Overheat+1"],"picked":"bronze:Return+1","floor":47.0},{"not_picked":["bronze:ItsAFeature","bronze:Break","bronze:ForLoop+1"],"picked":"bronze:Repulsor+1","floor":48.0},{"not_picked":["bronze:BuggyMess","bronze:GetLatest+1","bronze:NullPointer+1"],"picked":"bronze:Repair+1","floor":49.0}],"player_experience":162153,"relics_obtained":[{"floor":6.0,"key":"Question Card"},{"floor":7.0,"key":"Shuriken"},{"floor":11.0,"key":"Dream Catcher"},{"floor":13.0,"key":"Anchor"},{"floor":22.0,"key":"Red Mask"},{"floor":24.0,"key":"Girya"},{"floor":27.0,"key":"Orichalcum"},{"floor":27.0,"key":"MawBank"},{"floor":38.0,"key":"Omamori"},{"floor":41.0,"key":"Whetstone"},{"floor":46.0,"key":"Ice Cream"},{"floor":47.0,"key":"CatCart"},{"floor":48.0,"key":"PreservedInsect"},{"floor":48.0,"key":"Art of War"}],"event_choices":[{"damage_healed":23.0,"max_hp_gain":0.0,"max_hp_loss":0.0,"gold_gain":0.0,"event_name":"Big Fish","player_choice":"Banana","floor":9.0,"gold_loss":0.0,"damage_taken":0.0},{"damage_healed":0.0,"max_hp_gain":0.0,"max_hp_loss":0.0,"gold_gain":0.0,"event_name":"Masked Bandits","player_choice":"Fought Bandits","floor":22.0,"gold_loss":0.0,"damage_taken":0.0},{"damage_healed":0.0,"max_hp_gain":0.0,"max_hp_loss":0.0,"gold_gain":0.0,"event_name":"Mysterious Sphere","player_choice":"Fight","floor":46.0,"gold_loss":0.0,"damage_taken":0.0},{"damage_healed":0.0,"max_hp_gain":0.0,"max_hp_loss":0.0,"gold_gain":0.0,"event_name":"OrinTheCat","player_choice":"Fight","floor":47.0,"gold_loss":0.0,"damage_taken":0.0}],"is_beta":false,"boss_relics":[{"not_picked":["Astrolabe","bronze:MakeshiftBattery"],"picked":"Black Star"},{"not_picked":["Cursed Key","Tiny House"],"picked":"Philosopher\u0027s Stone"}],"items_purged_floors":[],"is_endless":false,"potions_floor_spawned":[5,8,11,15,16,22,23,29,32,40,43,44,46],"killed_by":"WA_ARCHETYPE_DIVINITY","ascension_level":0}}