{"host":"2pmmafybkq7zb6na","time":1610776657,"event":{"mods":["AchievementEnabler","BaseMod","Colored Map","Highlight Path","Minty Spire (QoL Compilation)","Quick Restart","StSLib","SuperFastMode"],"gold_per_floor":[365,101,119,119,138,138,171,171,197,225,238,248,248,265,265,365,365,383,230,244,259,55,55,55],"floor_reached":23,"language":"KOR","playtime":1411,"items_purged":["Strike_G","Doubt","Decay"],"score":203,"play_id":"9bfe5dd0-aa56-461d-a7ba-699b6362ddca","local_time":"20210116145737","is_ascension_mode":false,"campfire_choices":[{"data":"Neutralize","floor":6.0,"key":"SMITH"},{"floor":8.0,"key":"REST"},{"floor":15.0,"key":"REST"}],"circlet_count":0,"master_deck":["Strike_G","Strike_G","Strike_G","Strike_G","Defend_G","Defend_G","Defend_G","Defend_G","Defend_G","Survivor","Neutralize+1","Underhanded Strike","Deadly Poison","Deflect","Poisoned Stab","Backflip","Terror","Venomology","Poisoned Stab+1","PiercingWail","Noxious Fumes"],"relics":["Ring of the Snake","TwistedFunnel","Anchor","Potion Belt","Ancient Tea Set","Oddly Smooth Stone","Philosopher\u0027s Stone"],"acts_visited":["Exordium","TheCity"],"potions_floor_usage":[23,23],"damage_taken":[{"damage":4.0,"enemies":"Cultist","floor":1.0,"turns":5.0},{"damage":0.0,"enemies":"Small Slimes","floor":3.0,"turns":3.0},{"damage":0.0,"enemies":"2 Louse","floor":5.0,"turns":2.0},{"damage":15.0,"enemies":"Lagavulin","floor":7.0,"turns":6.0},{"damage":28.0,"enemies":"3 Sentries","floor":10.0,"turns":11.0},{"damage":0.0,"enemies":"Blue Slaver","floor":11.0,"turns":3.0},{"damage":0.0,"enemies":"3 Louse","floor":12.0,"turns":2.0},{"damage":5.0,"enemies":"Gremlin Gang","floor":14.0,"turns":5.0},{"damage":37.0,"enemies":"The Guardian","floor":16.0,"turns":10.0},{"damage":17.0,"enemies":"Shell Parasite","floor":18.0,"turns":6.0},{"damage":24.0,"enemies":"3 Byrds","floor":20.0,"turns":4.0},{"damage":16.0,"enemies":"Snecko","floor":21.0,"turns":7.0},{"damage":46,"enemies":"Gremlin Leader","floor":23,"turns":4}],"seed_played":"-5419297966902197063","potions_obtained":[{"floor":1.0,"key":"DuplicationPotion"},{"floor":3.0,"key":"AttackPotion"},{"floor":11.0,"key":"AttackPotion"},{"floor":12.0,"key":"BlessingOfTheForge"},{"floor":14.0,"key":"FairyPotion"},{"floor":18.0,"key":"FearPotion"}],"is_trial":false,"path_per_floor":["M","$","M","T","M","R","E","R","T","E","M","M","?","M","R","B",null,"M","$","M","M","$","E"],"character_chosen":"THE_SILENT","items_purchased":["TwistedFunnel","Deadly Poison","PiercingWail","Noxious Fumes"],"campfire_rested":2,"item_purchase_floors":[2,2,19,22],"current_hp_per_floor":[66,66,66,66,66,66,51,70,70,42,42,42,42,37,58,21,70,53,53,29,13,13,0,0],"gold":55,"neow_bonus":"TWO_FIFTY_GOLD","is_daily":false,"chose_seed":false,"campfire_upgraded":1,"win_rate":0.0,"timestamp":1610776657,"path_taken":["M","$","M","?","M","R","E","R","T","E","M","M","?","?","R","BOSS","M","?","M","?","$","E"],"items_purchased_type":["Relic","Card","Card","Card"],"build_version":"2020-12-22","purchased_purges":3,"victory":false,"max_hp_per_floor":[70,70,70,70,70,70,70,70,70,70,70,70,70,70,70,70,70,70,70,70,70,70,70,70],"card_choices":[{"not_picked":["Sucker Punch","Bane"],"picked":"Underhanded Strike","floor":1.0},{"not_picked":["Backstab","Sucker Punch","Masterful Stab"],"picked":"SKIP","floor":3.0},{"not_picked":["Dagger Spray","Caltrops","Die Die Die"],"picked":"SKIP","floor":5.0},{"not_picked":["Deflect","Underhanded Strike","Flying Knee"],"picked":"SKIP","floor":7.0},{"not_picked":["Calculated Gamble","Underhanded Strike"],"picked":"Deflect","floor":10.0},{"not_picked":["Expertise","Outmaneuver"],"picked":"Poisoned Stab","floor":11.0},{"not_picked":["Dodge and Roll","Doppelganger"],"picked":"Backflip","floor":12.0},{"not_picked":["Dodge and Roll","Escape Plan"],"picked":"Terror","floor":14.0},{"not_picked":["Malaise","Unload"],"picked":"Venomology","floor":16.0},{"not_picked":["Acrobatics","Flying Knee"],"picked":"Poisoned Stab+1","floor":18.0},{"not_picked":["Skewer","Infinite Blades","Dash"],"picked":"SKIP","floor":20.0},{"not_picked":["Riddle With Holes+1","Flying Knee","Slice"],"picked":"SKIP","floor":21.0}],"player_experience":40422,"relics_obtained":[{"floor":4.0,"key":"Anchor"},{"floor":7.0,"key":"Potion Belt"},{"floor":9.0,"key":"Ancient Tea Set"},{"floor":10.0,"key":"Oddly Smooth Stone"}],"event_choices":[{"damage_healed":0.0,"max_hp_gain":0.0,"max_hp_loss":0.0,"gold_gain":0.0,"event_name":"Wheel of Change","player_choice":"Cursed","floor":13.0,"gold_loss":0.0,"damage_taken":0.0,"cards_obtained":["Decay"]}],"is_beta":false,"boss_relics":[{"not_picked":["Runic Dome","Snecko Eye"],"picked":"Philosopher\u0027s Stone"}],"items_purged_floors":[2,19,22],"is_endless":false,"potions_floor_spawned":[1,3,11,12,14,18],"killed_by":"Gremlin Leader","ascension_level":0}}