{"host":"2vm9o2fc5crca06n","time":1610760891,"event":{"mods":["BaseMod","Bestiary","Googly Eyes","Minty Spire (QoL Compilation)","SuperFastMode"],"gold_per_floor":[113,113,132,152,54,84,84,102,102,102,114,64,92,92,92,193,193,205,205,165,184,199,230,230,230,230,249,283,186,186,196,196,300,300,320,320,338,187,206,206,206,206,206,42,42,57,57,77,77,77,77,77,0,0,0],"floor_reached":54,"language":"ENG","playtime":4594,"items_purged":[],"score":710,"play_id":"79ecd6ed-4dee-4e5c-ba6b-9f020c52d66c","local_time":"20210116013451","is_ascension_mode":false,"campfire_choices":[{"data":"Eruption","floor":7,"key":"SMITH"},{"data":"Tantrum","floor":10,"key":"SMITH"},{"floor":15,"key":"RECALL"},{"floor":25,"key":"REST"},{"data":"TalkToTheHand","floor":32,"key":"SMITH"},{"data":"Fasting2","floor":40,"key":"SMITH"},{"floor":45,"key":"REST"},{"data":"TalkToTheHand","floor":49,"key":"SMITH"},{"data":"Ragnarok","floor":52,"key":"SMITH"}],"circlet_count":0,"master_deck":["Strike_P+1","Defend_P+1","Defend_P","Eruption+1","Vigilance","Tantrum+1","FlurryOfBlows+1","FlurryOfBlows+1","Bandage Up+1","TalkToTheHand+1","Consecrate","LessonLearned+1","Ragnarok+1","ClearTheMind+1","CrushJoints+1","Adaptation+1","FollowUp+1","FlurryOfBlows+1","EmptyFist","Protect","PathToVictory","EmptyBody","Swivel+1","DeusExMachina","DeceiveReality+1","Madness+1","Madness","Swivel+1","Fasting2+1","TalkToTheHand+1","Finesse","Forethought","TalkToTheHand+1"],"relics":["HolyWater","PreservedInsect","White Beast Statue","Astrolabe","CaptainsWheel","Meat on the Bone","Art of War","Regal Pillow","Orichalcum"],"acts_visited":["Exordium","TheCity","TheBeyond","TheEnding"],"potions_floor_usage":[6,8,18,18,18,21,22,23,28,33,37,37,37,48,50,50,50,54],"damage_taken":[{"damage":4,"enemies":"Jaw Worm","floor":1,"turns":3},{"damage":0,"enemies":"2 Louse","floor":3,"turns":2},{"damage":0,"enemies":"Cultist","floor":4,"turns":2},{"damage":13,"enemies":"3 Sentries","floor":6,"turns":5},{"damage":0,"enemies":"Gremlin Gang","floor":8,"turns":4},{"damage":0,"enemies":"2 Fungi Beasts","floor":11,"turns":2},{"damage":0,"enemies":"Gremlin Nob","floor":13,"turns":2},{"damage":29,"enemies":"Slime Boss","floor":16,"turns":7},{"damage":30,"enemies":"Shell Parasite","floor":18,"turns":4},{"damage":0,"enemies":"2 Thieves","floor":21,"turns":1},{"damage":20,"enemies":"Cultist and Chosen","floor":22,"turns":3},{"damage":0,"enemies":"Book of Stabbing","floor":23,"turns":2},{"damage":0,"enemies":"Snake Plant","floor":27,"turns":5},{"damage":11,"enemies":"Slavers","floor":28,"turns":3},{"damage":5,"enemies":"Sentry and Sphere","floor":31,"turns":4},{"damage":10,"enemies":"Collector","floor":33,"turns":3},{"damage":8,"enemies":"3 Shapes","floor":35,"turns":4},{"damage":50,"enemies":"3 Darklings","floor":37,"turns":4},{"damage":11,"enemies":"Maw","floor":39,"turns":7},{"damage":14,"enemies":"4 Shapes","floor":46,"turns":5},{"damage":7,"enemies":"Transient","floor":48,"turns":5},{"damage":24,"enemies":"Donu and Deca","floor":50,"turns":5},{"damage":132,"enemies":"Shield and Spear","floor":54,"turns":9}],"seed_played":"-579822732188349204","potions_obtained":[{"floor":1,"key":"SteroidPotion"},{"floor":3,"key":"BlessingOfTheForge"},{"floor":6,"key":"EntropicBrew"},{"floor":11,"key":"Dexterity Potion"},{"floor":16,"key":"SmokeBomb"},{"floor":18,"key":"LiquidMemories"},{"floor":21,"key":"SmokeBomb"},{"floor":22,"key":"PowerPotion"},{"floor":23,"key":"LiquidMemories"},{"floor":27,"key":"SpeedPotion"},{"floor":28,"key":"GamblersBrew"},{"floor":31,"key":"DistilledChaos"},{"floor":33,"key":"PowerPotion"},{"floor":35,"key":"DistilledChaos"},{"floor":37,"key":"Ambrosia"},{"floor":39,"key":"DistilledChaos"},{"floor":46,"key":"GamblersBrew"},{"floor":48,"key":"SkillPotion"}],"is_trial":false,"path_per_floor":["M","?","M","M","$","E","R","M","T","R","M","?","E","?","R","B",null,"M","$","?","M","M","E","?","R","T","M","E","$","?","M","R","B",null,"M","?","M","$","M","R","?","?","T","$","R","M","?","M","R","B",null,"R","$","E"],"character_chosen":"WATCHER","items_purchased":["Bandage Up","PathToVictory","EmptyBody","Regal Pillow","TalkToTheHand","Finesse","GamblersBrew"],"campfire_rested":2,"item_purchase_floors":[5,29,29,38,44,44,53],"current_hp_per_floor":[75,59,59,59,59,50,50,54,54,54,58,58,58,58,58,33,79,53,53,53,53,37,41,41,64,64,68,61,61,61,60,60,54,79,71,61,27,27,32,32,32,32,32,32,70,62,62,61,61,43,79,79,79,0,0],"gold":0,"neow_bonus":"TEN_PERCENT_HP_BONUS","is_daily":false,"chose_seed":false,"campfire_upgraded":6,"win_rate":0.0,"timestamp":1610760891,"path_taken":["M","?","M","M","$","E","R","M","T","R","M","?","E","?","R","BOSS","M","$","?","M","?","E","?","R","T","M","E","$","?","?","R","BOSS","M","?","M","$","M","R","?","?","T","$","R","?","?","M","R","BOSS","R","$","E"],"items_purchased_type":["Card","Card","Card","Relic","Card","Card","Potion"],"build_version":"2020-12-22","purchased_purges":0,"victory":false,"max_hp_per_floor":[79,79,79,79,79,79,79,79,79,79,79,79,79,79,79,79,79,79,79,79,79,79,79,79,79,79,79,79,79,79,79,79,79,79,79,79,79,79,79,79,79,79,79,79,79,79,79,79,79,79,79,79,79,79,79],"card_choices":[{"not_picked":["SandsOfTime","Conclude"],"picked":"Tantrum","floor":1},{"not_picked":["Worship","CutThroughFate"],"picked":"FlurryOfBlows","floor":3},{"not_picked":["Collect","Halt"],"picked":"FlurryOfBlows","floor":4},{"not_picked":["Sanctity","JustLucky"],"picked":"TalkToTheHand","floor":6},{"not_picked":["EmptyFist","Swivel","WheelKick"],"picked":"SKIP","floor":8},{"not_picked":["Crescendo","ThirdEye"],"picked":"Consecrate","floor":11},{"not_picked":["Nirvana","BowlingBash"],"picked":"LessonLearned","floor":13},{"not_picked":["DevaForm","MasterReality"],"picked":"Ragnarok","floor":16},{"not_picked":["SashWhip","Evaluate"],"picked":"Adaptation","floor":18},{"not_picked":["ThirdEye+1","FlyingSleeves+1"],"picked":"FollowUp","floor":21},{"not_picked":["FollowUp","FlyingSleeves"],"picked":"FlurryOfBlows+1","floor":22},{"not_picked":["Pray","WindmillStrike","FollowUp"],"picked":"SKIP","floor":23},{"not_picked":["Pray","Wallop"],"picked":"EmptyFist","floor":27},{"not_picked":["ConjureBlade","EmptyFist"],"picked":"Protect","floor":28},{"not_picked":["ThirdEye","Indignation+1"],"picked":"Swivel+1","floor":31},{"not_picked":["ConjureBlade","Vault"],"picked":"DeusExMachina","floor":33},{"not_picked":["FlurryOfBlows+1","SandsOfTime"],"picked":"DeceiveReality+1","floor":35},{"not_picked":["ThirdEye","FollowUp+1"],"picked":"Swivel+1","floor":37},{"not_picked":["BowlingBash","SandsOfTime"],"picked":"Fasting2","floor":39},{"not_picked":["JustLucky","BattleHymn","SandsOfTime"],"picked":"SKIP","floor":46},{"not_picked":["Purity","The Bomb"],"picked":"Forethought","floor":47},{"not_picked":["CrushJoints+1","Indignation+1"],"picked":"TalkToTheHand+1","floor":48}],"player_experience":341509,"relics_obtained":[{"floor":6,"key":"PreservedInsect"},{"floor":13,"key":"White Beast Statue"},{"floor":23,"key":"CaptainsWheel"},{"floor":26,"key":"Meat on the Bone"},{"floor":28,"key":"Art of War"},{"floor":43,"key":"Orichalcum"}],"event_choices":[{"damage_healed":0,"gold_gain":0,"player_choice":"Entered Light","damage_taken":16,"max_hp_gain":0,"max_hp_loss":0,"event_name":"Shining Light","floor":2,"gold_loss":0,"cards_upgraded":["Strike_P","Defend_P"]},{"cards_removed":["Strike_P"],"damage_healed":0,"gold_gain":0,"player_choice":"Card Removal","damage_taken":0,"max_hp_gain":0,"max_hp_loss":0,"event_name":"The Cleric","floor":12,"gold_loss":50},{"cards_removed":["Defend_P"],"damage_healed":0,"gold_gain":0,"player_choice":"Purged","damage_taken":0,"max_hp_gain":0,"max_hp_loss":0,"event_name":"Purifier","floor":14,"gold_loss":0},{"damage_healed":0,"gold_gain":0,"player_choice":"Upgrade","damage_taken":0,"max_hp_gain":0,"max_hp_loss":0,"event_name":"Designer","floor":20,"gold_loss":40,"cards_upgraded":["Adaptation"]},{"damage_healed":0,"gold_gain":0,"player_choice":"Ignored","damage_taken":0,"max_hp_gain":0,"max_hp_loss":0,"event_name":"Beggar","floor":24,"gold_loss":0},{"damage_healed":0,"gold_gain":0,"player_choice":"Ignored","damage_taken":0,"max_hp_gain":0,"max_hp_loss":0,"event_name":"NoteForYourself","floor":30,"gold_loss":0},{"damage_healed":0,"gold_gain":0,"player_choice":"Embrace Madness","damage_taken":10,"max_hp_gain":0,"max_hp_loss":0,"event_name":"Winding Halls","floor":36,"gold_loss":0,"cards_obtained":["Madness","Madness"]},{"damage_healed":0,"gold_gain":0,"player_choice":"Ignored","damage_taken":0,"max_hp_gain":0,"max_hp_loss":0,"event_name":"The Moai Head","floor":41,"gold_loss":0},{"cards_removed":["SignatureMove"],"damage_healed":0,"gold_gain":0,"player_choice":"Removed Attack","damage_taken":0,"max_hp_gain":0,"max_hp_loss":0,"event_name":"Falling","floor":42,"gold_loss":0},{"damage_healed":0,"gold_gain":0,"player_choice":"Memory 1","damage_taken":0,"max_hp_gain":0,"max_hp_loss":0,"event_name":"SensoryStone","floor":47,"gold_loss":0}],"is_beta":false,"boss_relics":[{"not_picked":["Fusion Hammer","Runic Pyramid"],"picked":"Astrolabe"},{"not_picked":["Snecko Eye","VioletLotus"],"picked":"HolyWater"}],"items_purged_floors":[],"is_endless":false,"potions_floor_spawned":[1,3,6,11,16,18,21,22,23,27,28,31,33,35,37,39,46,48],"killed_by":"Shield and Spear","ascension_level":0}}