{"host":"fuszjwm6fqgjjp4d","time":1610768754,"event":{"mods":["BaseMod","Bestiary","Colored Map","DeckTracker","Minty Spire (QoL Compilation)","Permanent Neow","Relic Sorter","Relic Stats","StSLib"],"gold_per_floor":[109,121,121,140,156,156,156,188,242,242,242],"floor_reached":10,"language":"ENG","playtime":381,"items_purged":[],"score":104,"play_id":"2b48f8b8-f2d1-436b-996b-4a563d1c15d3","local_time":"20210115214554","is_ascension_mode":true,"campfire_choices":[{"data":"Eruption","floor":6,"key":"SMITH"}],"circlet_count":0,"master_deck":["AscendersBane","Strike_P","Strike_P","Strike_P","Defend_P","Defend_P","Defend_P","Defend_P","Eruption+1","Vigilance","Consecrate","Wireheading","Indignation","WindmillStrike","BowlingBash"],"relics":["Runic Dome","Shuriken","Ancient Tea Set"],"acts_visited":["Exordium"],"potions_floor_usage":[5,10],"damage_taken":[{"damage":0,"enemies":"Cultist","floor":1,"turns":3},{"damage":2,"enemies":"Jaw Worm","floor":2,"turns":5},{"damage":6,"enemies":"Small Slimes","floor":4,"turns":5},{"damage":0,"enemies":"3 Louse","floor":5,"turns":1},{"damage":30,"enemies":"Lagavulin","floor":8,"turns":7},{"damage":31,"enemies":"Gremlin Nob","floor":10,"turns":2}],"seed_played":"5499064910687905002","potions_obtained":[{"floor":4,"key":"BlessingOfTheForge"},{"floor":8,"key":"SneckoOil"}],"is_trial":false,"path_per_floor":["M","M","?","M","M","R","?","E","T","E"],"character_chosen":"WATCHER","items_purchased":[],"campfire_rested":0,"item_purchase_floors":[],"current_hp_per_floor":[61,59,59,53,53,53,46,16,16,0,0],"gold":242,"neow_bonus":"BOSS_RELIC","is_daily":false,"chose_seed":false,"campfire_upgraded":1,"win_rate":0.0,"timestamp":1610768754,"path_taken":["M","?","?","M","M","R","?","E","T","E"],"items_purchased_type":[],"build_version":"2020-12-22","purchased_purges":0,"victory":false,"max_hp_per_floor":[68,68,68,68,68,68,68,68,68,68,68],"relic_stats":{"counters":[6,23],"Shuriken":[1],"obtain_stats":[{"Runic Dome":0,"Shuriken":8,"PureWater":0,"Ancient Tea Set":9},{"Runic Dome":0,"Shuriken":5,"PureWater":0,"Ancient Tea Set":5},{"Runic Dome":0,"Shuriken":21,"PureWater":0,"Ancient Tea Set":21}]},"card_choices":[{"not_picked":["Pray","InnerPeace"],"picked":"Consecrate","floor":1},{"not_picked":["JustLucky","Halt"],"picked":"Wireheading","floor":2},{"not_picked":["Sanctity","CrushJoints"],"picked":"Indignation","floor":4},{"not_picked":["JustLucky","SashWhip"],"picked":"WindmillStrike","floor":5},{"not_picked":["PathToVictory","ClearTheMind"],"picked":"BowlingBash","floor":8}],"player_experience":1294357,"relics_obtained":[{"floor":8,"key":"Shuriken"},{"floor":9,"key":"Ancient Tea Set"}],"event_choices":[{"damage_healed":0,"gold_gain":0,"player_choice":"Ignored","damage_taken":0,"max_hp_gain":0,"max_hp_loss":0,"event_name":"Liars Game","floor":3,"gold_loss":0},{"cards_removed":["Strike_P"],"damage_healed":0,"gold_gain":0,"player_choice":"Card Removal","damage_taken":7,"max_hp_gain":0,"max_hp_loss":0,"event_name":"Golden Wing","floor":7,"gold_loss":0}],"is_beta":false,"boss_relics":[],"items_purged_floors":[],"is_endless":false,"potions_floor_spawned":[4,8],"killed_by":"Gremlin Nob","ascension_level":16}}