{"host":"2yhbarjh4s9lrrzt","time":1610766724,"event":{"mods":["BaseMod","Better Third Choice","Minty Spire (QoL Compilation)","Replay The Spire","StSLib"],"gold_per_floor":[114,124,136,136,136,136,136,153,153,169,183,9,9,40,40,143,143,159,178,193,108,108,108,136,136,159,159,10,20,120,131,131,229,229,244,254,274,9,9,9,20,20,20,31,49,62,0,10,10,10,10],"floor_reached":50,"language":"ENG","playtime":4509,"items_purged":[],"score":543,"play_id":"fb2634d5-4ee0-4649-9614-dc081b28a723","local_time":"20210115221204","is_ascension_mode":false,"campfire_choices":[{"floor":6,"key":"RECALL"},{"floor":13,"key":"REST"},{"floor":15,"key":"REST"},{"data":"Vault","floor":23,"key":"SMITH"},{"data":"Fasting2","floor":25,"key":"SMITH"},{"data":"Vigilance","floor":27,"key":"SMITH"},{"floor":32,"key":"REST"},{"floor":40,"key":"REST"},{"floor":42,"key":"REST"},{"floor":49,"key":"REST"}],"circlet_count":0,"master_deck":["Strike_P","Defend_P","Eruption","Vigilance+1","Neutralize","WindmillStrike+1","CarveReality","Protect","Adaptation","CutThroughFate","Replay:Cycle","ClearTheMind","ClearTheMind","WaveOfTheHand","Vault+1","Nirvana+1","Replay:Anticipation+1","Meditate","Consecrate","Fasting2+1","PathToVictory","BowlingBash","Evaluate","Wish","FollowUp","SashWhip","PathToVictory","FlurryOfBlows+1","ThirdEye","MentalFortress","Devotion+1","Replay:Battleflow","Replay:Vibes","Evaluate+1","DeceiveReality","FlyingSleeves+1","Worship","LessonLearned","ForeignInfluence+1","EmptyFist+1","Crescendo","Conclude","Omniscience","Replay:LoomingThreat"],"relics":["PureWater","Torii","Membership Card","Thread and Needle","ReplayTheSpireMod:Onyx Gauntlets","Replay:PocketPolymizer","ReplayTheSpireMod:Ring of Collecting","ReplayTheSpireMod:Ring of Exchange","Happy Flower","Nunchaku","Ice Cream","Replay:Bottled Steam","Black Star","Replay:Towering Pillar of Hats","Ornamental Fan","Chameleon Ring"],"acts_visited":["Exordium","TheCity","TheBeyond"],"potions_floor_usage":[14,24,30,37,37,37,50],"damage_taken":[{"damage":0,"enemies":"Small Slimes","floor":1,"turns":4},{"damage":3,"enemies":"Jaw Worm","floor":2,"turns":4},{"damage":0,"enemies":"Cultist","floor":3,"turns":4},{"damage":0,"enemies":"Blue Slaver","floor":8,"turns":4},{"damage":2,"enemies":"Looter","floor":10,"turns":3},{"damage":8,"enemies":"3 Louse","floor":11,"turns":3},{"damage":12,"enemies":"3 Sentries","floor":14,"turns":8},{"damage":69,"enemies":"Slime Boss","floor":16,"turns":12},{"damage":1,"enemies":"Spheric Guardian","floor":18,"turns":4},{"damage":1,"enemies":"Chosen","floor":19,"turns":6},{"damage":0,"enemies":"Centurion and Healer","floor":20,"turns":6},{"damage":0,"enemies":"Gremlin Leader","floor":24,"turns":7},{"damage":1,"enemies":"3 Cultists","floor":29,"turns":6},{"damage":1,"enemies":"Colosseum Slavers","floor":30,"turns":3},{"damage":32,"enemies":"Colosseum Nobs","floor":30,"turns":5},{"damage":0,"enemies":"Cultist and Chosen","floor":31,"turns":5},{"damage":25,"enemies":"Automaton","floor":33,"turns":11},{"damage":40,"enemies":"3 Shapes","floor":35,"turns":6},{"damage":33,"enemies":"3 Darklings","floor":36,"turns":7},{"damage":1,"enemies":"Sphere and 2 Shapes","floor":37,"turns":7},{"damage":1,"enemies":"Maw","floor":41,"turns":7},{"damage":23,"enemies":"Spire Growth","floor":44,"turns":8},{"damage":0,"enemies":"Writhing Mass","floor":45,"turns":6},{"damage":0,"enemies":"Sphere and 2 Shapes","floor":46,"turns":6},{"damage":19,"enemies":"Jaw Worm Horde","floor":48,"turns":4},{"damage":61,"enemies":"Awakened One","floor":50,"turns":5}],"seed_played":"2313350967586880437","potions_obtained":[{"floor":2,"key":"AttackPotion"},{"floor":10,"key":"SpeedPotion"},{"floor":20,"key":"LifebloodPotion"},{"floor":29,"key":"Adrenaline Potion"},{"floor":35,"key":"Energy Potion"},{"floor":36,"key":"Weak Potion"},{"floor":45,"key":"Milkshake"}],"is_trial":false,"path_per_floor":["M","M","M","?","?","R","T","M","T","M","M","$","R","E","R","B",null,"M","M","M","?","?","R","E","R","T","R","$","M","?","M","R","B",null,"M","M","M","$","?","R","M","R","T","M","M","M","$","M","R","B"],"character_chosen":"WATCHER","items_purchased":["Membership Card","ClearTheMind","Evaluate","Wish","FollowUp","SashWhip","Replay:Towering Pillar of Hats","Ornamental Fan","Crescendo","Conclude"],"campfire_rested":6,"item_purchase_floors":[12,12,28,28,28,28,38,38,47,47],"current_hp_per_floor":[86,83,83,76,76,76,76,76,76,74,66,66,86,74,86,17,86,85,84,84,84,84,84,84,84,84,84,84,83,50,50,75,50,86,46,13,12,12,12,37,36,61,61,38,38,38,38,19,44,0,0],"gold":10,"neow_bonus":"TWENTY_PERCENT_HP_BONUS","is_daily":false,"chose_seed":false,"campfire_upgraded":3,"win_rate":0.0,"timestamp":1610766724,"path_taken":["M","M","M","?","?","R","?","M","T","?","M","$","R","E","R","BOSS","M","M","M","?","?","R","E","R","T","R","$","M","?","M","R","BOSS","M","M","M","$","?","R","M","R","T","M","M","M","$","M","R","BOSS"],"items_purchased_type":["Relic","Card","Card","Card","Card","Card","Relic","Relic","Card","Card"],"build_version":"2020-12-22","purchased_purges":0,"victory":false,"max_hp_per_floor":[86,86,86,86,86,86,86,86,86,86,86,86,86,86,86,86,86,86,86,86,86,86,86,86,86,86,86,86,86,86,86,86,86,86,86,86,86,86,86,86,86,86,86,86,86,86,86,86,86,86,86],"card_choices":[{"not_picked":["Consecrate","Evaluate"],"picked":"WindmillStrike","floor":1},{"not_picked":["SandsOfTime","FlurryOfBlows"],"picked":"CarveReality","floor":2},{"not_picked":["FlyingSleeves","Consecrate"],"picked":"Protect","floor":3},{"not_picked":["Protect","ThirdEye"],"picked":"Adaptation","floor":8},{"not_picked":["JustLucky","Consecrate"],"picked":"CutThroughFate","floor":10},{"not_picked":["Replay:ManipulateFuture","Blasphemy"],"picked":"Replay:Cycle","floor":11},{"not_picked":["CrushJoints","Indignation"],"picked":"WaveOfTheHand","floor":14},{"not_picked":["Wish","ConjureBlade"],"picked":"Vault","floor":16},{"not_picked":["Protect","CutThroughFate"],"picked":"Nirvana+1","floor":18},{"not_picked":["JustLucky","SashWhip"],"picked":"Replay:Anticipation+1","floor":19},{"not_picked":["Prostrate","EmptyMind"],"picked":"Meditate","floor":20},{"not_picked":["Prostrate","Collect"],"picked":"Fasting2","floor":24},{"not_picked":["CarveReality+1","EmptyBody+1"],"picked":"PathToVictory","floor":29},{"not_picked":["CarveReality","Replay:ManipulateFuture+1"],"picked":"FlurryOfBlows+1","floor":30},{"not_picked":["ClearTheMind","Halt"],"picked":"ThirdEye","floor":31},{"not_picked":["Ragnarok","Replay:AllIn"],"picked":"Devotion","floor":33},{"not_picked":["Replay:AtTheReady","Halt"],"picked":"Replay:Battleflow","floor":35},{"not_picked":["Evaluate","Weave+1"],"picked":"Replay:Vibes","floor":36},{"not_picked":["SashWhip","FollowUp"],"picked":"Evaluate+1","floor":37},{"not_picked":["Conclude+1","Consecrate+1"],"picked":"FlyingSleeves+1","floor":41},{"not_picked":["Prostrate+1","Halt"],"picked":"LessonLearned","floor":44},{"not_picked":["Replay:Anticipation+1","BowlingBash+1"],"picked":"ForeignInfluence+1","floor":45},{"not_picked":["Replay:AtTheReady","FollowUp"],"picked":"EmptyFist+1","floor":46},{"not_picked":["SignatureMove","SandsOfTime"],"picked":"Omniscience","floor":48}],"player_experience":217097,"relics_obtained":[{"floor":9,"key":"Torii"},{"floor":14,"key":"Thread and Needle"},{"floor":22,"key":"ReplayTheSpireMod:Ring of Collecting"},{"floor":22,"key":"ReplayTheSpireMod:Ring of Exchange"},{"floor":24,"key":"Happy Flower"},{"floor":26,"key":"Nunchaku"},{"floor":30,"key":"Ice Cream"},{"floor":30,"key":"Replay:Bottled Steam"},{"floor":43,"key":"Chameleon Ring"}],"event_choices":[{"cards_removed":["Defend_B"],"damage_healed":0,"gold_gain":0,"player_choice":"Card Removal","damage_taken":7,"max_hp_gain":0,"max_hp_loss":0,"event_name":"Golden Wing","floor":4,"gold_loss":0},{"damage_healed":0,"gold_gain":0,"player_choice":"Grow","damage_taken":0,"max_hp_gain":0,"max_hp_loss":0,"event_name":"Living Wall","floor":5,"gold_loss":0,"cards_upgraded":["WindmillStrike"]},{"damage_healed":0,"gold_gain":0,"player_choice":"Obtained Relic","damage_taken":0,"relics_obtained":["Replay:PocketPolymizer"],"max_hp_gain":0,"max_hp_loss":0,"event_name":"Addict","floor":21,"gold_loss":85},{"damage_healed":0,"gold_gain":0,"player_choice":"Fight","damage_taken":0,"max_hp_gain":0,"max_hp_loss":0,"event_name":"Colosseum","floor":30,"gold_loss":0},{"damage_healed":0,"gold_gain":0,"player_choice":"Fought Nobs","damage_taken":0,"max_hp_gain":0,"max_hp_loss":0,"event_name":"Colosseum","floor":30,"gold_loss":0},{"damage_healed":0,"gold_gain":0,"cards_transformed":["Strike_P"],"player_choice":"Transformed","damage_taken":0,"max_hp_gain":0,"max_hp_loss":0,"event_name":"Transmorgrifier","floor":39,"gold_loss":0,"cards_obtained":["DeceiveReality"]}],"is_beta":false,"boss_relics":[{"not_picked":["Fusion Hammer","Replay:Grab Bag"],"picked":"ReplayTheSpireMod:Onyx Gauntlets"},{"not_picked":["DollysMirror","ReplayTheSpireMod:DimensionalGlitch"],"picked":"Black Star"}],"items_purged_floors":[],"is_endless":false,"potions_floor_spawned":[2,10,20,29,30,35,36,45],"killed_by":"Awakened One","ascension_level":0}}