{"host":"sc0o2qwpf9j16a4i","time":1610829812,"event":{"mods":["AchievementEnabler","BaseMod","BetterRewards","Block Reminder","Colored Map","Colored Powertips","Custom Start","Highlight Path","Minty Spire (QoL Compilation)","Relic Stats"],"gold_per_floor":[115,115,125,182,115,115,115,115],"floor_reached":7,"language":"ENG","playtime":219,"items_purged":[],"score":78,"play_id":"ec9948f5-437e-431c-9ad9-f2e477d6df20","local_time":"20210116224332","is_ascension_mode":true,"campfire_choices":[{"floor":6,"key":"REST"}],"circlet_count":0,"master_deck":["AscendersBane","Strike_P+1","Strike_P","Strike_P","Strike_P","Defend_P","Defend_P","Defend_P","Defend_P","Eruption","Vigilance","LessonLearned+1","EmptyBody+1","ReachHeaven+1"],"relics":["PureWater","Pantograph"],"acts_visited":["Exordium"],"potions_floor_usage":[],"damage_taken":[{"damage":20,"enemies":"Jaw Worm","floor":1,"turns":8},{"damage":3,"enemies":"Small Slimes","floor":3,"turns":4},{"damage":49,"enemies":"3 Sentries","floor":7,"turns":9}],"seed_played":"381348533722739564","potions_obtained":[],"is_trial":false,"path_per_floor":["M","?","M","?","?","R","E"],"character_chosen":"WATCHER","items_purchased":["LessonLearned","Pantograph"],"campfire_rested":1,"item_purchase_floors":[0,0],"current_hp_per_floor":[29,29,26,26,26,46,0,0],"gold":115,"neow_bonus":"","is_daily":false,"chose_seed":false,"campfire_upgraded":0,"win_rate":0.0,"timestamp":1610829812,"path_taken":["M","?","M","?","?","R","E"],"items_purchased_type":["Card","Relic"],"build_version":"2020-12-22","purchased_purges":0,"victory":false,"max_hp_per_floor":[68,68,68,68,68,68,68,68],"relic_stats":{"counters":[15,78],"Pantograph":0,"obtain_stats":[{"Anchor":4,"Golden Idol":3,"Pantograph":0,"PreservedInsect":9,"Fusion Hammer":17,"Coffee Dripper":0,"Bag of Marbles":12,"PureWater":0},{"Anchor":2,"Golden Idol":2,"Pantograph":12,"PreservedInsect":4,"Fusion Hammer":8,"Coffee Dripper":0,"Bag of Marbles":6,"PureWater":0},{"Anchor":6,"Golden Idol":6,"Pantograph":57,"PreservedInsect":14,"Fusion Hammer":34,"Coffee Dripper":0,"Bag of Marbles":21,"PureWater":0}]},"card_choices":[{"not_picked":["FlurryOfBlows","EmptyMind"],"picked":"EmptyBody","floor":1},{"not_picked":["Crescendo","FlyingSleeves"],"picked":"ReachHeaven","floor":3}],"player_experience":679097,"relics_obtained":[],"event_choices":[{"damage_healed":0,"gold_gain":0,"player_choice":"Grow","damage_taken":0,"max_hp_gain":0,"max_hp_loss":0,"event_name":"Living Wall","floor":2,"gold_loss":0,"cards_upgraded":["EmptyBody"]},{"damage_healed":0,"gold_gain":57,"player_choice":"Gained Gold","damage_taken":0,"max_hp_gain":0,"max_hp_loss":0,"event_name":"Golden Wing","floor":4,"gold_loss":0},{"damage_healed":0,"gold_gain":0,"player_choice":"Left Gold","damage_taken":0,"max_hp_gain":0,"max_hp_loss":0,"event_name":"World of Goop","floor":5,"gold_loss":67}],"is_beta":false,"boss_relics":[],"items_purged_floors":[],"is_endless":false,"potions_floor_spawned":[],"killed_by":"3 Sentries","ascension_level":20}}