{"host":"d9m9v0h6vo0edadb","time":1610802721,"event":{"mods":["BaseMod","Hermit","Keyboard Shortcuts","Minty Spire (QoL Compilation)","StSLib","SuperFastMode","The Cursed"],"gold_per_floor":[112,127,140,65,65,65,78,90,170,183,108,8,33,49,49,49,49],"floor_reached":16,"language":"KOR","playtime":266,"items_purged":["Strike_G","Strike_G"],"score":258,"play_id":"b5285aec-9989-4412-ae01-6ecd16ab3d18","local_time":"20210116221201","is_ascension_mode":true,"campfire_choices":[{"data":"Blade Dance","floor":6.0,"key":"SMITH"},{"data":"1","floor":15,"key":"LIFT"}],"circlet_count":0,"master_deck":["AscendersBane","Defend_G","Defend_G","Defend_G","Defend_G","Defend_G","Survivor","Neutralize","Blade Dance+1","Blade Dance","Footwork","PiercingWail","Flechettes","Cloak And Dagger"],"relics":["Ring of the Snake","Bottled Tornado","Girya"],"acts_visited":["Exordium"],"potions_floor_usage":[13,13,14],"damage_taken":[{"damage":12.0,"enemies":"Small Slimes","floor":1.0,"turns":8.0},{"damage":2.0,"enemies":"Jaw Worm","floor":2.0,"turns":4.0},{"damage":1.0,"enemies":"Cultist","floor":3.0,"turns":5.0},{"damage":0.0,"enemies":"Looter","floor":7.0,"turns":3.0},{"damage":3.0,"enemies":"Large Slime","floor":8.0,"turns":6.0},{"damage":0.0,"enemies":"3 Louse","floor":10.0,"turns":5.0},{"damage":0,"enemies":"Lagavulin","floor":13,"turns":4},{"damage":10,"enemies":"Gremlin Gang","floor":14,"turns":6},{"damage":31,"enemies":"Slime Boss","floor":16,"turns":3}],"seed_played":"337860227786682233","potions_obtained":[{"floor":2.0,"key":"DistilledChaos"},{"floor":8.0,"key":"FearPotion"},{"floor":13,"key":"Poison Potion"}],"is_trial":false,"path_per_floor":["M","M","M","$","?","R","M","M","T","M","?","$","E","M","R","B"],"character_chosen":"THE_SILENT","items_purchased":[],"campfire_rested":0,"item_purchase_floors":[],"current_hp_per_floor":[47,45,44,44,44,44,44,41,41,41,41,41,41,31,31,0,0],"gold":49,"neow_bonus":"REMOVE_TWO","is_daily":false,"chose_seed":false,"campfire_upgraded":1,"win_rate":0.0,"timestamp":1610802721,"path_taken":["M","M","M","$","?","R","M","M","T","M","?","?","E","?","R","BOSS"],"items_purchased_type":[],"build_version":"2020-12-22","purchased_purges":2,"victory":false,"max_hp_per_floor":[60,60,60,60,60,60,60,60,60,60,60,60,60,60,60,60,60],"card_choices":[{"not_picked":["Sucker Punch","PiercingWail"],"picked":"Blade Dance","floor":1.0},{"not_picked":["Flying Knee","Slice"],"picked":"Blade Dance","floor":2.0},{"not_picked":["Quick Slash","Endless Agony"],"picked":"Footwork","floor":3.0},{"not_picked":["Dodge and Roll","Slice","Dash"],"picked":"SKIP","floor":7.0},{"not_picked":["Riddle With Holes","Footwork"],"picked":"PiercingWail","floor":8.0},{"not_picked":["Catalyst","Underhanded Strike"],"picked":"Flechettes","floor":10.0},{"not_picked":["Flechettes","Expertise"],"picked":"Cloak And Dagger","floor":13},{"not_picked":["All Out Attack","Backflip","Underhanded Strike"],"picked":"SKIP","floor":14}],"player_experience":972380,"relics_obtained":[{"floor":9.0,"key":"Bottled Tornado"},{"floor":13,"key":"Girya"}],"event_choices":[{"damage_healed":0.0,"max_hp_gain":0.0,"max_hp_loss":0.0,"gold_gain":0.0,"event_name":"Golden Idol","player_choice":"Ignored","floor":5.0,"gold_loss":0.0,"damage_taken":0.0},{"cards_removed":["Strike_G"],"damage_healed":0.0,"max_hp_gain":0.0,"max_hp_loss":0.0,"gold_gain":0.0,"event_name":"The Cleric","player_choice":"Card Removal","floor":11.0,"gold_loss":75.0,"damage_taken":0.0}],"is_beta":false,"boss_relics":[],"items_purged_floors":[4,12],"is_endless":false,"potions_floor_spawned":[2,8,13],"killed_by":"Slime Boss","ascension_level":20}}