{"host":"04hh9gplt9wkfmr1","time":1610816827,"event":{"mods":["AchievementEnabler","BaseMod","Colored Map","KOR Keyword Fix","Minty Spire (QoL Compilation)","Rare Cards Sparkle","SuperFastMode"],"gold_per_floor":[110,110,129,140,150,150,184,200,223,223,255,255,270,270,270,368,368,368,368,27,27,27,27,27],"floor_reached":23,"language":"KOR","playtime":713,"items_purged":["Normality"],"score":246,"play_id":"7d99f59e-eb2f-490b-96fe-1f6cd9ca878d","local_time":"20210117020707","is_ascension_mode":true,"campfire_choices":[{"data":"Entrench","floor":6.0,"key":"SMITH"},{"data":"Armaments","floor":10.0,"key":"SMITH"},{"floor":12.0,"key":"REST"},{"data":"Dual Wield","floor":15.0,"key":"SMITH"}],"circlet_count":0,"master_deck":["Strike_R","Strike_R","Strike_R","Strike_R","Defend_R","Defend_R","Defend_R","Defend_R","Bash","Headbutt","Metallicize+1","Entrench+1","Inflame+1","Armaments+1","Dual Wield+1","Impervious","Shrug It Off","Metallicize+1","Entrench","Feel No Pain+1"],"relics":["Burning Blood","Frozen Egg 2","Meat on the Bone","Anchor","Bottled Flame","Matryoshka","Ectoplasm","Enchiridion","Tiny Chest"],"acts_visited":["Exordium","TheCity"],"potions_floor_usage":[23],"damage_taken":[{"damage":1.0,"enemies":"Cultist","floor":1.0,"turns":4.0},{"damage":2.0,"enemies":"2 Louse","floor":3.0,"turns":3.0},{"damage":6.0,"enemies":"Small Slimes","floor":4.0,"turns":3.0},{"damage":19.0,"enemies":"Gremlin Gang","floor":5.0,"turns":9.0},{"damage":28.0,"enemies":"Lagavulin","floor":7.0,"turns":7.0},{"damage":7.0,"enemies":"2 Fungi Beasts","floor":8.0,"turns":4.0},{"damage":39.0,"enemies":"Gremlin Nob","floor":11.0,"turns":5.0},{"damage":7.0,"enemies":"3 Louse","floor":13.0,"turns":5.0},{"damage":40.0,"enemies":"The Guardian","floor":16.0,"turns":14.0},{"damage":25,"enemies":"Spheric Guardian","floor":18,"turns":6},{"damage":4,"enemies":"Chosen","floor":22,"turns":7},{"damage":70,"enemies":"Slavers","floor":23,"turns":7}],"seed_played":"-7391809627185896346","potions_obtained":[{"floor":1.0,"key":"AttackPotion"},{"floor":7.0,"key":"BlessingOfTheForge"},{"floor":11.0,"key":"SteroidPotion"},{"floor":16.0,"key":"SpeedPotion"}],"is_trial":false,"path_per_floor":["M","T","M","M","M","R","E","M","T","R","E","R","M","?","R","B",null,"M","?","$","?","M","E"],"character_chosen":"IRONCLAD","items_purchased":["Metallicize+1","Tiny Chest","Entrench"],"campfire_rested":1,"item_purchase_floors":[20,20,20],"current_hp_per_floor":[96,96,96,96,83,83,61,60,60,60,39,67,66,48,48,26,96,77,61,61,61,63,0,0],"gold":27,"neow_bonus":"TWENTY_PERCENT_HP_BONUS","is_daily":false,"chose_seed":false,"campfire_upgraded":3,"win_rate":0.0,"timestamp":1610816827,"path_taken":["M","?","M","M","M","R","E","M","T","R","E","R","M","?","R","BOSS","M","?","$","?","?","E"],"items_purchased_type":["Card","Relic","Card"],"build_version":"2020-12-22","purchased_purges":1,"victory":false,"max_hp_per_floor":[96,96,96,96,96,96,96,96,96,96,96,96,96,96,96,96,96,96,96,96,96,96,96,96],"card_choices":[{"not_picked":["Sword Boomerang","Thunderclap"],"picked":"Headbutt","floor":1.0},{"not_picked":["Searing Blow","Shrug It Off"],"picked":"Metallicize+1","floor":3.0},{"not_picked":["Headbutt","Warcry"],"picked":"Entrench","floor":4.0},{"not_picked":["Evolve+1","Seeing Red"],"picked":"Inflame+1","floor":5.0},{"not_picked":["Fire Breathing+1","Pommel Strike","Spot Weakness"],"picked":"SKIP","floor":7.0},{"not_picked":["Headbutt","Pummel"],"picked":"Armaments","floor":8.0},{"not_picked":["Twin Strike","Brutality+1","Wild Strike"],"picked":"SKIP","floor":11.0},{"not_picked":["Anger","Sword Boomerang"],"picked":"Dual Wield","floor":13.0},{"not_picked":["Double Tap","Immolate"],"picked":"Impervious","floor":16.0},{"not_picked":["Blood for Blood","Hemokinesis"],"picked":"Shrug It Off","floor":18},{"not_picked":["Thunderclap","Heavy Blade"],"picked":"Feel No Pain+1","floor":22}],"player_experience":42012,"relics_obtained":[{"floor":2.0,"key":"Frozen Egg 2"},{"floor":7.0,"key":"Meat on the Bone"},{"floor":9.0,"key":"Anchor"},{"floor":11.0,"key":"Bottled Flame"},{"floor":19,"key":"Enchiridion"}],"event_choices":[{"damage_healed":0.0,"max_hp_gain":0.0,"max_hp_loss":0.0,"gold_gain":0.0,"event_name":"Scrap Ooze","player_choice":"Success","floor":14.0,"gold_loss":0.0,"damage_taken":18.0,"relics_obtained":["Matryoshka"]},{"damage_healed":0,"gold_gain":0,"player_choice":"Obtained Book","damage_taken":16,"max_hp_gain":0,"max_hp_loss":0,"event_name":"Cursed Tome","floor":19,"gold_loss":0},{"cards_removed":["Strike_R"],"damage_healed":0,"gold_gain":0,"player_choice":"Offered Basic","damage_taken":0,"max_hp_gain":0,"max_hp_loss":0,"event_name":"Bonfire Elementals","floor":21,"gold_loss":0}],"is_beta":false,"boss_relics":[{"not_picked":["Snecko Eye","Astrolabe"],"picked":"Ectoplasm"}],"items_purged_floors":[20],"is_endless":false,"potions_floor_spawned":[1,7,11,16],"killed_by":"Slavers","ascension_level":2}}