{"host":"6hzrz31j95f2y1pa","time":1610784838,"event":{"mods":["BaseMod","Colored Map","Downfall","Minty Spire (QoL Compilation)","StSLib"],"gold_per_floor":[99,114,134,149,168,182,182,192,27,47,65,84,84,84,104,104,104,104],"floor_reached":16,"language":"ENG","playtime":656,"items_purged":["Guardian:Defend_Guardian"],"score":130,"play_id":"004c4f89-88dc-496e-9ee2-f0dd57ad768b","local_time":"20210116031358","is_ascension_mode":true,"campfire_choices":[{"data":"Guardian:CurlUp","floor":1.0,"key":"SMITH"},{"data":"Guardian:MultiBeam","floor":13,"key":"SMITH"}],"circlet_count":0,"master_deck":["Guardian:Strike_Guardian","Guardian:Strike_Guardian","Guardian:Strike_Guardian","Guardian:Strike_Guardian","Guardian:Defend_Guardian","Guardian:Defend_Guardian","Guardian:Defend_Guardian","Guardian:CurlUp+1","Guardian:TwinSlam","Guardian:PiercingHide","Guardian:ChargeCore","Guardian:SpikerProtocol","Guardian:ShieldSpikes","Guardian:Harden","Guardian:Planning","Guardian:TimeSifter","Guardian:MultiBeam+1","Guardian:RollAttack","downfall:Bewildered","Pain","Guardian:StasisEngine","Guardian:BodySlam"],"relics":["Guardian:ModeShifter","Guardian:DefensiveModeMoreBlock","Pear","Blue Candle"],"acts_visited":["Exordium"],"potions_floor_usage":[9,15,16,16],"damage_taken":[{"damage":1,"enemies":"Cultist","floor":2,"turns":4},{"damage":3,"enemies":"2 Louse","floor":3,"turns":3},{"damage":0,"enemies":"Small Slimes","floor":4,"turns":3},{"damage":15,"enemies":"Exordium Thugs","floor":5,"turns":5},{"damage":0,"enemies":"2 Fungi Beasts","floor":6,"turns":4},{"damage":26,"enemies":"Large Slime","floor":8,"turns":9},{"damage":0,"enemies":"downfall:FleeingMerchant","floor":9,"turns":4},{"damage":10,"enemies":"Gremlin Gang","floor":10,"turns":5},{"damage":15,"enemies":"Exordium Wildlife","floor":11,"turns":5},{"damage":1,"enemies":"Blue Slaver","floor":12,"turns":4},{"damage":18,"enemies":"3 Louse","floor":15,"turns":5},{"damage":15,"enemies":"IC_STATUS_ARCHETYPE","floor":16,"turns":4}],"seed_played":"5528387921616214322","potions_obtained":[{"floor":2,"key":"SpeedPotion"},{"floor":4,"key":"CultistPotion"},{"floor":6,"key":"Regen Potion"},{"floor":12,"key":"Block Potion"}],"is_trial":false,"path_per_floor":["R","M","M","M","M","M","T","M","$","M","M","M","R","?","M","B"],"character_chosen":"GUARDIAN","items_purchased":["Guardian:MultiBeam"],"campfire_rested":0,"item_purchase_floors":[9],"current_hp_per_floor":[72,71,68,68,53,53,63,37,51,41,26,25,25,25,7,0,0,0],"gold":104,"neow_bonus":"RANDOM_COMMON_RELIC","is_daily":false,"chose_seed":false,"campfire_upgraded":2,"win_rate":0.0,"timestamp":1610784838,"path_taken":["R","M","M","?","M","M","T","M","$","M","M","M","R","?","M","BOSS"],"items_purchased_type":["Card"],"build_version":"2020-12-22","purchased_purges":1,"victory":false,"max_hp_per_floor":[80,80,80,80,80,80,90,90,90,90,90,90,90,90,90,90,90,90],"card_choices":[{"not_picked":["Guardian:WalkerClaw","Guardian:Gem_Cyan"],"picked":"Guardian:PiercingHide","floor":2},{"not_picked":["Guardian:Gem_Cyan","Guardian:TemporalStrike"],"picked":"Guardian:ChargeCore","floor":3},{"not_picked":["Guardian:WalkerClaw","Guardian:BaubleBeam"],"picked":"Guardian:SpikerProtocol","floor":4},{"not_picked":["Guardian:Gem_Red","Guardian:Recover"],"picked":"Guardian:ShieldSpikes","floor":5},{"not_picked":["Guardian:Recover","Guardian:Gem_Cyan"],"picked":"Guardian:Harden","floor":6},{"not_picked":["Guardian:DecasProtection","Guardian:Gem_Green"],"picked":"Guardian:Planning","floor":8},{"not_picked":["Guardian:TemporalStrike","Guardian:CrystalBeam"],"picked":"Guardian:TimeSifter","floor":9},{"not_picked":["Guardian:PiercingHide","Guardian:Gem_Green"],"picked":"Guardian:Gem_Red","floor":10},{"not_picked":["Guardian:Reroute","Guardian:Suspension"],"picked":"Guardian:Gem_Crimson","floor":11},{"not_picked":["Guardian:PrimingBeam","Guardian:Gem_Lightblue"],"picked":"Guardian:RollAttack","floor":12},{"not_picked":["Guardian:PrimingBeam","Guardian:VentSteam"],"picked":"Guardian:BodySlam","floor":15}],"player_experience":1343292,"relics_obtained":[{"floor":7,"key":"Pear"}],"event_choices":[],"is_beta":false,"boss_relics":[],"items_purged_floors":[9],"is_endless":false,"potions_floor_spawned":[2,4,6,12],"killed_by":"IC_STATUS_ARCHETYPE","ascension_level":6}}