{"host":"ibonnlq6s1c814xj","time":1610791897,"event":{"mods":["BaseMod","BetterRewards","Minty Spire (QoL Compilation)","Quick Restart","Shop Mod","¡¾ÒÅÎï¿¨ÅÆ¡¿REMEMod"],"gold_per_floor":[114,114,132,143,318,318,335,352,352,352,352,386,402,418,418,522,522,537,550,561,561,425,425,425,425,425],"floor_reached":25,"language":"ZHS","playtime":846,"items_purged":["Shame"],"score":226,"play_id":"e023da33-2572-49c8-aae7-64c6f3580e3c","local_time":"20210116181137","is_ascension_mode":true,"campfire_choices":[{"data":"Body Slam","floor":6,"key":"SMITH"},{"data":"REME_Flogging","floor":11,"key":"SMITH"},{"floor":15,"key":"REST"},{"data":"Brutality","floor":24,"key":"SMITH"}],"circlet_count":0,"master_deck":["Strike_R","Strike_R","Strike_R","Strike_R","Strike_R","Defend_R","Defend_R","Defend_R","Bash","REME_Flogging+1","Power Through","REME_FearOfPain","Apotheosis+1","Body Slam+1","Doubt","Sentinel","Body Slam","Burning Pact","Juggernaut","Brutality+1","True Grit","Dark Embrace","Pain"],"relics":["Burning Blood","REME_ComplimentaryCards","Medical Kit","Champion Belt","Question Card","Magic Flower","Black Star","MerchantsRug","WarpedTongs"],"acts_visited":["Exordium","TheCity"],"potions_floor_usage":[],"damage_taken":[{"damage":0,"enemies":"Small Slimes","floor":1,"turns":3},{"damage":0,"enemies":"Cultist","floor":3,"turns":2},{"damage":0,"enemies":"Jaw Worm","floor":4,"turns":2},{"damage":22,"enemies":"Lots of Slimes","floor":7,"turns":3},{"damage":1,"enemies":"Looter","floor":8,"turns":3},{"damage":4,"enemies":"3 Sentries","floor":12,"turns":4},{"damage":3,"enemies":"3 Louse","floor":13,"turns":3},{"damage":11,"enemies":"Blue Slaver","floor":14,"turns":4},{"damage":43,"enemies":"The Guardian","floor":16,"turns":7},{"damage":24,"enemies":"Shell Parasite","floor":18,"turns":4},{"damage":29,"enemies":"2 Thieves","floor":19,"turns":3},{"damage":35,"enemies":"Sentry and Sphere","floor":20,"turns":5},{"damage":19,"enemies":"3 Cultists","floor":25,"turns":2}],"seed_played":"4749034281791675631","potions_obtained":[{"floor":7,"key":"HeartOfIron"},{"floor":8,"key":"HeartOfIron"},{"floor":12,"key":"SkillPotion"}],"is_trial":false,"path_per_floor":["M","?","M","M","?","R","M","M","T","?","R","E","M","M","R","B",null,"M","M","M","?","$","?","R","M"],"character_chosen":"IRONCLAD","items_purchased":["Medical Kit","Power Through","REME_FearOfPain","Apotheosis","Strength Potion","MerchantsRug"],"campfire_rested":1,"item_purchase_floors":[0,0,0,0,0,22],"current_hp_per_floor":[50,50,56,62,62,62,46,51,51,51,51,53,59,57,80,46,80,65,45,19,19,19,19,19,0,0],"gold":425,"neow_bonus":"","is_daily":false,"chose_seed":false,"campfire_upgraded":3,"win_rate":0.0,"timestamp":1610791897,"path_taken":["M","?","?","M","?","R","M","M","T","?","R","E","M","M","R","BOSS","M","?","M","?","$","?","R","M"],"items_purchased_type":["Relic","Card","Card","Card","Potion","Relic"],"build_version":"2020-12-22","purchased_purges":1,"victory":false,"max_hp_per_floor":[80,80,80,80,80,80,80,80,80,80,80,80,80,80,80,80,80,80,80,80,80,80,80,80,80,80],"card_choices":[{"not_picked":["Sword Boomerang","Headbutt","Disarm"],"picked":"SKIP","floor":1},{"not_picked":["Rampage","Flex"],"picked":"Body Slam","floor":3},{"not_picked":["Clothesline","Shrug It Off","Sword Boomerang"],"picked":"SKIP","floor":4},{"not_picked":["Clothesline","Iron Wave","Pommel Strike"],"picked":"SKIP","floor":7},{"not_picked":["Shrug It Off","Pommel Strike"],"picked":"Sentinel","floor":8},{"not_picked":["Wild Strike","Blood for Blood","Iron Wave"],"picked":"Body Slam","floor":12},{"not_picked":["Cleave","Dropkick","Headbutt"],"picked":"Burning Pact","floor":13},{"not_picked":["Iron Wave","Clothesline","Cleave"],"picked":"Juggernaut","floor":14},{"not_picked":["Immolate","Exhume","REME_Fury"],"picked":"Brutality","floor":16},{"not_picked":["Body Slam","Clothesline","Thunderclap"],"picked":"True Grit","floor":18},{"not_picked":["Warcry","Intimidate","Havoc","Fiend Fire"],"picked":"SKIP","floor":19},{"not_picked":["Inflame","Combust","Twin Strike"],"picked":"Dark Embrace","floor":20}],"player_experience":259466,"relics_obtained":[{"floor":9,"key":"Question Card"},{"floor":12,"key":"Magic Flower"}],"event_choices":[{"damage_healed":0,"gold_gain":0,"player_choice":"Upgraded","damage_taken":0,"max_hp_gain":0,"max_hp_loss":0,"event_name":"Upgrade Shrine","floor":2,"gold_loss":0,"cards_upgraded":["Apotheosis"]},{"damage_healed":0,"gold_gain":175,"player_choice":"AGREE","damage_taken":0,"max_hp_gain":0,"max_hp_loss":0,"event_name":"Liars Game","floor":5,"gold_loss":0,"cards_obtained":["Doubt"]},{"damage_healed":0,"gold_gain":0,"player_choice":"Gave Potion","damage_taken":0,"relics_obtained":["Regal Pillow"],"max_hp_gain":0,"max_hp_loss":0,"event_name":"WeMeetAgain","floor":10,"gold_loss":0},{"damage_healed":0,"gold_gain":0,"player_choice":"Stole Relic","damage_taken":0,"relics_obtained":["MawBank"],"max_hp_gain":0,"max_hp_loss":0,"event_name":"Addict","floor":21,"gold_loss":0,"cards_obtained":["Shame"]},{"damage_healed":0,"gold_gain":0,"player_choice":"Rummage","damage_taken":0,"relics_obtained":["WarpedTongs"],"max_hp_gain":0,"max_hp_loss":0,"event_name":"Accursed Blacksmith","floor":23,"gold_loss":0,"cards_obtained":["Pain"]}],"is_beta":false,"boss_relics":[{"not_picked":["Calling Bell","Fusion Hammer"],"picked":"Black Star"}],"items_purged_floors":[22],"is_endless":false,"potions_floor_spawned":[7,8,12,13,19],"killed_by":"3 Cultists","ascension_level":2}}