{"host":"2gke39v5r4v8gacc","time":1610781334,"event":{"mods":["BaseMod","KinomotoSakuraMod(ƒæ÷Æ±æ”£)","Koishi","Marisa£®ÏF”Í°°ƒß¿Ì…≥£©","Minty Spire (QoL Compilation)","Prisma Mod","StSLib","The Bug Knight","WarShipGirlsR/’ΩΩ¢…Ÿ≈ÆR mod","Youmu£®ªÍ∆«—˝√Œ£©","Yuri Mod"],"gold_per_floor":[147,186,219,11,50,95,128,176,199,310,379,484,571,628,640,961,973,1045,1093,849,849,909,1002,1107,1143,1169,1223,1310,1388,1487,1132,1132,1447,1447,1507,1546,1405,1405,1435,1528,1579,1253,1277,1055,1055,1088,1028,1124,1124,1124],"floor_reached":51,"language":"ZHS","playtime":2652,"items_purged":[],"score":1263,"play_id":"0e442b6d-74ab-4380-acbe-c146055741ee","local_time":"20210116151534","daily_mods":["SealedDeck","Vintage","Colorless Cards","Heirloom","Time Dilation","Flight","Midas"],"is_ascension_mode":false,"campfire_choices":[{"floor":15,"key":"REST"},{"floor":32,"key":"REST"},{"data":"1","floor":49,"key":"LIFT"}],"circlet_count":0,"master_deck":["rmod:firesupport","Good Instincts","rmod:fuelsupply+1","rmod:wife","rmod:diamondstrike","rmod:salvage+1","rmod:selfconfidence","rmod:firesupport","rmod:supportescort+1","rmod:luckystar","rmod:fletcher+1","rmod:wolves","rmod:fletcherpendant+1","rmod:fletcherpendant+1","rmod:intelligenceanalysis+1","rmod:fletcher+1","rmod:fletcherpendant+1","rmod:diamondstrike+1","rmod:acesubmarine+1","rmod:fletcher+1","rmod:luckystar+1","Sweeping Beam+1","rmod:fletcherpendant+1","yuri:TeaSet","rmod:fletcherpendant+1","Swivel","rmod:acesubmarine+1","rmod:fletcherpendant+1","rmod:fletcherpendant+1","HollowMod:MantisMark+1","Mind Blast+1","yuri:TeaSet","rmod:fletcherpendant+1","rmod:intelligenceanalysis+1","rmod:expedition","rmod:fletcher+1","rmod:supportaircraftcarrier","rmod:abidefaith","rmod:fletcher+1","PrismaMod:MiyuCarnivalAttack+1","rmod:fletcher+1"],"relics":["rmod:firstchargereward","TungstenRod","Pantograph","Art of War","Bag of Preparation","Membership Card","Toy Ornithopter","Lantern","Molten Egg 2","White Beast Statue","MawBank","Oddly Smooth Stone","Prayer Wheel","Sundial","HornCleat","Whetstone","Runic Pyramid","Letter Opener","Pen Nib","CaptainsWheel","PrismaticShard","Akabeko","Bronze Scales","Strawberry","Nunchaku","Vajra","Gambling Chip","rmod:extraamm","Bottled Flame","Happy Flower","Dead Branch","StrikeDummy","SlaversCollar","Girya","HollowMod:PaleOreRelic","Pear","War Paint","Anchor","Ancient Tea Set","Kunai","PreservedInsect","DollysMirror","Centennial Puzzle","Medical Kit","Blood Vial","Bottled Lightning","Omamori","Bag of Marbles"],"acts_visited":["Exordium","TheCity","TheBeyond"],"potions_floor_usage":[2,13,16,16,28,33,33,39,39,39],"damage_taken":[{"damage":0,"enemies":"2 Louse","floor":1,"turns":2},{"damage":3,"enemies":"Jaw Worm","floor":2,"turns":2},{"damage":0,"enemies":"Cultist","floor":3,"turns":2},{"damage":0,"enemies":"Blue Slaver","floor":5,"turns":1},{"damage":0,"enemies":"Looter","floor":6,"turns":1},{"damage":5,"enemies":"Exordium Thugs","floor":7,"turns":3},{"damage":0,"enemies":"3 Louse","floor":8,"turns":1},{"damage":0,"enemies":"Gremlin Nob","floor":10,"turns":2},{"damage":0,"enemies":"Lots of Slimes","floor":11,"turns":1},{"damage":0,"enemies":"3 Sentries","floor":12,"turns":2},{"damage":23,"enemies":"Lagavulin","floor":13,"turns":4},{"damage":0,"enemies":"Looter","floor":14,"turns":1},{"damage":6,"enemies":"The Guardian","floor":16,"turns":4},{"damage":0,"enemies":"Spheric Guardian","floor":18,"turns":2},{"damage":0,"enemies":"Chosen","floor":19,"turns":2},{"damage":0,"enemies":"Snecko","floor":22,"turns":2},{"damage":0,"enemies":"Slavers","floor":23,"turns":1},{"damage":0,"enemies":"Book of Stabbing","floor":24,"turns":2},{"damage":0,"enemies":"Centurion and Healer","floor":25,"turns":1},{"damage":0,"enemies":"Shelled Parasite and Fungi","floor":27,"turns":1},{"damage":0,"enemies":"HollowMod:Nosk","floor":28,"turns":1},{"damage":20,"enemies":"Book of Stabbing","floor":30,"turns":2},{"damage":18,"enemies":"Automaton","floor":33,"turns":5},{"damage":0,"enemies":"3 Darklings","floor":35,"turns":1},{"damage":12,"enemies":"3 Shapes","floor":36,"turns":1},{"damage":0,"enemies":"Transient","floor":39,"turns":5},{"damage":0,"enemies":"Giant Head","floor":40,"turns":4},{"damage":0,"enemies":"Spire Growth","floor":41,"turns":1},{"damage":0,"enemies":"4 Shapes","floor":46,"turns":1},{"damage":5,"enemies":"Nemesis","floor":48,"turns":2},{"damage":0,"enemies":"Awakened One","floor":50,"turns":3}],"seed_played":"-312932465426435747","potions_obtained":[{"floor":1,"key":"PowerPotion"},{"floor":3,"key":"SpeedPotion"},{"floor":8,"key":"Dexterity Potion"},{"floor":10,"key":"SpeedPotion"},{"floor":11,"key":"EssenceOfSteel"},{"floor":12,"key":"Weak Potion"},{"floor":13,"key":"GamblersBrew"},{"floor":14,"key":"LiquidMemories"},{"floor":16,"key":"Dexterity Potion"},{"floor":18,"key":"Block Potion"},{"floor":19,"key":"AttackPotion"},{"floor":24,"key":"Fire Potion"},{"floor":25,"key":"Swift Potion"},{"floor":27,"key":"Explosive Potion"},{"floor":28,"key":"LiquidMemories"},{"floor":33,"key":"AttackPotion"},{"floor":35,"key":"SkillPotion"},{"floor":39,"key":"PowerPotion"},{"floor":40,"key":"SteroidPotion"},{"floor":41,"key":"DuplicationPotion"},{"floor":46,"key":"DuplicationPotion"},{"floor":48,"key":"FairyPotion"}],"is_trial":true,"path_per_floor":["M","M","M","$","M","M","M","M","T","E","M","E","E","M","R","B",null,"M","M","$","?","M","E","E","M","T","M","E","T","E","$","R","B",null,"M","M","$","?","M","E","M","$","T","$","T","M","?","E","R","B",null],"character_chosen":"PRAEFECT","items_purchased":["Membership Card","rmod:goodsister","rmod:wolves","CaptainsWheel","rmod:luckystar+1","PrismaticShard","Dead Branch","rmod:acesubmarine+1","StrikeDummy","Pear","rmod:fletcherpendant+1","Kunai","PreservedInsect","Mind Blast+1","DollysMirror","Medical Kit","Blood Vial","rmod:fletcherpendant+1","rmod:intelligenceanalysis+1","rmod:expedition"],"campfire_rested":2,"item_purchase_floors":[4,4,4,20,20,20,31,31,31,37,37,42,42,42,42,44,44,44,44,44],"current_hp_per_floor":[75,72,72,72,72,72,67,67,67,67,67,67,49,49,71,74,75,75,75,75,75,75,75,82,82,82,82,82,82,62,62,82,64,82,82,70,80,80,92,92,92,92,92,92,92,92,92,87,87,92],"gold":1124,"neow_bonus":"","is_daily":false,"chose_seed":false,"campfire_upgraded":0,"win_rate":0.0,"timestamp":1610781334,"path_taken":["M","M","M","$","M","M","M","M","T","E","M","E","E","M","R","BOSS","M","M","$","?","M","E","E","M","T","M","E","?","E","$","R","BOSS","M","M","$","?","M","E","M","$","T","$","?","M","?","E","R","BOSS"],"items_purchased_type":["Relic","Card","Card","Relic","Card","Relic","Relic","Card","Relic","Relic","Card","Relic","Relic","Card","Relic","Relic","Relic","Card","Card","Card"],"build_version":"2020-12-22","purchased_purges":0,"victory":true,"max_hp_per_floor":[75,75,75,75,75,75,75,75,75,75,75,75,75,75,75,75,75,75,75,75,75,75,75,82,82,82,82,82,82,82,82,82,82,82,82,82,92,92,92,92,92,92,92,92,92,92,92,92,92,92],"card_choices":[{"not_picked":["rmod:aviationdawn","rmod:aluminumsupply"],"picked":"rmod:intelligenceanalysis+1","floor":10},{"not_picked":["rmod:ammunitionsupply","Swift Strike+1"],"picked":"rmod:fletcherpendant+1","floor":12},{"not_picked":["rmod:ammunitionsupply","rmod:circuitoustactics"],"picked":"rmod:diamondstrike+1","floor":13},{"not_picked":["rmod:secretscript","Sadistic Nature"],"picked":"rmod:acesubmarine+1","floor":16},{"not_picked":["ManaConvection","Koishi:StingingMind+1"],"picked":"Sweeping Beam+1","floor":23},{"not_picked":["LotusPostureSlash+1","IllusionStar"],"picked":"yuri:TeaSet","floor":24},{"not_picked":["Koishi:EmbersOfLove+1","AsteroidBelt","Koishi:Vanish"],"picked":"SKIP","floor":28},{"not_picked":["PhosphoricSlash+1","DarkMatter"],"picked":"Swivel","floor":30},{"not_picked":["yuri:UnstableStrike+1","ClowCardTheRain"],"picked":"HollowMod:MantisMark+1","floor":40},{"not_picked":[],"picked":"rmod:supportaircraftcarrier","floor":47},{"not_picked":[],"picked":"rmod:abidefaith","floor":47},{"not_picked":["PrismaMod:MiyuCommonAOEAttack+1","rmod:abidefaith"],"picked":"PrismaMod:MiyuCarnivalAttack+1","floor":48}],"player_experience":531782,"relics_obtained":[{"floor":1,"key":"Pantograph"},{"floor":2,"key":"Art of War"},{"floor":3,"key":"Bag of Preparation"},{"floor":5,"key":"Toy Ornithopter"},{"floor":6,"key":"Lantern"},{"floor":7,"key":"Molten Egg 2"},{"floor":8,"key":"White Beast Statue"},{"floor":9,"key":"MawBank"},{"floor":10,"key":"Oddly Smooth Stone"},{"floor":11,"key":"Prayer Wheel"},{"floor":12,"key":"Sundial"},{"floor":13,"key":"HornCleat"},{"floor":14,"key":"Whetstone"},{"floor":18,"key":"Letter Opener"},{"floor":19,"key":"Pen Nib"},{"floor":22,"key":"Akabeko"},{"floor":23,"key":"Bronze Scales"},{"floor":24,"key":"Strawberry"},{"floor":25,"key":"Nunchaku"},{"floor":26,"key":"Vajra"},{"floor":27,"key":"Gambling Chip"},{"floor":28,"key":"rmod:extraamm"},{"floor":29,"key":"Bottled Flame"},{"floor":30,"key":"Happy Flower"},{"floor":35,"key":"Girya"},{"floor":36,"key":"HollowMod:PaleOreRelic"},{"floor":39,"key":"War Paint"},{"floor":40,"key":"Anchor"},{"floor":41,"key":"Ancient Tea Set"},{"floor":43,"key":"Centennial Puzzle"},{"floor":45,"key":"Bottled Lightning"},{"floor":46,"key":"Omamori"},{"floor":48,"key":"Bag of Marbles"}],"event_choices":[{"cards_removed":["rmod:goodsister"],"damage_healed":0,"gold_gain":0,"player_choice":"Elegance","damage_taken":0,"max_hp_gain":0,"max_hp_loss":0,"event_name":"Back to Basics","floor":21,"gold_loss":0},{"damage_healed":0,"gold_gain":0,"player_choice":"Ignored","damage_taken":0,"max_hp_gain":0,"max_hp_loss":0,"event_name":"NoteForYourself","floor":38,"gold_loss":0}],"is_beta":false,"boss_relics":[{"not_picked":["Snecko Eye","Astrolabe"],"picked":"Runic Pyramid"},{"not_picked":["SacredBark","Tiny House"],"picked":"SlaversCollar"}],"items_purged_floors":[],"is_endless":false,"potions_floor_spawned":[1,3,5,8,10,11,12,13,14,16,18,19,22,23,24,25,27,28,30,33,35,36,39,40,41,46,48],"ascension_level":0}}