{"host":"2zc57igszyqgae0y","time":1610795888,"event":{"mods":["ATMod(°¢èªMod)","Act Like it!","Aspiration","BaseMod","CapriCore","Chen","Gensokyo","GifTheSpireLib","Koishi","KomeijiMod","Luminous","Marisa£¨ìFÓê¡¡Ä§ÀíÉ³£©","Minty Spire (QoL Compilation)","Quick Restart","Rare Cards Sparkle","Reimu£¨²©ÀöÁéÃÎ£©","Remilia£¨ÀÙÃ×ÀòÑÇ£©","Replay The Spire","RumiaBox-Â¶Ã×æ«µÄÉñÃØºÐ×Ó","SIMod","Shop Mod","StSLib","The Administrix","The Immortal","The Servant 0.9.4","Yakumo Yukari mod","Youmu£¨»êÆÇÑýÃÎ£©","Yuyuko","[GremlinLeader]The Maniac","[IsaacMod]ÒÔÈö¼âËþ","vexMod"],"gold_per_floor":[138,138,157,82,82,117,82,82,82,116,116,129,160,160,160,262,262,276,295,295,305,305,338,352,352,352,362,362,381,396,408,408,506,556,569,569,580,598,613,648,394,414,414,162,174,190,140,140,140,140],"floor_reached":51,"language":"ZHS","playtime":2563,"items_purged":["Delirium","Defend_purpleEX","Injury","Defend_purpleEX"],"score":846,"play_id":"8f279077-1cf2-436d-9f37-8e76cb62896f","local_time":"20210116191808","is_ascension_mode":false,"campfire_choices":[{"floor":11,"key":"REST"},{"floor":15,"key":"REST"},{"floor":25,"key":"REST"},{"data":"AT_OneInchPunch","floor":32,"key":"SMITH"},{"data":"UniverseChoice_purple","floor":49,"key":"SMITH"}],"circlet_count":0,"master_deck":["Defend_purpleEX","Defend_purpleEX","Observe_purple_2+1","MeetDecomposer_purple","MonsterNeedle_purple+1","DimensionStaggered_purple+1","Human_Monster_Realm_purple+1","Theboundaryofcreation_purpleEX+1","ProofOfUnderstanding_purple+1","BarrageBoundary_PipeDream_purple+1","GluttonyofRealm_purpleEX+1","ExternalForce_HighSpeedFlying_purple+1","Bait_HighSpeedFlying_purple+1","WasteWire_Metro_purple+1","DarkRealmRedLine_purple+1","EighthInstrument_OneDividesIntoTwo_purple+1","DarkRealmRedLine_purple+1","MNeedle_purple+1","SharpContractionReality_purple+1","DimensionStaggered_purple+1","DimensionStaggered_purple+1","StateErode_purple+1"],"relics":["Boundary_crack","Memoryfragments_purpleEX","HushsDoor","AT_ATBox","UnicornStump","NeowsBlessing","Ring of Searing","ReplayTheSpireMod:Lightbulb","Toxic Egg 2","BlankCard","Bird Faced Urn","FossilizedHelix","Philosopher\u0027s Stone","Torii","Du-Vu Doll","Tea:ReiMu","Tiny House","Smiling Mask","HandDrill","Singing Bowl","ClockworkSouvenir"],"acts_visited":["Exordium","TheCity","TheBeyond"],"potions_floor_usage":[16,23,23,50,50],"damage_taken":[{"damage":0.0,"enemies":"Small Slimes","floor":1.0,"turns":1.0},{"damage":0.0,"enemies":"Jaw Worm","floor":3.0,"turns":1.0},{"damage":21.0,"enemies":"3 Sentries","floor":6.0,"turns":1.0},{"damage":33,"enemies":"Lagavulin","floor":10,"turns":3},{"damage":5,"enemies":"2 Louse","floor":12,"turns":2},{"damage":31,"enemies":"Gremlin Nob","floor":13,"turns":4},{"damage":10,"enemies":"Fading Forest","floor":16,"turns":11},{"damage":15,"enemies":"Shell Parasite","floor":18,"turns":4},{"damage":10,"enemies":"2 Thieves","floor":19,"turns":4},{"damage":12,"enemies":"3 Cultists","floor":21,"turns":4},{"damage":34,"enemies":"Gremlin Leader","floor":23,"turns":8},{"damage":0,"enemies":"Snake Plant","floor":24,"turns":4},{"damage":7,"enemies":"Chosen and Byrds","floor":27,"turns":4},{"damage":13,"enemies":"Sentry and Sphere","floor":29,"turns":5},{"damage":0,"enemies":"3 Cultists","floor":30,"turns":4},{"damage":0,"enemies":"Snecko","floor":31,"turns":3},{"damage":23,"enemies":"Champ","floor":33,"turns":5},{"damage":10,"enemies":"3 Shapes","floor":35,"turns":3},{"damage":45,"enemies":"3 Darklings","floor":37,"turns":4},{"damage":0,"enemies":"Jaw Worm Horde","floor":38,"turns":2},{"damage":0,"enemies":"Spire Growth","floor":39,"turns":3},{"damage":0,"enemies":"R_Hoarder","floor":40,"turns":4},{"damage":24,"enemies":"4 Shapes","floor":42,"turns":4},{"damage":0,"enemies":"3 Darklings","floor":45,"turns":3},{"damage":10,"enemies":"Maw","floor":46,"turns":5},{"damage":98,"enemies":"Donu and Deca","floor":50,"turns":8}],"seed_played":"7869904610808675785","potions_obtained":[{"floor":3.0,"key":"PowerPotion"},{"floor":6.0,"key":"Weak Potion"},{"floor":13,"key":"Venom Potion"},{"floor":21,"key":"Weak Potion"},{"floor":30,"key":"SpeedPotion"},{"floor":33,"key":"Dexterity Potion"},{"floor":39,"key":"ExcitationPotion"},{"floor":45,"key":"FairyPotion"}],"is_trial":false,"path_per_floor":["M","?","M","$","?","E","?","?","T","E","R","M","E","$","R","B",null,"M","M","?","M","?","E","M","R","T","M","T","M","M","M","R","B",null,"M","?","M","M","M","E","$","M","T","$","M","M","$","?","R","B",null],"character_chosen":"Youkari","items_purchased":["HandDrill","DimensionStaggered_purple+1","ClockworkSouvenir","DimensionStaggered_purple+1"],"campfire_rested":3,"item_purchase_floors":[41,41,44,44],"current_hp_per_floor":[70,70,70,70,70,51,68,68,68,37,58,55,28,28,49,53,70,58,50,65,57,57,25,28,52,52,47,47,39,43,48,48,29,86,80,80,37,43,56,59,59,47,47,47,60,61,61,61,61,11],"gold":140,"neow_bonus":"THREE_ENEMY_KILL","is_daily":false,"chose_seed":false,"campfire_upgraded":2,"win_rate":0.0,"timestamp":1610795888,"path_taken":["M","?","M","$","?","E","?","?","T","E","R","M","E","$","R","BOSS","M","M","?","M","?","E","M","R","T","M","?","M","?","M","R","BOSS","M","?","M","M","M","E","$","M","T","?","?","M","$","?","R","BOSS"],"items_purchased_type":["Relic","Card","Relic","Card"],"build_version":"2020-12-22","purchased_purges":4,"victory":true,"max_hp_per_floor":[70,70,70,70,70,70,70,70,70,70,70,70,70,70,70,70,70,70,70,85,85,81,81,81,81,81,81,81,81,81,81,81,81,86,86,86,86,86,86,86,86,86,86,86,86,86,86,86,86,86],"card_choices":[{"not_picked":[],"picked":"Bomb","floor":0.0},{"not_picked":["Umbrella_purple","Yakumo_Ran_purple","WangLiang_OokamiKakushi_purple"],"picked":"SKIP","floor":1.0},{"not_picked":["AdvanceAttack_purple","StateDuplicate_purple","MeetDecomposer_purple"],"picked":"SKIP","floor":3.0},{"not_picked":["SharpContractionReality_purple","StateDuplicate_purple"],"picked":"MeetDecomposer_purple","floor":6.0},{"not_picked":["Extrememeaning_purpleEX+1","StateDuplicate_purple+1"],"picked":"MonsterNeedle_purple+1","floor":10},{"not_picked":["StateDuplicate_purple+1","MNeedle_purple"],"picked":"DimensionStaggered_purple+1","floor":12},{"not_picked":["WorldDissolvedintheRealm_purple","DimensionStaggered_purple+1"],"picked":"Human_Monster_Realm_purple+1","floor":13},{"not_picked":["MagicEyes_LaplaceDemon_purple+1","Know_ledgeAbilityRealm_purple"],"picked":"Theboundaryofcreation_purpleEX+1","floor":16},{"not_picked":["Extrememeaning_purpleEX+1","Mirror_WaveAndshot_purple+1","Boundary_DreamRealityDamnation_purple"],"picked":"SKIP","floor":18},{"not_picked":["EighthInstrument_OneDividesIntoTwo_purple","StateErode_purple"],"picked":"Shallow_ocean_purpleEX","floor":19},{"not_picked":["StateDuplicate_purple+1","Realm_recovery_purpleEX+1"],"picked":"ExistenceContinue_purple","floor":21},{"not_picked":["Line_surface_state_purple+1","MonsterNeedle_purple+1","ExistenceContinue_purple"],"picked":"SKIP","floor":23},{"not_picked":["PurpleNeedle_purple","Yakumo_Ran_purple+1","AdvanceAttack_purple"],"picked":"SKIP","floor":24},{"not_picked":["ExistenceContinue_purple","Mirror_FormAndEmptin_purple+1","Human_Monster_Realm_purple+1"],"picked":"SKIP","floor":27},{"not_picked":["Boundary_of_Extermination_purpleEX","Erosivefilter_purple+1","Charmbait_purple"],"picked":"SKIP","floor":29},{"not_picked":["Worldmountain_purple+1","Fantasy_PerpetualMotionMachine_purple"],"picked":"StateErode_purple+1","floor":30},{"not_picked":["StateErode_purple+1","OmniscientAndOmnipotent_Monster_purple","WorldDissolvedintheRealm_purple"],"picked":"SKIP","floor":31},{"not_picked":["Boundary_LifeAndDeath_purple+1","Fancifulhole_purple"],"picked":"ProofOfUnderstanding_purple","floor":33},{"not_picked":["Line_surface_state_purple+1","ButterflyHabitatTemple_purple+1"],"picked":"Umbrella_purple+1","floor":34},{"not_picked":["StateDuplicate_purple+1","RuptureOfTimeAndSpace_purple+1","CommonSense_AntiCommonSense_purple"],"picked":"SKIP","floor":35},{"not_picked":["RealityDreamConfluencek_purple+1","MonsterNeedle_purple+1","RuptureOfTimeAndSpace_purple+1"],"picked":"SKIP","floor":37},{"not_picked":["RuleDissolution_purple+1","OmniscientAndOmnipotent_Monster_purple","SharpContractionReality_purple+1"],"picked":"SKIP","floor":38},{"not_picked":["Mirror_FourBoundary_purple","Worldmountain_purple","Boundary_of_Extermination_purpleEX+1"],"picked":"SKIP","floor":39},{"not_picked":["WangLiang_LineAndCurveDreams_purple","RealityDreamConfluencek_purple+1","AdvanceAttack_purple"],"picked":"SKIP","floor":40},{"not_picked":["Mirror_FormAndEmptin_purple+1","MeetDecomposer_purple+1","Charmbait_purple+1"],"picked":"SKIP","floor":42},{"not_picked":["Line_surface_state_purple+1","Shallow_ocean_purpleEX+1"],"picked":"StateErode_purple+1","floor":45},{"not_picked":["MeetDecomposer_purple+1","AdvanceAttack_purple"],"picked":"UniverseChoice_purple","floor":46}],"player_experience":383864,"relics_obtained":[{"floor":2.0,"key":"Ring of Searing"},{"floor":6.0,"key":"ReplayTheSpireMod:Lightbulb"},{"floor":9.0,"key":"BlankCard"},{"floor":10,"key":"Bird Faced Urn"},{"floor":13,"key":"FossilizedHelix"},{"floor":23,"key":"Torii"},{"floor":26,"key":"Du-Vu Doll"},{"floor":28,"key":"Tea:ReiMu"},{"floor":40,"key":"Smiling Mask"},{"floor":43,"key":"Singing Bowl"}],"event_choices":[{"damage_healed":0.0,"max_hp_gain":0.0,"max_hp_loss":0.0,"gold_gain":0.0,"event_name":"Living Wall","player_choice":"Grow","floor":5.0,"gold_loss":0.0,"damage_taken":0.0,"cards_upgraded":["Observe_purple_2"]},{"damage_healed":17.0,"max_hp_gain":0.0,"max_hp_loss":0.0,"gold_gain":0.0,"event_name":"The Cleric","player_choice":"Healed","floor":7.0,"gold_loss":35.0,"damage_taken":0.0}],"is_beta":false,"boss_relics":[{"not_picked":["Snecko Eye","Ring of Chaos"],"picked":"Philosopher\u0027s Stone"},{"not_picked":[]},{"not_picked":["Abe\u0027s Treasure","Painkiller Herb"],"picked":"Tiny House"},{"not_picked":[]}],"items_purged_floors":[4,41,44,47],"is_endless":false,"potions_floor_spawned":[3,6,13,21,30,33,38,39,45,46],"ascension_level":0}}