{"host":"tf5skwcwe0vlu2md","time":1610801310,"event":{"mods":["BaseMod","Downfall","Highlight Path","Minty Spire (QoL Compilation)","StSLib","The Hierophant"],"gold_per_floor":[99,110,15,26,26,26,26,39,39,139,139,14,32,60,73,177,177,127,145,145,159,159,159,184,204,154,173,199,74,59,104,118,216,216,166,179,226,245,245,120,170,120,270,284,310,321,271,387,406,406,406,431,10,10,10],"floor_reached":56,"playtime":5699,"items_purged":[],"score":1220,"play_id":"c147b7e2-2272-4d7a-950b-dea4da6f3fa9","local_time":"20210116234830","is_ascension_mode":false,"campfire_choices":[{"data":"Slimebound:Split","floor":1.0,"key":"SMITH"},{"data":"Slimebound:LevelUp","floor":9.0,"key":"SMITH"},{"data":"Slimebound:LeadByExample","floor":12.0,"key":"SMITH"},{"data":"Slimebound:DouseInSlime","floor":18.0,"key":"SMITH"},{"data":"Slimebound:FinishingTackle","floor":26.0,"key":"SMITH"},{"data":"Slimebound:CorrosiveSpit","floor":29.0,"key":"SMITH"},{"floor":35.0,"key":"RECALL"},{"data":"Slimebound:Repurpose","floor":40.0,"key":"SMITH"},{"data":"Slimebound:LivingWall","floor":42.0,"key":"SMITH"},{"data":"Slimebound:MassRepurpose","floor":47.0,"key":"SMITH"},{"data":"Slimebound:SelfFormingGoo","floor":54,"key":"SMITH"}],"circlet_count":0,"master_deck":["Slimebound:Strike_Slimebound","Slimebound:Strike_Slimebound+1","Slimebound:Strike_Slimebound","Slimebound:Tackle+1","Slimebound:Defend_Slimebound","Slimebound:Defend_Slimebound","Slimebound:Defend_Slimebound","Slimebound:Defend_Slimebound","Slimebound:Split+1","Slimebound:CorrosiveSpit+1","Slimebound:RejuvenatingLick","Slimebound:LeadByExample+1","Slimebound:LevelUp+1","Slimebound:Repurpose+1","Slimebound:RollThrough","Slimebound:GoopTackle","Slimebound:FinishingTackle","Slimebound:SlimeSpikes","Slimebound:DouseInSlime+1","Slimebound:PressTheAttack","Slimebound:FinishingTackle+1","Slimebound:PressTheAttack+1","Slimebound:ItLooksTasty","Slimebound:LivingWall+1","Slimebound:ComboTackle","Slimebound:HauntingLick","Slimebound:SlimeSpikes","Slimebound:MassRepurpose+1","Slimebound:SpikyOuterGoop+1","Slimebound:SplitLeeching+1","Slimebound:PressTheAttack+1","Slimebound:Schlurp+1","Slimebound:LeadByExample+1","Slimebound:SplitBruiser","Slimebound:SelfFormingGoo+1","Slimebound:Nibble+1"],"relics":["Slimebound:AbsorbEndCombat","Slimebound:GreedOozeRelic","downfall:HeartBlessingBlue","Darkstone Periapt","Coffee Dripper","MutagenicStrength","Centennial Puzzle","Gambling Chip","downfall:HeartBlessingGreen","Slimebound:TarBlob","Incense Burner","Bottled Lightning","downfall:HeartBlessingRed","Toy Ornithopter","Bag of Marbles","Anchor","StoneCalendar"],"acts_visited":["Exordium","TheCity","TheBeyond","TheEnding"],"potions_floor_usage":[49,52,55,55],"damage_taken":[{"damage":15.0,"enemies":"Cultist","floor":2.0,"turns":3.0},{"damage":15.0,"enemies":"downfall:FleeingMerchant","floor":3.0,"turns":4.0},{"damage":19.0,"enemies":"Jaw Worm","floor":4.0,"turns":3.0},{"damage":3.0,"enemies":"2 Louse","floor":8.0,"turns":2.0},{"damage":22.0,"enemies":"Large Slime","floor":13.0,"turns":4.0},{"damage":14.0,"enemies":"Gremlin Nob","floor":14.0,"turns":2.0},{"damage":16.0,"enemies":"3 Louse","floor":15.0,"turns":2.0},{"damage":36.0,"enemies":"downfall:Ironclad","floor":16.0,"turns":5.0},{"damage":20.0,"enemies":"Spheric Guardian","floor":19.0,"turns":3.0},{"damage":0.0,"enemies":"Chosen","floor":20.0,"turns":1.0},{"damage":14.0,"enemies":"Snecko","floor":21.0,"turns":3.0},{"damage":24.0,"enemies":"Snake Plant","floor":25.0,"turns":2.0},{"damage":18.0,"enemies":"Sentry and Sphere","floor":27.0,"turns":3.0},{"damage":8.0,"enemies":"Gremlin Leader","floor":28.0,"turns":5.0},{"damage":26.0,"enemies":"downfall:FleeingMerchant","floor":30.0,"turns":4.0},{"damage":0.0,"enemies":"Centurion and Healer","floor":32.0,"turns":4.0},{"damage":30.0,"enemies":"downfall:Silent","floor":33.0,"turns":6.0},{"damage":13.0,"enemies":"3 Shapes","floor":36.0,"turns":5.0},{"damage":10.0,"enemies":"2 Orb Walkers","floor":37.0,"turns":4.0},{"damage":29.0,"enemies":"3 Darklings","floor":38.0,"turns":3.0},{"damage":47.0,"enemies":"Maw","floor":44.0,"turns":5.0},{"damage":39.0,"enemies":"Giant Head","floor":45.0,"turns":7.0},{"damage":12.0,"enemies":"4 Shapes","floor":46.0,"turns":4.0},{"damage":6.0,"enemies":"downfall:FleeingMerchant","floor":48.0,"turns":2.0},{"damage":15,"enemies":"Transient","floor":49,"turns":5},{"damage":5,"enemies":"downfall:Watcher","floor":50,"turns":5},{"damage":48,"enemies":"downfall:CharBossMerchant","floor":52,"turns":7},{"damage":66,"enemies":"downfall:NeowBoss","floor":55,"turns":21}],"seed_played":"-763549161602775581","potions_obtained":[{"floor":2.0,"key":"Fire Potion"},{"floor":8.0,"key":"EssenceOfSteel"},{"floor":14.0,"key":"Fire Potion"},{"floor":21.0,"key":"Guardian:BlockOnCardUsePotion"},{"floor":27.0,"key":"AttackPotion"},{"floor":32.0,"key":"CultistPotion"},{"floor":33.0,"key":"AttackPotion"},{"floor":45.0,"key":"SpeedPotion"},{"floor":46.0,"key":"PowerPotion"}],"is_trial":false,"path_per_floor":["R","M","$","M","?","?","T","M","R","?","?","R","M","E","M","B",null,"R","M","M","M","?","?","T","M","R","M","E","R","$","T","M","B",null,"R","M","?","M","?","R","T","R","?","M","E","M","R","$","M","B",null,"E","$","R","B",null],"character_chosen":"SLIMEBOUND","items_purchased":["Slimebound:LevelUp","Slimebound:SelfFormingGoo","Slimebound:SlimyTonguePotion","StoneCalendar","Regen Potion","ColorlessPotion"],"campfire_rested":0,"item_purchase_floors":[3,48,48,53,53,53],"current_hp_per_floor":[66,60,61,56,56,56,56,59,59,59,59,69,61,59,51,29,76,76,64,64,64,64,42,42,24,24,14,20,20,18,18,24,20,76,76,75,73,67,67,67,67,67,67,55,54,64,64,72,75,76,76,61,61,61,66],"gold":10,"neow_bonus":"TEN_PERCENT_HP_BONUS","is_daily":false,"chose_seed":false,"campfire_upgraded":10,"win_rate":0.0,"timestamp":1610801310,"path_taken":["R","M","$","M","?","?","T","M","R","?","?","R","M","E","M","BOSS","R","M","M","M","?","?","T","M","R","?","E","R","$","?","M","BOSS","R","M","?","M","?","R","T","R","?","M","E","?","R","$","M","BOSS","E","$","R","BOSS"],"items_purchased_type":["Card","Card","Potion","Relic","Potion","Potion"],"build_version":"2020-12-13","purchased_purges":0,"victory":true,"max_hp_per_floor":[66,66,66,66,66,66,66,66,66,66,66,76,76,76,76,76,76,76,76,76,76,76,76,76,76,76,76,76,76,76,76,76,76,76,76,76,76,76,76,76,76,76,76,76,76,76,76,76,76,76,76,76,76,76,76],"card_choices":[{"not_picked":["Slimebound:FormOfPuddle","Slimebound:BestDefense"],"picked":"Slimebound:RejuvenatingLick","floor":2.0},{"not_picked":["Slimebound:SplitAcid","Slimebound:ComboTackle"],"picked":"Slimebound:LeadByExample","floor":3.0},{"not_picked":["Slimebound:Replication","Slimebound:SamplingLick"],"picked":"Slimebound:Repurpose","floor":4.0},{"not_picked":["Slimebound:FirmFortitude","Slimebound:SamplingLick"],"picked":"Slimebound:RollThrough","floor":8.0},{"not_picked":["Slimebound:PressTheAttack","Slimebound:RainOfGoop"],"picked":"Slimebound:GoopTackle","floor":13.0},{"not_picked":["Slimebound:OozeBath","Slimebound:SamplingLick"],"picked":"Slimebound:FinishingTackle","floor":14.0},{"not_picked":["Slimebound:LeechingTouch","Slimebound:Schlurp"],"picked":"Slimebound:SlimeSpikes","floor":15.0},{"not_picked":["Slimebound:Teamwork","Slimebound:PrepareCrush"],"picked":"Slimebound:DouseInSlime","floor":16.0},{"not_picked":["Slimebound:FirmFortitude","Slimebound:SamplingLick+1"],"picked":"Slimebound:PressTheAttack","floor":19.0},{"not_picked":["Slimebound:SlimeTap","Slimebound:SlimeSpikes"],"picked":"Slimebound:FinishingTackle","floor":20.0},{"not_picked":["Slimebound:SplitBruiser","Slimebound:FormOfPuddle"],"picked":"Slimebound:PressTheAttack+1","floor":21.0},{"not_picked":["Slimebound:SplitAcid","Slimebound:SlimeSpikes+1"],"picked":"Slimebound:ItLooksTasty","floor":25.0},{"not_picked":["Slimebound:PressTheAttack","Slimebound:ProtectTheBoss"],"picked":"Slimebound:LivingWall","floor":27.0},{"not_picked":["Slimebound:DuplicatedForm","Slimebound:FinishingTackle"],"picked":"Slimebound:ComboTackle","floor":28.0},{"not_picked":["Slimebound:Nibble","Slimebound:WasteNot"],"picked":"Slimebound:HauntingLick","floor":30.0},{"not_picked":["Slimebound:SplitBruiser+1","Slimebound:SplitMire"],"picked":"Slimebound:SlimeSpikes","floor":32.0},{"not_picked":["Slimebound:Overexert","Slimebound:DouseInSlime"],"picked":"Slimebound:MassRepurpose","floor":33.0},{"not_picked":["Slimebound:GoopSpray","Slimebound:LeechEnergy+1"],"picked":"Slimebound:SpikyOuterGoop+1","floor":36.0},{"not_picked":["Slimebound:ComboTackle+1","Slimebound:LeechingTouch"],"picked":"Slimebound:SplitLeeching+1","floor":37.0},{"not_picked":["Slimebound:LeechingTouch","Slimebound:OneTwoCombo"],"picked":"Slimebound:PressTheAttack+1","floor":38.0},{"not_picked":["Slimebound:PressTheAttack+1","Slimebound:SplitMire"],"picked":"Slimebound:Schlurp+1","floor":44.0},{"not_picked":["Slimebound:ComboTackle+1","Slimebound:LeechEnergy+1"],"picked":"Slimebound:LeadByExample+1","floor":45.0},{"not_picked":["Slimebound:ComboTackle","Slimebound:Dissolve"],"picked":"Slimebound:SplitBruiser","floor":46.0},{"not_picked":["Slimebound:SlimeSpikes","Slimebound:Schlurp","Slimebound:SplitAcid"],"picked":"SKIP","floor":49},{"not_picked":["Slimebound:MegaLick+1","Slimebound:Prepare+1"],"picked":"Slimebound:Nibble+1","floor":52}],"player_experience":191766,"relics_obtained":[{"floor":14.0,"key":"Darkstone Periapt"},{"floor":24.0,"key":"Centennial Puzzle"},{"floor":28.0,"key":"Gambling Chip"},{"floor":31.0,"key":"Whetstone"},{"floor":37.0,"key":"Incense Burner"},{"floor":39.0,"key":"Bottled Lightning"},{"floor":41.0,"key":"Toy Ornithopter"},{"floor":45.0,"key":"Bag of Marbles"},{"floor":52,"key":"Anchor"}],"event_choices":[{"damage_healed":0.0,"max_hp_gain":0.0,"max_hp_loss":0.0,"gold_gain":0.0,"event_name":"Drug Dealer","player_choice":"Inject Mutagens","floor":22.0,"gold_loss":0.0,"damage_taken":0.0,"relics_obtained":["MutagenicStrength"]},{"damage_healed":0.0,"max_hp_gain":0.0,"max_hp_loss":0.0,"gold_gain":0.0,"event_name":"Mysterious Sphere","player_choice":"Fight","floor":37.0,"gold_loss":0.0,"damage_taken":0.0}],"is_beta":false,"boss_relics":[{"not_picked":["Fusion Hammer","Black Star"],"picked":"Coffee Dripper"},{"not_picked":["Runic Dome","Empty Cage"],"picked":"Slimebound:TarBlob"}],"items_purged_floors":[],"is_endless":false,"potions_floor_spawned":[2,8,14,21,27,32,33,45,46],"ascension_level":0}}