{"host":"Ruben","time":1610806200,"event":{"mods":["AchievementEnabler","Aspiration","BaseMod","Better Altar","Better Match","Better Note","Better Sensory Stone","Better Skull","Better Third Choice","BetterRewards","Colored Map","Conspire","Downfall","GifTheSpireLib","Googly Eyes","Highlight Path","Hubris","Minty Spire (QoL Compilation)","Permanent Neow","Shop Mod","Spicy Shops","StSLib","Stuff the Spire","The IronCluck","everything is the same but u backflip on backflip","slay the spire mod where everything is the same but ironclad has a cowboy hat"],"gold_per_floor":[115,143,68,68,79,79,111,111,111,129,164,182,35,49,49,154,154,174,184,66,66,66,66,86,105,105,134,150,150,150,150],"floor_reached":30,"language":"ENG","playtime":1416,"items_purged":[],"score":260,"play_id":"e7a347fa-780a-4b40-9c4d-d14de20a9827","local_time":"20210116151000","is_ascension_mode":false,"campfire_choices":[{"data":"Zap","floor":6,"key":"SMITH"},{"floor":8,"key":"REST"},{"data":"Defragment","floor":15,"key":"SMITH"},{"data":"Echo Form","floor":23,"key":"SMITH"},{"floor":29,"key":"REST"}],"circlet_count":0,"master_deck":["Strike_B","Strike_B","Defend_B+1","Defend_B","Defend_B","Defend_B","Zap+1","Dualcast","Redo","BootSequence+1","hubris:Ukulele","Redo","StuffTheSpire:Plugnplay","Defragment+1","hubris:Ukulele+1","Leap","Echo Form+1","Defragment","Auto Shields","Redo"],"relics":["Cracked Core","Vajra","MealTicket","War Paint","Molten Egg 2","aspiration:EnhancedActuators","aspiration:Stellarator","Kunai","aspiration:Stabinomicon"],"acts_visited":["Exordium","TheCity"],"potions_floor_usage":[16,18,24,25,28,28,30],"damage_taken":[{"damage":1,"enemies":"2 Louse","floor":1,"turns":3},{"damage":18,"enemies":"conspire:MimicChest","floor":2,"turns":5},{"damage":0,"enemies":"Jaw Worm","floor":5,"turns":2},{"damage":24,"enemies":"Gremlin Nob","floor":7,"turns":4},{"damage":0,"enemies":"Cultist","floor":10,"turns":2},{"damage":15,"enemies":"Lagavulin","floor":11,"turns":6},{"damage":5,"enemies":"Looter","floor":12,"turns":3},{"damage":0,"enemies":"Blue Slaver","floor":14,"turns":2},{"damage":26,"enemies":"Hexaghost","floor":16,"turns":6},{"damage":12,"enemies":"2 Thieves","floor":18,"turns":3},{"damage":0,"enemies":"conspire:FuzzyDice","floor":19,"turns":5},{"damage":12,"enemies":"Shelled Parasite and Fungi","floor":24,"turns":5},{"damage":19,"enemies":"Sentry and Sphere","floor":25,"turns":6},{"damage":37,"enemies":"Book of Stabbing","floor":27,"turns":5},{"damage":5,"enemies":"Snecko","floor":28,"turns":4},{"damage":25,"enemies":"3 Cultists","floor":30,"turns":3}],"seed_played":"2512029818273918502","potions_obtained":[{"floor":10,"key":"SpeedPotion"},{"floor":11,"key":"Energy Potion"},{"floor":12,"key":"DuplicationPotion"},{"floor":16,"key":"Fire Potion"},{"floor":21,"key":"SkillPotion"},{"floor":24,"key":"SneckoOil"},{"floor":27,"key":"bronze:BurnAndBuffPotion"},{"floor":28,"key":"Explosive Potion"}],"is_trial":false,"path_per_floor":["M","?","$","?","M","R","E","R","T","M","E","M","$","M","R","B",null,"M","M","$","?","?","R","M","M","T","E","M","R","M"],"character_chosen":"DEFECT","items_purchased":["hubris:Ukulele","Defragment","hubris:Ukulele+1","Defragment","Auto Shields"],"campfire_rested":2,"item_purchase_floors":[3,13,13,20,20],"current_hp_per_floor":[74,56,71,64,64,64,40,62,62,62,47,42,57,57,57,31,75,63,63,75,75,75,75,63,44,44,7,2,24,0,0],"gold":150,"neow_bonus":"RANDOM_COMMON_RELIC","is_daily":false,"chose_seed":false,"campfire_upgraded":3,"win_rate":0.0,"timestamp":1610806200,"path_taken":["M","?","$","?","?","R","E","R","T","M","E","M","?","M","R","BOSS","M","M","$","?","?","R","M","M","T","E","M","R","M"],"items_purchased_type":["Card","Card","Card","Card","Card"],"build_version":"2020-12-18","purchased_purges":0,"victory":false,"max_hp_per_floor":[75,75,75,75,75,75,75,75,75,75,75,75,75,75,75,75,75,75,75,75,75,75,75,75,75,75,75,75,75,75,75],"card_choices":[{"not_picked":["Reprogram","Turbo"],"picked":"Redo","floor":1},{"not_picked":["Cold Snap","Rebound"],"picked":"BootSequence","floor":2},{"not_picked":["Fusion","Glacier"],"picked":"Redo","floor":5},{"not_picked":["Undo","Cold Snap"],"picked":"StuffTheSpire:Plugnplay","floor":7},{"not_picked":["Gash+1","Barrage+1","Conserve Battery"],"picked":"SKIP","floor":10},{"not_picked":["Undo","Sweeping Beam+1","Cold Snap+1"],"picked":"SKIP","floor":11},{"not_picked":["Meteor Strike+1","Steam Power","Consume"],"picked":"SKIP","floor":12},{"not_picked":["Sweeping Beam+1","Streamline+1"],"picked":"Leap","floor":14},{"not_picked":["Machine Learning","Seek"],"picked":"Echo Form","floor":16},{"not_picked":["Barrage+1","StuffTheSpire:NuclearReactor","conspire:Rain"],"picked":"SKIP","floor":18},{"not_picked":["Barrage+1","Gash+1","Reinforced Body"],"picked":"SKIP","floor":19},{"not_picked":["Recycle","Go for the Eyes+1"],"picked":"Redo","floor":24},{"not_picked":["Gash+1","Coolheaded","Stack"],"picked":"SKIP","floor":25},{"not_picked":["Cold Snap+1","Amplify","Recycle"],"picked":"SKIP","floor":27},{"not_picked":["Sweeping Beam+1","StuffTheSpire:CleanHardDrive+1","StuffTheSpire:LoadUp"],"picked":"SKIP","floor":28}],"player_experience":275585,"relics_obtained":[{"floor":2,"key":"MealTicket"},{"floor":7,"key":"War Paint"},{"floor":9,"key":"Molten Egg 2"},{"floor":11,"key":"aspiration:EnhancedActuators"},{"floor":26,"key":"Kunai"},{"floor":27,"key":"aspiration:Stabinomicon"}],"event_choices":[{"cards_removed":["Strike_B"],"damage_healed":0,"gold_gain":0,"player_choice":"Card Removal","damage_taken":7,"max_hp_gain":0,"max_hp_loss":0,"event_name":"Golden Wing","floor":4,"gold_loss":0},{"damage_healed":0,"gold_gain":0,"player_choice":"Got Potions","damage_taken":0,"max_hp_gain":0,"max_hp_loss":0,"event_name":"Lab","floor":21,"gold_loss":0},{"cards_removed":["Strike_B"],"damage_healed":0,"gold_gain":0,"player_choice":"Purged","damage_taken":0,"max_hp_gain":0,"max_hp_loss":0,"event_name":"Purifier","floor":22,"gold_loss":0}],"is_beta":true,"boss_relics":[{"not_picked":["Velvet Choker","aspiration:BursterCore"],"picked":"aspiration:Stellarator"}],"items_purged_floors":[],"is_endless":false,"potions_floor_spawned":[10,11,12,16,24,27,28],"killed_by":"3 Cultists","ascension_level":0}}