{"host":"w9yruvs4bqht6bhw","time":1610840022,"event":{"mods":["BaseMod","Colored Powertips","Minty Spire (QoL Compilation)"],"gold_per_floor":[114,114,114,15,38,77,97,97,150,169,169,169,205,228,228,351,351,371,371,371],"floor_reached":19,"language":"ENG","playtime":571,"items_purged":[],"score":283,"play_id":"42370f7d-7076-4656-a102-9ddc8dba3d67","local_time":"20210116183342","is_ascension_mode":true,"campfire_choices":[{"data":"Armaments","floor":8,"key":"SMITH"},{"data":"Bash","floor":11,"key":"SMITH"},{"floor":15,"key":"REST"}],"circlet_count":0,"master_deck":["AscendersBane","Strike_R","Strike_R","Strike_R","Strike_R","Strike_R","Defend_R","Defend_R","Defend_R","Defend_R","Bash+1","Armaments+1","Iron Wave","Spot Weakness","Heavy Blade","Demon Form","True Grit+1"],"relics":["Burning Blood","Oddly Smooth Stone","Golden Idol","Bag of Preparation","Ancient Tea Set","Tiny Chest","SlaversCollar"],"acts_visited":["Exordium","TheCity"],"potions_floor_usage":[6,14,16],"damage_taken":[{"damage":3,"enemies":"2 Louse","floor":1,"turns":4},{"damage":0,"enemies":"Jaw Worm","floor":5,"turns":3},{"damage":23,"enemies":"Lagavulin","floor":6,"turns":10},{"damage":0,"enemies":"Small Slimes","floor":7,"turns":3},{"damage":3,"enemies":"Red Slaver","floor":10,"turns":4},{"damage":28,"enemies":"3 Sentries","floor":13,"turns":8},{"damage":4,"enemies":"3 Louse","floor":14,"turns":3},{"damage":51,"enemies":"Slime Boss","floor":16,"turns":9},{"damage":22,"enemies":"Spheric Guardian","floor":18,"turns":5},{"damage":46,"enemies":"3 Byrds","floor":19,"turns":4}],"seed_played":"-1527759508518995154","potions_obtained":[{"floor":1,"key":"LiquidBronze"},{"floor":10,"key":"Block Potion"},{"floor":13,"key":"Swift Potion"},{"floor":16,"key":"CultistPotion"}],"is_trial":false,"path_per_floor":["M","?","?","$","M","E","M","R","T","M","R","?","E","M","R","B",null,"M","M"],"character_chosen":"IRONCLAD","items_purchased":["HeartOfIron"],"campfire_rested":1,"item_purchase_floors":[4],"current_hp_per_floor":[75,75,74,74,74,57,63,63,63,66,66,66,44,46,68,23,61,45,0,0],"gold":371,"neow_bonus":"RANDOM_COMMON_RELIC","is_daily":false,"chose_seed":false,"campfire_upgraded":2,"win_rate":0.0,"timestamp":1610840022,"path_taken":["M","?","?","$","?","E","M","R","T","M","R","?","E","M","R","BOSS","M","M"],"items_purchased_type":["Potion"],"build_version":"2020-12-22","purchased_purges":0,"victory":false,"max_hp_per_floor":[80,80,74,74,74,74,74,74,74,74,74,74,74,74,74,74,74,74,74,74],"card_choices":[{"not_picked":["Dark Embrace","Thunderclap"],"picked":"Armaments","floor":1},{"not_picked":["Power Through","Sword Boomerang"],"picked":"Iron Wave","floor":5},{"not_picked":["Barricade","Dark Embrace"],"picked":"Spot Weakness","floor":6},{"not_picked":["Perfected Strike","Dark Embrace","Rampage"],"picked":"SKIP","floor":7},{"not_picked":["Rupture","Clothesline","Armaments"],"picked":"SKIP","floor":10},{"not_picked":["Searing Blow","Sword Boomerang"],"picked":"Heavy Blade","floor":13},{"not_picked":["Intimidate","Bloodletting","Twin Strike"],"picked":"SKIP","floor":14},{"not_picked":["Impervious","Immolate"],"picked":"Demon Form","floor":16},{"not_picked":["Armaments","Havoc"],"picked":"True Grit+1","floor":18}],"player_experience":417429,"relics_obtained":[{"floor":6,"key":"Bag of Preparation"},{"floor":9,"key":"Ancient Tea Set"},{"floor":13,"key":"Tiny Chest"}],"event_choices":[{"damage_healed":0,"gold_gain":0,"player_choice":"Leave","damage_taken":0,"max_hp_gain":0,"max_hp_loss":0,"event_name":"The Cleric","floor":2,"gold_loss":0},{"damage_healed":0,"gold_gain":0,"player_choice":"Lose Max HP","damage_taken":0,"relics_obtained":["Golden Idol"],"max_hp_gain":0,"max_hp_loss":6,"event_name":"Golden Idol","floor":3,"gold_loss":0},{"damage_healed":0,"gold_gain":0,"player_choice":"Ignored","damage_taken":0,"max_hp_gain":0,"max_hp_loss":0,"event_name":"Shining Light","floor":12,"gold_loss":0}],"is_beta":false,"boss_relics":[{"not_picked":["Empty Cage","Astrolabe"],"picked":"SlaversCollar"}],"items_purged_floors":[],"is_endless":false,"potions_floor_spawned":[1,10,13,16],"killed_by":"3 Byrds","ascension_level":12}}