{"host":"r5cycnjhcbwgkpkf","time":1610761009,"event":{"mods":["2.2 Compatiblity","AchievementEnabler","BaseMod","Bestiary","Better Match","Better Note","Better Skull","Better Third Choice","BetterRewards","Colored Map","Colored Powertips","Downfall","Infinite Spire","Minty Spire (QoL Compilation)","Spicy Shops","StSLib"],"gold_per_floor":[99,99,99,99,99,131,131,131,116,146,146,164,164,179,195,195,195,195],"floor_reached":16,"language":"ENG","playtime":692,"items_purged":[],"score":122,"play_id":"39de204b-b6bf-49f1-baed-b0fb5ab873c3","local_time":"20210115173649","is_ascension_mode":true,"campfire_choices":[{"data":"champ:Taunt","floor":1,"key":"SMITH"},{"data":"champ:FanOfKnives","floor":8,"key":"SMITH"},{"floor":13,"key":"REST"}],"circlet_count":0,"master_deck":["champ:Strike","champ:Strike","champ:Strike","champ:Strike","champ:Defend","champ:Defend","champ:Defend","champ:Defend","champ:Execute","champ:Taunt+1","champ:Encircle","champ:Encircle","champ:EnragedBash","champ:FanOfKnives+1","champ:Haymaker"],"relics":["champ:ChampionCrown","downfall:HeartsMalice","Lantern","infinitespire:Joker Card","Peace Pipe"],"acts_visited":["Exordium"],"potions_floor_usage":[16,16,16],"damage_taken":[{"damage":0,"enemies":"Small Slimes","floor":2,"turns":1},{"damage":0,"enemies":"infinitespire:Voidling","floor":4,"turns":1},{"damage":0,"enemies":"Cultist","floor":5,"turns":1},{"damage":51,"enemies":"Gremlin Nob","floor":6,"turns":5},{"damage":35,"enemies":"downfall:FleeingMerchant","floor":9,"turns":4},{"damage":35,"enemies":"3 Sentries","floor":10,"turns":6},{"damage":9,"enemies":"Red Slaver","floor":12,"turns":3},{"damage":9,"enemies":"2 Fungi Beasts","floor":14,"turns":3},{"damage":8,"enemies":"3 Louse","floor":15,"turns":2},{"damage":64,"enemies":"IC_STATUS_ARCHETYPE","floor":16,"turns":4}],"seed_played":"6041154865944781028","potions_obtained":[{"floor":6,"key":"FearPotion"},{"floor":12,"key":"LiquidBronze"},{"floor":14,"key":"sneckomod:MuddlingPotion"}],"is_trial":false,"path_per_floor":["R","M","?","M","M","E","T","R","$","E","?","M","R","M","M","B"],"character_chosen":"THE_CHAMP","items_purchased":[],"campfire_rested":1,"item_purchase_floors":[],"current_hp_per_floor":[90,90,90,90,90,54,54,54,54,29,29,20,47,43,35,0,0,0],"gold":195,"neow_bonus":"THREE_ENEMY_KILL","is_daily":false,"chose_seed":false,"campfire_upgraded":2,"win_rate":0.0,"timestamp":1610761009,"path_taken":["R","M","?","M","?","E","T","R","$","E","?","?","R","M","M","BOSS"],"items_purchased_type":[],"build_version":"2020-12-22","purchased_purges":0,"victory":false,"max_hp_per_floor":[90,90,90,90,90,90,90,90,90,90,90,90,90,90,90,90,90,90],"card_choices":[{"not_picked":["champ:GutPunch","champ:ShieldSlam"],"picked":"champ:Encircle","floor":2},{"not_picked":["champ:DefensiveShout","champ:PreciseThrust"],"picked":"champ:EnragedBash","floor":4},{"not_picked":["champ:GladiatorStyle","champ:HeartStrike","champ:Circumvent"],"picked":"SKIP","floor":5},{"not_picked":["champ:BladeFlurry","champ:RageSigil"],"picked":"champ:FanOfKnives","floor":6},{"not_picked":["champ:Lariat","champ:BringItOn","champ:FlashCut"],"picked":"SKIP","floor":9},{"not_picked":["champ:PreciseThrust","champ:BerserkersShout","champ:Circumvent"],"picked":"SKIP","floor":10},{"not_picked":["champ:Circumvent","champ:EnGarde","champ:Parry"],"picked":"SKIP","floor":12},{"not_picked":["champ:BerserkersShout","champ:FlashCut"],"picked":"champ:Haymaker","floor":14},{"not_picked":["champ:DefensiveShout","champ:Duel","champ:ShieldSlam"],"picked":"SKIP","floor":15}],"player_experience":432983,"relics_obtained":[{"floor":6,"key":"Lantern"},{"floor":7,"key":"infinitespire:Joker Card"},{"floor":10,"key":"Peace Pipe"}],"event_choices":[],"is_beta":false,"boss_relics":[],"items_purged_floors":[],"is_endless":false,"potions_floor_spawned":[6,12,14,15],"killed_by":"IC_STATUS_ARCHETYPE","ascension_level":3}}