{"host":"kxbvub3a5s21lqnr","time":1610806031,"event":{"mods":["Bard","BaseMod","Dota2Spire","Minty Spire (QoL Compilation)","MostiFishMod","Reimu£®≤©¿ˆ¡È√Œ£©","Remilia£®¿Ÿ√◊¿Ú—«£©","StSLib","The Cursed","The Hierophant","Yakumo Yukari mod","Youmu£®ªÍ∆«—˝√Œ£©","Yuyuko"],"gold_per_floor":[109,126,126,141,124,124,150,150,150,150,0,26,25,51,51,160,160,204,286,352,39,102,201,133,133,180,180,263,327,417,496,496,669,669,759,759,835,929,1011,1011,1137,1137,1137,1137,1225,852,868,868,868,860,860,860,561,626,535],"floor_reached":56,"language":"ZHS","playtime":2228,"items_purged":["hierophant:RustyCrate+1"],"score":1623,"play_id":"29e654ca-c577-445d-b56d-116ec53718cd","local_time":"20210116220711","is_ascension_mode":false,"campfire_choices":[{"floor":6.0,"key":"REST"},{"floor":8.0,"key":"RECALL"},{"floor":15.0,"key":"REST"},{"data":"hierophant:Purify","floor":25.0,"key":"SMITH"},{"data":"hierophant:Community","floor":32.0,"key":"SMITH"},{"data":"hierophant:Determination","floor":40.0,"key":"SMITH"},{"data":"hierophant:Community","floor":44,"key":"SMITH"},{"data":"hierophant:ConvertCurrency","floor":49,"key":"SMITH"},{"data":"hierophant:Invocation","floor":52,"key":"SMITH"}],"circlet_count":0,"master_deck":["hierophant:Strike_Hierophant","hierophant:Strike_Hierophant","hierophant:Strike_Hierophant","hierophant:Punish","hierophant:Defend_Hierophant","hierophant:Defend_Hierophant","hierophant:Defend_Hierophant","hierophant:Defend_Hierophant","hierophant:ChurchCoffers","hierophant:ThreeLashes","hierophant:Community+1","hierophant:SealAway","hierophant:Kindle","hierophant:Sermon","hierophant:HolyVerse","hierophant:Patience","hierophant:Doubloon","hierophant:Doubloon","hierophant:CursedGold","hierophant:HammerAndAnvil","hierophant:BulkyChest","hierophant:Blessing+1","hierophant:Purify+1","hierophant:Sermon+1","hierophant:FaithHealing","hierophant:Shelter","hierophant:RepressedViolence+1","hierophant:Doubloon","hierophant:ConvertCurrency+1","hierophant:Community+1","hierophant:Determination+1","hierophant:Shelter+1","hierophant:ThreeLashes+1","hierophant:Doubloon","hierophant:Doubloon","hierophant:Flagellation+1","hierophant:Doubloon","hierophant:ConvertCurrency+1","hierophant:AuricBeam+1","hierophant:Invocation+1","hierophant:MorningPrayer+1"],"relics":["hierophant:PropheticMaskRelic","DaveBox","Medical Kit","NeowsBlessing","SynthV:TestCard","Blood Vial","AntiCross","Civilization","Torii","ShadowXiaoBlade","Incense Burner","Dota2Spire:BattleFury","Pen Nib","ImprovedEquipment","Anchor","NightmareShop","Bronze Scales","HandDrill","Lizard Tail","ScarletDevilRocket"],"acts_visited":["Exordium","TheCity","TheBeyond","TheEnding"],"potions_floor_usage":[50,55,55],"damage_taken":[{"damage":0.0,"enemies":"Cultist","floor":1.0,"turns":1.0},{"damage":0.0,"enemies":"Jaw Worm","floor":2.0,"turns":1.0},{"damage":0.0,"enemies":"2 Louse","floor":4.0,"turns":1.0},{"damage":15.0,"enemies":"Looter","floor":5.0,"turns":3.0},{"damage":39.0,"enemies":"3 Sentries","floor":7.0,"turns":5.0},{"damage":10.0,"enemies":"Gremlin Nob","floor":12.0,"turns":3.0},{"damage":5.0,"enemies":"Lots of Slimes","floor":13.0,"turns":3.0},{"damage":7.0,"enemies":"3 Louse","floor":14.0,"turns":3.0},{"damage":19.0,"enemies":"Slime Boss","floor":16.0,"turns":6.0},{"damage":2.0,"enemies":"Chosen","floor":18.0,"turns":3.0},{"damage":2.0,"enemies":"Spheric Guardian","floor":19.0,"turns":3.0},{"damage":3.0,"enemies":"Snake Plant","floor":20.0,"turns":2.0},{"damage":20.0,"enemies":"3 Cultists","floor":22.0,"turns":4.0},{"damage":28.0,"enemies":"Slavers","floor":23.0,"turns":4.0},{"damage":30.0,"enemies":"Book of Stabbing","floor":28.0,"turns":3.0},{"damage":19.0,"enemies":"Centurion and Healer","floor":29.0,"turns":4.0},{"damage":3.0,"enemies":"Cultist and Chosen","floor":30.0,"turns":2.0},{"damage":1.0,"enemies":"Slavers","floor":31.0,"turns":4.0},{"damage":28.0,"enemies":"Champ","floor":33.0,"turns":7.0},{"damage":23.0,"enemies":"3 Darklings","floor":35.0,"turns":5.0},{"damage":0.0,"enemies":"Orb Walker","floor":37.0,"turns":2.0},{"damage":0.0,"enemies":"Spire Growth","floor":38.0,"turns":2.0},{"damage":0.0,"enemies":"Sphere and 2 Shapes","floor":39.0,"turns":3.0},{"damage":0.0,"enemies":"Writhing Mass","floor":41.0,"turns":2.0},{"damage":4,"enemies":"4 Shapes","floor":45,"turns":5},{"damage":0,"enemies":"Maw","floor":47,"turns":4},{"damage":34,"enemies":"Donu and Deca","floor":50,"turns":7},{"damage":12,"enemies":"Shield and Spear","floor":54,"turns":4},{"damage":42,"enemies":"The Heart","floor":55,"turns":7}],"seed_played":"4641886904683389915","potions_obtained":[{"floor":4.0,"key":"ZuzhouPotion:ReiMu"},{"floor":7.0,"key":"Dexterity Potion"},{"floor":12.0,"key":"FairyPotion"},{"floor":14.0,"key":"FearPotion"},{"floor":18.0,"key":"Explosive Potion"},{"floor":19.0,"key":"Energy Potion"},{"floor":22.0,"key":"GamblersBrew"},{"floor":38.0,"key":"MagicPotion:ReiMu"},{"floor":45,"key":"Block Potion"},{"floor":54,"key":"FearPotion"}],"is_trial":false,"path_per_floor":["M","M","?","M","M","R","E","R","T","?","$","E","M","M","R","B",null,"M","M","M","$","M","E","$","R","T","?","E","M","M","E","R","B",null,"M","?","M","M","M","R","M","?","T","R","M","$","M","?","R","B",null,"R","$","E","B",null],"character_chosen":"HIEROPHANT","items_purchased":["Civilization","Incense Burner","hierophant:FaithHealing","Bronze Scales","HandDrill","Lizard Tail"],"campfire_rested":2,"item_purchase_floors":[11,21,24,46,46,53],"current_hp_per_floor":[75,75,75,75,60,75,36,36,36,36,36,29,31,31,56,44,91,94,99,103,103,100,88,88,88,88,64,41,29,33,49,49,38,146,139,151,156,161,166,166,171,171,171,171,172,172,179,179,179,164,186,186,186,179,154],"gold":535,"neow_bonus":"THREE_ENEMY_KILL","is_daily":false,"chose_seed":false,"campfire_upgraded":6,"win_rate":0.0,"timestamp":1610806031,"path_taken":["M","M","?","?","M","R","E","R","T","?","?","E","M","M","R","BOSS","M","?","M","$","M","E","?","R","T","?","E","?","M","E","R","BOSS","M","?","M","M","?","R","M","?","T","R","M","$","M","?","R","BOSS","R","$","E","BOSS"],"items_purchased_type":["Relic","Relic","Card","Relic","Relic","Relic"],"build_version":"2020-12-22","purchased_purges":1,"victory":true,"max_hp_per_floor":[75,75,75,75,75,75,75,75,75,75,75,76,81,86,86,91,91,96,101,106,106,111,116,116,116,116,121,126,131,136,141,141,146,146,151,151,156,161,166,166,171,171,171,171,176,176,181,181,181,186,186,186,186,191,196],"card_choices":[{"not_picked":["hierophant:Smite","hierophant:Purify"],"picked":"hierophant:ThreeLashes","floor":1.0},{"not_picked":["hierophant:DeathKnell","hierophant:TollTheBells","hierophant:Smite","hierophant:MorningPrayer"],"picked":"hierophant:Community","floor":2.0},{"not_picked":["hierophant:RepressedViolence","hierophant:MorningPrayer","hierophant:Dazzle","hierophant:HammerAndAnvil"],"picked":"hierophant:Sermon","floor":4.0},{"not_picked":["hierophant:FlamingChariot","hierophant:SolarFlare","hierophant:RecallFunds","hierophant:Doubloon"],"picked":"hierophant:HolyVerse","floor":5.0},{"not_picked":["hierophant:AuricShield","hierophant:SealAway","hierophant:MintersHammer","hierophant:Remorse"],"picked":"hierophant:Patience","floor":7.0},{"not_picked":["hierophant:FieryStrike","hierophant:SolarFlare","hierophant:ThreeLashes","hierophant:OrnateBuckler"],"picked":"hierophant:Doubloon","floor":12.0},{"not_picked":["hierophant:DeathKnell","hierophant:PassingBell","hierophant:Encroach","hierophant:SolarFlare"],"picked":"hierophant:CursedGold","floor":13.0},{"not_picked":["hierophant:Sermon","hierophant:Shelter","hierophant:Remorse","hierophant:SealAway"],"picked":"hierophant:HammerAndAnvil","floor":14.0},{"not_picked":["hierophant:AuricForm","hierophant:Kindle","hierophant:DivineIntervention","hierophant:Determination"],"picked":"hierophant:BulkyChest","floor":16.0},{"not_picked":["hierophant:ThreeLashes","hierophant:Zeal","hierophant:Doomsaying","hierophant:Purify"],"picked":"hierophant:OrnateBuckler+1","floor":18.0},{"not_picked":["hierophant:Purify","hierophant:ThreeLashes+1","hierophant:MorningPrayer","hierophant:OrnateJavelin"],"picked":"hierophant:Doomsaying","floor":19.0},{"not_picked":["hierophant:Remorse+1","hierophant:Sermon","hierophant:Encroach","hierophant:DivineIntervention"],"picked":"hierophant:Blessing+1","floor":20.0},{"not_picked":["hierophant:HammerAndAnvil","hierophant:Encroach","hierophant:Prophecy","hierophant:Alms"],"picked":"hierophant:Purify","floor":22.0},{"not_picked":["hierophant:Doubloon","hierophant:PassingBell","hierophant:AuricForm","hierophant:PristineSoul+1"],"picked":"hierophant:Sermon+1","floor":23.0},{"not_picked":["hierophant:FieryStrike+1","hierophant:PristineSoul","hierophant:Upheaval","hierophant:SealAway+1"],"picked":"hierophant:Shelter","floor":28.0},{"not_picked":["hierophant:SealAway","hierophant:Doubloon","hierophant:SolarFlare","hierophant:Endure"],"picked":"hierophant:RepressedViolence+1","floor":29.0},{"not_picked":["hierophant:WrathOfGod","hierophant:Zeal","hierophant:TollTheBells","hierophant:ThreeLashes"],"picked":"hierophant:ConvertCurrency","floor":30.0},{"not_picked":["hierophant:Repentance+1","hierophant:CoinFling+1","hierophant:SolarFlare+1","hierophant:Alms"],"picked":"hierophant:Community","floor":31.0},{"not_picked":["hierophant:MintersHammer","hierophant:Levitation","hierophant:DeathKnell","hierophant:Cornucopia"],"picked":"hierophant:Determination","floor":33.0},{"not_picked":["hierophant:RepressedViolence","hierophant:FieryStrike","hierophant:Generosity","hierophant:Purify"],"picked":"hierophant:Shelter+1","floor":35.0},{"not_picked":["hierophant:Sermon+1","hierophant:FlamingChariot","hierophant:Zeal+1","hierophant:Repentance"],"picked":"hierophant:ThreeLashes+1","floor":37.0},{"not_picked":["hierophant:Martyrdom+1","hierophant:FieryStrike","hierophant:Zeal+1","hierophant:PristineSoul+1"],"picked":"hierophant:RustyCrate+1","floor":38.0},{"not_picked":["hierophant:Bribe+1","hierophant:Doubloon+1","hierophant:Shelter","hierophant:Repentance+1"],"picked":"hierophant:Flagellation+1","floor":39.0},{"not_picked":["hierophant:Endure","hierophant:SealAway","hierophant:OrnateJavelin","hierophant:PassingBell"],"picked":"hierophant:ConvertCurrency+1","floor":41.0},{"not_picked":["hierophant:HammerAndAnvil+1","hierophant:WrathOfGod","hierophant:Repentance+1","hierophant:Shelter+1"],"picked":"hierophant:AuricBeam+1","floor":45},{"not_picked":["hierophant:Exaltation","hierophant:MorningPrayer","hierophant:Doubloon+1","hierophant:FieryStrike"],"picked":"hierophant:Invocation","floor":47},{"not_picked":["hierophant:RepressedViolence","hierophant:Smite","hierophant:ThreeLashes+1","hierophant:Sermon+1"],"picked":"hierophant:MorningPrayer+1","floor":54}],"player_experience":70934,"relics_obtained":[{"floor":1.0,"key":"SynthV:TestCard"},{"floor":7.0,"key":"Blood Vial"},{"floor":9.0,"key":"AntiCross"},{"floor":12.0,"key":"Torii"},{"floor":23.0,"key":"Dota2Spire:BattleFury"},{"floor":26.0,"key":"Pen Nib"},{"floor":28.0,"key":"ImprovedEquipment"},{"floor":31.0,"key":"Anchor"},{"floor":54,"key":"ScarletDevilRocket"}],"event_choices":[{"damage_healed":0.0,"max_hp_gain":0.0,"max_hp_loss":0.0,"gold_gain":0.0,"event_name":"Match and Keep!","player_choice":"2 cards matched","floor":3.0,"gold_loss":0.0,"damage_taken":0.0,"cards_obtained":["hierophant:SealAway","hierophant:Kindle"]},{"cards_removed":["hierophant:Strike_Hierophant"],"damage_healed":0.0,"max_hp_gain":0.0,"max_hp_loss":0.0,"gold_gain":0.0,"event_name":"Wheel of Change","player_choice":"Card Removal","floor":10.0,"gold_loss":0.0,"damage_taken":0.0},{"damage_healed":0.0,"max_hp_gain":5.0,"max_hp_loss":0.0,"gold_gain":0.0,"event_name":"Forgotten Altar","player_choice":"Shed Blood","floor":27.0,"gold_loss":0.0,"damage_taken":29.0},{"cards_removed":["hierophant:Doomsaying"],"damage_healed":12.0,"max_hp_gain":0.0,"max_hp_loss":0.0,"gold_gain":0.0,"event_name":"Bonfire Elementals","player_choice":"Offered Uncommon","floor":36.0,"gold_loss":0.0,"damage_taken":0.0},{"cards_removed":["hierophant:OrnateBuckler"],"damage_healed":0,"gold_gain":0,"player_choice":"Removed Skill","damage_taken":0,"max_hp_gain":0,"max_hp_loss":0,"event_name":"Falling","floor":48,"gold_loss":0}],"is_beta":false,"boss_relics":[{"not_picked":["HaiYi:Twilight","OneHitWonderSystem"],"picked":"ShadowXiaoBlade"},{"not_picked":["Empty Cage","Philosopher\u0027s Stone"],"picked":"NightmareShop"}],"items_purged_floors":[46],"is_endless":false,"potions_floor_spawned":[4,7,12,14,18,19,22,38,45,54],"ascension_level":0}}