{"host":"pqs17sqrgflf4eqa","time":1610830098,"event":{"mods":["AchievementEnabler","BaseMod","Bestiary","Better Altar","Colored Map","Colored Powertips","Emptier Cage","Googly Eyes","Highlight Path","Minty Spire (QoL Compilation)","Quick Restart","StSLib","SuperFastMode","Transform Curses","slay the spire mod where everything is the same but ironclad has a cowboy hat"],"gold_per_floor":[116,116,128,145,161,190,208,208,208,208,264,264,31,44,44,141,141,141,141,141,141,141,141,141,141],"floor_reached":24,"language":"ENG","playtime":466,"items_purged":[],"score":300,"play_id":"41f4efea-133e-44cf-a7ea-092c8feb4813","local_time":"20210116154818","is_ascension_mode":true,"campfire_choices":[{"floor":8,"key":"REST"},{"data":"Zap","floor":10,"key":"SMITH"},{"data":"Dualcast","floor":12,"key":"SMITH"},{"data":"Defragment","floor":15,"key":"SMITH"},{"data":"Electrodynamics","floor":23,"key":"SMITH"}],"circlet_count":0,"master_deck":["Strike_B","Strike_B","Strike_B","Strike_B","Defend_B","Defend_B","Defend_B","Zap+1","Dualcast+1","Ball Lightning","White Noise","Steam","Biased Cognition","Conserve Battery","Meteor Strike","Coolheaded","Defragment+1","Lockon","Beam Cell","Electrodynamics+1","Rip and Tear","Sweeping Beam","Beam Cell"],"relics":["Cracked Core","Nunchaku","Mummified Hand","Ectoplasm"],"acts_visited":["Exordium","TheCity"],"potions_floor_usage":[16,16,16],"damage_taken":[{"damage":16.0,"enemies":"Small Slimes","floor":1.0,"turns":3.0},{"damage":6.0,"enemies":"Cultist","floor":3.0,"turns":3.0},{"damage":12.0,"enemies":"2 Louse","floor":4.0,"turns":2.0},{"damage":25.0,"enemies":"Exordium Thugs","floor":5.0,"turns":3.0},{"damage":13.0,"enemies":"Lagavulin","floor":6.0,"turns":3.0},{"damage":23,"enemies":"Gremlin Gang","floor":7,"turns":4},{"damage":0,"enemies":"2 Fungi Beasts","floor":14,"turns":3},{"damage":0,"enemies":"Slime Boss","floor":16,"turns":6},{"damage":0,"enemies":"Shell Parasite","floor":18,"turns":3},{"damage":13,"enemies":"3 Byrds","floor":19,"turns":3},{"damage":1,"enemies":"Centurion and Healer","floor":21,"turns":4},{"damage":11,"enemies":"Cultist and Chosen","floor":22,"turns":5},{"damage":52,"enemies":"Book of Stabbing","floor":24,"turns":4}],"seed_played":"-2735955538921066343","potions_obtained":[{"floor":0.0,"key":"Ancient Potion"},{"floor":0.0,"key":"LiquidBronze"},{"floor":0.0,"key":"SteroidPotion"},{"floor":3.0,"key":"SteroidPotion"},{"floor":6.0,"key":"FairyPotion"},{"floor":14,"key":"AttackPotion"},{"floor":19,"key":"Ancient Potion"},{"floor":21,"key":"LiquidBronze"},{"floor":22,"key":"SpeedPotion"}],"is_trial":false,"path_per_floor":["M","?","M","M","M","E","M","R","T","R","?","R","$","M","R","B",null,"M","M","?","M","M","R","E"],"character_chosen":"DEFECT","items_purchased":["Defragment","Lockon","AttackPotion","Strength Potion"],"campfire_rested":1,"item_purchase_floors":[13,13,13,13],"current_hp_per_floor":[59,59,53,41,16,3,4,26,26,26,26,26,26,26,26,26,75,75,62,62,61,50,50,0,0],"gold":141,"neow_bonus":"THREE_SMALL_POTIONS","is_daily":false,"chose_seed":false,"campfire_upgraded":4,"win_rate":0.0,"timestamp":1610830098,"path_taken":["M","?","M","?","M","E","M","R","T","R","?","R","?","M","R","BOSS","M","?","?","?","M","R","E"],"items_purchased_type":["Card","Card","Potion","Potion"],"build_version":"2020-12-22","purchased_purges":0,"victory":false,"max_hp_per_floor":[75,75,75,75,75,75,75,75,75,75,75,75,75,75,75,75,75,75,75,75,75,75,75,75,75],"card_choices":[{"not_picked":["White Noise","Hologram"],"picked":"Ball Lightning","floor":1.0},{"not_picked":["Static Discharge","Tempest"],"picked":"Steam","floor":3.0},{"not_picked":["Streamline","Turbo"],"picked":"Biased Cognition","floor":4.0},{"not_picked":["Go for the Eyes","Steam"],"picked":"Conserve Battery","floor":5.0},{"not_picked":["Hello World","Stack"],"picked":"Meteor Strike","floor":6.0},{"not_picked":["Fusion","Aggregate"],"picked":"Coolheaded","floor":7},{"not_picked":["Barrage","FTL"],"picked":"Beam Cell","floor":14},{"not_picked":["Hyperbeam","Fission"],"picked":"Electrodynamics","floor":16},{"not_picked":["Steam","Static Discharge+1"],"picked":"Rip and Tear","floor":18},{"not_picked":["Heatsinks+1","Coolheaded"],"picked":"Sweeping Beam","floor":19},{"not_picked":["Barrage+1","Storm+1"],"picked":"Beam Cell","floor":21},{"not_picked":["Auto Shields","Turbo","Biased Cognition"],"picked":"SKIP","floor":22}],"player_experience":150237,"relics_obtained":[{"floor":6.0,"key":"Nunchaku"},{"floor":9,"key":"Mummified Hand"}],"event_choices":[{"damage_healed":0.0,"max_hp_gain":0.0,"max_hp_loss":0.0,"gold_gain":0.0,"cards_transformed":["Defend_B"],"event_name":"Transmorgrifier","player_choice":"Transformed","floor":2.0,"gold_loss":0.0,"damage_taken":0.0,"cards_obtained":["White Noise"]},{"damage_healed":0,"gold_gain":56,"player_choice":"Gained Gold","damage_taken":0,"max_hp_gain":0,"max_hp_loss":0,"event_name":"Golden Wing","floor":11,"gold_loss":0},{"damage_healed":0,"gold_gain":100,"player_choice":"Pray","damage_taken":0,"max_hp_gain":0,"max_hp_loss":0,"event_name":"Golden Shrine","floor":20,"gold_loss":0}],"is_beta":false,"boss_relics":[{"not_picked":["Empty Cage","Velvet Choker"],"picked":"Ectoplasm"}],"items_purged_floors":[],"is_endless":false,"potions_floor_spawned":[3,4,6,14,19,21,22],"killed_by":"Book of Stabbing","ascension_level":4}}