{"host":"xt797mi8yhee06c1","time":1610802179,"event":{"mods":["100% Spire Juice","BaseMod","Bestiary","Koishi","Marisa£¨Ùöéë¡¡Øª×âÞÞ£©","Minty Spire (QoL Compilation)","Poor People Problems","Prisma Mod","Relic Filter","Shop Mod","Spicy Shops","StSLib","The Marked","The Servant 0.9.4","WarShipGirlsR/??á´Ò³R mod"],"gold_per_floor":[109,124,136,150,150,181,197,197,197],"floor_reached":8,"language":"KOR","playtime":578,"items_purged":[],"score":60,"play_id":"38afb6d0-b08d-4dfe-9f1a-1dafc1c5bd3a","local_time":"20210116220259","is_ascension_mode":false,"campfire_choices":[],"circlet_count":0,"master_deck":["Moonworks:Strike","Moonworks:Strike","Moonworks:Strike","Moonworks:Strike","Moonworks:Defend","Moonworks:Defend","Moonworks:Defend","Moonworks:Defend","Moonworks:Ambush","Moonworks:LongDistanceShot","Moonworks:Heat300Percent","Moonworks:SakisCookie","Moonworks:LuckyCharm","Moonworks:SakisCookie","Moonworks:RocketCannon","Moonworks:FullSpeedAlicianrone"],"relics":["Moonworks:BrokenBomb","Moonworks:Homemark","NeowsBlessing","Pen Nib"],"acts_visited":["Exordium"],"potions_floor_usage":[8,8],"damage_taken":[{"damage":0,"enemies":"Cultist","floor":1,"turns":1},{"damage":0,"enemies":"2 Louse","floor":2,"turns":1},{"damage":0,"enemies":"Jaw Worm","floor":3,"turns":1},{"damage":16,"enemies":"Large Slime","floor":4,"turns":7},{"damage":30,"enemies":"3 Sentries","floor":6,"turns":9},{"damage":1,"enemies":"2 Fungi Beasts","floor":7,"turns":4},{"damage":19,"enemies":"Lagavulin","floor":8,"turns":3}],"seed_played":"1846444780142063178","potions_obtained":[{"floor":2,"key":"Dexterity Potion"},{"floor":3,"key":"Strength Potion"}],"is_trial":false,"path_per_floor":["M","M","M","M","?","E","M","E"],"character_chosen":"THE_STARBREAKER","items_purchased":[],"campfire_rested":0,"item_purchase_floors":[],"current_hp_per_floor":[60,60,60,44,44,16,15,0,0],"gold":197,"neow_bonus":"THREE_ENEMY_KILL","is_daily":false,"chose_seed":false,"campfire_upgraded":0,"win_rate":0.0,"timestamp":1610802179,"path_taken":["M","M","?","M","?","E","M","E"],"items_purchased_type":[],"build_version":"2020-12-22","purchased_purges":0,"victory":false,"max_hp_per_floor":[60,60,60,60,60,60,60,60,60],"card_choices":[{"not_picked":["Moonworks:CloudOfSeagulls","Moonworks:ImOnFire"],"picked":"Moonworks:Heat300Percent","floor":1},{"not_picked":["Moonworks:ImOnFire","Moonworks:IndiscriminateFireSupport"],"picked":"Moonworks:SakisCookie","floor":2},{"not_picked":["Moonworks:EvilSpyWorkPreparation","Moonworks:CloudOfSeagulls"],"picked":"Moonworks:LuckyCharm","floor":3},{"not_picked":["Moonworks:EvilSpyWorkPreparation","Moonworks:ReproductionOfRecords"],"picked":"Moonworks:SakisCookie","floor":4},{"not_picked":["Moonworks:BeyondHell","Moonworks:ImOnFire"],"picked":"Moonworks:RocketCannon","floor":6},{"not_picked":["Moonworks:BigMagnum","Moonworks:Assault"],"picked":"Moonworks:FullSpeedAlicianrone","floor":7}],"player_experience":369487,"relics_obtained":[{"floor":6,"key":"Pen Nib"}],"event_choices":[{"damage_healed":0,"gold_gain":0,"player_choice":"Ignored","damage_taken":0,"max_hp_gain":0,"max_hp_loss":0,"event_name":"NoteForYourself","floor":5,"gold_loss":0}],"is_beta":false,"boss_relics":[],"items_purged_floors":[],"is_endless":false,"potions_floor_spawned":[2,3],"killed_by":"Lagavulin","ascension_level":0}}