{"host":"opg65mucj6ra7dr1","time":1610786140,"event":{"mods":["BaseMod","DeckTracker","Keyboard Shortcuts","Minty Spire (QoL Compilation)","Permanent Neow","Quick Restart","everything is the same but u backflip on backflip"],"gold_per_floor":[111,124,134,134,146,172,172,172,172],"floor_reached":8,"language":"KOR","playtime":316,"items_purged":[],"score":78,"play_id":"b6feee4c-e25a-4724-9003-2ef73c2d4538","local_time":"20210116173540","is_ascension_mode":true,"campfire_choices":[{"floor":7,"key":"REST"}],"circlet_count":0,"master_deck":["Strike_G","Strike_G","Strike_G","Strike_G","Defend_G","Defend_G","Defend_G","Defend_G","Defend_G","Survivor","Neutralize","Adrenaline","Dagger Spray","Prepared","Deadly Poison"],"relics":["Ring of the Snake","MealTicket"],"acts_visited":["Exordium"],"potions_floor_usage":[6,8],"damage_taken":[{"damage":0,"enemies":"Cultist","floor":1,"turns":5},{"damage":1,"enemies":"Small Slimes","floor":2,"turns":4},{"damage":3,"enemies":"Jaw Worm","floor":3,"turns":7},{"damage":8,"enemies":"Exordium Thugs","floor":5,"turns":6},{"damage":36,"enemies":"Gremlin Nob","floor":6,"turns":5},{"damage":24,"enemies":"3 Sentries","floor":8,"turns":7}],"seed_played":"-6770780358059583283","potions_obtained":[{"floor":3,"key":"Swift Potion"},{"floor":6,"key":"Block Potion"}],"is_trial":false,"path_per_floor":["M","M","M","?","M","E","R","E"],"character_chosen":"THE_SILENT","items_purchased":[],"campfire_rested":1,"item_purchase_floors":[],"current_hp_per_floor":[63,62,59,59,51,15,36,12,12],"gold":172,"neow_bonus":"ONE_RANDOM_RARE_CARD","is_daily":false,"chose_seed":false,"campfire_upgraded":0,"win_rate":0.0,"timestamp":1610786140,"path_taken":["M","?","?","?","?","E","R","E"],"items_purchased_type":[],"build_version":"2020-12-22","purchased_purges":0,"victory":false,"max_hp_per_floor":[70,70,70,70,70,70,70,70,70],"card_choices":[{"not_picked":["Sucker Punch","Outmaneuver"],"picked":"Dagger Spray","floor":1},{"not_picked":["PiercingWail","Setup","Concentrate"],"picked":"SKIP","floor":2},{"not_picked":["Cloak And Dagger","PiercingWail"],"picked":"Prepared","floor":3},{"not_picked":["Slice","Blade Dance","Finisher"],"picked":"SKIP","floor":5},{"not_picked":["Skewer","Masterful Stab"],"picked":"Deadly Poison","floor":6}],"player_experience":129685,"relics_obtained":[{"floor":6,"key":"MealTicket"}],"event_choices":[{"cards_removed":["Strike_G"],"damage_healed":0,"gold_gain":0,"player_choice":"Card Removal","damage_taken":0,"max_hp_gain":0,"max_hp_loss":0,"event_name":"Wheel of Change","floor":4,"gold_loss":0}],"is_beta":false,"boss_relics":[],"items_purged_floors":[],"is_endless":false,"potions_floor_spawned":[3,6],"killed_by":"3 Sentries","ascension_level":7}}