{"host":"81h68oe4mr04pk3r","time":1610780099,"event":{"mods":["Act Like it!","Aspiration","BaseMod","BetterRewards","Colored Map","Colored Powertips","Conspire","Downfall","Gensokyo","Hallownest","Hermit","Hubris","Infinite Spire","Jorbs\u0027s Wanderer Trilogy","Koishi","Lobotomy","LobotomyExtend","Marisa????????","Minty Spire (QoL Compilation)","Quick Restart","Reimu??????","Remilia??????","StSLib","The Bug Knight","The Construct","The Cursed","The Disciple","The Servant 0.9.4"],"gold_per_floor":[110,38,138,36,36,36,66,66,113,132,142,142,142,161,161,266,266,280,296,296,296,222,222,172,184,184,198,198,214,12,26,26,26,26],"floor_reached":33,"language":"ENG","playtime":1545,"items_purged":[],"score":245,"play_id":"228418e5-3ead-488a-98ed-9fd0c5bc72e0","local_time":"20210115225459","is_ascension_mode":false,"campfire_choices":[{"data":"Koishi:JumpScare","floor":6,"key":"SMITH"},{"floor":13,"key":"REST"},{"floor":15,"key":"REST"},{"floor":23,"key":"REST"},{"floor":28,"key":"REST"},{"floor":32,"key":"REST"}],"circlet_count":0,"master_deck":["Koishi:BasicStrike","Koishi:BasicStrike","Koishi:BasicStrike","Koishi:BasicStrike","Koishi:BasicDefend","Koishi:BasicDefend","Koishi:BasicDefend+1","Koishi:BasicDefend+1","Koishi:Provoke","Koishi:HauntingSlash","Koishi:JumpScare+1","Koishi:StingingMind","Koishi:BloodcurdlingScream","Koishi:Catatonia","Koishi:RacingHeart","Koishi:DreadfulBlow","Koishi:RuptureMind","Koishi:RacingHeart","infinitespire:Gouge","Koishi:TremblingHands","Koishi:ParalyzingFear","Koishi:PhantomBarrier","Koishi:PhantomStrike+1","Gensokyo:MissMary","Koishi:RacingHeart"],"relics":["Koishi:ImaginaryFriend","aspiration:Nostalgia","MiniHakkero","LetterFromLob","infinitespire:Lucky Rock","hubris:Icosahedron","War Paint","hubris:Backtick","hermit:RyeStalk","aspiration:FetidBarrel"],"acts_visited":["Gensokyo:Gensokyo","Gensokyo:Gensokyoer"],"potions_floor_usage":[10,16,16,27,31,31,33,33],"damage_taken":[{"damage":1,"enemies":"Gensokyo:Gryphon","floor":1,"turns":4},{"damage":34,"enemies":"Gensokyo:Cirno","floor":7,"turns":7},{"damage":1,"enemies":"Gensokyo:3_Fairies","floor":10,"turns":4},{"damage":0,"enemies":"Gensokyo:Python","floor":11,"turns":2},{"damage":9,"enemies":"Gensokyo:Gryphon_and_Rabbit","floor":14,"turns":4},{"damage":46,"enemies":"Gensokyo:Reimu","floor":16,"turns":10},{"damage":14,"enemies":"Gensokyo:Chomper","floor":18,"turns":5},{"damage":22,"enemies":"Gensokyo:2_Gloops","floor":19,"turns":5},{"damage":43,"enemies":"Gensokyo:Monolith_and_Dog","floor":25,"turns":6},{"damage":0,"enemies":"Gensokyo:Wraith","floor":27,"turns":3},{"damage":29,"enemies":"Gensokyo:3_Gloops","floor":29,"turns":6},{"damage":20,"enemies":"Gensokyo:Swordslinger","floor":31,"turns":3},{"damage":49,"enemies":"Gensokyo:Eiki","floor":33,"turns":5}],"seed_played":"118088695895558710","potions_obtained":[{"floor":10,"key":"EntropicBrew"},{"floor":18,"key":"Strength Potion"},{"floor":29,"key":"SteroidPotion"},{"floor":31,"key":"sneckomod:MuddlingPotion"}],"is_trial":false,"path_per_floor":["M","COS","?","$","?","R","E","?","T","M","M","?","R","M","R","B",null,"M","M","?","?","$","R","$","M","T","M","R","M","COS","M","R","B"],"character_chosen":"KOISHI","items_purchased":["Koishi:StingingMind","Koishi:BloodcurdlingScream","Koishi:TremblingHands","Koishi:ParalyzingFear"],"campfire_rested":5,"item_purchase_floors":[4,4,22,24],"current_hp_per_floor":[60,60,60,60,54,54,24,24,24,24,28,28,46,44,60,33,60,56,46,46,32,32,50,50,19,19,28,46,26,26,13,31,0,0],"gold":26,"neow_bonus":"NOSTALGIA","is_daily":false,"chose_seed":false,"campfire_upgraded":1,"win_rate":0.0,"timestamp":1610780099,"path_taken":["M","COS","?","$","?","R","E","?","T","M","M","?","R","?","R","BOSS","M","M","?","?","?","R","$","M","T","?","R","M","COS","M","R","BOSS"],"items_purchased_type":["Card","Card","Card","Card"],"build_version":"2020-12-22","purchased_purges":0,"victory":false,"max_hp_per_floor":[60,60,60,60,60,60,60,60,60,60,60,60,60,60,60,60,60,60,60,60,60,60,60,60,60,60,60,60,60,60,60,60,60,60],"card_choices":[{"not_picked":["Koishi:Prune","Koishi:FleetingPhantom"],"picked":"Koishi:JumpScare","floor":1},{"not_picked":["Koishi:EmbryosDream","Koishi:RacingHeart"],"picked":"Koishi:Catatonia","floor":7},{"not_picked":["Koishi:UnconsciousUprising","Koishi:GeneticsOfTheUnconscious"],"picked":"Koishi:RacingHeart","floor":10},{"not_picked":["Koishi:CatchAndRose","Koishi:HeartfeltFancy","Koishi:IdleWhim"],"picked":"SKIP","floor":11},{"not_picked":["Koishi:BloodcurdlingScream","Koishi:LastRemote"],"picked":"Koishi:DreadfulBlow","floor":14},{"not_picked":["Koishi:ConditionedTeleport","Koishi:Heartbroken"],"picked":"Koishi:RuptureMind","floor":16},{"not_picked":["Koishi:RorschachInDanmaku","Koishi:GeneticsOfTheUnconscious","Koishi:Prune"],"picked":"SKIP","floor":18},{"not_picked":["Koishi:SpiritedAway+1","Koishi:PhilosophyOfTheDespised"],"picked":"Koishi:RacingHeart","floor":19},{"not_picked":["infinitespire:Fortify","infinitespire:SevenWalls"],"picked":"infinitespire:Gouge","floor":21},{"not_picked":["Koishi:UnconsciousUprising","Koishi:FleetingPhantom+1"],"picked":"Koishi:PhantomBarrier","floor":25},{"not_picked":["Koishi:Possession","Koishi:UnconsciousUrges","Koishi:FidgetySnatcher"],"picked":"SKIP","floor":27},{"not_picked":["Koishi:EmbryosDream","Koishi:FidgetySnatcher"],"picked":"Koishi:PhantomStrike+1","floor":29},{"not_picked":["Koishi:PhilosophyOfTheDespised+1","Koishi:StrangeCloudFist"],"picked":"Koishi:RacingHeart","floor":31}],"player_experience":202783,"relics_obtained":[{"floor":1,"key":"LetterFromLob"},{"floor":7,"key":"infinitespire:Lucky Rock"},{"floor":9,"key":"War Paint"},{"floor":26,"key":"aspiration:FetidBarrel"}],"event_choices":[],"is_beta":false,"boss_relics":[{"not_picked":["conspire:SeveredTorchhead","Calling Bell"],"picked":"hubris:Backtick"}],"items_purged_floors":[],"is_endless":false,"potions_floor_spawned":[10,18,29,31],"killed_by":"Gensokyo:Eiki","ascension_level":0}}