{"host":"94qggqh0xz0sp6ai","time":1610832482,"event":{"mods":["100% Spire Juice","Abigail Mod","Act Like it!","BaseMod","CapriCore","Downfall","Friendly Minions","Gensokyo","Hermit","Jorbs\u0027s Wanderer Trilogy","Koishi","Marisa（霧雨　魔理沙）","Minty Spire (QoL Compilation)","Permanent Neow","Reimu（博??梦）","StSLib","The Alterego","The Construct","The Cursed","The Hierophant","The Immortal","The Marked","The Servant 0.9.4","TheBandit","Waifu the Spire"],"gold_per_floor":[111,111,111,125,137,137,150,150,150,150,180,180,191,191,191,191,191],"floor_reached":16,"language":"ENG","playtime":365,"items_purged":[],"score":100,"play_id":"6d45cf59-8530-44d0-9b72-0645c96bb514","local_time":"20210116152802","is_ascension_mode":false,"campfire_choices":[{"data":"Moonworks:EvilSpyWorkPreparation","floor":6,"key":"SMITH"},{"data":"Moonworks:MetallicMonocoque","floor":8,"key":"SMITH"},{"data":"Moonworks:LongDistanceShot","floor":10,"key":"SMITH"},{"floor":12,"key":"REST"},{"data":"Moonworks:StarBlastingFuse","floor":15,"key":"SMITH"}],"circlet_count":0,"master_deck":["Moonworks:Strike","Moonworks:Strike+1","Moonworks:Strike","Moonworks:Defend","Moonworks:Defend","Moonworks:Defend","Moonworks:Defend","Moonworks:Ambush+1","Moonworks:LongDistanceShot+1","Moonworks:JonathanRush","Moonworks:Assault","Moonworks:JonathanRush","Moonworks:EvilSpyWorkPreparation+1","Moonworks:MetallicMonocoque+1","Moonworks:StarBlastingFuse+1","Moonworks:Flamethrower","Injury"],"relics":["Moonworks:BrokenBomb","Moonworks:Homemark","Mercury Hourglass","Torii","Golden Idol"],"acts_visited":["Exordium"],"potions_floor_usage":[11,16],"damage_taken":[{"damage":5,"enemies":"Small Slimes","floor":1,"turns":4},{"damage":1,"enemies":"Jaw Worm","floor":4,"turns":3},{"damage":0,"enemies":"Cultist","floor":5,"turns":2},{"damage":12,"enemies":"Gremlin Gang","floor":7,"turns":3},{"damage":11,"enemies":"Lagavulin","floor":11,"turns":6},{"damage":0,"enemies":"3 Louse","floor":13,"turns":2},{"damage":33,"enemies":"The Guardian","floor":16,"turns":4}],"seed_played":"6510762576877472470","potions_obtained":[{"floor":5,"key":"FearPotion"},{"floor":7,"key":"LiquidMemories"},{"floor":13,"key":"sneckomod:MuddlingPotion"}],"is_trial":false,"path_per_floor":["M","?","?","M","M","R","M","R","T","R","E","R","M","?","R","B"],"character_chosen":"THE_STARBREAKER","items_purchased":[],"campfire_rested":1,"item_purchase_floors":[],"current_hp_per_floor":[55,43,36,35,35,35,23,23,23,23,12,30,30,30,30,0,0],"gold":191,"neow_bonus":"THREE_CARDS","is_daily":false,"chose_seed":false,"campfire_upgraded":4,"win_rate":0.0,"timestamp":1610832482,"path_taken":["M","?","?","M","M","R","M","R","T","R","E","R","M","?","R","BOSS"],"items_purchased_type":[],"build_version":"2020-12-22","purchased_purges":0,"victory":false,"max_hp_per_floor":[60,60,60,60,60,60,60,60,60,60,60,60,60,60,60,60,60],"card_choices":[{"not_picked":["Moonworks:ReproductionOfRecords","Moonworks:SakisCookie"],"picked":"Moonworks:JonathanRush","floor":0},{"not_picked":["Moonworks:BigMagnum","Moonworks:Dash"],"picked":"Moonworks:Assault","floor":1},{"not_picked":["Moonworks:SealedMemories","Moonworks:ExtendedPhotonRifle"],"picked":"Moonworks:JonathanRush","floor":4},{"not_picked":["Moonworks:LulusLuckyEgg","Moonworks:IntelligenceOfficer"],"picked":"Moonworks:EvilSpyWorkPreparation","floor":5},{"not_picked":["Moonworks:TacticalRetreat","Moonworks:ImOnFire"],"picked":"Moonworks:MetallicMonocoque","floor":7},{"not_picked":["Moonworks:DeployBits","Moonworks:JonathanRush"],"picked":"Moonworks:StarBlastingFuse","floor":11},{"not_picked":["Moonworks:BigMagnum","Moonworks:CloudOfSeagulls"],"picked":"Moonworks:Flamethrower","floor":13}],"player_experience":1390185,"relics_obtained":[{"floor":9,"key":"Mercury Hourglass"},{"floor":11,"key":"Torii"}],"event_choices":[{"damage_healed":0,"gold_gain":0,"player_choice":"Entered Light","damage_taken":12,"max_hp_gain":0,"max_hp_loss":0,"event_name":"Shining Light","floor":2,"gold_loss":0,"cards_upgraded":["Moonworks:Ambush","Moonworks:Strike"]},{"cards_removed":["Moonworks:Strike"],"damage_healed":0,"gold_gain":0,"player_choice":"Card Removal","damage_taken":7,"max_hp_gain":0,"max_hp_loss":0,"event_name":"Golden Wing","floor":3,"gold_loss":0},{"damage_healed":0,"gold_gain":0,"player_choice":"Take Wound","damage_taken":0,"relics_obtained":["Golden Idol"],"max_hp_gain":0,"max_hp_loss":0,"event_name":"Golden Idol","floor":14,"gold_loss":0,"cards_obtained":["Injury"]}],"is_beta":false,"boss_relics":[],"items_purged_floors":[],"is_endless":false,"potions_floor_spawned":[5,7,13],"killed_by":"The Guardian","ascension_level":0}}