{"host":"jak4ncvfzor9mys0","time":1610770233,"event":{"mods":["2.2 Compatiblity","AchievementEnabler","BaseMod","Better Altar","Better Match","Better Note","Better Sensory Stone","Better Skull","Better Third Choice","BetterRewards","Block Reminder","Colored Map","Colored Powertips","Dark Map","Energized Spire","Gold Saver","Hubris","Infinite Spire","Key Reminder","Minty Spire (QoL Compilation)","Rare Cards Sparkle","Red Circlet Mod","Relic Sorter","Relic Stats","Replay The Spire","Retaliation","Spicy Shops","StSLib","SuperFastMode","The Blue Laboratory"],"gold_per_floor":[382,393,410,410,390,416,416,429,429,468,468,511,511,511,511,547,547],"floor_reached":16,"language":"ENG","playtime":429,"items_purged":[],"score":102,"play_id":"79d53fc1-7df9-4fc1-893d-4930aa636e46","local_time":"20210115201033","is_ascension_mode":false,"campfire_choices":[{"data":"Body Slam","floor":7,"key":"SMITH"},{"floor":13,"key":"REST"},{"data":"Body Slam","floor":15,"key":"SMITH"}],"circlet_count":0,"master_deck":["Strike_R","Strike_R","Strike_R","Strike_R","Defend_R","Defend_R","Defend_R+1","Defend_R","Bash","ReplayTheSpireMod:Strike From Hell","ReplayTheSpireMod:Strike From Hell","Body Slam+1","Body Slam+1"],"relics":["Burning Blood","NeowsBlessing","Bag of Preparation","Replay:Bandana"],"acts_visited":["Exordium"],"potions_floor_usage":[6,16],"damage_taken":[{"damage":0,"enemies":"Cultist","floor":1,"turns":1},{"damage":0,"enemies":"Jaw Worm","floor":2,"turns":1},{"damage":0,"enemies":"2 Louse","floor":3,"turns":1},{"damage":32,"enemies":"3 Sentries","floor":6,"turns":10},{"damage":12,"enemies":"Exordium Thugs","floor":8,"turns":5},{"damage":19,"enemies":"Exordium Wildlife","floor":10,"turns":6},{"damage":0,"enemies":"Large Slime","floor":12,"turns":5},{"damage":68,"enemies":"Hexaghost","floor":16,"turns":13}],"seed_played":"-3928553381010581196","potions_obtained":[{"floor":5,"key":"blueLaboratory:LouseDecoction"},{"floor":8,"key":"ColorlessPotion"},{"floor":10,"key":"AttackPotion"}],"is_trial":false,"path_per_floor":["M","M","M","?","?","E","R","M","T","M","?","M","R","?","R","B"],"character_chosen":"IRONCLAD","items_purchased":[],"campfire_rested":1,"item_purchase_floors":[],"current_hp_per_floor":[80,80,80,80,80,54,54,48,48,35,35,41,65,65,65,0,0],"gold":547,"neow_bonus":"THREE_ENEMY_KILL","is_daily":false,"chose_seed":false,"campfire_upgraded":2,"win_rate":0.0,"timestamp":1610770233,"path_taken":["M","M","?","?","?","E","R","?","T","M","?","M","R","?","R","BOSS"],"items_purchased_type":[],"build_version":"2020-12-22","purchased_purges":0,"victory":false,"max_hp_per_floor":[80,80,80,80,80,80,80,80,80,80,80,80,80,80,80,80,80],"relic_stats":{"counters":[8,42],"Bag of Preparation":[8],"obtain_stats":[{"Replay:Bandana":9,"NeowsBlessing":0,"Bag of Preparation":6,"Burning Blood":0},{"Replay:Bandana":5,"NeowsBlessing":0,"Bag of Preparation":4,"Burning Blood":0},{"Replay:Bandana":18,"NeowsBlessing":0,"Bag of Preparation":13,"Burning Blood":0}],"Burning Blood":24},"card_choices":[{"not_picked":["Anger","DDmod:UnstoppableAttack"],"picked":"ReplayTheSpireMod:Strike From Hell","floor":1},{"not_picked":["Havoc","hubris:StunningStrike","Massacre"],"picked":"SKIP","floor":2},{"not_picked":["Havoc","Thunderclap"],"picked":"ReplayTheSpireMod:Strike From Hell","floor":3},{"not_picked":["Burning Pact","DDmod:RapidStrikeAttack"],"picked":"Body Slam","floor":6},{"not_picked":["Pummel","Clothesline","DDmod:PokeAttack"],"picked":"SKIP","floor":8},{"not_picked":["Hemogenesis","Sword Boomerang"],"picked":"Body Slam","floor":10},{"not_picked":["Cleave","Warcry","Metallicize"],"picked":"SKIP","floor":12}],"player_experience":2762271,"relics_obtained":[{"floor":6,"key":"Bag of Preparation"},{"floor":9,"key":"Replay:Bandana"}],"event_choices":[{"damage_healed":0,"gold_gain":0,"player_choice":"Bought 1 Potion","damage_taken":0,"max_hp_gain":0,"max_hp_loss":0,"event_name":"The Woman in Blue","floor":5,"gold_loss":0},{"cards_removed":["Strike_R"],"damage_healed":0,"gold_gain":0,"player_choice":"Forget","damage_taken":0,"max_hp_gain":0,"max_hp_loss":0,"event_name":"Living Wall","floor":11,"gold_loss":0},{"damage_healed":0,"gold_gain":0,"player_choice":"Leave","damage_taken":0,"max_hp_gain":0,"max_hp_loss":0,"event_name":"FaceTrader","floor":14,"gold_loss":0}],"is_beta":false,"boss_relics":[],"items_purged_floors":[],"is_endless":false,"potions_floor_spawned":[6,8,10],"killed_by":"Hexaghost","ascension_level":0}}