{"host":"0mywbdtsrkvoq3rn","time":1610794583,"event":{"mods":["BaseMod","Lobotomy","Minty Spire (QoL Compilation)","Relic Stats","Replay The Spire","Shop Mod","Spicy Shops","StSLib","¡¾ÒÅÎï¿¨ÅÆ¡¿REMEMod"],"gold_per_floor":[116,318,318,333,333,333,361,361,384,68,86,111,131,72,72,72,72],"floor_reached":16,"language":"ZHS","playtime":499,"items_purged":["Regret"],"score":113,"play_id":"95502f97-f82a-46b0-9e73-9e3bc86c7f22","local_time":"20210116185623","is_ascension_mode":true,"campfire_choices":[{"data":"ConjureBlade","floor":6,"key":"SMITH"},{"data":"Zap","floor":8,"key":"SMITH"},{"floor":15,"key":"REST"}],"circlet_count":0,"master_deck":["Strike_B","Strike_B","Strike_B","Strike_B","Defend_B","Defend_B","Defend_B","Defend_B","Zap+1","Dualcast","ConjureBlade+1","Turbo","REME_Whirling","Loop","Redo","Go for the Eyes","Self Repair","Injury","Scrape"],"relics":["REME_ComplimentaryCards","REME_ChargedStone","Snack Pack","Orichalcum","Akabeko","Replay:Accelerometer","Dream Catcher","TheAbacus"],"acts_visited":["Exordium"],"potions_floor_usage":[12,16],"damage_taken":[{"damage":3,"enemies":"Small Slimes","floor":1,"turns":3},{"damage":6,"enemies":"Jaw Worm","floor":4,"turns":3},{"damage":26,"enemies":"Lagavulin","floor":7,"turns":7},{"damage":0,"enemies":"2 Louse","floor":11,"turns":2},{"damage":22,"enemies":"Gremlin Nob","floor":12,"turns":5},{"damage":6,"enemies":"Large Slime","floor":13,"turns":4},{"damage":64,"enemies":"Fading Forest","floor":16,"turns":8}],"seed_played":"-4036754060981831080","potions_obtained":[{"floor":11,"key":"Regen Potion"},{"floor":12,"key":"ColorlessPotion"}],"is_trial":false,"path_per_floor":["M","?","T","M","?","R","E","R","T","$","M","E","M","$","R","B"],"character_chosen":"DEFECT","items_purchased":["Replay:Accelerometer","TheAbacus"],"campfire_rested":1,"item_purchase_floors":[10,14],"current_hp_per_floor":[72,72,72,66,66,66,40,40,40,40,40,32,28,28,50,0,0],"gold":72,"neow_bonus":"BOSS_RELIC","is_daily":false,"chose_seed":false,"campfire_upgraded":2,"win_rate":0.0,"timestamp":1610794583,"path_taken":["M","?","?","M","?","R","E","R","T","?","M","E","M","$","R","BOSS"],"items_purchased_type":["Relic","Relic"],"build_version":"2020-12-22","purchased_purges":1,"victory":false,"max_hp_per_floor":[75,75,75,75,75,75,75,75,75,75,75,75,75,75,75,75,75],"relic_stats":{"Dream Catcher":1,"TheAbacus":[12],"counters":[7,32],"Orichalcum":[72],"obtain_stats":[{"Replay:Accelerometer":10,"Dream Catcher":12,"TheAbacus":14,"REME_ChargedStone":0,"Snack Pack":3,"Orichalcum":5,"Cracked Core":0,"Akabeko":7,"REME_ComplimentaryCards":0},{"Replay:Accelerometer":3,"Dream Catcher":5,"TheAbacus":6,"REME_ChargedStone":0,"Snack Pack":1,"Orichalcum":2,"Cracked Core":0,"Akabeko":3,"REME_ComplimentaryCards":0},{"Replay:Accelerometer":13,"Dream Catcher":20,"TheAbacus":24,"REME_ChargedStone":0,"Snack Pack":3,"Orichalcum":6,"Cracked Core":0,"Akabeko":13,"REME_ComplimentaryCards":0}]},"card_choices":[{"not_picked":["Steam Power","Sweeping Beam"],"picked":"Turbo","floor":1},{"not_picked":["BootSequence","Darkness"],"picked":"REME_Whirling","floor":2},{"not_picked":["Coolheaded","Panic Button"],"picked":"Loop","floor":4},{"not_picked":["Panic Button","Compile Driver"],"picked":"Redo","floor":7},{"not_picked":["Stack","Barrage"],"picked":"Go for the Eyes","floor":11},{"not_picked":["Go for the Eyes","ReplayTheSpireMod:Omega Cannon","Hologram"],"picked":"SKIP","floor":12},{"not_picked":["Turbo","Coolheaded"],"picked":"Self Repair","floor":13},{"not_picked":["Blizzard","Reprogram"],"picked":"Scrape","floor":15}],"player_experience":132423,"relics_obtained":[{"floor":3,"key":"Snack Pack"},{"floor":7,"key":"Akabeko"},{"floor":12,"key":"Dream Catcher"}],"event_choices":[{"damage_healed":0,"gold_gain":0,"player_choice":"Box","damage_taken":0,"relics_obtained":["Orichalcum"],"max_hp_gain":0,"max_hp_loss":0,"event_name":"Big Fish","floor":5,"gold_loss":0,"cards_obtained":["Regret"]}],"is_beta":false,"boss_relics":[],"items_purged_floors":[10],"is_endless":false,"potions_floor_spawned":[11,12],"killed_by":"Fading Forest","ascension_level":1}}