{"host":"zbwhdymx9753n2kl","time":1610782273,"event":{"mods":["BaseMod","Minty Spire (QoL Compilation)"],"gold_per_floor":[116,136,136,147,147,147,173,173,173,243,262,262,296,42,42,166,166,186,210,233,96,96,96,131,131,177,23,61,74,74,90,90,214,214,229,244,244,257,72,72,405,436,436,436,450,462,482,537,537,537],"floor_reached":51,"language":"ENG","playtime":3211,"items_purged":["Defend_P"],"score":985,"play_id":"18266e30-ddba-4364-ba8b-33adbfd1bbc8","local_time":"20210116013113","is_ascension_mode":true,"campfire_choices":[{"data":"Eruption","floor":6,"key":"SMITH"},{"floor":8,"key":"REST"},{"floor":15,"key":"REST"},{"data":"Ragnarok","floor":23,"key":"SMITH"},{"floor":25,"key":"REST"},{"data":"Wallop","floor":32,"key":"SMITH"},{"floor":40,"key":"REST"},{"floor":44,"key":"REST"},{"floor":49,"key":"REST"}],"circlet_count":0,"master_deck":["Strike_P","Strike_P","Defend_P","Defend_P","Eruption+1","Vigilance","CutThroughFate","Wallop+1","Vengeance","SashWhip","WaveOfTheHand","CutThroughFate","Vault","EmptyBody+1","Ragnarok+1","Swivel","SpiritShield","EmptyMind","CutThroughFate","EmptyBody","SpiritShield"],"relics":["Sozu","Ice Cream","Singing Bowl","Mercury Hourglass","TungstenRod","TeardropLocket","Snecko Eye","Nilry\u0027s Codex","Orichalcum","Lantern","Membership Card","InkBottle","Empty Cage","Bronze Scales","Unceasing Top","Meat on the Bone","Dead Branch"],"acts_visited":["Exordium","TheCity","TheBeyond"],"potions_floor_usage":[],"damage_taken":[{"damage":4,"enemies":"Jaw Worm","floor":1,"turns":3},{"damage":0,"enemies":"Cultist","floor":2,"turns":3},{"damage":7,"enemies":"Small Slimes","floor":4,"turns":4},{"damage":24,"enemies":"Lagavulin","floor":7,"turns":4},{"damage":3,"enemies":"Exordium Wildlife","floor":11,"turns":2},{"damage":20,"enemies":"Gremlin Nob","floor":13,"turns":3},{"damage":17,"enemies":"Hexaghost","floor":16,"turns":8},{"damage":0,"enemies":"Spheric Guardian","floor":18,"turns":3},{"damage":0,"enemies":"2 Thieves","floor":19,"turns":4},{"damage":4,"enemies":"Shelled Parasite and Fungi","floor":20,"turns":5},{"damage":20,"enemies":"Slavers","floor":24,"turns":3},{"damage":0,"enemies":"Book of Stabbing","floor":28,"turns":3},{"damage":0,"enemies":"Cultist and Chosen","floor":29,"turns":2},{"damage":0,"enemies":"3 Cultists","floor":31,"turns":3},{"damage":17,"enemies":"Collector","floor":33,"turns":4},{"damage":0,"enemies":"Orb Walker","floor":35,"turns":1},{"damage":10,"enemies":"3 Shapes","floor":36,"turns":3},{"damage":16,"enemies":"Jaw Worm Horde","floor":38,"turns":3},{"damage":32,"enemies":"Nemesis","floor":42,"turns":6},{"damage":0,"enemies":"Spire Growth","floor":45,"turns":2},{"damage":0,"enemies":"Maw","floor":46,"turns":6},{"damage":0,"enemies":"Sphere and 2 Shapes","floor":47,"turns":2},{"damage":8,"enemies":"2 Orb Walkers","floor":48,"turns":4},{"damage":44,"enemies":"Time Eater","floor":50,"turns":10}],"seed_played":"6375974687364895633","potions_obtained":[],"is_trial":false,"path_per_floor":["M","M","?","M","?","R","E","R","T","T","M","?","E","$","R","B",null,"M","M","M","$","?","R","E","R","T","$","E","M","?","M","R","B",null,"M","M","?","M","$","R","?","E","T","R","M","M","M","?","R","B",null],"character_chosen":"WATCHER","items_purchased":["TeardropLocket","Ragnarok","Membership Card","EmptyMind","CutThroughFate","EmptyBody","Bronze Scales"],"campfire_rested":6,"item_purchase_floors":[14,21,27,39,39,39,39],"current_hp_per_floor":[61,61,61,54,47,47,23,44,44,44,41,41,21,21,41,24,56,56,58,56,56,44,44,26,47,47,47,49,51,51,53,53,36,68,70,62,64,50,50,76,76,44,44,70,72,74,76,70,95,51],"gold":537,"neow_bonus":"BOSS_RELIC","is_daily":false,"chose_seed":false,"campfire_upgraded":3,"win_rate":0.0,"timestamp":1610782273,"path_taken":["M","M","?","?","?","R","E","R","T","?","?","?","E","$","R","BOSS","M","M","M","$","?","R","E","R","T","$","E","M","?","M","R","BOSS","M","M","?","M","$","R","?","E","T","R","M","M","M","?","R","BOSS"],"items_purchased_type":["Relic","Card","Relic","Card","Card","Card","Relic"],"build_version":"2020-12-22","purchased_purges":1,"victory":true,"max_hp_per_floor":[72,72,72,72,72,72,72,72,72,72,72,67,67,67,67,67,67,67,69,71,71,71,71,73,73,73,73,75,77,77,79,79,79,79,81,83,85,87,87,87,87,87,87,87,89,91,93,95,95,95],"card_choices":[{"not_picked":["Crescendo","ClearTheMind"],"picked":"CutThroughFate","floor":1},{"not_picked":["CrushJoints","FlurryOfBlows"],"picked":"Wallop","floor":2},{"not_picked":["SashWhip","ForeignInfluence"],"picked":"Vengeance","floor":4},{"not_picked":["Pray","WindmillStrike"],"picked":"SashWhip","floor":7},{"not_picked":["ClearTheMind","Crescendo"],"picked":"WaveOfTheHand","floor":11},{"not_picked":["ForeignInfluence","Consecrate"],"picked":"CutThroughFate","floor":13},{"not_picked":["MasterReality","Ragnarok"],"picked":"Vault","floor":16},{"not_picked":["Prostrate","SashWhip"],"picked":"EmptyBody+1","floor":18},{"not_picked":["ThirdEye","DeceiveReality","EmptyBody+1"],"picked":"Singing Bowl","floor":19},{"not_picked":["Wireheading","EmptyBody","SashWhip+1"],"picked":"Singing Bowl","floor":20},{"not_picked":["FollowUp+1","MasterReality","Protect"],"picked":"Singing Bowl","floor":24},{"not_picked":["Sanctity","FlurryOfBlows","Brilliance"],"picked":"Singing Bowl","floor":28},{"not_picked":["EmptyBody","ClearTheMind","Crescendo"],"picked":"Singing Bowl","floor":29},{"not_picked":["JustLucky","Halt","InnerPeace"],"picked":"Singing Bowl","floor":31},{"not_picked":["Scrawl","DeusExMachina"],"picked":"SpiritShield","floor":33},{"not_picked":["Vengeance","CutThroughFate+1","FlyingSleeves"],"picked":"Singing Bowl","floor":35},{"not_picked":["ClearTheMind+1","SashWhip","CutThroughFate+1"],"picked":"Singing Bowl","floor":36},{"not_picked":["Dark Shackles","Panache","The Bomb"],"picked":"Singing Bowl","floor":37},{"not_picked":["CrushJoints+1","ClearTheMind","EmptyFist"],"picked":"Singing Bowl","floor":38},{"not_picked":["ClearTheMind+1","Prostrate"],"picked":"SpiritShield","floor":42},{"not_picked":["ClearTheMind","ThirdEye+1","FlurryOfBlows"],"picked":"Singing Bowl","floor":45},{"not_picked":["Halt","EmptyBody+1","BowlingBash"],"picked":"Singing Bowl","floor":46},{"not_picked":["FlyingSleeves+1","Vengeance","Perseverance+1"],"picked":"Singing Bowl","floor":47},{"not_picked":["PathToVictory","ThirdEye","EmptyBody"],"picked":"Singing Bowl","floor":48}],"player_experience":146853,"relics_obtained":[{"floor":7,"key":"Ice Cream"},{"floor":9,"key":"Singing Bowl"},{"floor":10,"key":"Mercury Hourglass"},{"floor":13,"key":"TungstenRod"},{"floor":22,"key":"Nilry\u0027s Codex"},{"floor":24,"key":"Orichalcum"},{"floor":26,"key":"Lantern"},{"floor":28,"key":"InkBottle"},{"floor":42,"key":"Unceasing Top"},{"floor":43,"key":"Meat on the Bone"},{"floor":48,"key":"Dead Branch"}],"event_choices":[{"damage_healed":0,"gold_gain":0,"player_choice":"Got Potions","damage_taken":0,"max_hp_gain":0,"max_hp_loss":0,"event_name":"Lab","floor":3,"gold_loss":0},{"cards_removed":["Strike_P"],"damage_healed":0,"gold_gain":0,"player_choice":"Card Removal","damage_taken":7,"max_hp_gain":0,"max_hp_loss":0,"event_name":"Golden Wing","floor":5,"gold_loss":0},{"damage_healed":0,"gold_gain":0,"player_choice":"Lose Max HP","damage_taken":0,"relics_obtained":["Golden Idol"],"max_hp_gain":0,"max_hp_loss":5,"event_name":"Golden Idol","floor":12,"gold_loss":0},{"damage_healed":0,"gold_gain":0,"player_choice":"Obtained Book","damage_taken":16,"max_hp_gain":0,"max_hp_loss":0,"event_name":"Cursed Tome","floor":22,"gold_loss":0},{"damage_healed":0,"gold_gain":0,"player_choice":"1 cards matched","damage_taken":0,"max_hp_gain":0,"max_hp_loss":0,"event_name":"Match and Keep!","floor":30,"gold_loss":0,"cards_obtained":["Swivel"]},{"damage_healed":0,"gold_gain":0,"player_choice":"Memory 1","damage_taken":0,"max_hp_gain":0,"max_hp_loss":0,"event_name":"SensoryStone","floor":37,"gold_loss":0},{"damage_healed":0,"gold_gain":333,"player_choice":"Gave Idol","damage_taken":0,"max_hp_gain":0,"max_hp_loss":0,"event_name":"The Moai Head","floor":41,"relics_lost":["Golden Idol"],"gold_loss":0},{"damage_healed":0,"gold_gain":0,"player_choice":"Fight","damage_taken":0,"max_hp_gain":0,"max_hp_loss":0,"event_name":"Mysterious Sphere","floor":48,"gold_loss":0}],"is_beta":false,"boss_relics":[{"not_picked":["Cursed Key","Busted Crown"],"picked":"Snecko Eye"},{"not_picked":["Runic Pyramid","VioletLotus"],"picked":"Empty Cage"}],"items_purged_floors":[39],"is_endless":false,"potions_floor_spawned":[11,13,16,24,28,31,36,38,47,48],"ascension_level":6}}