{"host":"whyfdmrq1ty0e9zp","time":1610776470,"event":{"mods":["Act Like it!","BaseMod","Colored Map","Colored Powertips","Conspire","Gensokyo","LagranYue(拉格朗・月)","Marisa（F雨　魔理沙）","Minty Spire (QoL Compilation)","MostiFishMod","Prisma Mod","Quick Restart","Relic Stats","Remilia（蕾米莉亚）","Replay The Spire","StSLib","TestMod","The Servant 0.9.4","Youmu（魂魄妖梦）","vexMod","【遗物卡牌】REMEMod"],"gold_per_floor":[116,116,45,61,75,100,100,125,125,140,172,15,42,42,42,138,138,154,167,67,84,100,100,128,128,128,3,35,35,63,63,63,167,167,181,248,248,98,98,125,125,138,164,164,174,18,52,63,63,63],"floor_reached":51,"language":"ZHS","playtime":1936,"items_purged":["Strike_P","Strike_P","Strike_P+1","Replay:AllIn+1"],"score":2006,"play_id":"7a7106f4-1b12-449a-814d-0e6a62b8267e","local_time":"20210116135430","is_ascension_mode":true,"campfire_choices":[{"data":"Tantrum","floor":15,"key":"SMITH"},{"data":"MostiFishMod:FlowState","floor":23,"key":"SMITH"},{"data":"WheelKick","floor":25,"key":"SMITH"},{"data":"DeusExMachina","floor":32,"key":"SMITH"},{"data":"SpiritShield","floor":41,"key":"SMITH"},{"floor":44,"key":"RECALL"},{"data":"Flash of Steel","floor":49,"key":"SMITH"}],"circlet_count":0,"master_deck":["Defend_P","Defend_P","Defend_P","Defend_P+4","Eruption+1","Vigilance+1","Backstab+1","BowlingBash+1","CutThroughFate+1","JustLucky+1","Tantrum+1","WheelKick+1","Vengeance+1","Halt+1","FlurryOfBlows+1","MostiFishMod:FlowState+1","InnerPeace+1","Scrawl+1","MostiFishMod:Speedup+1","SpiritShield+1","DeusExMachina+1","CurseOfTheBell","DevaForm+1","Flash of Steel+1","TalkToTheHand+1"],"relics":["PureWater","testmod-TestBox","DaveBox","REME_ComplimentaryCards","DSteel32","testmod-Alchemist","LagranYue:RandomDrawCardRelic","SynthV:TestCard","ReplayFunnel","testmod-BalancedPeriapt","Onion Ring","ReplayTheSpireMod:Ninjato","Replay:Rubber Ducky","Ring of Fury","LagranYue:SoulBurningRelic","testmod-AssaultLearning","InkBottle","Quantum Egg","Simple Rune","Dream Catcher","vexMod:InvisibilityCloak","StoneCalendar","Runic Pyramid","StrikeDummy","vexMod:Dragonfruit","MealTicket","Ying"],"acts_visited":["Exordium","TheCity","TheBeyond"],"potions_floor_usage":[33,45],"damage_taken":[{"damage":7.0,"enemies":"Jaw Worm","floor":1.0,"turns":3.0},{"damage":0.0,"enemies":"Cultist","floor":4.0,"turns":1.0},{"damage":0.0,"enemies":"conspire:RoseBush","floor":5.0,"turns":3.0},{"damage":0.0,"enemies":"Lagavulin","floor":6.0,"turns":3.0},{"damage":0.0,"enemies":"Replay:BlueRogue","floor":8.0,"turns":1.0},{"damage":4.0,"enemies":"Blue Slaver","floor":10.0,"turns":2.0},{"damage":0.0,"enemies":"Lagavulin","floor":11.0,"turns":2.0},{"damage":0.0,"enemies":"Gremlin Nob","floor":13.0,"turns":1.0},{"damage":0,"enemies":"Hexaghost","floor":16,"turns":2},{"damage":0,"enemies":"Spheric Guardian","floor":18,"turns":1},{"damage":0,"enemies":"2 Thieves","floor":19,"turns":2},{"damage":15,"enemies":"Centurion and Healer","floor":21,"turns":2},{"damage":0,"enemies":"Cultist and Chosen","floor":22,"turns":3},{"damage":0,"enemies":"REME_1_Revenger","floor":24,"turns":2},{"damage":0,"enemies":"Replay:Snechameleon","floor":28,"turns":1},{"damage":0,"enemies":"Gremlin Leader","floor":30,"turns":2},{"damage":0,"enemies":"Champ","floor":33,"turns":3},{"damage":0,"enemies":"3 Darklings","floor":35,"turns":1},{"damage":0,"enemies":"Reptomancer","floor":40,"turns":2},{"damage":0,"enemies":"Orb Walker","floor":42,"turns":2},{"damage":3,"enemies":"Sphere and 2 Shapes","floor":45,"turns":2},{"damage":0,"enemies":"Giant Head","floor":47,"turns":2},{"damage":0,"enemies":"Spire Growth","floor":48,"turns":2},{"damage":0,"enemies":"Donu and Deca","floor":50,"turns":3}],"seed_played":"2633488722254013865","potions_obtained":[{"floor":1.0,"key":"SteroidPotion"},{"floor":5.0,"key":"AttackPotion"},{"floor":6.0,"key":"Languid Potion"},{"floor":10.0,"key":"Venom Potion"},{"floor":16,"key":"Block Potion"},{"floor":21,"key":"Weak Potion"},{"floor":22,"key":"PowerPotion"},{"floor":36,"key":"FearPotion"},{"floor":42,"key":"REME_GoldPotion"},{"floor":45,"key":"Adrenaline Potion"}],"is_trial":false,"path_per_floor":["M","?","$","M","M","E","?","E","T","M","E","$","E","?","R","B",null,"M","M","$","M","M","R","E","R","T","$","E","?","E","?","R","B",null,"M","?","?","$","?","E","R","M","T","R","M","$","E","M","R","B",null],"character_chosen":"WATCHER","items_purchased":["Weave","Vengeance","Ying"],"campfire_rested":0,"item_purchase_floors":[3,12,46],"current_hp_per_floor":[58,58,58,58,58,58,58,58,58,54,54,54,54,54,54,54,67,67,67,67,52,52,52,52,52,52,52,52,52,52,52,52,52,66,66,48,48,48,48,62,62,62,62,62,59,72,72,72,72,72],"gold":63,"neow_bonus":"ONE_RANDOM_RARE_CARD","is_daily":false,"chose_seed":false,"campfire_upgraded":6,"win_rate":0.0,"timestamp":1610776470,"path_taken":["M","?","?","M","?","E","?","E","T","M","E","$","E","?","R","BOSS","M","M","$","M","M","R","E","R","T","$","E","?","E","?","R","BOSS","M","?","?","$","?","E","R","M","T","R","M","$","E","?","R","BOSS"],"items_purchased_type":["Card","Card","Relic"],"build_version":"2020-12-22","purchased_purges":4,"victory":true,"max_hp_per_floor":[72,72,72,72,72,72,72,72,72,72,72,72,72,72,72,72,72,72,72,72,72,72,72,72,72,72,72,72,72,72,72,72,72,72,72,72,72,72,72,72,72,72,72,72,72,72,72,72,72,72],"relic_stats":{"Dream Catcher":0,"counters":[24,48],"StoneCalendar":[0],"MealTicket":13,"obtain_stats":[{"ReplayFunnel":6,"Ying":46,"DaveBox":0,"LagranYue:RandomDrawCardRelic":0,"LagranYue:SoulBurningRelic":17,"StoneCalendar":31,"Replay:Rubber Ducky":13,"vexMod:InvisibilityCloak":31,"Dream Catcher":31,"testmod-Alchemist":0,"MealTicket":43,"InkBottle":26,"Runic Pyramid":34,"DSteel32":0,"testmod-TestBox":0,"ReplayTheSpireMod:Ninjato":11,"Quantum Egg":28,"Calling Bell":31,"vexMod:Dragonfruit":40,"SynthV:TestCard":1,"testmod-AssaultLearning":24,"Onion Ring":9,"Ring of Fury":14,"Simple Rune":30,"PureWater":0,"testmod-BalancedPeriapt":8,"StrikeDummy":36,"REME_ComplimentaryCards":0},{"ReplayFunnel":4,"Ying":21,"DaveBox":0,"LagranYue:RandomDrawCardRelic":0,"LagranYue:SoulBurningRelic":9,"StoneCalendar":16,"Replay:Rubber Ducky":8,"vexMod:InvisibilityCloak":16,"Dream Catcher":16,"testmod-Alchemist":0,"MealTicket":20,"InkBottle":14,"Runic Pyramid":17,"DSteel32":0,"testmod-TestBox":0,"ReplayTheSpireMod:Ninjato":7,"Quantum Egg":15,"Calling Bell":16,"vexMod:Dragonfruit":19,"SynthV:TestCard":1,"testmod-AssaultLearning":14,"Onion Ring":5,"Ring of Fury":8,"Simple Rune":16,"PureWater":0,"testmod-BalancedPeriapt":5,"StrikeDummy":18,"REME_ComplimentaryCards":0},{"ReplayFunnel":10,"Ying":41,"DaveBox":0,"LagranYue:RandomDrawCardRelic":0,"LagranYue:SoulBurningRelic":18,"StoneCalendar":31,"Replay:Rubber Ducky":16,"vexMod:InvisibilityCloak":31,"Dream Catcher":31,"testmod-Alchemist":0,"MealTicket":39,"InkBottle":28,"Runic Pyramid":34,"DSteel32":0,"testmod-TestBox":0,"ReplayTheSpireMod:Ninjato":15,"Quantum Egg":29,"Calling Bell":31,"vexMod:Dragonfruit":37,"SynthV:TestCard":3,"testmod-AssaultLearning":28,"Onion Ring":11,"Ring of Fury":16,"Simple Rune":31,"PureWater":0,"testmod-BalancedPeriapt":11,"StrikeDummy":35,"REME_ComplimentaryCards":0}],"InkBottle":[21]},"card_choices":[{"not_picked":["Evaluate","FlyingSleeves","Prostrate"],"picked":"SKIP","floor":1.0},{"not_picked":["MostiFishMod:Clarity","ReachHeaven","FearNoEvil","EmptyBody"],"picked":"BowlingBash","floor":4.0},{"not_picked":["Replay:AtTheReady","REME_Repentance","Evaluate","Replay:LoomingThreat"],"picked":"CutThroughFate","floor":5.0},{"not_picked":["Consecrate","Protect","Replay:ManipulateFuture","BattleHymn"],"picked":"JustLucky","floor":6.0},{"not_picked":["Swivel","Sanctity","EmptyFist","Replay:Vibes"],"picked":"Tantrum","floor":8.0},{"not_picked":["Consecrate","Crescendo","Protect","MostiFishMod:FlowState"],"picked":"WheelKick","floor":10.0},{"not_picked":["REME_Repentance","CrushJoints","FollowUp","FlyingSleeves","LikeWater"],"picked":"SKIP","floor":11.0},{"not_picked":["MostiFishMod:LegendTransform","EmptyBody","DevaForm","EmptyFist"],"picked":"Halt","floor":13.0},{"not_picked":["REME_CRH","MostiFishMod:DustFall","Alpha","Judgement"],"picked":"MostiFishMod:OutWit","floor":16},{"not_picked":["Pray","PathToVictory","ForeignInfluence","Consecrate","Replay:ManipulateFuture+1"],"picked":"SKIP","floor":18},{"not_picked":["CarveReality","SashWhip","Consecrate","FearNoEvil"],"picked":"FlurryOfBlows","floor":19},{"not_picked":["Protect+1","ThirdEye","JustLucky","Swivel"],"picked":"MostiFishMod:FlowState","floor":21},{"not_picked":["MostiFishMod:FlowState","MostiFishMod:PathToVictory","REME_Repentance","Replay:ManipulateFuture"],"picked":"InnerPeace+1","floor":22},{"not_picked":["BowlingBash","Brilliance","Consecrate","REME_Repentance"],"picked":"Scrawl","floor":24},{"not_picked":["Replay:ManipulateFuture+1","Replay:BluntJabs","MostiFishMod:KamiSmash","SashWhip","PathToVictory"],"picked":"SKIP","floor":28},{"not_picked":["EmptyBody","SashWhip","Prostrate","FlyingSleeves"],"picked":"DeusExMachina","floor":30},{"not_picked":["MostiFishMod:StarOceanP","MostiFishMod:Moonprays","MostiFishMod:KamiSmash","Devotion"],"picked":"DevaForm","floor":33},{"not_picked":["REME_Repentance+1","BowlingBash","JustLucky","ClearTheMind","ThirdEye"],"picked":"SKIP","floor":35},{"not_picked":["Jack Of All Trades","REME_MagicPocketWatch","Specialist","Chrysalis"],"picked":"Flash of Steel","floor":37},{"not_picked":["REME_Repentance","EmptyBody","MostiFishMod:FlowState","Replay:AtTheReady"],"picked":"TalkToTheHand+1","floor":40},{"not_picked":["Crescendo+1","MostiFishMod:PathToVictory","REME_Repentance+1","Replay:BluntJabs+1","MentalFortress+1"],"picked":"SKIP","floor":42},{"not_picked":["DeceiveReality","Conclude+1","Replay:Anticipation+1","FlyingSleeves+1","Replay:Cycle"],"picked":"SKIP","floor":45},{"not_picked":["CrushJoints","FlyingSleeves+1","BowlingBash+1","Tantrum","Replay:BluntJabs"],"picked":"SKIP","floor":47},{"not_picked":["REME_Repentance+1","SignatureMove","ReachHeaven+1","EmptyFist","SashWhip"],"picked":"SKIP","floor":48}],"player_experience":530034,"relics_obtained":[{"floor":1.0,"key":"SynthV:TestCard"},{"floor":6.0,"key":"ReplayFunnel"},{"floor":8.0,"key":"testmod-BalancedPeriapt"},{"floor":9.0,"key":"Onion Ring"},{"floor":11.0,"key":"ReplayTheSpireMod:Ninjato"},{"floor":13.0,"key":"Replay:Rubber Ducky"},{"floor":14,"key":"Ring of Fury"},{"floor":24,"key":"testmod-AssaultLearning"},{"floor":26,"key":"InkBottle"},{"floor":28,"key":"Quantum Egg"},{"floor":30,"key":"Simple Rune"},{"floor":31,"key":"Dream Catcher"},{"floor":31,"key":"vexMod:InvisibilityCloak"},{"floor":31,"key":"StoneCalendar"},{"floor":36,"key":"StrikeDummy"},{"floor":40,"key":"vexMod:Dragonfruit"},{"floor":43,"key":"MealTicket"}],"event_choices":[{"damage_healed":0.0,"max_hp_gain":0.0,"max_hp_loss":0.0,"gold_gain":0.0,"event_name":"Accursed Blacksmith","player_choice":"Forge","floor":2.0,"gold_loss":0.0,"damage_taken":0.0,"cards_upgraded":["Eruption"]},{"damage_healed":0.0,"max_hp_gain":0.0,"max_hp_loss":0.0,"gold_gain":0.0,"cards_transformed":["Strike_P"],"event_name":"Living Wall","player_choice":"Change","floor":7.0,"gold_loss":0.0,"damage_taken":0.0,"cards_obtained":["MostiFishMod:Clarity"]},{"damage_healed":0,"gold_gain":0,"cards_transformed":["Weave","MostiFishMod:Clarity"],"player_choice":"Became Test Subject","damage_taken":0,"max_hp_gain":0,"max_hp_loss":0,"event_name":"Drug Dealer","floor":29,"gold_loss":0,"cards_obtained":["MostiFishMod:Speedup","SpiritShield"]},{"damage_healed":0,"gold_gain":0,"player_choice":"Swap Relic","damage_taken":0,"relics_obtained":["Calling Bell"],"max_hp_gain":0,"max_hp_loss":0,"event_name":"给自己的盒子","floor":31,"relics_lost":["Calling Bell"],"gold_loss":0},{"damage_healed":0,"gold_gain":0,"player_choice":"Memory 1","damage_taken":0,"max_hp_gain":0,"max_hp_loss":0,"event_name":"SensoryStone","floor":37,"gold_loss":0},{"cards_removed":["MostiFishMod:OutWit"],"damage_healed":0,"gold_gain":0,"player_choice":"Purged","damage_taken":0,"max_hp_gain":0,"max_hp_loss":0,"event_name":"Purifier","floor":39,"gold_loss":0}],"is_beta":false,"boss_relics":[{"not_picked":["vexMod:DeviousBotling","REME_ChargedStone"],"picked":"LagranYue:SoulBurningRelic"},{"not_picked":["conspire:SpecialSausage","Replay:Bronze Core"],"picked":"Runic Pyramid"}],"items_purged_floors":[12,20,27,38],"is_endless":false,"potions_floor_spawned":[1,5,6,10,16,21,22,24,42,45,47,48],"ascension_level":6}}