{"host":"sav7uxregyirlf69","time":1610805732,"event":{"mods":["AchievementEnabler","BaseMod","Colored Map","DeckTracker","Keyboard Shortcuts","Minty Spire (QoL Compilation)","READ ME - Guardian Mod","StSLib","SuperFastMode"],"gold_per_floor":[114,127,140,140,150,150,150,170,170,187,127,127,144,144,144,217,267,279,279,292,292,84,84,111,111,111],"floor_reached":25,"language":"KOR","playtime":400,"items_purged":["Defend_G","Strike_G"],"score":426,"play_id":"417950d0-3219-4bd9-8b73-3351f07e4db7","local_time":"20210116230212","is_ascension_mode":true,"campfire_choices":[{"data":"Terror","floor":6,"key":"SMITH"},{"floor":12,"key":"REST"},{"data":"Phantasmal Killer","floor":15,"key":"SMITH"},{"data":"Phantasmal Killer","floor":23,"key":"SMITH"}],"circlet_count":0,"master_deck":["AscendersBane","Strike_G+1","Defend_G","Defend_G","Defend_G+1","Survivor","Neutralize","Phantasmal Killer+1","Phantasmal Killer+1","All Out Attack","Terror+1","Blade Dance","Reflex","Backflip","Escape Plan","Adrenaline+1","Dagger Throw+1","Escape Plan","Footwork","Quick Slash+1","Adrenaline+1","Adrenaline+1","Leg Sweep"],"relics":["Ring of the Snake","The Courier","Molten Egg 2","Tiny House","DollysMirror","Darkstone Periapt"],"acts_visited":["Exordium","TheCity"],"potions_floor_usage":[8,16,16],"damage_taken":[{"damage":2,"enemies":"Small Slimes","floor":1,"turns":6},{"damage":7,"enemies":"Jaw Worm","floor":2,"turns":4},{"damage":1,"enemies":"2 Louse","floor":3,"turns":2},{"damage":6,"enemies":"Looter","floor":5,"turns":3},{"damage":14,"enemies":"Gremlin Gang","floor":8,"turns":4},{"damage":0,"enemies":"Blue Slaver","floor":10,"turns":2},{"damage":1,"enemies":"Exordium Wildlife","floor":13,"turns":2},{"damage":15,"enemies":"Hexaghost","floor":16,"turns":8},{"damage":13,"enemies":"3 Byrds","floor":18,"turns":4},{"damage":0,"enemies":"Spheric Guardian","floor":20,"turns":3},{"damage":9,"enemies":"Slavers","floor":24,"turns":4},{"damage":32,"enemies":"Chosen and Byrds","floor":25,"turns":3}],"seed_played":"-6763716014953299957","potions_obtained":[{"floor":1,"key":"PowerPotion"},{"floor":2,"key":"SkillPotion"},{"floor":8,"key":"Weak Potion"},{"floor":16,"key":"Poison Potion"},{"floor":17,"key":"SneckoOil"}],"is_trial":false,"path_per_floor":["M","M","M","?","M","R","?","M","T","M","$","R","M","T","R","B",null,"M","?","M","?","$","R","E","M"],"character_chosen":"THE_SILENT","items_purchased":["DollysMirror"],"campfire_rested":1,"item_purchase_floors":[22],"current_hp_per_floor":[57,50,49,49,43,43,25,11,11,11,11,29,28,28,28,13,53,40,40,40,40,40,40,31,0,0],"gold":111,"neow_bonus":"TRANSFORM_TWO_CARDS","is_daily":false,"chose_seed":false,"campfire_upgraded":3,"win_rate":0.0,"timestamp":1610805732,"path_taken":["M","M","M","?","M","R","?","M","T","M","$","R","M","?","R","BOSS","M","?","M","?","$","R","E","M"],"items_purchased_type":["Relic"],"build_version":"2020-12-22","purchased_purges":2,"victory":false,"max_hp_per_floor":[60,60,60,60,60,60,60,60,60,60,60,60,60,60,60,60,65,65,65,65,65,65,65,65,65,65],"card_choices":[{"not_picked":["Concentrate","Acrobatics"],"picked":"All Out Attack","floor":1},{"not_picked":["Sucker Punch","Backflip"],"picked":"Terror","floor":2},{"not_picked":["Dagger Spray","Deflect"],"picked":"Blade Dance","floor":3},{"not_picked":["PiercingWail","Deflect"],"picked":"Reflex","floor":5},{"not_picked":["Leg Sweep","Outmaneuver"],"picked":"Backflip","floor":8},{"not_picked":["Backflip","Underhanded Strike","Bane"],"picked":"SKIP","floor":10},{"not_picked":["Backflip","Dodge and Roll"],"picked":"Escape Plan","floor":13},{"not_picked":["Storm of Steel","Tools of the Trade"],"picked":"Adrenaline","floor":16},{"not_picked":["Cloak And Dagger","Deflect"],"picked":"Dagger Throw+1","floor":17},{"not_picked":["Distraction","Flying Knee+1","Setup"],"picked":"SKIP","floor":18},{"not_picked":["Dodge and Roll","Flying Knee+1"],"picked":"Quick Slash+1","floor":20},{"not_picked":["Deflect+1","Noxious Fumes"],"picked":"Leg Sweep","floor":24}],"player_experience":1292663,"relics_obtained":[{"floor":9,"key":"The Courier"},{"floor":14,"key":"Molten Egg 2"},{"floor":24,"key":"Darkstone Periapt"}],"event_choices":[{"damage_healed":0,"gold_gain":0,"player_choice":"Ignored","damage_taken":0,"max_hp_gain":0,"max_hp_loss":0,"event_name":"Liars Game","floor":4,"gold_loss":0},{"damage_healed":0,"gold_gain":0,"player_choice":"Entered Light","damage_taken":18,"max_hp_gain":0,"max_hp_loss":0,"event_name":"Shining Light","floor":7,"gold_loss":0,"cards_upgraded":["Defend_G","Strike_G"]},{"damage_healed":0,"gold_gain":0,"cards_transformed":["Strike_G","Defend_G"],"player_choice":"Became Test Subject","damage_taken":0,"max_hp_gain":0,"max_hp_loss":0,"event_name":"Drug Dealer","floor":19,"gold_loss":0,"cards_obtained":["Escape Plan","Footwork"]},{"damage_healed":0,"gold_gain":0,"player_choice":"Copied","damage_taken":0,"max_hp_gain":0,"max_hp_loss":0,"event_name":"Duplicator","floor":21,"gold_loss":0,"cards_obtained":["Adrenaline"]}],"is_beta":false,"boss_relics":[{"not_picked":["Calling Bell","SacredBark"],"picked":"Tiny House"}],"items_purged_floors":[11,22],"is_endless":false,"potions_floor_spawned":[1,2,8,16],"killed_by":"Chosen and Byrds","ascension_level":20}}