{"host":"kda2p2afd6bvz6qo","time":1610759750,"event":{"mods":["BaseMod","Colored Map","Minty Spire (QoL Compilation)","Relic Stats"],"gold_per_floor":[119,269,280,297,317,317,344,344,371,397,397,411,15,35,35,112,112,127,140,169,169,189,189,221,233,233,233,253,268,268,285,285,359,359,379,379,379,379],"floor_reached":37,"language":"ENG","playtime":2035,"items_purged":["Doubt"],"score":806,"play_id":"ca23e504-f899-4983-ae66-46429782bf80","local_time":"20210116011550","is_ascension_mode":true,"campfire_choices":[{"data":"Predator","floor":6.0,"key":"SMITH"},{"data":"Footwork","floor":8.0,"key":"SMITH"},{"data":"Noxious Fumes","floor":15.0,"key":"SMITH"},{"floor":23,"key":"REST"},{"floor":30,"key":"REST"},{"floor":32,"key":"REST"}],"circlet_count":0,"master_deck":["AscendersBane","Strike_G","Defend_G","Defend_G","Defend_G","Defend_G","Defend_G","Survivor","Neutralize","Dash","Poisoned Stab","Predator+1","Footwork+1","Blur","Dagger Spray","Bouncing Flask","Footwork","Noxious Fumes+1","Burst","Terror","Leg Sweep","Skewer","Dodge and Roll+1","Well Laid Plans","Pain","Wraith Form v2","Burst+1","Outmaneuver+1","Caltrops+1","The Bomb"],"relics":["Velvet Choker","Strawberry","Blood Vial","Lantern","Bronze Scales","Cursed Key","Red Mask","Oddly Smooth Stone","Pantograph","Astrolabe"],"acts_visited":["Exordium","TheCity","TheBeyond"],"potions_floor_usage":[20,24,24,33,33],"damage_taken":[{"damage":4.0,"enemies":"Jaw Worm","floor":1.0,"turns":4.0},{"damage":1.0,"enemies":"Cultist","floor":3.0,"turns":4.0},{"damage":0.0,"enemies":"2 Louse","floor":4.0,"turns":2.0},{"damage":10.0,"enemies":"Exordium Thugs","floor":5.0,"turns":5.0},{"damage":15.0,"enemies":"3 Sentries","floor":7.0,"turns":7.0},{"damage":8.0,"enemies":"Lagavulin","floor":10.0,"turns":9.0},{"damage":0.0,"enemies":"Large Slime","floor":12.0,"turns":7.0},{"damage":7.0,"enemies":"3 Louse","floor":14.0,"turns":2.0},{"damage":5.0,"enemies":"The Guardian","floor":16.0,"turns":9.0},{"damage":15.0,"enemies":"Chosen","floor":18.0,"turns":5.0},{"damage":0.0,"enemies":"3 Byrds","floor":19.0,"turns":3.0},{"damage":31,"enemies":"Masked Bandits","floor":20,"turns":5},{"damage":18,"enemies":"Cultist and Chosen","floor":22,"turns":7},{"damage":23,"enemies":"Book of Stabbing","floor":24,"turns":5},{"damage":9,"enemies":"Centurion and Healer","floor":25,"turns":7},{"damage":0,"enemies":"Snake Plant","floor":28,"turns":3},{"damage":18,"enemies":"Snecko","floor":29,"turns":8},{"damage":26,"enemies":"Chosen and Byrds","floor":31,"turns":7},{"damage":28,"enemies":"Champ","floor":33,"turns":17},{"damage":57,"enemies":"3 Darklings","floor":35,"turns":5},{"damage":13,"enemies":"Orb Walker","floor":37,"turns":2}],"seed_played":"-6023210074481833038","potions_obtained":[{"floor":3.0,"key":"AttackPotion"},{"floor":5.0,"key":"Fire Potion"},{"floor":14.0,"key":"SpeedPotion"},{"floor":18.0,"key":"SneckoOil"},{"floor":22,"key":"AttackPotion"},{"floor":24,"key":"Dexterity Potion"},{"floor":31,"key":"Ancient Potion"},{"floor":33,"key":"Energy Potion"}],"is_trial":false,"path_per_floor":["M","?","M","M","M","R","E","R","T","E","?","M","$","M","R","B",null,"M","M","?","?","M","R","E","M","T","?","M","M","R","M","R","B",null,"M","?","M"],"character_chosen":"THE_SILENT","items_purchased":["Bronze Scales","Bouncing Flask","Footwork"],"campfire_rested":3,"item_purchase_floors":[13,13,13],"current_hp_per_floor":[55,55,54,54,44,44,36,36,36,30,73,73,73,66,66,63,71,58,60,31,31,15,36,15,8,8,23,25,9,30,6,27,26,61,6,6,0,0],"gold":379,"neow_bonus":"BOSS_RELIC","is_daily":false,"chose_seed":false,"campfire_upgraded":3,"win_rate":0.0,"timestamp":1610759750,"path_taken":["M","?","M","M","M","R","E","R","T","E","?","M","$","M","R","BOSS","M","?","?","?","M","R","E","?","T","?","M","M","R","M","R","BOSS","M","?","M"],"items_purchased_type":["Relic","Card","Card"],"build_version":"2020-12-22","purchased_purges":1,"victory":false,"max_hp_per_floor":[66,66,66,66,66,66,73,73,73,73,73,73,73,73,73,73,73,73,73,73,73,73,73,73,73,73,73,73,73,73,73,73,73,73,73,73,73,73],"relic_stats":{"Blood Vial":28,"counters":[21,123],"Bronze Scales":[280],"Pantograph":25,"Astrolabe":["Burst","Outmaneuver","Caltrops"],"Cursed Key":1,"obtain_stats":[{"Blood Vial":9,"Lantern":10,"Strawberry":7,"Bronze Scales":13,"Pantograph":26,"Astrolabe":34,"Velvet Choker":0,"Oddly Smooth Stone":24,"Red Mask":20,"Cursed Key":17,"Ring of the Snake":0},{"Blood Vial":5,"Lantern":6,"Strawberry":5,"Bronze Scales":7,"Pantograph":15,"Astrolabe":19,"Velvet Choker":0,"Oddly Smooth Stone":14,"Red Mask":12,"Cursed Key":9,"Ring of the Snake":0},{"Blood Vial":22,"Lantern":31,"Strawberry":22,"Bronze Scales":38,"Pantograph":81,"Astrolabe":116,"Velvet Choker":0,"Oddly Smooth Stone":74,"Red Mask":62,"Cursed Key":49,"Ring of the Snake":0}]},"card_choices":[{"not_picked":["Dodge and Roll","Eviscerate"],"picked":"Dash","floor":1.0},{"not_picked":["Concentrate","Blur"],"picked":"Poisoned Stab","floor":3.0},{"not_picked":["Acrobatics","Cloak And Dagger"],"picked":"Predator","floor":4.0},{"not_picked":["Poisoned Stab","Acrobatics","Underhanded Strike"],"picked":"SKIP","floor":5.0},{"not_picked":["Calculated Gamble","Acrobatics"],"picked":"Footwork","floor":7.0},{"not_picked":["Infinite Blades","PiercingWail"],"picked":"Blur","floor":10.0},{"not_picked":["Cloak And Dagger","Acrobatics"],"picked":"Dagger Spray","floor":12.0},{"not_picked":["Slice","Dodge and Roll"],"picked":"Noxious Fumes","floor":14.0},{"not_picked":["Tools of the Trade","Adrenaline"],"picked":"Burst","floor":16.0},{"not_picked":["Dagger Spray","Blade Dance"],"picked":"Terror","floor":18.0},{"not_picked":["Expertise","PiercingWail"],"picked":"Leg Sweep","floor":19.0},{"not_picked":["Backstab","Cloak And Dagger"],"picked":"Skewer","floor":20},{"not_picked":["Predator","Terror"],"picked":"Dodge and Roll+1","floor":22},{"not_picked":["Terror","Burst"],"picked":"Well Laid Plans","floor":24},{"not_picked":["Dodge and Roll","Poisoned Stab","Terror"],"picked":"SKIP","floor":25},{"not_picked":["Outmaneuver","Dagger Throw","Blade Dance+1"],"picked":"SKIP","floor":28},{"not_picked":["Quick Slash","Endless Agony","Infinite Blades"],"picked":"SKIP","floor":29},{"not_picked":["Backstab","Distraction","Bane"],"picked":"SKIP","floor":31},{"not_picked":["Adrenaline","A Thousand Cuts"],"picked":"Wraith Form v2","floor":33},{"not_picked":["Quick Slash","Poisoned Stab","Underhanded Strike"],"picked":"SKIP","floor":35},{"not_picked":["Purity","Blind"],"picked":"The Bomb","floor":36}],"player_experience":132279,"relics_obtained":[{"floor":7.0,"key":"Strawberry"},{"floor":9.0,"key":"Blood Vial"},{"floor":10.0,"key":"Lantern"},{"floor":20,"key":"Red Mask"},{"floor":24,"key":"Oddly Smooth Stone"},{"floor":26,"key":"Pantograph"}],"event_choices":[{"damage_healed":0.0,"max_hp_gain":0.0,"max_hp_loss":0.0,"gold_gain":150.0,"event_name":"Liars Game","player_choice":"AGREE","floor":2.0,"gold_loss":0.0,"damage_taken":0.0,"cards_obtained":["Doubt"]},{"damage_healed":43.0,"max_hp_gain":0.0,"max_hp_loss":0.0,"gold_gain":0.0,"event_name":"Wheel of Change","player_choice":"Full Heal","floor":11.0,"gold_loss":0.0,"damage_taken":0.0},{"damage_healed":0,"gold_gain":0,"player_choice":"Fought Bandits","damage_taken":0,"max_hp_gain":0,"max_hp_loss":0,"event_name":"Masked Bandits","floor":20,"gold_loss":0},{"cards_removed":["Strike_G"],"damage_healed":0,"gold_gain":0,"player_choice":"Offered Basic","damage_taken":0,"max_hp_gain":0,"max_hp_loss":0,"event_name":"Bonfire Elementals","floor":21,"gold_loss":0},{"damage_healed":15,"gold_gain":0,"player_choice":"Heal","damage_taken":0,"max_hp_gain":0,"max_hp_loss":0,"event_name":"The Library","floor":27,"gold_loss":0},{"damage_healed":0,"gold_gain":0,"player_choice":"Memory 1","damage_taken":0,"max_hp_gain":0,"max_hp_loss":0,"event_name":"SensoryStone","floor":36,"gold_loss":0}],"is_beta":false,"boss_relics":[{"not_picked":["Fusion Hammer","WristBlade"],"picked":"Cursed Key"},{"not_picked":["Empty Cage","Tiny House"],"picked":"Astrolabe"}],"items_purged_floors":[13],"is_endless":false,"potions_floor_spawned":[3,5,14,18,22,24,31,33],"killed_by":"Orb Walker","ascension_level":20}}