{"host":"6bsan6hkua32tfq7","time":1610831999,"event":{"mods":["BaseMod","Better Third Choice","Colored Map","Highlight Path","Minty Spire (QoL Compilation)","StSLib"],"gold_per_floor":[414,414,414,434,450,450,102,127,127,157,157,68,68,84,84,156,156,169,186,186,206,206],"floor_reached":21,"language":"ENG","playtime":1077,"items_purged":["Defend_G","Pain"],"score":374,"play_id":"de6ba3a4-5e13-4181-984f-063334447062","local_time":"20210116221959","is_ascension_mode":true,"campfire_choices":[{"data":"Neutralize","floor":6,"key":"SMITH"},{"data":"All Out Attack","floor":13,"key":"SMITH"},{"data":"Strike_G","floor":15,"key":"PURGE"}],"circlet_count":0,"master_deck":["AscendersBane","Strike_G+1","Defend_G+1","Defend_G","Defend_G","Defend_G","Survivor","Neutralize+1","CurseOfTheBell","Flying Knee","Flying Knee","Quick Slash","Skewer","Die Die Die","All Out Attack+1","Footwork","Dagger Spray","Venomology","Blur+1","Grand Finale+1","Infinite Blades+1"],"relics":["Calling Bell","Toy Ornithopter","Eternal Feather","Old Coin","Membership Card","MealTicket","TungstenRod","Peace Pipe","Meat on the Bone","WarpedTongs","Astrolabe"],"acts_visited":["Exordium","TheCity"],"potions_floor_usage":[8,8,16,18,19,21,21],"damage_taken":[{"damage":1,"enemies":"2 Louse","floor":1,"turns":4},{"damage":4,"enemies":"Jaw Worm","floor":4,"turns":6},{"damage":1,"enemies":"Cultist","floor":5,"turns":4},{"damage":6,"enemies":"Gremlin Nob","floor":8,"turns":3},{"damage":30,"enemies":"Lagavulin","floor":10,"turns":6},{"damage":10,"enemies":"2 Fungi Beasts","floor":14,"turns":3},{"damage":36,"enemies":"Slime Boss","floor":16,"turns":8},{"damage":10,"enemies":"Chosen","floor":18,"turns":5},{"damage":4,"enemies":"3 Byrds","floor":19,"turns":6},{"damage":50,"enemies":"Shelled Parasite and Fungi","floor":21,"turns":5}],"seed_played":"-1462088350125224887","potions_obtained":[{"floor":4,"key":"FearPotion"},{"floor":14,"key":"AttackPotion"},{"floor":16,"key":"Swift Potion"}],"is_trial":false,"path_per_floor":["M","?","?","M","M","R","$","E","T","E","?","$","R","M","R","B",null,"M","M","?","M"],"character_chosen":"THE_SILENT","items_purchased":["Membership Card","MealTicket","DistilledChaos","Skewer","Footwork"],"campfire_rested":0,"item_purchase_floors":[7,7,7,7,12],"current_hp_per_floor":[58,58,38,34,33,42,42,46,46,16,16,31,43,45,57,38,59,54,55,38,0,0],"gold":206,"neow_bonus":"BOSS_RELIC","is_daily":false,"chose_seed":false,"campfire_upgraded":2,"win_rate":0.0,"timestamp":1610831999,"path_taken":["M","?","?","M","M","R","$","E","T","E","?","$","R","M","R","BOSS","M","?","?","M"],"items_purchased_type":["Relic","Relic","Potion","Card","Card"],"build_version":"2020-12-22","purchased_purges":2,"victory":false,"max_hp_per_floor":[66,66,66,66,66,66,66,66,66,66,66,66,66,66,66,66,66,66,66,71,71,71],"card_choices":[{"not_picked":["Choke","Poisoned Stab"],"picked":"Flying Knee","floor":1},{"not_picked":["Cloak And Dagger","Reflex"],"picked":"Flying Knee","floor":4},{"not_picked":["Prepared","Dodge and Roll"],"picked":"Quick Slash","floor":5},{"not_picked":["Prepared","Blur"],"picked":"Die Die Die","floor":8},{"not_picked":["Quick Slash","Prepared"],"picked":"All Out Attack","floor":10},{"not_picked":["Cloak And Dagger","Setup"],"picked":"Dagger Spray","floor":14},{"not_picked":["Envenom","Die Die Die"],"picked":"Venomology","floor":16},{"not_picked":["Blade Dance","Sucker Punch","Cloak And Dagger"],"picked":"SKIP","floor":18},{"not_picked":["A Thousand Cuts","Dagger Throw","Outmaneuver"],"picked":"SKIP","floor":19}],"player_experience":5282849,"relics_obtained":[{"floor":0,"key":"Toy Ornithopter"},{"floor":0,"key":"Eternal Feather"},{"floor":0,"key":"Old Coin"},{"floor":8,"key":"TungstenRod"},{"floor":9,"key":"Peace Pipe"},{"floor":10,"key":"Meat on the Bone"}],"event_choices":[{"damage_healed":0,"gold_gain":0,"player_choice":"Ignored","damage_taken":414,"max_hp_gain":0,"max_hp_loss":0,"event_name":"betterThird:BetterSerpent","floor":2,"gold_loss":0},{"damage_healed":58,"gold_gain":0,"player_choice":"Upgrade","damage_taken":20,"max_hp_gain":0,"max_hp_loss":66,"event_name":"betterThird:BetterShining","floor":3,"gold_loss":0,"cards_upgraded":["Defend_G","Strike_G"]},{"damage_healed":0,"gold_gain":0,"player_choice":"Rummage","damage_taken":0,"relics_obtained":["WarpedTongs"],"max_hp_gain":0,"max_hp_loss":0,"event_name":"Accursed Blacksmith","floor":11,"gold_loss":0,"cards_obtained":["Pain"]},{"damage_healed":0,"gold_gain":0,"player_choice":"Shed Blood","damage_taken":23,"max_hp_gain":5,"max_hp_loss":0,"event_name":"Forgotten Altar","floor":20,"gold_loss":0}],"is_beta":false,"boss_relics":[{"not_picked":["Sozu","Runic Pyramid"],"picked":"Astrolabe"}],"items_purged_floors":[7,12],"is_endless":false,"potions_floor_spawned":[4,14,16],"killed_by":"Shelled Parasite and Fungi","ascension_level":20}}