{"host":"wy5pcbg592uilh9l","time":1610836636,"event":{"mods":["AchievementEnabler","Act Like it!","BaseMod","BetterRewards","Curses Come First","Gensokyo","Hubris","Infinite Spire","Marisa????????","Minty Spire (QoL Compilation)","Permanent Neow","Poor People Problems","Replay The Spire","StSLib","The Runesmith"],"gold_per_floor":[112,166,12,12,30,58,71,71,71,103,103,117,144,164,164,262,262,274,274,287,303,322,322,322],"floor_reached":23,"language":"ENG","playtime":1502,"items_purged":["Strike_R"],"score":384,"play_id":"1d96195e-c626-476e-9cd2-2ccbedc22701","local_time":"20210116163716","is_ascension_mode":true,"campfire_choices":[{"data":"Whirlwind","floor":8,"key":"SMITH"},{"data":"Inflame","floor":15,"key":"SMITH"}],"circlet_count":0,"master_deck":["Strike_R","Strike_R","Strike_R","Strike_R","Defend_R","Defend_R","Defend_R","Defend_R","Bash","Whirlwind+1","ReplayTheSpireMod:Splinters","Inflame","Sword Boomerang","Entrench","Inflame+1","Evolve","ReplayTheSpireMod:Strike From Hell","Sword Boomerang","Limit Break","ReplayTheSpireMod:Splinters","hubris:Wrath","CommonCold","Fire Breathing","Limit Break","Wild Strike","Inflame"],"relics":["Burning Blood","Potion Belt","Toy Ornithopter","Question Card","hubris:EmptyBottle","hubris:Towel","Happy Flower","Lizard Tail","hubris:TenFootPole","Replay:Ancient Bell","Vajra","The Courier","Gambling Chip"],"acts_visited":["Exordium","Gensokyo:Gensokyo"],"potions_floor_usage":[1,6,6,6,10,10,13,13,16,16,16,16,16,18,21,21,21,22,22,23,23,23,23,23,23],"damage_taken":[{"damage":5,"enemies":"Gensokyo:2_Kodama","floor":1,"turns":4},{"damage":0,"enemies":"Gensokyo:3_Fairies","floor":5,"turns":3},{"damage":4,"enemies":"Gensokyo:Cirno","floor":6,"turns":5},{"damage":2,"enemies":"Gensokyo:Python","floor":7,"turns":2},{"damage":39,"enemies":"Gensokyo:Aya","floor":10,"turns":6},{"damage":0,"enemies":"Gensokyo:LivingMonolith","floor":12,"turns":2},{"damage":20,"enemies":"Gensokyo:Mamizou","floor":13,"turns":4},{"damage":11,"enemies":"Gensokyo:Kitsune","floor":14,"turns":3},{"damage":20,"enemies":"Gensokyo:Kokoro","floor":16,"turns":4},{"damage":0,"enemies":"Gensokyo:3_Dogs","floor":18,"turns":1},{"damage":29,"enemies":"Gensokyo:AngelMirror","floor":20,"turns":3},{"damage":52,"enemies":"Gensokyo:Wraith","floor":21,"turns":4},{"damage":28,"enemies":"Gensokyo:Mirror_and_Dog","floor":22,"turns":4},{"damage":104,"enemies":"Nightmare","floor":23,"turns":5}],"seed_played":"-6066377440761255325","potions_obtained":[{"floor":2,"key":"Fruit Juice"},{"floor":2,"key":"CultistPotion"},{"floor":2,"key":"SteroidPotion"},{"floor":5,"key":"Dexterity Potion"},{"floor":7,"key":"Energy Potion"},{"floor":10,"key":"DistilledChaos"},{"floor":13,"key":"SkillPotion"},{"floor":16,"key":"DuplicationPotion"},{"floor":18,"key":"Toxic Potion"},{"floor":21,"key":"Adrenaline Potion"}],"is_trial":false,"path_per_floor":["M","?","COS","?","M","E","M","R","T","E","?","M","E","M","R","B",null,"M","?","M","M","M","NM"],"character_chosen":"IRONCLAD","items_purchased":["Potion Belt","Toy Ornithopter","Strength Potion","Elixir","Adrenaline Potion","Question Card"],"campfire_rested":0,"item_purchase_floors":[0,0,0,0,0,0],"current_hp_per_floor":[53,53,53,53,59,81,85,85,85,64,64,70,66,61,61,72,86,90,90,67,36,24,0,0],"gold":322,"neow_bonus":"","is_daily":false,"chose_seed":false,"campfire_upgraded":2,"win_rate":0.0,"timestamp":1610836636,"path_taken":["M","?","COS","?","M","E","?","R","T","E","?","M","E","M","R","BOSS","M","?","M","M","M","NM"],"items_purchased_type":["Relic","Relic","Potion","Potion","Potion","Relic"],"build_version":"2020-12-22","purchased_purges":1,"victory":false,"max_hp_per_floor":[80,80,80,80,80,85,85,85,85,90,90,90,90,90,90,90,90,90,90,90,90,90,90,90],"card_choices":[{"not_picked":["Run Through","Armaments","Sentinel"],"picked":"Whirlwind","floor":1},{"not_picked":["hubris:CleavingFinish","Havoc","Anger"],"picked":"Inflame","floor":2},{"not_picked":["hubris:SharpeningStone","Armaments","Second Wind"],"picked":"Sword Boomerang","floor":5},{"not_picked":["Wild Strike","Brutality","Dark Embrace","Berserk"],"picked":"SKIP","floor":6},{"not_picked":["hubris:SharpeningStone","Replay:Undeath\u0027s Touch","Rupture"],"picked":"Entrench","floor":7},{"not_picked":["Sword Boomerang","Flex","Heavy Blade"],"picked":"Inflame","floor":10},{"not_picked":["Clash","Massacre","hubris:StunningStrike"],"picked":"Evolve","floor":11},{"not_picked":["hubris:SharpeningStone","Fiend Fire","ReplayTheSpireMod:Corrosion Curse"],"picked":"ReplayTheSpireMod:Strike From Hell","floor":12},{"not_picked":["Thunderclap","Flex","Rupture"],"picked":"Sword Boomerang","floor":13},{"not_picked":["Armaments","Seeing Red","Headbutt","Run Through"],"picked":"SKIP","floor":14},{"not_picked":["Juggernaut","Feed","Hemogenesis"],"picked":"Limit Break","floor":16},{"not_picked":["Replay:Sluggish","Looming Evil","hubris:Greed"],"picked":"ReplayTheSpireMod:Splinters","floor":17},{"not_picked":["Writhe","hubris:Sloth","hubris:Greed"],"picked":"hubris:Wrath","floor":17},{"not_picked":["Voices","ReplayTheSpireMod:Doomed","infinitespire:Pacifist"],"picked":"CommonCold","floor":17},{"not_picked":["Anger","hubris:SharpeningStone","Feel No Pain+1","Rampage"],"picked":"SKIP","floor":18},{"not_picked":["Rupture","Disarm","ReplayTheSpireMod:Corrosion Curse+1"],"picked":"Limit Break","floor":20},{"not_picked":["Rampage","Life Link","True Grit"],"picked":"Wild Strike","floor":21},{"not_picked":["hubris:ReadiedAction","Warcry","Defy Death+1"],"picked":"Inflame","floor":22}],"player_experience":283251,"relics_obtained":[{"floor":6,"key":"Happy Flower"},{"floor":10,"key":"Lizard Tail"},{"floor":13,"key":"hubris:TenFootPole"}],"event_choices":[],"is_beta":false,"boss_relics":[{"not_picked":["Pandora\u0027s Box","ChewingGum"],"picked":"Replay:Ancient Bell"},{"not_picked":["Runesmith:AutoHammer","Simple Rune"],"picked":"Vajra"},{"not_picked":["hubris:TinFlute","Shuriken"],"picked":"The Courier"},{"not_picked":["Charon\u0027s Ashes","Champion Belt"],"picked":"Gambling Chip"}],"items_purged_floors":[0],"is_endless":false,"potions_floor_spawned":[5,7,10,13,16,18,21],"killed_by":"Nightmare","ascension_level":5}}