{"host":"ga4s3hj9m6nkn6gp","time":1610802546,"event":{"mods":["AchievementEnabler","BaseMod","Bestiary","Colored Powertips","Highlight Path","Minty Spire (QoL Compilation)","Relic Stats","everything is the same but u backflip on backflip"],"gold_per_floor":[110,110,110,126,144,144,177,177,177,203,220,220,220],"floor_reached":12,"language":"ENG","playtime":326,"items_purged":[],"score":176,"play_id":"a183ce30-d475-4a64-96b5-d6107e9891c7","local_time":"20210116140906","is_ascension_mode":true,"campfire_choices":[{"data":"Poisoned Stab","floor":6,"key":"SMITH"},{"data":"Neutralize","floor":8,"key":"SMITH"}],"circlet_count":0,"master_deck":["AscendersBane","Strike_G","Strike_G","Strike_G","Strike_G","Strike_G","Defend_G","Defend_G","Defend_G","Defend_G","Defend_G","Survivor","Neutralize+1","Quick Slash","Pain","Deadly Poison+1","Poisoned Stab+1","Bouncing Flask+1"],"relics":["Ring of the Snake","NeowsBlessing","Toxic Egg 2","WarpedTongs","CaptainsWheel","Eternal Feather","Ninja Scroll"],"acts_visited":["Exordium"],"potions_floor_usage":[7],"damage_taken":[{"damage":0,"enemies":"Cultist","floor":1,"turns":1},{"damage":2,"enemies":"Small Slimes","floor":4,"turns":1},{"damage":1,"enemies":"Jaw Worm","floor":5,"turns":1},{"damage":8,"enemies":"Gremlin Nob","floor":7,"turns":3},{"damage":34,"enemies":"3 Sentries","floor":10,"turns":7},{"damage":0,"enemies":"Looter","floor":11,"turns":2},{"damage":21,"enemies":"Lagavulin","floor":12,"turns":4}],"seed_played":"-928190950143254167","potions_obtained":[{"floor":4,"key":"DuplicationPotion"},{"floor":5,"key":"Fire Potion"},{"floor":11,"key":"LiquidBronze"}],"is_trial":false,"path_per_floor":["M","T","?","M","M","R","E","R","T","E","M","E"],"character_chosen":"THE_SILENT","items_purchased":[],"campfire_rested":0,"item_purchase_floors":[],"current_hp_per_floor":[59,59,59,57,56,56,48,48,48,14,14,0,0],"gold":220,"neow_bonus":"THREE_ENEMY_KILL","is_daily":false,"chose_seed":false,"campfire_upgraded":2,"win_rate":0.0,"timestamp":1610802546,"path_taken":["M","?","?","M","?","R","E","R","T","E","M","E"],"items_purchased_type":[],"build_version":"2020-12-22","purchased_purges":0,"victory":false,"max_hp_per_floor":[66,66,66,66,66,66,66,66,66,66,66,66,66],"relic_stats":{"counters":[7,19],"Eternal Feather":0,"obtain_stats":[{"CaptainsWheel":7,"NeowsBlessing":0,"Ninja Scroll":10,"Eternal Feather":9,"Toxic Egg 2":2,"Ring of the Snake":0,"WarpedTongs":3},{"CaptainsWheel":4,"NeowsBlessing":0,"Ninja Scroll":5,"Eternal Feather":4,"Toxic Egg 2":1,"Ring of the Snake":0,"WarpedTongs":1},{"CaptainsWheel":6,"NeowsBlessing":0,"Ninja Scroll":13,"Eternal Feather":6,"Toxic Egg 2":1,"Ring of the Snake":0,"WarpedTongs":1}],"Ring of the Snake":[14],"WarpedTongs":[16]},"card_choices":[{"not_picked":["Sucker Punch","Setup"],"picked":"Quick Slash","floor":1},{"not_picked":["Flying Knee","Poisoned Stab"],"picked":"Deadly Poison+1","floor":4},{"not_picked":["Quick Slash","Masterful Stab"],"picked":"Poisoned Stab","floor":5},{"not_picked":["Underhanded Strike","Phantasmal Killer+1"],"picked":"Bouncing Flask+1","floor":7},{"not_picked":["Underhanded Strike","Quick Slash","Dagger Spray"],"picked":"SKIP","floor":10},{"not_picked":["Choke","Expertise+1","Eviscerate"],"picked":"SKIP","floor":11}],"player_experience":641051,"relics_obtained":[{"floor":2,"key":"Toxic Egg 2"},{"floor":7,"key":"CaptainsWheel"},{"floor":9,"key":"Eternal Feather"},{"floor":10,"key":"Ninja Scroll"}],"event_choices":[{"damage_healed":0,"gold_gain":0,"player_choice":"Rummage","damage_taken":0,"relics_obtained":["WarpedTongs"],"max_hp_gain":0,"max_hp_loss":0,"event_name":"Accursed Blacksmith","floor":3,"gold_loss":0,"cards_obtained":["Pain"]}],"is_beta":false,"boss_relics":[],"items_purged_floors":[],"is_endless":false,"potions_floor_spawned":[4,5,11],"killed_by":"Lagavulin","ascension_level":20}}