{"host":"6eswuwtz6j8isipc","time":1610813886,"event":{"mods":["BaseMod","Better Third Choice","BetterRewards","Conspire","Hubris","Infinite Spire","Minty Spire (QoL Compilation)","Replay The Spire","Spicy Shops","StSLib","The Cursed"],"gold_per_floor":[111,111,121,121,121,153,153,153,225,266,118,144,144,157,157,157,157],"floor_reached":16,"language":"ENG","playtime":699,"items_purged":[],"score":138,"play_id":"b6c38762-492e-4f77-b6df-c08243854883","local_time":"20210116111806","is_ascension_mode":true,"campfire_choices":[{"data":"TheCursedMod:CleanUpWorkshop","floor":7.0,"key":"SMITH"},{"floor":15.0,"key":"DIG"}],"circlet_count":0,"master_deck":["TheCursedMod:Strike_TheCursed","TheCursedMod:Strike_TheCursed","TheCursedMod:Strike_TheCursed","TheCursedMod:Strike_TheCursed","TheCursedMod:Defend_TheCursed","TheCursedMod:Defend_TheCursed","TheCursedMod:Defend_TheCursed","TheCursedMod:Defend_TheCursed","TheCursedMod:CursedWand","TheCursedMod:CleanUpWorkshop+1","TheCursedMod:Dregs","TheCursedMod:StunningStrike","Echo Form","TheCursedMod:LuckyCharm","TheCursedMod:Evocation","TheCursedMod:ReleasedStrength"],"relics":["TheCursedMod:BlackMagic101","Snack Pack","Meat on the Bone","Garlic","Replay:WaspNest","infinitespire:Eraser","hubris:OldNail","Replay:Mystery Machine","hubris:DisguiseKit"],"acts_visited":["Exordium"],"potions_floor_usage":[],"damage_taken":[{"damage":0.0,"enemies":"Cultist","floor":1.0,"turns":3.0},{"damage":5.0,"enemies":"Small Slimes","floor":3.0,"turns":5.0},{"damage":26.0,"enemies":"Gremlin Nob","floor":6.0,"turns":6.0},{"damage":8.0,"enemies":"conspire:MimicChest","floor":10.0,"turns":8.0},{"damage":0.0,"enemies":"Lagavulin","floor":12.0,"turns":9.0},{"damage":8.0,"enemies":"Jaw Worm","floor":14.0,"turns":3.0},{"damage":51,"enemies":"Slime Boss","floor":16,"turns":7}],"seed_played":"4947587714527855516","potions_obtained":[{"floor":3.0,"key":"SpeedPotion"},{"floor":14.0,"key":"Doom Potion"}],"is_trial":false,"path_per_floor":["M","?","M","?","$","E","R","T","T","?","$","E","$","M","R","B"],"character_chosen":"THE_CURSED","items_purchased":["hubris:OldNail"],"campfire_rested":0,"item_purchase_floors":[11],"current_hp_per_floor":[75,70,69,69,69,47,47,47,47,39,39,45,45,41,41,0,0],"gold":157,"neow_bonus":"ONE_RANDOM_RARE_CARD","is_daily":false,"chose_seed":false,"campfire_upgraded":1,"win_rate":0.0,"timestamp":1610813886,"path_taken":["M","?","M","?","$","E","R","?","T","?","$","E","$","?","R","BOSS"],"items_purchased_type":["Relic"],"build_version":"2020-12-22","purchased_purges":0,"victory":false,"max_hp_per_floor":[75,75,75,75,75,75,75,75,75,75,75,75,75,75,75,75,75],"card_choices":[{"not_picked":["TheCursedMod:CircleOfFlame","TheCursedMod:SpreadPlague","TheCursedMod:CursedBlade"],"picked":"SKIP","floor":1.0},{"not_picked":["TheCursedMod:CursedBlade","TheCursedMod:Stretching","TheCursedMod:Torture"],"picked":"SKIP","floor":3.0},{"not_picked":["TheCursedMod:DarkBarrier","TheCursedMod:HellsGateOpen","TheCursedMod:CircleOfFocus"],"picked":"SKIP","floor":6.0},{"not_picked":["TheCursedMod:CursedBlade","TheCursedMod:RapidMovement"],"picked":"TheCursedMod:Evocation","floor":10.0},{"not_picked":["TheCursedMod:WearCloak","TheCursedMod:OutForBlood","TheCursedMod:Stretching"],"picked":"SKIP","floor":12.0},{"not_picked":["TheCursedMod:SurpriseAttack","TheCursedMod:Torture"],"picked":"TheCursedMod:ReleasedStrength","floor":14.0}],"player_experience":1361818,"relics_obtained":[{"floor":6.0,"key":"Meat on the Bone"},{"floor":8.0,"key":"Garlic"},{"floor":9.0,"key":"Replay:WaspNest"},{"floor":10.0,"key":"infinitespire:Eraser"},{"floor":12.0,"key":"Replay:Mystery Machine"},{"floor":15.0,"key":"hubris:DisguiseKit"}],"event_choices":[],"is_beta":false,"boss_relics":[],"items_purged_floors":[],"is_endless":false,"potions_floor_spawned":[3,14],"killed_by":"Slime Boss","ascension_level":1}}