{"host":"fm9e0lfunjlbhzxv","time":1610762024,"event":{"mods":["2.2 Compatiblity","Alarm Clock","Astrologer","BaseMod","Bestiary","Better Match","Better Skull","Better Third Choice","Colored Map","Colored Powertips","Curses Come First","Energized Spire","Good Game Mod","Key Reminder","Koishi","Mimic Mod","Minty Spire (QoL Compilation)","Permanent Neow","Rare Cards Sparkle","Relic Stats","Spicy Shops","StSLib","The Administrix","The Blue Laboratory","The Bug Knight","The Disciple","The Hierophant","The Servant 0.9.4","The Vixen","Trackpad","slay the spire mod where everything is the same but ironclad has a cowboy hat"],"gold_per_floor":[145,166,341,73,73,58,58,58,58,84,66,42,71,105,105,209,209,239,239,194,148,148,120,120],"floor_reached":23,"language":"ENG","playtime":2297,"items_purged":["Doubt"],"score":176,"play_id":"e495d089-7bf9-4fdb-b3d2-3f0aa87dac00","local_time":"20210115175344","is_ascension_mode":false,"campfire_choices":[{"data":"Apotheosis","floor":8,"key":"SMITH"},{"data":"hierophant:Refuge","floor":15,"key":"SMITH"}],"circlet_count":0,"master_deck":["hierophant:Punish","hierophant:ChurchCoffers+1","hierophant:DeathKnell","hierophant:RecallFunds","hierophant:Determination","hierophant:OrnateBuckler","hierophant:Refuge+1","hierophant:Racketeering","hierophant:PassingBell","hierophant:Doubloon","hierophant:Doubloon+1","hierophant:Doubloon","Apotheosis+1","hierophant:Smite","hierophant:Community","hierophant:HolyVerse","hierophant:ArchangelShield","hierophant:TollTheBells","hierophant:Blessing","hierophant:Doubloon","hierophant:Refuge","hierophant:AuricForm","hierophant:PassingBell","hierophant:PristineSoul+1","hierophant:RustyCrate+1","hierophant:Doubloon","hierophant:Doubloon","hierophant:Doubloon","hierophant:RecallFunds"],"relics":["REME:ComplimentaryCards","Pandora\u0027s Box","Membership Card","trackpad:IceCube","keyreminder:keyreminder","trackpad:SappingStone","Black Star"],"acts_visited":["Exordium","TheCity"],"potions_floor_usage":[13,14],"damage_taken":[{"damage":0,"enemies":"2 Louse","floor":1,"turns":3},{"damage":11,"enemies":"Jaw Worm","floor":2,"turns":3},{"damage":14,"enemies":"HollowMod:MossKnight","floor":6,"turns":8},{"damage":0,"enemies":"Small Slimes","floor":10,"turns":3},{"damage":28,"enemies":"Exordium Wildlife","floor":12,"turns":4},{"damage":18,"enemies":"3 Sentries","floor":13,"turns":9},{"damage":24,"enemies":"Lots of Slimes","floor":14,"turns":4},{"damage":24,"enemies":"Slime Boss","floor":16,"turns":9},{"damage":14,"enemies":"3 Byrds","floor":18,"turns":5},{"damage":22,"enemies":"Chosen","floor":20,"turns":11},{"damage":35,"enemies":"Snake Plant","floor":21,"turns":11},{"damage":79,"enemies":"Slavers","floor":23,"turns":7}],"seed_played":"8956495082530916924","potions_obtained":[{"floor":2,"key":"Fire Potion"},{"floor":10,"key":"blueLaboratory:Moonshine"},{"floor":13,"key":"blueLaboratory:FrostheartPotion"},{"floor":18,"key":"Strength Potion"}],"is_trial":false,"path_per_floor":["M","M","?","$","?","E","?","R","T","M","$","M","E","M","R","B",null,"M","?","M","M","?","E"],"character_chosen":"HIEROPHANT","items_purchased":["Membership Card","hierophant:Community","hierophant:HolyVerse","hierophant:TollTheBells"],"campfire_rested":0,"item_purchase_floors":[4,4,4,11],"current_hp_per_floor":[75,72,72,72,77,80,64,64,64,64,64,50,47,48,48,46,80,80,65,70,70,70,0,0],"gold":120,"neow_bonus":"BOSS_RELIC","is_daily":false,"chose_seed":false,"campfire_upgraded":2,"win_rate":0.0,"timestamp":1610762024,"path_taken":["M","M","?","$","?","E","?","R","T","?","?","M","E","M","R","BOSS","M","?","M","M","?","E"],"items_purchased_type":["Relic","Card","Card","Card"],"build_version":"2020-12-22","purchased_purges":1,"victory":false,"max_hp_per_floor":[75,75,75,75,80,80,80,80,80,80,80,80,80,80,80,80,80,80,85,85,85,85,85,85],"relic_stats":{"counters":[12,77],"Pandora\u0027s Box":["hierophant:DeathKnell","hierophant:RecallFunds","hierophant:Determination","hierophant:OrnateBuckler","hierophant:Refuge","hierophant:Racketeering","hierophant:PassingBell","hierophant:Doubloon"],"Black Star":0,"obtain_stats":[{"keyreminder:keyreminder":9,"REME:ComplimentaryCards":0,"trackpad:IceCube":6,"trackpad:SappingStone":13,"hierophant:PropheticMaskRelic":0,"Pandora\u0027s Box":0,"Black Star":17,"Membership Card":4},{"keyreminder:keyreminder":3,"REME:ComplimentaryCards":0,"trackpad:IceCube":3,"trackpad:SappingStone":6,"hierophant:PropheticMaskRelic":0,"Pandora\u0027s Box":0,"Black Star":8,"Membership Card":2},{"keyreminder:keyreminder":14,"REME:ComplimentaryCards":0,"trackpad:IceCube":14,"trackpad:SappingStone":30,"hierophant:PropheticMaskRelic":0,"Pandora\u0027s Box":0,"Black Star":43,"Membership Card":6}]},"card_choices":[{"not_picked":["hierophant:Blessing","hierophant:Doubloon"],"picked":"hierophant:Smite","floor":1},{"not_picked":["hierophant:Shelter","hierophant:RustyCrate","hierophant:Bribe"],"picked":"SKIP","floor":2},{"not_picked":["hierophant:EyeForCoin","hierophant:OrnateBuckler"],"picked":"hierophant:ArchangelShield","floor":6},{"not_picked":["hierophant:Remorse","hierophant:OrnateBuckler","hierophant:Chorus"],"picked":"SKIP","floor":10},{"not_picked":["hierophant:FieryStrike","hierophant:Empathy","hierophant:DisplayOfPower"],"picked":"SKIP","floor":12},{"not_picked":["hierophant:HolyVerse","hierophant:Sermon"],"picked":"hierophant:Blessing","floor":13},{"not_picked":["hierophant:ArchangelShield","hierophant:SealAway"],"picked":"hierophant:Refuge","floor":14},{"not_picked":["hierophant:Generosity","hierophant:Determination"],"picked":"hierophant:AuricForm","floor":16},{"not_picked":["hierophant:FlamingChariot","hierophant:HammerAndAnvil+1"],"picked":"hierophant:PassingBell","floor":18},{"not_picked":["hierophant:RepressedViolence+1","hierophant:Empathy+1"],"picked":"hierophant:PristineSoul+1","floor":20},{"not_picked":["hierophant:OrnateBuckler","hierophant:FieryStrike+1"],"picked":"hierophant:RustyCrate+1","floor":21}],"player_experience":716727,"relics_obtained":[{"floor":6,"key":"trackpad:IceCube"},{"floor":13,"key":"trackpad:SappingStone"}],"event_choices":[{"damage_healed":0,"gold_gain":175,"player_choice":"AGREE","damage_taken":166,"max_hp_gain":0,"max_hp_loss":0,"event_name":"betterThird:BetterSerpent","floor":3,"gold_loss":0},{"damage_healed":0,"gold_gain":0,"player_choice":"Donut","damage_taken":0,"max_hp_gain":5,"max_hp_loss":0,"event_name":"Big Fish","floor":5,"gold_loss":0},{"damage_healed":80,"gold_gain":0,"player_choice":"Upgrade","damage_taken":16,"max_hp_gain":0,"max_hp_loss":80,"event_name":"betterThird:BetterShining","floor":7,"gold_loss":0,"cards_upgraded":["hierophant:Doubloon","hierophant:ChurchCoffers"]},{"damage_healed":0,"gold_gain":0,"player_choice":"Shed Blood","damage_taken":20,"max_hp_gain":5,"max_hp_loss":0,"event_name":"Forgotten Altar","floor":19,"gold_loss":0},{"damage_healed":0,"gold_gain":0,"player_choice":"Read","damage_taken":0,"max_hp_gain":0,"max_hp_loss":0,"event_name":"The Library","floor":22,"gold_loss":0,"cards_obtained":["hierophant:RecallFunds"]}],"is_beta":false,"boss_relics":[{"not_picked":["energizedSpire:StickyHand","energizedSpire:MagnifyingGlass"],"picked":"Black Star"}],"items_purged_floors":[4],"is_endless":false,"potions_floor_spawned":[2,10,13,18],"killed_by":"Slavers","ascension_level":0}}