{"host":"zmr8u29ebzxwermy","time":1610804523,"event":{"mods":["BaseMod","BetterRewards","Colored Map","DeckTracker","Minty Spire (QoL Compilation)","Quick Restart","Relic Filter","Replay The Spire","Shop Mod","StSLib","SuperFastMode","everything is the same but u backflip on backflip"],"gold_per_floor":[118,133,153,203,23,23,51,62,87,87,100,100,120,148,148,246,246,257,197,197],"floor_reached":19,"language":"KOR","playtime":562,"items_purged":["Strike_R","Doubt"],"score":188,"play_id":"56a6b86b-4b2a-4e45-95ff-930a72bec2d0","local_time":"20210116224203","is_ascension_mode":true,"campfire_choices":[{"data":"Inflame","floor":6.0,"key":"SMITH"},{"data":"Carnage","floor":12.0,"key":"SMITH"},{"data":"Clumsy","floor":15.0,"key":"PURGE"}],"circlet_count":0,"master_deck":["Strike_R","Strike_R","Strike_R","Strike_R","Defend_R+1","Defend_R+1","Defend_R","Defend_R","Whirlwind","Inflame+1","Carnage+1","Life Link+1","Life Link+1","Metallicize+1","Demonic Infusion+1","Immolate+1","Injury","Berserk+1","Shame"],"relics":["Burning Blood","Self Forming Clay","Frozen Egg 2","Ring of Greed","MealTicket","Golden Egg","ReplayTheSpireMod:Shallot","Boot","War Paint"],"acts_visited":["Exordium","TheCity"],"potions_floor_usage":[],"damage_taken":[{"damage":7.0,"enemies":"Small Slimes","floor":1.0,"turns":4.0},{"damage":0.0,"enemies":"2 Louse","floor":2.0,"turns":2.0},{"damage":2.0,"enemies":"Cultist","floor":3.0,"turns":4.0},{"damage":25.0,"enemies":"Lagavulin","floor":7.0,"turns":4.0},{"damage":13.0,"enemies":"Large Slime","floor":8.0,"turns":7.0},{"damage":5.0,"enemies":"Blue Slaver","floor":11.0,"turns":2.0},{"damage":5.0,"enemies":"2 Fungi Beasts","floor":13.0,"turns":2.0},{"damage":2.0,"enemies":"3 Sentries","floor":14.0,"turns":2.0},{"damage":30.0,"enemies":"Slime Boss","floor":16.0,"turns":6.0},{"damage":5,"enemies":"Chosen","floor":18,"turns":5},{"damage":182,"enemies":"2 Thieves","floor":19,"turns":4}],"seed_played":"-2782508041994663308","potions_obtained":[{"floor":2.0,"key":"Swift Potion"},{"floor":8.0,"key":"Fruit Juice"},{"floor":11.0,"key":"Weak Potion"},{"floor":13.0,"key":"Swift Potion"},{"floor":18,"key":"Energy Potion"}],"is_trial":false,"path_per_floor":["M","M","M","?","$","R","E","M","T","?","M","R","M","E","R_BF","B",null,"M","M"],"character_chosen":"IRONCLAD","items_purchased":["Whirlwind","Inflame","Carnage","Self Forming Clay","Frozen Egg 2","Metallicize+1"],"campfire_rested":0,"item_purchase_floors":[0,0,0,0,0,5],"current_hp_per_floor":[43,49,53,53,68,68,49,47,47,47,48,48,49,53,53,29,85,85,0,0],"gold":197,"neow_bonus":"","is_daily":false,"chose_seed":false,"campfire_upgraded":2,"win_rate":0.0,"timestamp":1610804523,"path_taken":["M","M","M","?","$","R","E","M","T","?","M","R","M","E","R_BF","BOSS","M","M"],"items_purchased_type":["Card","Card","Card","Relic","Relic","Card"],"build_version":"2020-12-22","purchased_purges":2,"victory":false,"max_hp_per_floor":[80,80,80,80,80,80,80,85,85,85,85,85,85,85,85,85,85,85,85,85],"card_choices":[{"not_picked":["Clothesline","Headbutt"],"picked":"Life Link+1","floor":2.0},{"not_picked":["Carnage","Replay:Undeath\u0027s Touch"],"picked":"Demonic Infusion","floor":7.0},{"not_picked":["Offering","Reaper"],"picked":"Berserk+1","floor":16.0}],"player_experience":297732,"relics_obtained":[{"floor":4.0,"key":"Ring of Greed"},{"floor":4.0,"key":"MealTicket"},{"floor":4.0,"key":"Golden Egg"},{"floor":7.0,"key":"ReplayTheSpireMod:Shallot"},{"floor":9.0,"key":"Boot"},{"floor":14.0,"key":"War Paint"}],"event_choices":[{"damage_healed":0.0,"max_hp_gain":0.0,"max_hp_loss":0.0,"gold_gain":0.0,"cards_transformed":["Bash"],"event_name":"Living Wall","player_choice":"Change","floor":10.0,"gold_loss":0.0,"damage_taken":0.0,"cards_obtained":["Immolate"]}],"is_beta":false,"boss_relics":[{"not_picked":["Fusion Hammer","Pandora\u0027s Box","Electric Blood"]}],"items_purged_floors":[0,5],"is_endless":false,"potions_floor_spawned":[2,8,11,13,18],"killed_by":"2 Thieves","ascension_level":1}}