{"host":"x21cvmfdo17nyhii","time":1610755699,"event":{"mods":["AchievementEnabler","BaseMod","Colored Map","Colored Powertips","DeckTracker","Highlight Path","Minty Spire (QoL Compilation)","Quick Restart","Rare Cards Sparkle","SuperFastMode"],"gold_per_floor":[118,68,68,68,82,82,28,46,46,46,46,82,82,0,0,0,0],"floor_reached":16,"language":"ENG","playtime":309,"items_purged":[],"score":120,"play_id":"11228a4d-8b11-4b92-8b04-47f96d9d549b","local_time":"20210115160819","is_ascension_mode":true,"campfire_choices":[{"floor":6,"key":"REST"},{"floor":13,"key":"REST"},{"floor":15,"key":"REST"}],"circlet_count":0,"master_deck":["Strike_R","Strike_R+1","Strike_R","Defend_R","Defend_R","Defend_R","Defend_R","Bash+1","Impervious","Heavy Blade","Armaments+1","Body Slam","Entrench","Corruption"],"relics":["Burning Blood","Golden Idol","Letter Opener","Sundial"],"acts_visited":["Exordium"],"potions_floor_usage":[],"damage_taken":[{"damage":0,"enemies":"2 Louse","floor":1,"turns":5},{"damage":0,"enemies":"Small Slimes","floor":5,"turns":3},{"damage":6,"enemies":"Jaw Worm","floor":8,"turns":4},{"damage":55,"enemies":"3 Sentries","floor":12,"turns":10},{"damage":75,"enemies":"Slime Boss","floor":16,"turns":8}],"seed_played":"-28377588992574284","potions_obtained":[{"floor":1,"key":"SmokeBomb"}],"is_trial":false,"path_per_floor":["M","?","?","?","M","R","$","M","T","$","?","E","R","$","R","B"],"character_chosen":"IRONCLAD","items_purchased":["Body Slam","Corruption"],"campfire_rested":3,"item_purchase_floors":[7,14],"current_hp_per_floor":[80,80,60,44,50,74,74,74,74,74,74,25,49,49,73,0,0],"gold":0,"neow_bonus":"TRANSFORM_CARD","is_daily":false,"chose_seed":false,"campfire_upgraded":0,"win_rate":0.0,"timestamp":1610755699,"path_taken":["M","?","?","?","M","R","$","M","T","$","?","E","R","$","R","BOSS"],"items_purchased_type":["Card","Card"],"build_version":"2020-12-22","purchased_purges":0,"victory":false,"max_hp_per_floor":[80,80,80,80,80,80,80,80,80,80,80,80,80,80,80,80,80],"card_choices":[{"not_picked":["Disarm","Havoc"],"picked":"Heavy Blade","floor":1},{"not_picked":["Second Wind","Twin Strike"],"picked":"Armaments","floor":5},{"not_picked":["Spot Weakness","Clash"],"picked":"Entrench","floor":8},{"not_picked":["Reckless Charge","Wild Strike","Searing Blow"],"picked":"SKIP","floor":12}],"player_experience":416950,"relics_obtained":[{"floor":9,"key":"Letter Opener"},{"floor":12,"key":"Sundial"}],"event_choices":[{"cards_removed":["Strike_R"],"damage_healed":0,"gold_gain":0,"player_choice":"Card Removal","damage_taken":0,"max_hp_gain":0,"max_hp_loss":0,"event_name":"The Cleric","floor":2,"gold_loss":50},{"damage_healed":0,"gold_gain":0,"player_choice":"Take Damage","damage_taken":20,"relics_obtained":["Golden Idol"],"max_hp_gain":0,"max_hp_loss":0,"event_name":"Golden Idol","floor":3,"gold_loss":0},{"damage_healed":0,"gold_gain":0,"player_choice":"Entered Light","damage_taken":16,"max_hp_gain":0,"max_hp_loss":0,"event_name":"Shining Light","floor":4,"gold_loss":0,"cards_upgraded":["Strike_R","Bash"]},{"damage_healed":0,"gold_gain":0,"player_choice":"Upgraded","damage_taken":0,"max_hp_gain":0,"max_hp_loss":0,"event_name":"Upgrade Shrine","floor":11,"gold_loss":0,"cards_upgraded":["Armaments"]}],"is_beta":false,"boss_relics":[],"items_purged_floors":[],"is_endless":false,"potions_floor_spawned":[1],"killed_by":"Slime Boss","ascension_level":5}}