{"host":"o9oojikv0j1jifqm","time":1610812717,"event":{"mods":["BaseMod","Downfall","Marisa£®ÏF”Í°°ƒß¿Ì…≥£©","Minty Spire (QoL Compilation)","Shop Mod","StSLib","UnlockEverythingMod"],"gold_per_floor":[99,109,384,48,58,73,73,73,92,542,573,273,373,383,394,394,394],"floor_reached":16,"language":"ZHS","playtime":961,"items_purged":["Regret"],"score":102,"play_id":"099783cb-4252-4750-a3df-f35860b69b3e","local_time":"20210116235837","is_ascension_mode":false,"campfire_choices":[{"floor":1,"key":"RECALL"},{"data":"bronze:Goto","floor":8,"key":"SMITH"},{"floor":12,"key":"REST"}],"circlet_count":0,"master_deck":["bronze:Strike","bronze:Strike","bronze:Strike","bronze:Strike","bronze:Defend","bronze:Defend","bronze:Defend","bronze:Defend","bronze:Replicate","bronze:Goto+1","bronze:CloningBeam","bronze:Terminator","bronze:DelayedSlice","bronze:FineTuning","downfall:Icky","downfall:Icky","downfall:Icky","bronze:ChildClass","bronze:Goto","bronze:CutThrough","bronze:ClassDefault","bronze:AlphaBuild","Bandage Up","Regret","bronze:ItsAFeature","bronze:Fortify"],"relics":["Busted Crown","Kunai","Oddly Smooth Stone","downfall:HeartBlessingRed","downfall:HeartBlessingGreen","downfall:HeartBlessingBlue","downfall:GremlinSack"],"acts_visited":["Exordium"],"potions_floor_usage":[5,11,11,16,16],"damage_taken":[{"damage":0,"enemies":"Small Slimes","floor":2,"turns":3},{"damage":3,"enemies":"downfall:FleeingMerchant","floor":4,"turns":4},{"damage":6,"enemies":"Cultist","floor":5,"turns":4},{"damage":7,"enemies":"2 Louse","floor":6,"turns":3},{"damage":16,"enemies":"Exordium Thugs","floor":9,"turns":4},{"damage":11,"enemies":"Lagavulin","floor":11,"turns":5},{"damage":37,"enemies":"Lagavulin","floor":13,"turns":5},{"damage":6,"enemies":"3 Louse","floor":14,"turns":3},{"damage":3,"enemies":"2 Fungi Beasts","floor":15,"turns":3},{"damage":27,"enemies":"DF_ARCHETYPE_STREAMLINE","floor":16,"turns":6}],"seed_played":"-3960753322417106713","potions_obtained":[{"floor":2,"key":"ColorlessPotion"},{"floor":5,"key":"Fire Potion"},{"floor":6,"key":"Fire Potion"},{"floor":14,"key":"FearPotion"},{"floor":15,"key":"EssenceOfSteel"}],"is_trial":false,"path_per_floor":["R","M","?","$","M","M","T","R","M","?","E","R","?","M","M","B"],"character_chosen":"THE_AUTOMATON","items_purchased":["Kunai"],"campfire_rested":1,"item_purchase_floors":[4],"current_hp_per_floor":[70,70,70,67,61,54,54,54,38,38,27,61,24,22,19,0,0],"gold":394,"neow_bonus":"BOSS_RELIC","is_daily":false,"chose_seed":false,"campfire_upgraded":1,"win_rate":0.0,"timestamp":1610812717,"path_taken":["R","M","?","$","M","?","T","R","M","?","E","R","?","?","M","BOSS"],"items_purchased_type":["Relic"],"build_version":"2020-12-22","purchased_purges":1,"victory":false,"max_hp_per_floor":[70,70,70,70,70,70,70,70,70,70,70,80,80,80,80,80,80],"card_choices":[{"not_picked":[],"picked":"bronze:CloningBeam","floor":2},{"not_picked":[],"picked":"bronze:Terminator","floor":4},{"not_picked":[],"picked":"bronze:DelayedSlice","floor":5},{"not_picked":[],"picked":"bronze:FineTuning","floor":6},{"not_picked":["bronze:Terminator"],"picked":"SKIP","floor":9},{"not_picked":[],"picked":"bronze:ChildClass","floor":11},{"not_picked":[],"picked":"bronze:ItsAFeature","floor":14},{"not_picked":[],"picked":"bronze:Fortify","floor":15}],"player_experience":166125,"relics_obtained":[{"floor":11,"key":"Oddly Smooth Stone"},{"floor":13,"key":"downfall:GremlinSack"}],"event_choices":[],"is_beta":false,"boss_relics":[],"items_purged_floors":[4],"is_endless":false,"potions_floor_spawned":[2,5,6,14,15],"killed_by":"DF_ARCHETYPE_STREAMLINE","ascension_level":0}}