{"host":"e4wnmsyty9uvvtwf","time":1610785019,"event":{"mods":["Act Like it!","Aspiration","BaseMod","Colored Map","Colored Powertips","Gensokyo","Koishi","Minty Spire (QoL Compilation)","Rare Cards Sparkle","Replay The Spire","StSLib"],"gold_per_floor":[117,47,67,84,94,127,57,57,57,74,74,74,7,7,7,148,148,168,493,508,508,718,795,795,150,176,176,176,194,228,228,228,324,324,342,405,36,47,47,47,104,104,104,184,195,207,207,67,67,67],"floor_reached":51,"language":"ZHS","playtime":1716,"items_purged":[],"score":1078,"play_id":"6a26c1b2-d996-4afd-9cfd-e4afd0e83bcf","local_time":"20210116161659","is_ascension_mode":true,"campfire_choices":[{"data":"Koishi:HeartAttack","floor":8,"key":"SMITH"},{"data":"Koishi:SprinkleStarAndHeart","floor":12,"key":"SMITH"},{"floor":15,"key":"REST"},{"data":"Koishi:TerrifyingSpectre","floor":24,"key":"SMITH"},{"floor":27,"key":"REST"},{"floor":32,"key":"REST"},{"data":"Koishi:RuptureMind","floor":40,"key":"SMITH"},{"floor":47,"key":"REST"},{"data":"Koishi:PerfectMindControl","floor":49,"key":"SMITH"}],"circlet_count":0,"master_deck":["Koishi:BasicStrike","Koishi:BasicStrike","Koishi:BasicStrike","Koishi:BasicStrike","Koishi:BasicDefend","Koishi:BasicDefend","Koishi:BasicDefend","Koishi:BasicDefend","Koishi:Provoke","Koishi:HauntingSlash+1","Koishi:StingingMind+1","Koishi:DanmakuParanoia","Koishi:SprinkleStarAndHeart+1","Koishi:HeartAttack+1","Koishi:PredatoryInstincts","Koishi:SpiritedAway","Koishi:SilentAndRestless","CurseOfTheBell","Koishi:RacingHeart+1","Koishi:Untouchable","Koishi:TerrifyingSpectre+1","Koishi:FreudianInstinct","Koishi:UnconsciousUrges","Koishi:VengefulSpirit","Koishi:DreadfulBlow+1","Koishi:HeartfeltFancy+1","Koishi:RuptureMind+1","Koishi:SpiritedAway+1","Koishi:PerfectMindControl+1","Koishi:BloodcurdlingScream+1","Koishi:MentalBreakdown","Koishi:MindNumbingTerror","Koishi:MentalBreakdown","Gensokyo:Taser","Koishi:PhilosophyOfTheDespised+1","Koishi:RacingHeart+1"],"relics":["Koishi:ImaginaryFriend","aspiration:Nostalgia","Cracked Core","Dream Catcher","Vajra","Ancient Tea Set","Ring of Panic","ReplayTheSpireMod:Ring of Challenge","Calling Bell","Art of War","Pondfish Scales","Replay:Baseball","Lantern","aspiration:StickyExplosives_weak","Regal Pillow","Sling","Blue Doll","Gensokyo:DirgeOfMelancholy","Replay:WaspNest","Gensokyo:MosesMiracle","aspiration:PoetsPen_weak","Medical Kit","Boot","aspiration:FrozenJewel","ReplayFunnel","Toolbox"],"acts_visited":["Exordium","Gensokyo:Gensokyo","Gensokyo:Gensokyoer"],"potions_floor_usage":[16,23,23,23,33,50,50,50,50],"damage_taken":[{"damage":1,"enemies":"Gensokyo:2_Kodama","floor":1,"turns":5},{"damage":0,"enemies":"Gensokyo:3_Fairies","floor":3,"turns":4},{"damage":1,"enemies":"Gensokyo:Python","floor":4,"turns":3},{"damage":8,"enemies":"Gensokyo:Gryphon_and_Rabbit","floor":5,"turns":4},{"damage":19,"enemies":"Gensokyo:Cirno","floor":6,"turns":7},{"damage":4,"enemies":"Gensokyo:2_Rabbits","floor":10,"turns":4},{"damage":6,"enemies":"Gensokyo:Kokoro","floor":16,"turns":13},{"damage":0,"enemies":"Gensokyo:CosmicMonolith","floor":18,"turns":1},{"damage":7,"enemies":"Gensokyo:AngelMirror","floor":20,"turns":3},{"damage":28,"enemies":"Gensokyo:Wraith","floor":22,"turns":5},{"damage":28,"enemies":"Gensokyo:Tenshi","floor":23,"turns":8},{"damage":11,"enemies":"Gensokyo:Mirror_and_Dog","floor":29,"turns":4},{"damage":34,"enemies":"Gensokyo:Koishi","floor":30,"turns":5},{"damage":28,"enemies":"Gensokyo:Eiki","floor":33,"turns":7},{"damage":0,"enemies":"Gensokyo:3_Bats","floor":35,"turns":2},{"damage":19,"enemies":"Gensokyo:3_Boulders","floor":36,"turns":3},{"damage":0,"enemies":"Gensokyo:4_Bats","floor":38,"turns":3},{"damage":26,"enemies":"Gensokyo:Rafflesia","floor":41,"turns":5},{"damage":32,"enemies":"Gensokyo:Kasen","floor":44,"turns":7},{"damage":0,"enemies":"Gensokyo:AtlasGolem","floor":45,"turns":4},{"damage":8,"enemies":"Gensokyo:Dusk_and_Dawn","floor":46,"turns":3},{"damage":14,"enemies":"Gensokyo:Scarlet_Devils","floor":50,"turns":8}],"seed_played":"3206476094539602919","potions_obtained":[{"floor":3,"key":"EssenceOfSteel"},{"floor":4,"key":"Swift Potion"},{"floor":5,"key":"Swift Potion"},{"floor":22,"key":"Languid Potion"},{"floor":23,"key":"SteroidPotion"},{"floor":30,"key":"Fire Potion"},{"floor":35,"key":"BlessingOfTheForge"},{"floor":38,"key":"Swift Potion"}],"is_trial":false,"path_per_floor":["M","?","M","M","M","E","?","R","T","M","$","R","COS","?","R","B",null,"M","?","M","?","M","E","R","$","T","R","?","M","E","?","R","B",null,"M","M","$","M","?","R","M","?","T","E","M","M","R","COS","R","B",null],"character_chosen":"KOISHI","items_purchased":["aspiration:StickyExplosives_weak","Regal Pillow","Sling","Koishi:VengefulSpirit","Medical Kit","Koishi:MentalBreakdown","Koishi:MindNumbingTerror"],"campfire_rested":4,"item_purchase_floors":[25,25,25,25,37,37,37],"current_hp_per_floor":[55,55,55,56,50,31,31,31,31,33,33,33,33,33,51,59,60,60,60,57,57,33,25,25,25,25,58,58,53,25,25,58,52,58,60,41,41,59,60,60,48,48,48,35,44,36,60,60,60,60],"gold":67,"neow_bonus":"NOSTALGIA","is_daily":false,"chose_seed":false,"campfire_upgraded":5,"win_rate":0.0,"timestamp":1610785019,"path_taken":["M","?","M","?","M","E","?","R","T","M","?","R","COS","?","R","BOSS","M","?","?","?","?","E","R","$","T","R","?","M","E","?","R","BOSS","M","?","$","M","?","R","M","?","T","E","M","M","R","COS","R","BOSS"],"items_purchased_type":["Relic","Relic","Relic","Card","Relic","Card","Card"],"build_version":"2020-12-22","purchased_purges":0,"victory":true,"max_hp_per_floor":[60,60,60,60,60,60,60,60,60,60,60,60,60,60,60,60,60,60,60,60,60,60,60,60,60,60,60,60,60,60,60,60,60,60,60,60,60,60,60,60,60,60,60,60,60,60,60,60,60,60],"card_choices":[{"not_picked":["Koishi:SubconsciousSweep","Koishi:SpiritedAway"],"picked":"Koishi:StingingMind","floor":1},{"not_picked":["Koishi:BloodcurdlingScream","Koishi:PhantomBarrier"],"picked":"Koishi:DanmakuParanoia","floor":3},{"not_picked":["Koishi:FidgetySnatcher","Koishi:HeartfeltFancy"],"picked":"Koishi:SprinkleStarAndHeart","floor":4},{"not_picked":["Koishi:JumpScare","Koishi:SpiritedAway"],"picked":"Koishi:HeartAttack","floor":5},{"not_picked":["Koishi:YoukaiPolygraph","Koishi:DreadfulBlow"],"picked":"Koishi:PredatoryInstincts","floor":6},{"not_picked":["Koishi:IdleWhim","Koishi:PhantomBarrier"],"picked":"Koishi:SpiritedAway","floor":10},{"not_picked":["Koishi:FormlessExistence","Koishi:MentalBreakdown"],"picked":"Koishi:SilentAndRestless","floor":16},{"not_picked":["Koishi:Vanish+1","Koishi:EmbryosDream"],"picked":"Koishi:RacingHeart+1","floor":18},{"not_picked":["Koishi:UnansweredLove","Koishi:PhilosophyOfTheDespised"],"picked":"Koishi:Untouchable","floor":20},{"not_picked":["Koishi:CatchAndRose","Koishi:PhantomBarrier"],"picked":"Koishi:FreudianInstinct","floor":22},{"not_picked":["Koishi:UnconsciousUprising","Koishi:Whimsy"],"picked":"Koishi:UnconsciousUrges","floor":23},{"not_picked":["Koishi:UnconsciousUprising+1","Koishi:Jaunt"],"picked":"Koishi:DreadfulBlow+1","floor":27},{"not_picked":["Koishi:UnseenTerror","Koishi:PhantomStrike"],"picked":"Koishi:HeartfeltFancy+1","floor":29},{"not_picked":["Koishi:Bloodlust","Koishi:FleetingPhantom+1"],"picked":"Koishi:RuptureMind","floor":30},{"not_picked":["Koishi:Jaunt","Koishi:RorschachInDanmaku"],"picked":"Koishi:SpiritedAway+1","floor":32},{"not_picked":["Koishi:FormlessExistence","Koishi:SilentAndRestless"],"picked":"Koishi:PerfectMindControl","floor":33},{"not_picked":["Koishi:GhostParty","Koishi:EmbryosDream"],"picked":"Koishi:BloodcurdlingScream+1","floor":35},{"not_picked":["Koishi:DreadfulBlow+1","Koishi:FleetingPhantom+1","Koishi:SpiritedAway"],"picked":"SKIP","floor":36},{"not_picked":["Koishi:SubterraneanRose","Koishi:ReleaseOfTheId+1"],"picked":"Koishi:MentalBreakdown","floor":38},{"not_picked":["Koishi:Jaunt","Koishi:PhantomBarrier","Koishi:ReflexRadar+1"],"picked":"SKIP","floor":41},{"not_picked":["Koishi:IdleWhim+1","Koishi:MindNumbingTerror","Koishi:SubconsciousSweep+1"],"picked":"SKIP","floor":44},{"not_picked":["Koishi:UnconsciousUprising+1","Koishi:EmbryosDream","Koishi:Vanish+1"],"picked":"SKIP","floor":45},{"not_picked":["Koishi:Prune+1","Koishi:HeartAttack"],"picked":"Koishi:PhilosophyOfTheDespised+1","floor":46},{"not_picked":["Koishi:Catatonia","Koishi:MindNumbingTerror"],"picked":"Koishi:RacingHeart+1","floor":47}],"player_experience":544017,"relics_obtained":[{"floor":6,"key":"Dream Catcher"},{"floor":9,"key":"Ancient Tea Set"},{"floor":14,"key":"Ring of Panic"},{"floor":14,"key":"ReplayTheSpireMod:Ring of Challenge"},{"floor":17,"key":"Art of War"},{"floor":17,"key":"Pondfish Scales"},{"floor":17,"key":"Replay:Bottled Flurry"},{"floor":23,"key":"Lantern"},{"floor":26,"key":"Blue Doll"},{"floor":30,"key":"Replay:WaspNest"},{"floor":36,"key":"Gensokyo:MosesMiracle"},{"floor":41,"key":"Boot"},{"floor":43,"key":"aspiration:FrozenJewel"},{"floor":44,"key":"ReplayFunnel"}],"event_choices":[],"is_beta":false,"boss_relics":[{"not_picked":["aspiration:RunicSpoon","Velvet Choker"],"picked":"Calling Bell"},{"not_picked":["Astrolabe","Empty Cage"],"picked":"aspiration:PoetsPen_weak"}],"items_purged_floors":[],"is_endless":false,"potions_floor_spawned":[3,4,5,22,23,30,35,38,46],"ascension_level":9}}