{"host":"ydg0vn0pu4pubmdt","time":1610811968,"event":{"mods":["AchievementEnabler","BaseMod","Colored Map","Gold Saver","Minty Spire (QoL Compilation)","Quick Restart","SuperFastMode"],"gold_per_floor":[383,383,401,401,476,516,535,535,535,548,330,368,391,415,415,415,415],"floor_reached":16,"language":"KOR","playtime":1532,"items_purged":["Strike_G"],"score":171,"play_id":"56d4decd-13b3-4df8-a9e2-7198092c280d","local_time":"20210117004608","is_ascension_mode":true,"campfire_choices":[{"data":"Blade Dance","floor":8.0,"key":"SMITH"},{"data":"Blade Dance","floor":15,"key":"SMITH"}],"circlet_count":0,"master_deck":["Strike_G","Strike_G","Strike_G","Strike_G","Defend_G","Defend_G","Defend_G","Defend_G","Defend_G","Survivor","Neutralize","Masterful Stab","PiercingWail","Blade Dance+1","Blade Dance+1","Acrobatics","Poisoned Stab","Calculated Gamble"],"relics":["Ring of the Snake","NeowsBlessing","Golden Idol","Matryoshka","Ancient Tea Set","Dream Catcher","White Beast Statue","Omamori","Lizard Tail"],"acts_visited":["Exordium"],"potions_floor_usage":[12],"damage_taken":[{"damage":0.0,"enemies":"Small Slimes","floor":1.0,"turns":2.0},{"damage":0.0,"enemies":"Jaw Worm","floor":3.0,"turns":1.0},{"damage":0.0,"enemies":"Lagavulin","floor":6.0,"turns":1.0},{"damage":1.0,"enemies":"2 Louse","floor":7.0,"turns":2.0},{"damage":3.0,"enemies":"Exordium Wildlife","floor":10.0,"turns":6.0},{"damage":10,"enemies":"3 Sentries","floor":12,"turns":5},{"damage":0,"enemies":"Lots of Slimes","floor":13,"turns":4},{"damage":1,"enemies":"Blue Slaver","floor":14,"turns":2},{"damage":0,"enemies":"The Guardian","floor":16,"turns":3}],"seed_played":"3828863164123309515","potions_obtained":[{"floor":1.0,"key":"Explosive Potion"},{"floor":6.0,"key":"Strength Potion"},{"floor":10.0,"key":"Dexterity Potion"},{"floor":12,"key":"Explosive Potion"}],"is_trial":false,"path_per_floor":["M","?","M","T","?","E","M","R","T","M","$","E","M","M","R","B"],"character_chosen":"THE_SILENT","items_purchased":["Omamori"],"campfire_rested":0,"item_purchase_floors":[11],"current_hp_per_floor":[70,53,53,53,42,42,41,41,41,38,38,28,28,27,27,27,27],"gold":415,"neow_bonus":"THREE_ENEMY_KILL","is_daily":false,"chose_seed":false,"campfire_upgraded":2,"win_rate":0.0,"timestamp":1610811968,"path_taken":["M","?","M","?","?","E","M","R","T","M","$","E","?","M","R","BOSS"],"items_purchased_type":["Relic"],"build_version":"2020-12-22","purchased_purges":1,"victory":false,"max_hp_per_floor":[70,70,70,70,70,70,70,70,70,70,70,70,70,70,70,70,70],"card_choices":[{"not_picked":["Well Laid Plans","Deadly Poison"],"picked":"Masterful Stab","floor":1.0},{"not_picked":["Setup","Distraction"],"picked":"PiercingWail","floor":3.0},{"not_picked":["Sucker Punch","Slice","Infinite Blades"],"picked":"SKIP","floor":6.0},{"not_picked":["Backstab","Sucker Punch"],"picked":"Blade Dance","floor":7.0},{"not_picked":["After Image","Acrobatics"],"picked":"Blade Dance","floor":10.0},{"not_picked":["Deflect","Flying Knee"],"picked":"Acrobatics","floor":12},{"not_picked":["Slice","Sucker Punch"],"picked":"Poisoned Stab","floor":13},{"not_picked":["Prepared","Riddle With Holes"],"picked":"Calculated Gamble","floor":14}],"player_experience":402466,"relics_obtained":[{"floor":4.0,"key":"Matryoshka"},{"floor":6.0,"key":"Ancient Tea Set"},{"floor":9.0,"key":"Dream Catcher"},{"floor":9.0,"key":"White Beast Statue"},{"floor":12,"key":"Lizard Tail"}],"event_choices":[{"damage_healed":0.0,"max_hp_gain":0.0,"max_hp_loss":0.0,"gold_gain":0.0,"event_name":"Golden Idol","player_choice":"Take Damage","floor":2.0,"gold_loss":0.0,"damage_taken":17.0,"relics_obtained":["Golden Idol"]},{"damage_healed":0.0,"max_hp_gain":0.0,"max_hp_loss":0.0,"gold_gain":75.0,"event_name":"World of Goop","player_choice":"Gather Gold","floor":5.0,"gold_loss":0.0,"damage_taken":11.0}],"is_beta":false,"boss_relics":[],"items_purged_floors":[11],"is_endless":false,"potions_floor_spawned":[1,6,10,12,13,14],"killed_by":"The Guardian","ascension_level":5}}