{"host":"2pmmafybkq7zb6na","time":1610792760,"event":{"mods":["AchievementEnabler","BaseMod","Colored Map","Highlight Path","Minty Spire (QoL Compilation)","Quick Restart","StSLib","SuperFastMode"],"gold_per_floor":[119,134,148,73,85,105,134,147,173,186,186,186,186],"floor_reached":12,"language":"KOR","playtime":612,"items_purged":["Strike_B"],"score":84,"play_id":"e6475c4a-4741-44ac-aaa1-b8b4f9505778","local_time":"20210116192600","is_ascension_mode":false,"campfire_choices":[],"circlet_count":0,"master_deck":["Strike_B","Strike_B","Defend_B","Defend_B","Defend_B","Defend_B","Zap","Dualcast","Sweeping Beam","Coolheaded","Conserve Battery","Scrape","Double Energy","White Noise","Glacier","Go for the Eyes"],"relics":["Cracked Core","Nunchaku","Tiny Chest"],"acts_visited":["Exordium"],"potions_floor_usage":[5,12,12],"damage_taken":[{"damage":1,"enemies":"Jaw Worm","floor":1,"turns":4},{"damage":0,"enemies":"Small Slimes","floor":2,"turns":3},{"damage":5,"enemies":"2 Louse","floor":3,"turns":3},{"damage":18,"enemies":"Exordium Thugs","floor":5,"turns":5},{"damage":3,"enemies":"Large Slime","floor":6,"turns":6},{"damage":25,"enemies":"Lagavulin","floor":7,"turns":7},{"damage":4,"enemies":"Exordium Wildlife","floor":8,"turns":4},{"damage":0,"enemies":"Blue Slaver","floor":10,"turns":5},{"damage":17,"enemies":"Gremlin Nob","floor":12,"turns":4}],"seed_played":"3622865659154405774","potions_obtained":[{"floor":2,"key":"Swift Potion"},{"floor":5,"key":"SpeedPotion"},{"floor":7,"key":"Ancient Potion"},{"floor":10,"key":"SkillPotion"}],"is_trial":false,"path_per_floor":["M","M","M","$","M","M","E","M","T","M","?","E"],"character_chosen":"DEFECT","items_purchased":[],"campfire_rested":0,"item_purchase_floors":[],"current_hp_per_floor":[81,81,76,76,58,55,30,26,26,26,19,2,2],"gold":186,"neow_bonus":"TEN_PERCENT_HP_BONUS","is_daily":false,"chose_seed":false,"campfire_upgraded":0,"win_rate":0.0,"timestamp":1610792760,"path_taken":["M","M","M","$","M","M","E","M","T","M","?","E"],"items_purchased_type":[],"build_version":"2020-12-22","purchased_purges":1,"victory":false,"max_hp_per_floor":[82,82,82,82,82,82,82,82,82,82,82,82,82],"card_choices":[{"not_picked":["Reprogram","Streamline"],"picked":"Sweeping Beam","floor":1},{"not_picked":["Stack","Steam"],"picked":"Coolheaded","floor":2},{"not_picked":["Rip and Tear","Streamline"],"picked":"Conserve Battery","floor":3},{"not_picked":["Doom and Gloom","Meteor Strike"],"picked":"Scrape","floor":5},{"not_picked":["Turbo","Sweeping Beam"],"picked":"Double Energy","floor":6},{"not_picked":["Coolheaded","Sunder"],"picked":"White Noise","floor":7},{"not_picked":["Lockon","Ball Lightning"],"picked":"Glacier","floor":8},{"not_picked":["FTL","Scrape"],"picked":"Go for the Eyes","floor":10}],"player_experience":56897,"relics_obtained":[{"floor":7,"key":"Nunchaku"},{"floor":9,"key":"Tiny Chest"}],"event_choices":[{"cards_removed":["Strike_B"],"damage_healed":0,"gold_gain":0,"player_choice":"Card Removal","damage_taken":7,"max_hp_gain":0,"max_hp_loss":0,"event_name":"Golden Wing","floor":11,"gold_loss":0}],"is_beta":false,"boss_relics":[],"items_purged_floors":[4],"is_endless":false,"potions_floor_spawned":[2,5,7,10],"killed_by":"Gremlin Nob","ascension_level":0}}