{"host":"kh6fvhxn285ncg0o","time":1610815294,"event":{"mods":["Act Like it!","BaseMod","Colored Map","Friendly Minions","Keyboard Shortcuts","Minty Spire (QoL Compilation)","Quick Restart","Relic Stats","StSLib","SuperFastMode"],"gold_per_floor":[113,38,38,50,137,149,186,198,210,249,272,284,314,7,7,7,7],"floor_reached":16,"language":"KOR","playtime":229,"items_purged":[],"score":262,"play_id":"4067deeb-7f5d-4fb9-be48-d0252bb47fb3","local_time":"20210117014134","is_ascension_mode":true,"campfire_choices":[{"data":"Sever Soul","floor":6,"key":"SMITH"},{"data":"Bash","floor":8,"key":"SMITH"},{"data":"Rage","floor":15,"key":"SMITH"}],"circlet_count":0,"master_deck":["AscendersBane","Strike_R","Strike_R","Strike_R","Strike_R","Defend_R","Defend_R","Defend_R","Defend_R","Bash+1","Sever Soul+1","Dropkick","Evolve","Rage+1"],"relics":["Coffee Dripper","MawBank","HornCleat","Ice Cream","Self Forming Clay","Bag of Preparation"],"acts_visited":[],"potions_floor_usage":[],"damage_taken":[{"damage":1,"enemies":"2 Louse","floor":1,"turns":3},{"damage":35,"enemies":"Lagavulin","floor":7,"turns":5},{"damage":0,"enemies":"Gremlin Nob","floor":10,"turns":3},{"damage":0,"enemies":"Small Slimes","floor":11,"turns":3},{"damage":2,"enemies":"Jaw Worm","floor":13,"turns":2},{"damage":1,"enemies":"Hexaghost","floor":16,"turns":3}],"seed_played":"-1740246786513623874","potions_obtained":[{"floor":7,"key":"LiquidBronze"},{"floor":10,"key":"Strength Potion"}],"is_trial":false,"path_per_floor":["M","?","?","?","?","R","E","R","T","E","M","$","M","$","R","B"],"character_chosen":"IRONCLAD","items_purchased":["Evolve","Bag of Preparation","Rage"],"campfire_rested":0,"item_purchase_floors":[14,14,14],"current_hp_per_floor":[67,67,49,49,38,38,3,3,3,3,3,3,1,1,1,0,0],"gold":7,"neow_bonus":"BOSS_RELIC","is_daily":false,"chose_seed":false,"campfire_upgraded":3,"win_rate":0.0,"timestamp":1610815294,"path_taken":["M","?","?","?","?","R","E","R","T","E","M","$","M","?","R","BOSS"],"items_purchased_type":["Card","Relic","Card"],"build_version":"2020-12-22","purchased_purges":0,"victory":false,"max_hp_per_floor":[75,75,75,75,75,75,75,75,75,75,75,75,75,75,75,75,75],"relic_stats":{"counters":[6,19],"Self Forming Clay":[3],"Bag of Preparation":[2],"MawBank":132,"obtain_stats":[{"Ice Cream":9,"HornCleat":7,"Self Forming Clay":10,"Coffee Dripper":0,"Bag of Preparation":14,"MawBank":3,"Burning Blood":0},{"Ice Cream":2,"HornCleat":2,"Self Forming Clay":3,"Coffee Dripper":0,"Bag of Preparation":5,"MawBank":1,"Burning Blood":0},{"Ice Cream":8,"HornCleat":8,"Self Forming Clay":11,"Coffee Dripper":0,"Bag of Preparation":16,"MawBank":3,"Burning Blood":0}]},"card_choices":[{"not_picked":["Heavy Blade","Perfected Strike"],"picked":"Sever Soul","floor":1},{"not_picked":["Bloodletting","Armaments"],"picked":"Dropkick","floor":7},{"not_picked":["Perfected Strike","Cleave","True Grit"],"picked":"SKIP","floor":10},{"not_picked":["Flex","Headbutt","Clothesline"],"picked":"SKIP","floor":11},{"not_picked":["Reckless Charge","Cleave","Havoc"],"picked":"SKIP","floor":13}],"player_experience":3467440,"relics_obtained":[{"floor":7,"key":"HornCleat"},{"floor":9,"key":"Ice Cream"},{"floor":10,"key":"Self Forming Clay"}],"event_choices":[{"cards_removed":["Strike_R"],"damage_healed":0,"gold_gain":0,"player_choice":"Card Removal","damage_taken":0,"max_hp_gain":0,"max_hp_loss":0,"event_name":"The Cleric","floor":2,"gold_loss":75},{"damage_healed":0,"gold_gain":0,"player_choice":"Success","damage_taken":18,"relics_obtained":["MawBank"],"max_hp_gain":0,"max_hp_loss":0,"event_name":"Scrap Ooze","floor":3,"gold_loss":0},{"damage_healed":0,"gold_gain":0,"player_choice":"Ignored","damage_taken":0,"max_hp_gain":0,"max_hp_loss":0,"event_name":"Shining Light","floor":4,"gold_loss":0},{"damage_healed":0,"gold_gain":75,"player_choice":"Gather Gold","damage_taken":11,"max_hp_gain":0,"max_hp_loss":0,"event_name":"World of Goop","floor":5,"gold_loss":0}],"is_beta":false,"boss_relics":[],"items_purged_floors":[],"is_endless":false,"potions_floor_spawned":[7,10,13],"killed_by":"Hexaghost","ascension_level":20}}