{"host":"50per11302020","time":1610775049,"event":{"mods":["AchievementEnabler","BaseMod","Colored Map","Minty Spire (QoL Compilation)","Relic Stats","StSLib"],"gold_per_floor":[134,134,203,257,291,291,329,403,403,403,132,132,34,127,127,275,275,299,299,214,214,249,284,25,25,25,25,52,52,52,70,70,170,170,208,208,248,41,41,41,371,371,421,447,447,461,551,598,598,623,623,623,47,76,76,76],"floor_reached":55,"language":"ENG","playtime":4815,"items_purged":["Shame","Strike_B"],"score":1113,"play_id":"ccfd33e3-e68a-4107-94c7-30ab6af023ae","local_time":"20210115213049","is_ascension_mode":true,"campfire_choices":[{"floor":6.0,"key":"REST"},{"floor":10.0,"key":"REST"},{"data":"HandOfGreed","floor":12.0,"key":"SMITH"},{"floor":15.0,"key":"REST"},{"floor":25.0,"key":"REST"},{"floor":32.0,"key":"REST"},{"floor":40.0,"key":"REST"},{"floor":42.0,"key":"REST"},{"floor":45.0,"key":"RECALL"},{"floor":49.0,"key":"REST"},{"data":"Creative AI","floor":52.0,"key":"SMITH"}],"circlet_count":0,"master_deck":["Strike_B","Strike_B","Strike_B","Defend_B","Defend_B","Defend_B+1","Defend_B","Zap","Dualcast","HandOfGreed+1","Rebound","Coolheaded+1","Coolheaded","Cold Snap","Coolheaded","Capacitor","Creative AI+1","Consume","Static Discharge+1","Apotheosis+1","Loop","Capacitor","Hologram+1","Buffer","Consume","Cold Snap+1","Coolheaded","The Bomb","Blind","Mind Blast","Cold Snap","Loop+1","Stack","Barrage+1"],"relics":["Cracked Core","Bloody Idol","Question Card","Sundial","Sling","Black Star","Happy Flower","Pantograph","Pear","Bird Faced Urn","Red Mask","Snecko Eye","Peace Pipe","Bronze Scales","Old Coin","Omamori","PreservedInsect","Eternal Feather","Turnip","Art of War","War Paint","Pen Nib","Blood Vial"],"acts_visited":["Exordium","TheCity","TheBeyond","TheEnding"],"potions_floor_usage":[55,55,55],"damage_taken":[{"damage":5.0,"enemies":"Cultist","floor":1.0,"turns":4.0},{"damage":0.0,"enemies":"2 Louse","floor":4.0,"turns":3.0},{"damage":2.0,"enemies":"Jaw Worm","floor":5.0,"turns":3.0},{"damage":5.0,"enemies":"Large Slime","floor":7.0,"turns":6.0},{"damage":32.0,"enemies":"3 Sentries","floor":8.0,"turns":7.0},{"damage":18.0,"enemies":"3 Louse","floor":14.0,"turns":6.0},{"damage":0.0,"enemies":"The Guardian","floor":16.0,"turns":12.0},{"damage":19.0,"enemies":"Chosen","floor":18.0,"turns":6.0},{"damage":14.0,"enemies":"Spheric Guardian","floor":22.0,"turns":18.0},{"damage":59.0,"enemies":"Book of Stabbing","floor":23.0,"turns":8.0},{"damage":31.0,"enemies":"Masked Bandits","floor":28.0,"turns":3.0},{"damage":0.0,"enemies":"Slavers","floor":29.0,"turns":1.0},{"damage":13.0,"enemies":"3 Cultists","floor":31.0,"turns":5.0},{"damage":66.0,"enemies":"Collector","floor":33.0,"turns":11.0},{"damage":35.0,"enemies":"3 Darklings","floor":35.0,"turns":9.0},{"damage":21.0,"enemies":"3 Shapes","floor":37.0,"turns":4.0},{"damage":67.0,"enemies":"Nemesis","floor":41.0,"turns":13.0},{"damage":43.0,"enemies":"Reptomancer","floor":44.0,"turns":8.0},{"damage":46.0,"enemies":"Jaw Worm Horde","floor":46.0,"turns":3.0},{"damage":7.0,"enemies":"4 Shapes","floor":47.0,"turns":14.0},{"damage":76.0,"enemies":"2 Orb Walkers","floor":48.0,"turns":6.0},{"damage":64.0,"enemies":"Awakened One","floor":50.0,"turns":21.0},{"damage":89.0,"enemies":"Shield and Spear","floor":54.0,"turns":8.0},{"damage":58,"enemies":"The Heart","floor":55,"turns":2}],"seed_played":"-4034707287578458956","potions_obtained":[{"floor":4.0,"key":"ColorlessPotion"},{"floor":5.0,"key":"FocusPotion"},{"floor":14.0,"key":"SmokeBomb"},{"floor":22.0,"key":"Regen Potion"},{"floor":23.0,"key":"Strength Potion"},{"floor":28.0,"key":"Strength Potion"},{"floor":33.0,"key":"FearPotion"},{"floor":37.0,"key":"Fire Potion"},{"floor":41.0,"key":"Explosive Potion"},{"floor":46.0,"key":"FearPotion"}],"is_trial":false,"path_per_floor":["M","?","?","M","M","R","M","E","T","R","$","R","$","M","R","B",null,"M","?","?","?","M","E","$","R","T","$","?","E","?","M","R","B",null,"M","?","M","$","?","R","E","R","T","E","R","M","M","?","R","B",null,"R","$","E","B"],"character_chosen":"DEFECT","items_purchased":["Cold Snap","Sling","Coolheaded","FocusPotion","Apotheosis","Loop","Bronze Scales","Coolheaded","Strength Potion","FearPotion","EssenceOfSteel","Art of War","War Paint"],"campfire_rested":8,"item_purchase_floors":[11,11,13,13,24,24,38,38,53,53,53,53,53],"current_hp_per_floor":[63,45,45,45,43,65,60,28,28,50,50,50,50,32,54,54,70,51,51,51,51,47,18,18,43,43,43,21,21,21,19,44,36,73,72,72,69,69,59,84,56,81,85,63,81,46,85,22,65,56,78,85,85,19,0,0],"gold":76,"neow_bonus":"RANDOM_COLORLESS_2","is_daily":false,"chose_seed":false,"campfire_upgraded":2,"win_rate":0.0,"timestamp":1610775049,"path_taken":["M","?","?","M","M","R","M","E","T","R","?","R","$","M","R","BOSS","M","?","?","?","M","E","$","R","T","$","?","E","?","?","R","BOSS","M","?","?","$","?","R","E","R","T","E","R","M","M","?","R","BOSS","R","$","E","BOSS"],"items_purchased_type":["Card","Relic","Card","Potion","Card","Card","Relic","Card","Potion","Potion","Potion","Relic","Relic"],"build_version":"2020-12-18","purchased_purges":2,"victory":false,"max_hp_per_floor":[75,75,75,75,75,75,75,75,75,75,75,75,75,75,75,75,75,75,75,75,75,75,85,85,85,85,85,85,85,85,85,85,85,85,85,85,85,85,85,85,85,85,85,85,85,85,85,85,85,85,85,85,85,85,85,85],"relic_stats":{"Happy Flower":[44],"counters":[24,181],"Eternal Feather":43,"PreservedInsect":77,"Pen Nib":[0],"War Paint":["Defend_B","Coolheaded"],"Question Card":19,"Peace Pipe":0,"Blood Vial":2,"Sundial":[26],"Bloody Idol":105,"Pantograph":70,"Bird Faced Urn":[213],"Bronze Scales":[284],"Snecko Eye":[184,177,170,156],"Turnip":[2],"Black Star":5,"Art of War":[2],"obtain_stats":[{"Pear":23,"Happy Flower":20,"Golden Idol":2,"Eternal Feather":44,"PreservedInsect":44,"Pen Nib":54,"Omamori":41,"War Paint":53,"Question Card":8,"Sling":11,"Old Coin":41,"Peace Pipe":36,"Blood Vial":54,"Sundial":9,"Bloody Idol":21,"Pantograph":23,"Bird Faced Urn":26,"Bronze Scales":38,"Snecko Eye":34,"Turnip":48,"Black Star":17,"Red Mask":28,"Art of War":53,"Cracked Core":0},{"Pear":10,"Happy Flower":8,"Golden Idol":1,"Eternal Feather":18,"PreservedInsect":18,"Pen Nib":23,"Omamori":17,"War Paint":22,"Question Card":5,"Sling":5,"Old Coin":17,"Peace Pipe":15,"Blood Vial":23,"Sundial":5,"Bloody Idol":8,"Pantograph":10,"Bird Faced Urn":10,"Bronze Scales":16,"Snecko Eye":14,"Turnip":21,"Black Star":7,"Red Mask":11,"Art of War":22,"Cracked Core":0},{"Pear":73,"Happy Flower":47,"Golden Idol":4,"Eternal Feather":127,"PreservedInsect":127,"Pen Nib":179,"Omamori":119,"War Paint":171,"Question Card":23,"Sling":23,"Old Coin":119,"Peace Pipe":102,"Blood Vial":179,"Sundial":23,"Bloody Idol":47,"Pantograph":73,"Bird Faced Urn":73,"Bronze Scales":106,"Snecko Eye":93,"Turnip":150,"Black Star":41,"Red Mask":76,"Art of War":171,"Cracked Core":0}]},"card_choices":[{"not_picked":["Mayhem","Sadistic Nature"],"picked":"HandOfGreed","floor":0.0},{"not_picked":["Melter","Turbo","Beam Cell"],"picked":"SKIP","floor":1.0},{"not_picked":["FTL","Redo"],"picked":"Rebound","floor":4.0},{"not_picked":["Steam","Reinforced Body"],"picked":"Coolheaded","floor":5.0},{"not_picked":["Turbo","Redo","Melter"],"picked":"SKIP","floor":7.0},{"not_picked":["Stack","Ball Lightning"],"picked":"Coolheaded","floor":8.0},{"not_picked":["Amplify","Beam Cell","Ball Lightning"],"picked":"Capacitor","floor":14.0},{"not_picked":["Fission","Rainbow","All For One"],"picked":"Creative AI","floor":16.0},{"not_picked":["Redo","Barrage","Beam Cell+1","Stack"],"picked":"SKIP","floor":18.0},{"not_picked":["Cold Snap","Conserve Battery","Redo"],"picked":"Consume","floor":22.0},{"not_picked":["Chaos","Skim","Lockon"],"picked":"Static Discharge+1","floor":23.0},{"not_picked":["Storm+1","Doom and Gloom+1","Beam Cell"],"picked":"Capacitor","floor":28.0},{"not_picked":["Force Field","Hyperbeam","Static Discharge"],"picked":"Hologram+1","floor":31.0},{"not_picked":["Amplify","Reboot","Multi-Cast"],"picked":"Buffer","floor":33.0},{"not_picked":["Stack","Rip and Tear+1","Defragment"],"picked":"Consume","floor":35.0},{"not_picked":["Coolheaded","Ball Lightning","Compile Driver"],"picked":"Cold Snap+1","floor":37.0},{"not_picked":["Mayhem","PanicButton","Dramatic Entrance"],"picked":"The Bomb","floor":39.0},{"not_picked":["Dark Shackles","PanicButton","Secret Technique"],"picked":"Blind","floor":39.0},{"not_picked":["Finesse","Purity","Flash of Steel"],"picked":"Mind Blast","floor":39.0},{"not_picked":["Reboot","Conserve Battery","Turbo+1"],"picked":"Cold Snap","floor":41.0},{"not_picked":["Blizzard","Skim","Cold Snap"],"picked":"Loop+1","floor":44.0},{"not_picked":["Streamline+1","Compile Driver+1","Leap+1","Force Field"],"picked":"SKIP","floor":46.0},{"not_picked":["Consume+1","Hologram+1","Genetic Algorithm","Auto Shields+1"],"picked":"SKIP","floor":47.0},{"not_picked":["Scrape","Buffer","Steam+1"],"picked":"Stack","floor":48.0},{"not_picked":["FTL","Leap","Beam Cell"],"picked":"Barrage+1","floor":54.0}],"player_experience":218978,"relics_obtained":[{"floor":8.0,"key":"Question Card"},{"floor":9.0,"key":"Sundial"},{"floor":23.0,"key":"Pantograph"},{"floor":23.0,"key":"Pear"},{"floor":26.0,"key":"Bird Faced Urn"},{"floor":28.0,"key":"Red Mask"},{"floor":36.0,"key":"Peace Pipe"},{"floor":41.0,"key":"Old Coin"},{"floor":41.0,"key":"Omamori"},{"floor":44.0,"key":"PreservedInsect"},{"floor":44.0,"key":"Eternal Feather"},{"floor":48.0,"key":"Turnip"},{"floor":54.0,"key":"Pen Nib"},{"floor":54.0,"key":"Blood Vial"}],"event_choices":[{"damage_healed":0.0,"max_hp_gain":0.0,"max_hp_loss":0.0,"gold_gain":0.0,"event_name":"Golden Idol","player_choice":"Take Damage","floor":2.0,"gold_loss":0.0,"damage_taken":18.0,"relics_obtained":["Golden Idol"]},{"damage_healed":0.0,"max_hp_gain":0.0,"max_hp_loss":0.0,"gold_gain":69.0,"event_name":"Golden Wing","player_choice":"Gained Gold","floor":3.0,"gold_loss":0.0,"damage_taken":0.0},{"damage_healed":0.0,"max_hp_gain":0.0,"max_hp_loss":0.0,"gold_gain":0.0,"event_name":"Vampires","player_choice":"Ignored","floor":19.0,"gold_loss":0.0,"damage_taken":0.0},{"damage_healed":0.0,"max_hp_gain":0.0,"max_hp_loss":0.0,"gold_gain":0.0,"event_name":"Addict","player_choice":"Obtained Relic","floor":20.0,"gold_loss":85.0,"damage_taken":0.0,"relics_obtained":["Happy Flower"]},{"damage_healed":0.0,"max_hp_gain":0.0,"max_hp_loss":0.0,"gold_gain":0.0,"event_name":"Forgotten Altar","player_choice":"Gave Idol","floor":21.0,"relics_lost":["Golden Idol"],"gold_loss":0.0,"damage_taken":0.0,"relics_obtained":["Bloody Idol"]},{"damage_healed":0.0,"max_hp_gain":0.0,"max_hp_loss":0.0,"gold_gain":0.0,"event_name":"Masked Bandits","player_choice":"Fought Bandits","floor":28.0,"gold_loss":0.0,"damage_taken":0.0},{"damage_healed":0.0,"max_hp_gain":0.0,"max_hp_loss":0.0,"gold_gain":0.0,"event_name":"Accursed Blacksmith","player_choice":"Forge","floor":30.0,"gold_loss":0.0,"damage_taken":0.0,"cards_upgraded":["Apotheosis"]},{"damage_healed":0.0,"max_hp_gain":0.0,"max_hp_loss":0.0,"gold_gain":0.0,"event_name":"Wheel of Change","player_choice":"Relic","floor":36.0,"gold_loss":0.0,"damage_taken":0.0},{"damage_healed":0.0,"max_hp_gain":0.0,"max_hp_loss":0.0,"gold_gain":0.0,"event_name":"SensoryStone","player_choice":"Memory 3","floor":39.0,"gold_loss":0.0,"damage_taken":10.0},{"damage_healed":0.0,"max_hp_gain":0.0,"max_hp_loss":0.0,"gold_gain":0.0,"event_name":"Mysterious Sphere","player_choice":"Fight","floor":48.0,"gold_loss":0.0,"damage_taken":0.0}],"is_beta":true,"boss_relics":[{"not_picked":["Velvet Choker","Astrolabe"],"picked":"Black Star"},{"not_picked":["Cursed Key","Coffee Dripper"],"picked":"Snecko Eye"}],"items_purged_floors":[11,53],"is_endless":false,"potions_floor_spawned":[4,5,14,22,23,28,33,37,41,46],"killed_by":"The Heart","ascension_level":8}}