{"host":"dlqyscxstsnu98l1","time":1610806292,"event":{"mods":["AchievementEnabler","BaseMod","Bestiary","Colored Map","Colored Powertips","Conspire","GifTheSpireLib","Highlight Path","Minty Spire (QoL Compilation)","Random Character Button","Replay The Spire","SacredBarkPlus","StSLib"],"gold_per_floor":[112,128,0,20,39,67,67,77,128,128,148,167,179,179,179],"floor_reached":14,"language":"ENG","playtime":748,"items_purged":["Defend_P"],"score":101,"play_id":"2f7e639e-ea30-45e1-a4f3-f8f9f6def6e7","local_time":"20210116081132","is_ascension_mode":true,"campfire_choices":[{"floor":7,"key":"REST"},{"floor":10,"key":"REST"}],"circlet_count":0,"master_deck":["Strike_P","Strike_P","Strike_P","Strike_P","Defend_P","Defend_P","Defend_P","Eruption","Vigilance","Wish","Tantrum","Prostrate","Adaptation","Wireheading","Devotion"],"relics":["PureWater","Quantum Egg"],"acts_visited":["Exordium"],"potions_floor_usage":[14,14],"damage_taken":[{"damage":2,"enemies":"Cultist","floor":1,"turns":3},{"damage":4,"enemies":"conspire:RoseBush","floor":2,"turns":1},{"damage":10,"enemies":"Small Slimes","floor":4,"turns":3},{"damage":0,"enemies":"Exordium Wildlife","floor":5,"turns":3},{"damage":32,"enemies":"3 Sentries","floor":6,"turns":8},{"damage":20,"enemies":"Looter","floor":8,"turns":2},{"damage":11,"enemies":"3 Louse","floor":11,"turns":5},{"damage":14,"enemies":"Large Slime","floor":12,"turns":4},{"damage":9,"enemies":"Exordium Wildlife","floor":13,"turns":3},{"damage":28,"enemies":"Gremlin Nob","floor":14,"turns":2}],"seed_played":"-6063494101193123804","potions_obtained":[{"floor":6,"key":"Dexterity Potion"},{"floor":11,"key":"BlessingOfTheForge"},{"floor":12,"key":"LiquidMemories"},{"floor":13,"key":"DistilledChaos"}],"is_trial":false,"path_per_floor":["M","M","$","M","M","E","R","M","T","R","M","M","M","E"],"character_chosen":"WATCHER","items_purchased":["Prostrate"],"campfire_rested":2,"item_purchase_floors":[3],"current_hp_per_floor":[63,59,59,49,49,17,36,16,16,35,24,10,1,0,0],"gold":179,"neow_bonus":"THREE_RARE_CARDS","is_daily":false,"chose_seed":false,"campfire_upgraded":0,"win_rate":0.0,"timestamp":1610806292,"path_taken":["M","M","$","M","M","E","R","M","T","R","M","?","M","E"],"items_purchased_type":["Card"],"build_version":"2020-12-22","purchased_purges":1,"victory":false,"max_hp_per_floor":[65,65,65,65,65,65,65,65,65,65,65,65,65,65,65],"card_choices":[{"not_picked":["Establishment","Judgement"],"picked":"Wish","floor":0},{"not_picked":["Replay:AtTheReady","MentalFortress"],"picked":"Tantrum","floor":1},{"not_picked":["CrushJoints","FlyingSleeves","Swivel"],"picked":"SKIP","floor":2},{"not_picked":["CarveReality","WindmillStrike","Swivel"],"picked":"SKIP","floor":4},{"not_picked":["EmptyFist","Replay:BluntJabs"],"picked":"Adaptation","floor":5},{"not_picked":["Replay:Cycle","SpiritShield","Replay:BluntJabs"],"picked":"SKIP","floor":6},{"not_picked":["CrushJoints","Replay:Vibes","FlyingSleeves"],"picked":"SKIP","floor":8},{"not_picked":["EmptyFist","InnerPeace"],"picked":"Wireheading","floor":11},{"not_picked":["ClearTheMind","ReachHeaven","InnerPeace"],"picked":"SKIP","floor":12},{"not_picked":["Crescendo","CrushJoints"],"picked":"Devotion","floor":13}],"player_experience":60345,"relics_obtained":[{"floor":6,"key":"Quantum Egg"}],"event_choices":[],"is_beta":false,"boss_relics":[],"items_purged_floors":[3],"is_endless":false,"potions_floor_spawned":[6,11,12,13],"killed_by":"Gremlin Nob","ascension_level":1}}