{"host":"7k2a2omxz3voj5ax","time":1610804025,"event":{"mods":["BaseMod","Marisa£¨ìFÓê¡¡Ä§ÀíÉ³£©","Minty Spire (QoL Compilation)","Quick Restart","Spicy Shops","StSLib","Starting Relic: Pandora\u0027s Box","¡¾ÒÅÎï¿¨ÅÆ¡¿REMEMod","óô»ðÖ¸ÄÏ"],"gold_per_floor":[115,115,1908,1908,1933,1969,1989,1858,1882,1916,1991,1779,1797,930,664,762,762,781,781,696,721,744,777,777,813,863,863,863,278,299,337,4,95,95,113,136,159,159,159,199,116,192,192,192,208,249,249,274,46,46,46,46,46,46,79,79],"floor_reached":57,"language":"ZHS","playtime":2103,"items_purged":["MasterSpark","DoubleSpark","UpSweep","EnergyRecoil","EnergyFlow"],"score":3602,"play_id":"e8e22c8e-571f-4caf-b905-03dd1927de97","local_time":"20210116223345","is_ascension_mode":true,"campfire_choices":[{"data":"CollectingQuirk","floor":24.0,"key":"SMITH"},{"data":"UltimateShortwave","floor":27.0,"key":"SMITH"},{"floor":44.0,"key":"RECALL"}],"circlet_count":0,"master_deck":["AscendersBane","PowerUp+1","Acceleration+1","Singularity+1","MeteoricShower+1","CollectingQuirk+1","GasGiant+1","BlazeAway+1","6A+1","UltimateShortwave+1","LessonLearned+1","REME_FirmDetermination+1","Burst+1","Acrobatics+1"],"relics":["MiniHakkero","REME_ComplimentaryCards","Vajra","Lantern","Golden Idol","Smiling Mask","Akabeko","Blood Vial","Ancient Tea Set","SimpleLauncher","Omamori","Calipers","Sling","Calling Bell","Nunchaku","Matryoshka","Incense Burner","War Paint","REME_PuzzleBoxRelic","Molten Egg 2","Ornamental Fan","Necronomicon","SproutingBranch","TheAbacus","Ice Cream","Membership Card","Whetstone","PrismaticShard","SlaversCollar","Toxic Egg 2","Peace Pipe","Centennial Puzzle","CatCart","Anchor","Shuriken","REME_LimitBreaker","Medical Kit","HandmadeGrimoire","Bronze Scales","Oddly Smooth Stone"],"acts_visited":["Exordium","TheCity","TheBeyond","TheEnding"],"potions_floor_usage":[56],"damage_taken":[{"damage":6.0,"enemies":"Jaw Worm","floor":1.0,"turns":3.0},{"damage":0.0,"enemies":"Small Slimes","floor":5.0,"turns":2.0},{"damage":9.0,"enemies":"3 Sentries","floor":6.0,"turns":4.0},{"damage":10.0,"enemies":"2 Louse","floor":7.0,"turns":3.0},{"damage":28.0,"enemies":"Gremlin Nob","floor":10.0,"turns":4.0},{"damage":0.0,"enemies":"Blue Slaver","floor":13.0,"turns":2.0},{"damage":0.0,"enemies":"Hexaghost","floor":16.0,"turns":3.0},{"damage":0.0,"enemies":"Shell Parasite","floor":18.0,"turns":2.0},{"damage":0.0,"enemies":"2 Thieves","floor":21.0,"turns":1.0},{"damage":0.0,"enemies":"Snake Plant","floor":22.0,"turns":1.0},{"damage":0.0,"enemies":"REME_1_Revenger","floor":23.0,"turns":1.0},{"damage":0.0,"enemies":"Book of Stabbing","floor":25.0,"turns":1.0},{"damage":0.0,"enemies":"Chosen and Byrds","floor":30.0,"turns":2.0},{"damage":0.0,"enemies":"REME_1_Revenger","floor":31.0,"turns":1.0},{"damage":0.0,"enemies":"Collector","floor":33.0,"turns":2.0},{"damage":1.0,"enemies":"3 Shapes","floor":35.0,"turns":2.0},{"damage":0.0,"enemies":"Orb Walker","floor":36.0,"turns":3.0},{"damage":0.0,"enemies":"Spire Growth","floor":37.0,"turns":3.0},{"damage":3.0,"enemies":"Nemesis","floor":40.0,"turns":3.0},{"damage":0.0,"enemies":"Orin","floor":42.0,"turns":4.0},{"damage":0.0,"enemies":"Transient","floor":45.0,"turns":1.0},{"damage":0.0,"enemies":"Reptomancer","floor":46.0,"turns":1.0},{"damage":0.0,"enemies":"4 Shapes","floor":48.0,"turns":1.0},{"damage":0,"enemies":"Time Eater","floor":50,"turns":1},{"damage":0,"enemies":"Donu and Deca","floor":51,"turns":1},{"damage":0,"enemies":"Shield and Spear","floor":55,"turns":2},{"damage":2,"enemies":"The Heart","floor":56,"turns":4}],"seed_played":"-5359994488384910026","potions_obtained":[{"floor":1.0,"key":"StarNLove"},{"floor":5.0,"key":"Fire Potion"},{"floor":10.0,"key":"FearPotion"},{"floor":21.0,"key":"Fire Potion"},{"floor":23.0,"key":"GamblersBrew"},{"floor":30.0,"key":"Strength Potion"},{"floor":40.0,"key":"DuplicationPotion"},{"floor":48.0,"key":"DistilledChaos"}],"is_trial":false,"path_per_floor":["M","?","$","?","M","E","M","R","T","E","?","R","M","$","R","B",null,"M","?","?","M","M","E","R","E","T","R","?","$","M","E","R","B",null,"M","M","M","?","?","E","R","?","T","R","M","E","$","M","R","B","B",null,"R","$","E","B",null],"character_chosen":"MARISA","items_purchased":["Vajra","Lantern","BlazeAway","Ancient Tea Set","SimpleLauncher","Omamori","Calipers","6A","Sling","SproutingBranch","TheAbacus","Membership Card","Whetstone","PrismaticShard","Peace Pipe","Centennial Puzzle","Medical Kit","HandmadeGrimoire","Bronze Scales"],"campfire_rested":0,"item_purchase_floors":[3,3,8,12,14,14,14,15,15,29,29,32,32,32,41,41,49,49,49],"current_hp_per_floor":[57,62,62,62,62,53,43,43,43,15,4,4,6,6,6,8,53,55,55,55,57,59,61,61,63,63,63,42,42,49,51,51,58,66,68,68,68,68,68,65,65,68,68,68,68,68,68,68,68,68,68,68,68,68,68,68],"gold":79,"neow_bonus":"ONE_RANDOM_RARE_CARD","is_daily":false,"chose_seed":false,"campfire_upgraded":2,"win_rate":0.0,"timestamp":1610804025,"path_taken":["M","?","$","?","M","E","M","R","T","E","?","R","M","$","R","BOSS","M","?","?","M","M","E","R","E","T","R","?","$","M","E","R","BOSS","M","M","M","?","?","E","R","?","T","R","M","E","$","M","R","BOSS","BOSS","R","$","E","BOSS"],"items_purchased_type":["Relic","Relic","Card","Relic","Relic","Relic","Relic","Card","Relic","Relic","Relic","Relic","Relic","Relic","Relic","Relic","Relic","Relic","Relic"],"build_version":"2020-12-22","purchased_purges":5,"victory":true,"max_hp_per_floor":[70,75,75,68,68,68,68,68,68,68,68,68,68,68,68,68,68,68,68,68,68,68,68,68,68,68,68,68,68,68,68,68,68,68,68,68,68,68,68,68,68,68,68,68,68,68,68,68,68,68,68,68,68,68,68,68],"card_choices":[{"not_picked":["ManaConvection","OpenUniverse","DeepEcoloBomb"],"picked":"SKIP","floor":1.0},{"not_picked":["OortCloud","DoubleSpark","DC"],"picked":"SKIP","floor":5.0},{"not_picked":["DragonMeteor","IllusionStar","OortCloud"],"picked":"SKIP","floor":6.0},{"not_picked":["Acceleration","WitchOfGreed"],"picked":"GasGiant","floor":7.0},{"not_picked":["Occultation","ManaConvection","Robbery"],"picked":"SKIP","floor":10.0},{"not_picked":["DarkSpark","GalacticHalo","WitchOfGreed"],"picked":"SKIP","floor":13.0},{"not_picked":["FinalSpark","TreasureHunter"],"picked":"UltimateShortwave","floor":16.0},{"not_picked":["AlicesGift","DragonMeteor","SporeBomb"],"picked":"SKIP","floor":18.0},{"not_picked":["GrandCross","WitchOfGreed","Singularity"],"picked":"SKIP","floor":21.0},{"not_picked":["PropBag","Robbery","SprinkleStarSeal"],"picked":"SKIP","floor":22.0},{"not_picked":["WitchLeyline","ShootingEcho","OrrerysSun+1"],"picked":"SKIP","floor":23.0},{"not_picked":["Acceleration+1","PulseMagic","ChargeUpSpray+1"],"picked":"SKIP","floor":25.0},{"not_picked":["PowerUp","ChargeUpSpray+1","GrandCross+1"],"picked":"SKIP","floor":30.0},{"not_picked":["PowerUp","ChargeUpSpray+1","GrandCross+1"],"picked":"SKIP","floor":30.0},{"not_picked":["GravityBeat+1","PowerUp","SporeBomb"],"picked":"SKIP","floor":31.0},{"not_picked":["REME_ACTH","REME_WorshipGod"],"picked":"LessonLearned+1","floor":33.0},{"not_picked":["Headbutt+1","BowlingBash+1","Noxious Fumes"],"picked":"SKIP","floor":35.0},{"not_picked":["Crescendo","Stack","Dark Shackles"],"picked":"SKIP","floor":36.0},{"not_picked":["ManaConvection","StarlightTyphoon+1","Pommel Strike+1"],"picked":"SKIP","floor":37.0},{"not_picked":["PanicButton","Dark Shackles"],"picked":"REME_FirmDetermination","floor":39.0},{"not_picked":["AsteroidBelt+1","Consecrate+1"],"picked":"Burst+1","floor":40.0},{"not_picked":["Blood for Blood+1","Leap+1"],"picked":"Acrobatics+1","floor":42.0},{"not_picked":["GalacticHalo+1","Slice+1","Bane+1"],"picked":"SKIP","floor":45.0},{"not_picked":["Distraction+1","Power Through+1","SashWhip+1"],"picked":"SKIP","floor":46.0},{"not_picked":["REME_Cut","Backflip+1","WitchOfGreed"],"picked":"SKIP","floor":48.0},{"not_picked":["Grand Finale+1","Electrodynamics","Sword Boomerang+1"],"picked":"SKIP","floor":55}],"player_experience":450291,"relics_obtained":[{"floor":6.0,"key":"Smiling Mask"},{"floor":9.0,"key":"Akabeko"},{"floor":10.0,"key":"Blood Vial"},{"floor":17.0,"key":"Nunchaku"},{"floor":17.0,"key":"Matryoshka"},{"floor":17.0,"key":"Incense Burner"},{"floor":23.0,"key":"REME_PuzzleBoxRelic"},{"floor":25.0,"key":"Molten Egg 2"},{"floor":26.0,"key":"Ornamental Fan"},{"floor":28.0,"key":"Necronomicon"},{"floor":31.0,"key":"Ice Cream"},{"floor":40.0,"key":"Toxic Egg 2"},{"floor":42.0,"key":"CatCart"},{"floor":43.0,"key":"Anchor"},{"floor":43.0,"key":"Shuriken"},{"floor":46.0,"key":"REME_LimitBreaker"},{"floor":55,"key":"Oddly Smooth Stone"}],"event_choices":[{"damage_healed":0.0,"max_hp_gain":5.0,"max_hp_loss":0.0,"gold_gain":0.0,"event_name":"Big Fish","player_choice":"Donut","floor":2.0,"gold_loss":0.0,"damage_taken":0.0},{"damage_healed":0.0,"max_hp_gain":0.0,"max_hp_loss":7.0,"gold_gain":0.0,"event_name":"Golden Idol","player_choice":"Lose Max HP","floor":4.0,"gold_loss":0.0,"damage_taken":0.0,"relics_obtained":["Golden Idol"]},{"damage_healed":0.0,"max_hp_gain":0.0,"max_hp_loss":0.0,"gold_gain":75.0,"event_name":"World of Goop","player_choice":"Gather Gold","floor":11.0,"gold_loss":0.0,"damage_taken":11.0},{"cards_removed":["OortCloud"],"damage_healed":0.0,"max_hp_gain":0.0,"max_hp_loss":0.0,"gold_gain":0.0,"event_name":"Back to Basics","player_choice":"Elegance","floor":19.0,"gold_loss":0.0,"damage_taken":0.0},{"damage_healed":0.0,"max_hp_gain":0.0,"max_hp_loss":0.0,"gold_gain":0.0,"event_name":"Addict","player_choice":"Obtained Relic","floor":20.0,"gold_loss":85.0,"damage_taken":0.0,"relics_obtained":["War Paint"]},{"damage_healed":0.0,"max_hp_gain":0.0,"max_hp_loss":0.0,"gold_gain":0.0,"event_name":"Cursed Tome","player_choice":"Obtained Book","floor":28.0,"gold_loss":0.0,"damage_taken":21.0},{"cards_removed":["Steam Power"],"damage_healed":0.0,"max_hp_gain":0.0,"max_hp_loss":0.0,"gold_gain":0.0,"event_name":"Falling","player_choice":"Removed Skill","floor":38.0,"gold_loss":0.0,"damage_taken":0.0},{"damage_healed":0.0,"max_hp_gain":0.0,"max_hp_loss":0.0,"gold_gain":0.0,"event_name":"SensoryStone","player_choice":"Memory 1","floor":39.0,"gold_loss":0.0,"damage_taken":0.0},{"damage_healed":0.0,"max_hp_gain":0.0,"max_hp_loss":0.0,"gold_gain":0.0,"event_name":"OrinTheCat","player_choice":"Fight","floor":42.0,"gold_loss":0.0,"damage_taken":0.0},{"damage_healed":0.0,"max_hp_gain":0.0,"max_hp_loss":0.0,"gold_gain":0.0,"event_name":"OrinTheCat","player_choice":"Fight","floor":42.0,"gold_loss":0.0,"damage_taken":0.0},{"damage_healed":0.0,"max_hp_gain":0.0,"max_hp_loss":0.0,"gold_gain":0.0,"event_name":"OrinTheCat","player_choice":"Fight","floor":42.0,"gold_loss":0.0,"damage_taken":0.0},{"damage_healed":0.0,"max_hp_gain":0.0,"max_hp_loss":0.0,"gold_gain":0.0,"event_name":"OrinTheCat","player_choice":"Fight","floor":42.0,"gold_loss":0.0,"damage_taken":0.0},{"damage_healed":0.0,"max_hp_gain":0.0,"max_hp_loss":0.0,"gold_gain":0.0,"event_name":"OrinTheCat","player_choice":"Fight","floor":42.0,"gold_loss":0.0,"damage_taken":0.0},{"damage_healed":0.0,"max_hp_gain":0.0,"max_hp_loss":0.0,"gold_gain":0.0,"event_name":"OrinTheCat","player_choice":"Fight","floor":42.0,"gold_loss":0.0,"damage_taken":0.0},{"damage_healed":0.0,"max_hp_gain":0.0,"max_hp_loss":0.0,"gold_gain":0.0,"event_name":"OrinTheCat","player_choice":"Fight","floor":42.0,"gold_loss":0.0,"damage_taken":0.0}],"is_beta":false,"boss_relics":[{"not_picked":["Runic Pyramid","Sozu"],"picked":"Calling Bell"},{"not_picked":["Philosopher\u0027s Stone","Astrolabe"],"picked":"SlaversCollar"}],"items_purged_floors":[3,8,12,14,15],"is_endless":false,"potions_floor_spawned":[1,5,10,21,23,30,40,42,42,45,46,48],"ascension_level":20}}