{"host":"bw00wb7p5bw58om7","time":1610808772,"event":{"mods":["Act Like it!","BaseMod","Better Third Choice","CapriCore","Chen","Downfall","Gensokyo","Koishi","KomeijiMod","Marisa????????","Minty Spire (QoL Compilation)","Onozuka Komachi Mod","Permanent Neow","Prisma Mod","Reimu??????","Remilia??????","StSLib","The Administrix","The Immortal","The Senshi","The Servant 0.9.4","Yakumo Yukari mod"],"gold_per_floor":[113,113,113,211,211,229,229,229,229],"floor_reached":7,"language":"ENG","playtime":137,"items_purged":[],"score":89,"play_id":"6a8143da-c2ef-4c9f-bb13-42b211201f9b","local_time":"20210116145252","is_ascension_mode":false,"campfire_choices":[],"circlet_count":0,"master_deck":["MokouMod:Strike","MokouMod:Strike","MokouMod:Strike","MokouMod:Strike","MokouMod:Strike","MokouMod:Defend","MokouMod:Defend","MokouMod:Defend","MokouMod:Defend","MokouMod:HeatSpark","MokouMod:Meltdown","Injury","Gensokyo:CrescentMoonSlash","MokouMod:Geothermal","MokouMod:ResoluteFlare+1"],"relics":["MokouMod:PhoenixFeather","NeowsBlessing","ScarletDevilRocket","Coffee Dripper"],"acts_visited":["Gensokyo:Gensokyo","Gensokyo:Gensokyoer"],"potions_floor_usage":[],"damage_taken":[{"damage":0,"enemies":"Gensokyo:Gryphon","floor":1,"turns":1},{"damage":0,"enemies":"Gensokyo:Yukari","floor":4,"turns":1},{"damage":0,"enemies":"Gensokyo:Chomper","floor":6,"turns":1},{"damage":20,"enemies":"Gensokyo:3_Dogs","floor":7,"turns":3}],"seed_played":"9111420922052001343","potions_obtained":[{"floor":1,"key":"Dexterity Potion"},{"floor":4,"key":"Regen Potion"}],"is_trial":false,"path_per_floor":["M","?","?","B",null,"M","M"],"character_chosen":"MKU","items_purchased":[],"campfire_rested":0,"item_purchase_floors":[],"current_hp_per_floor":[75,75,64,64,75,75,55,55,55],"gold":229,"neow_bonus":"THREE_ENEMY_KILL","is_daily":false,"chose_seed":false,"campfire_upgraded":0,"win_rate":0.0,"timestamp":1610808772,"path_taken":["M","?","?","BOSS","M","M"],"items_purchased_type":[],"build_version":"2020-12-22","purchased_purges":0,"victory":false,"max_hp_per_floor":[75,75,75,75,75,75,75,75,75],"card_choices":[{"not_picked":["MokouMod:RoaringFlare","MokouMod:Ember"],"picked":"MokouMod:Meltdown","floor":1},{"not_picked":["MokouMod:ProfanedFlare","MokouMod:ExplosiveFlame"],"picked":"MokouMod:Geothermal","floor":4},{"not_picked":["MokouMod:FlareStarter","MokouMod:DanceofFlames"],"picked":"MokouMod:ResoluteFlare+1","floor":6}],"player_experience":250672,"relics_obtained":[],"event_choices":[],"is_beta":false,"boss_relics":[{"not_picked":["RedLine:ReiMu","SlaversCollar"],"picked":"Coffee Dripper"}],"items_purged_floors":[],"is_endless":false,"potions_floor_spawned":[1,4],"killed_by":"Gensokyo:3_Dogs","ascension_level":0}}