{"host":"6a06qhlf17v5rcww","time":1610832987,"event":{"mods":["Act Like it!","Aspiration","BaseMod","Beaked The Cultist","Better Altar","Better Match","Better Note","Better Sensory Stone","Better Skull","Better Third Choice","Better Vampires","BetterRewards","Block Reminder","Colored Powertips","Downfall","Gensokyo","Infinite Spire","Minty Spire (QoL Compilation)","Pale of the Ancients","Poor People Problems","Rare Cards Sparkle","Shade Mod","StSLib","The Bug Knight","The Jungle","The Marked"],"gold_per_floor":[99,114,127,127,127,127,127,138,171,171,186,205,105,135,148,249,249,149,163,174,174,174,174,198,198,198,211,211,245,145,130,144,247,247,247,257,271,271,290,290,316,350,350,350,378,378,378,378,392,392,392,420,179,179,179,179],"floor_reached":57,"language":"ENG","playtime":7067,"items_purged":["Regret"],"score":1199,"play_id":"e84ae3f8-2a41-4aeb-b5cc-c1ae861d940f","local_time":"20210116163627","is_ascension_mode":true,"campfire_choices":[{"data":"hexamod:Float","floor":1.0,"key":"SMITH"},{"floor":6.0,"key":"REST"},{"floor":10.0,"key":"RECALL"},{"data":"hexamod:EtherealExpedition","floor":13.0,"key":"SMITH"},{"data":"hexamod:TimeOfNeed","floor":18.0,"key":"SMITH"},{"data":"hexamod:UnleashSpirits","floor":23.0,"key":"SMITH"},{"floor":30.0,"key":"REST"},{"data":"hexamod:HexaLevel","floor":35.0,"key":"SMITH"},{"data":"hexamod:GhostflameInferno","floor":40.0,"key":"SMITH"},{"data":"hexamod:SoulSteal","floor":47.0,"key":"SMITH"},{"data":"infinitespire:FutureSight","floor":54.0,"key":"SMITH"}],"circlet_count":0,"master_deck":["hexamod:Strike","hexamod:Strike","hexamod:Strike","hexamod:Strike","hexamod:Defend","hexamod:Defend","hexamod:Defend","hexamod:Defend","hexamod:Sear","hexamod:Float+1","hexamod:UnleashSpirits+1","hexamod:ThirdSeal","hexamod:HauntingEcho","hexamod:BurningTouch+1","Good Instincts","hexamod:GhostShield+1","hexamod:NightmareGuise","hexamod:SpectersWail","hexamod:PowerFromBeyond","hexamod:EtherealExpedition+1","hexamod:GhostLash","hexamod:PhantomCloak","hexamod:FlamesFromBeyond","hexamod:TimeOfNeed+1","hexamod:GhostLash","hexamod:EtherealExpedition","hexamod:TimeOfNeed","hexamod:TimeWarp","CurseOfTheBell","hexamod:Hexaguard+1","hexamod:SpectralSpark+1","hexamod:NightmareStrike+1","infinitespire:FutureSight+1","infinitespire:Gouge","hexamod:ApocalypseNow","hexamod:Hexaguard+1","hexamod:NecessarySacrifice+1","hexamod:PhantomFireball+1","hexamod:SpectersWail","hexamod:HexaLevel+1","hexamod:GhostflameInferno+1","Bloodletting+1","hexamod:AdvancingGuard+1","Armaments+1","Inflame+1","hexamod:SoulSteal+1","hexamod:ThirdSeal","hexamod:FirstSeal","Feel No Pain+1","True Grit+1","hexamod:PhantomFireball+1","Infernal Blade+1","Cleave","Ghostly Armor","Headbutt"],"relics":["hexamod:SpiritBrand","infinitespire:EmpoweringShard","Incense Burner","Pen Nib","downfall:HeartBlessingRed","aspiration:ChemicalBlood","Calling Bell","aspiration:DSix","HornCleat","hexamod:MatchstickCase","downfall:HeartBlessingGreen","hexamod:IceCube","Guardian:GemstoneGun","downfall:RedIOU","Omamori","Tiny Chest","downfall:HeartBlessingBlue","aspiration:IroncladSkillbook","Bronze Scales","PreservedInsect","hexamod:JarOfFuel","Bag of Marbles","StrikeDummy","Nunchaku","aspiration:EmptySkull"],"acts_visited":["Exordium","TheCity","TheBeyond","TheEnding"],"potions_floor_usage":[56],"damage_taken":[{"damage":2.0,"enemies":"Jaw Worm","floor":2.0,"turns":3.0},{"damage":0.0,"enemies":"Small Slimes","floor":3.0,"turns":4.0},{"damage":5.0,"enemies":"2 Louse","floor":8.0,"turns":2.0},{"damage":6.0,"enemies":"Lagavulin","floor":9.0,"turns":7.0},{"damage":5.0,"enemies":"Gremlin Gang","floor":11.0,"turns":5.0},{"damage":3.0,"enemies":"Large Slime","floor":12.0,"turns":5.0},{"damage":3.0,"enemies":"3 Sentries","floor":14.0,"turns":8.0},{"damage":3.0,"enemies":"3 Louse","floor":15.0,"turns":4.0},{"damage":6.0,"enemies":"IC_STATUS_ARCHETYPE","floor":16.0,"turns":5.0},{"damage":9.0,"enemies":"Chosen","floor":19.0,"turns":3.0},{"damage":2.0,"enemies":"Spheric Guardian","floor":20.0,"turns":3.0},{"damage":11.0,"enemies":"Snake Plant","floor":27.0,"turns":2.0},{"damage":8.0,"enemies":"Book of Stabbing","floor":29.0,"turns":5.0},{"damage":0.0,"enemies":"downfall:FleeingMerchant","floor":31.0,"turns":4.0},{"damage":0.0,"enemies":"Centurion and Healer","floor":32.0,"turns":4.0},{"damage":25.0,"enemies":"WA_ARCHETYPE_CALM","floor":33.0,"turns":7.0},{"damage":15.0,"enemies":"3 Shapes","floor":36.0,"turns":4.0},{"damage":0.0,"enemies":"Orb Walker","floor":37.0,"turns":3.0},{"damage":0.0,"enemies":"Spire Growth","floor":39.0,"turns":3.0},{"damage":0.0,"enemies":"HollowMod:StalkingDevout","floor":42.0,"turns":6.0},{"damage":8.0,"enemies":"Giant Head","floor":45.0,"turns":6.0},{"damage":7.0,"enemies":"Sphere and 2 Shapes","floor":49.0,"turns":5.0},{"damage":8.0,"enemies":"SI_POISON_ARCHETYPE","floor":50.0,"turns":6.0},{"damage":33.0,"enemies":"downfall:CharBossMerchant","floor":52.0,"turns":7.0},{"damage":42.0,"enemies":"downfall:NeowBoss","floor":55.0,"turns":13.0},{"damage":11,"enemies":"downfall:NeowBoss","floor":56,"turns":10}],"seed_played":"2167680821001568261","potions_obtained":[{"floor":2.0,"key":"sneckomod:MuddlingPotion"},{"floor":8.0,"key":"Strength Potion"},{"floor":14.0,"key":"BlessingOfTheForge"},{"floor":16.0,"key":"AttackPotion"},{"floor":20.0,"key":"Swift Potion"},{"floor":29.0,"key":"bronze:BurnAndBuffPotion"},{"floor":36.0,"key":"SkillPotion"}],"is_trial":false,"path_per_floor":["R","M","M","?","?","R","T","M","E","R","M","M","R","E","M","B",null,"R","M","M","?","AVR","R","T","?","?","M","?","E","R","$","M","B",null,"R","M","M","?","M","R","T","E","?","AVR","E","?","R","T","M","B",null,"E","$","R","B","B",null],"character_chosen":"THE_SPIRIT","items_purchased":["Ghostly Armor","aspiration:EmptySkull","Headbutt"],"campfire_rested":2,"item_purchase_floors":[53,53,53],"current_hp_per_floor":[49,47,47,47,47,68,68,63,57,57,52,49,49,46,43,37,70,70,61,59,41,41,41,41,25,25,14,14,6,40,40,40,15,80,80,69,73,73,77,77,77,80,73,73,76,76,76,76,73,76,80,58,58,58,27,27],"gold":179,"neow_bonus":"THREE_RARE_CARDS","is_daily":false,"chose_seed":false,"campfire_upgraded":8,"win_rate":0.0,"timestamp":1610832987,"path_taken":["R","M","M","?","?","R","T","M","E","R","?","M","R","E","M","BOSS","R","M","M","?","AVR","R","T","?","?","M","?","E","R","$","M","BOSS","R","M","M","?","M","R","T","E","?","AVR","E","?","R","?","M","BOSS","E","$","R","BOSS","BOSS"],"items_purchased_type":["Card","Relic","Card"],"build_version":"2020-12-22","purchased_purges":1,"victory":true,"max_hp_per_floor":[70,70,70,70,70,70,70,70,70,70,70,70,70,70,70,70,70,70,70,70,70,70,70,70,70,70,70,70,70,80,80,80,80,80,80,80,80,80,80,80,80,80,80,80,80,80,80,80,80,80,80,80,80,80,80,80],"card_choices":[{"not_picked":["hexamod:GhostflameInferno","hexamod:TurnItUp"],"picked":"hexamod:UnleashSpirits","floor":0.0},{"not_picked":["hexamod:ThermalTransfer","hexamod:CatchUp"],"picked":"hexamod:ThirdSeal","floor":2.0},{"not_picked":["hexamod:ExtraCrispy","hexamod:FourthSeal"],"picked":"hexamod:HauntingEcho","floor":3.0},{"not_picked":["hexamod:HauntingEcho","hexamod:Firestarter"],"picked":"hexamod:BurningTouch","floor":3.0},{"not_picked":["Mayhem","Trip"],"picked":"Good Instincts","floor":5.0},{"not_picked":["hexamod:RecurringNightmare","hexamod:HeatMetal"],"picked":"hexamod:GhostShield","floor":8.0},{"not_picked":["hexamod:BacktrackSmack","hexamod:Firestarter"],"picked":"hexamod:NightmareGuise","floor":8.0},{"not_picked":["hexamod:NightmareStrike","hexamod:SearingWound"],"picked":"hexamod:SpectersWail","floor":9.0},{"not_picked":["hexamod:HeatMetal","hexamod:Hexaguard"],"picked":"hexamod:PowerFromBeyond","floor":9.0},{"not_picked":["hexamod:SpectralAdrenaline","hexamod:HeatCrush"],"picked":"hexamod:EtherealExpedition","floor":11.0},{"not_picked":["hexamod:HeatCrush","hexamod:InspiringFlames"],"picked":"hexamod:GhostLash","floor":11.0},{"not_picked":["hexamod:FourthSeal","hexamod:BacktrackSmack"],"picked":"hexamod:PhantomCloak","floor":12.0},{"not_picked":["hexamod:AdvancingGuard","hexamod:PowerFromBeyond"],"picked":"hexamod:FlamesFromBeyond","floor":12.0},{"not_picked":["hexamod:NecessarySacrifice","hexamod:ThermalTransfer"],"picked":"hexamod:TimeOfNeed","floor":14.0},{"not_picked":["hexamod:ShieldOfDarkness","hexamod:GhostOfSpirePast"],"picked":"hexamod:GhostLash","floor":14.0},{"not_picked":["hexamod:SuperheatedStrike","hexamod:NightmareStrike"],"picked":"hexamod:EtherealExpedition","floor":15.0},{"not_picked":["hexamod:Firestarter","hexamod:NightmareGuise","hexamod:ShieldOfDarkness"],"picked":"SKIP","floor":15.0},{"not_picked":["hexamod:UnleashSpirits","hexamod:FlameSwitch"],"picked":"hexamod:TimeOfNeed","floor":16.0},{"not_picked":["hexamod:GhostflameInferno","hexamod:UnlimitedPower"],"picked":"hexamod:TimeWarp","floor":16.0},{"not_picked":["hexamod:Firestarter+1","hexamod:SkipABeat"],"picked":"hexamod:Hexaguard+1","floor":19.0},{"not_picked":["hexamod:HeatMetal","hexamod:NightmareGuise+1"],"picked":"hexamod:SpectralSpark+1","floor":19.0},{"not_picked":["hexamod:FastForward","hexamod:GhostOfSpireFuture"],"picked":"hexamod:NightmareStrike+1","floor":20.0},{"not_picked":["hexamod:Firestarter","hexamod:FastForward","hexamod:HeatShield"],"picked":"SKIP","floor":20.0},{"not_picked":["infinitespire:Oblivion","infinitespire:Punishment"],"picked":"infinitespire:FutureSight","floor":21.0},{"not_picked":["hexamod:AdvancingGuard+1","hexamod:ShieldOfDarkness+1"],"picked":"hexamod:ApocalypseNow","floor":27.0},{"not_picked":["hexamod:RadiantFlame","hexamod:FastForward"],"picked":"hexamod:Hexaguard+1","floor":27.0},{"not_picked":["hexamod:GhostShield+1","hexamod:AdvancingGuard"],"picked":"hexamod:NecessarySacrifice+1","floor":29.0},{"not_picked":["hexamod:Incineration","hexamod:ExtraCrispy","hexamod:Firestarter"],"picked":"SKIP","floor":29.0},{"not_picked":["hexamod:NightmareGuise","hexamod:TurnItUp"],"picked":"hexamod:PhantomFireball+1","floor":31.0},{"not_picked":["hexamod:BurningTouch","hexamod:ShieldOfDarkness"],"picked":"hexamod:SpectersWail","floor":31.0},{"not_picked":["hexamod:Incineration","hexamod:NightmareStrike"],"picked":"hexamod:SuperheatedStrike","floor":32.0},{"not_picked":["hexamod:TimeOfNeed","hexamod:VolcanoVisage"],"picked":"hexamod:HexaLevel","floor":33.0},{"not_picked":["hexamod:ForkedFlame","hexamod:Toasty"],"picked":"hexamod:GhostflameInferno","floor":33.0},{"not_picked":["hexamod:FlamesFromBeyond","Hemokinesis+1","hexamod:GhostOfSpirePast"],"picked":"Bloodletting+1","floor":36.0},{"not_picked":["hexamod:GhostOfSpirePast","hexamod:GhostOfSpireFuture+1","hexamod:Haunt"],"picked":"hexamod:AdvancingGuard+1","floor":36.0},{"not_picked":["hexamod:SecondSeal","hexamod:GhostflameBarrier","hexamod:NightmareGuise"],"picked":"Armaments+1","floor":37.0},{"not_picked":["hexamod:ShieldOfDarkness+1","hexamod:Incineration+1","Flex+1"],"picked":"Inflame+1","floor":39.0},{"not_picked":["Heavy Blade+1","Thunderclap","hexamod:SpectersWail"],"picked":"hexamod:SoulSteal","floor":42.0},{"not_picked":["hexamod:ThermalTransfer","Inflame","infinitespire:OneForAll+1","Havoc+1"],"picked":"SKIP","floor":42.0},{"not_picked":["Second Wind+1","hexamod:SwordOfDarkness","Warcry"],"picked":"Feel No Pain+1","floor":45.0},{"not_picked":["Carnage","hexamod:Firestarter+1","hexamod:PowerFromBeyond"],"picked":"True Grit+1","floor":49.0},{"not_picked":["infinitespire:OneForAll","Power Through","hexamod:Hexaguard+1"],"picked":"hexamod:PhantomFireball+1","floor":49.0},{"not_picked":["Clothesline+1","hexamod:InspiringFlames","Evolve"],"picked":"Infernal Blade+1","floor":49.0},{"not_picked":["hexamod:HeatMetal","hexamod:ShieldOfDarkness+1","Carnage"],"picked":"Cleave","floor":52.0},{"not_picked":["hexamod:FlamesFromBeyond+1","hexamod:Hexaguard","Clash","hexamod:ShieldOfDarkness"],"picked":"SKIP","floor":52.0}],"player_experience":740904,"relics_obtained":[{"floor":7.0,"key":"Incense Burner"},{"floor":9.0,"key":"Pen Nib"},{"floor":14.0,"key":"aspiration:ChemicalBlood"},{"floor":17.0,"key":"aspiration:DSix"},{"floor":17.0,"key":"HornCleat"},{"floor":17.0,"key":"hexamod:MatchstickCase"},{"floor":25.0,"key":"War Paint"},{"floor":29.0,"key":"Tiny Chest"},{"floor":41.0,"key":"Bronze Scales"},{"floor":42.0,"key":"PreservedInsect"},{"floor":45.0,"key":"Bag of Marbles"},{"floor":48.0,"key":"StrikeDummy"},{"floor":52.0,"key":"Nunchaku"}],"event_choices":[{"damage_healed":0.0,"max_hp_gain":0.0,"max_hp_loss":0.0,"gold_gain":0.0,"event_name":"Big Fish","player_choice":"Box","floor":4.0,"gold_loss":0.0,"damage_taken":0.0,"relics_obtained":["infinitespire:EmpoweringShard"],"cards_obtained":["Regret"]},{"damage_healed":0.0,"max_hp_gain":0.0,"max_hp_loss":0.0,"gold_gain":1.0,"event_name":"betterStone:BetterStone","player_choice":"1","floor":5.0,"gold_loss":0.0,"damage_taken":0.0}],"is_beta":false,"boss_relics":[{"not_picked":["Empty Cage","Fusion Hammer"],"picked":"Calling Bell"},{"not_picked":["Velvet Choker","infinitespire:Cupcake"],"picked":"aspiration:IroncladSkillbook"}],"items_purged_floors":[22],"is_endless":false,"potions_floor_spawned":[2,8,14,16,20,29,33,36,39,45,52],"ascension_level":3}}