{"host":"yxzbjgn8r2ozgaoi","time":1610807680,"event":{"mods":["Act Like it!","BaseMod","CapriCore","Chen","Friendly Minions","Gensokyo","Hallownest","KinomotoSakuraMod(木之本樱)","Kiyohime（清姬）","Koishi","Lobotomy","LobotomyExtend","Marisa（F雨　魔理沙）","Minty Spire (QoL Compilation)","Prisma Mod","Quick Restart","Reimu（博丽灵梦）","Remilia（蕾米莉亚）","Replay The Spire","StSLib","The Bug Knight","The Immortal","Youmu（魂魄妖梦）","Yuyuko","【功能Mod】聪明的最终Boss","篝火指南"],"gold_per_floor":[116,130,130,130,143,143,36,36,36,50,67,67,77,85,85,85,85],"floor_reached":16,"language":"ZHS","playtime":553,"items_purged":[],"score":94,"play_id":"3c207098-965f-44ea-a6d9-66db48a4cc9c","local_time":"20210116223440","is_ascension_mode":false,"campfire_choices":[{"data":"Heavy Blade","floor":6,"key":"SMITH"},{"data":"Whirlwind","floor":8,"key":"SMITH"},{"data":"Flex","floor":12,"key":"SMITH"},{"data":"Combust","floor":15,"key":"SMITH"}],"circlet_count":0,"master_deck":["Strike_R","Strike_R","Strike_R","Strike_R","Strike_R","Defend_R","Defend_R","Defend_R","Defend_R","Bash","UniverseFragment","Whirlwind+1","Mercenary","Heavy Blade+1","DespairKnight","Sword Boomerang","Gensokyo:TarnishedGold","Wellcheers","Combust+1","Flex+1","Freischutz","Brutality"],"relics":["Burning Blood","CogitoBucket","LetterFromLob","ChangeAnything","CaptainsWheel"],"acts_visited":["Gensokyo:Gensokyo"],"potions_floor_usage":[16,16,16],"damage_taken":[{"damage":6,"enemies":"Gensokyo:Python","floor":1,"turns":3},{"damage":0,"enemies":"Gensokyo:3_Fairies","floor":2,"turns":3},{"damage":9,"enemies":"Gensokyo:Gryphon","floor":5,"turns":4},{"damage":10,"enemies":"Gensokyo:VengefulSpirit","floor":10,"turns":5},{"damage":0,"enemies":"Gensokyo:3_Kodama","floor":11,"turns":1},{"damage":0,"enemies":"Gensokyo:CorruptedTreant","floor":13,"turns":1},{"damage":14,"enemies":"Gensokyo:2_Rabbits","floor":14,"turns":3},{"damage":74,"enemies":"Gensokyo:Yukari","floor":16,"turns":6}],"seed_played":"-4536294898856176268","potions_obtained":[{"floor":1,"key":"Strength Potion"},{"floor":5,"key":"ElixirPotion"},{"floor":11,"key":"Death Potion"}],"is_trial":false,"path_per_floor":["M","M","?","?","M","R","COS","R","T","M","M","R","M","M","R","B"],"character_chosen":"IRONCLAD","items_purchased":[],"campfire_rested":0,"item_purchase_floors":[],"current_hp_per_floor":[80,80,80,80,77,77,77,77,77,73,79,79,80,72,72,0,0],"gold":85,"neow_bonus":"","is_daily":false,"chose_seed":false,"campfire_upgraded":4,"win_rate":0.0,"timestamp":1610807680,"path_taken":["M","M","?","?","M","R","COS","R","T","M","M","R","M","M","R","BOSS"],"items_purchased_type":[],"build_version":"2020-12-22","purchased_purges":0,"victory":false,"max_hp_per_floor":[80,80,80,80,80,80,80,80,80,80,80,80,80,80,80,80,80],"card_choices":[{"not_picked":["MeatLantern","CherryBlossoms","OldLady"],"picked":"Singing Bowl","floor":1},{"not_picked":["WallGazer","GreedKing"],"picked":"UniverseFragment","floor":1},{"not_picked":["Body Slam","Replay:Undeath\u0027s Touch"],"picked":"Whirlwind","floor":1},{"not_picked":["Wellcheers","Variant"],"picked":"Mercenary","floor":2},{"not_picked":["Dark Embrace","Cleave"],"picked":"Heavy Blade","floor":2},{"not_picked":["FairyFestival","MeatLantern"],"picked":"DespairKnight","floor":5},{"not_picked":["Twin Strike","Anger"],"picked":"Sword Boomerang","floor":5},{"not_picked":["ShyLook","Freischutz"],"picked":"Wellcheers","floor":10},{"not_picked":["Clash","Metallicize"],"picked":"Combust","floor":10},{"not_picked":["ShyLook","Yin","CrumblingArmor"],"picked":"Singing Bowl","floor":11},{"not_picked":["True Grit","Cleave"],"picked":"Flex","floor":11},{"not_picked":["Bloodbath","SnowQueen"],"picked":"Freischutz","floor":13},{"not_picked":["Clash","Sword Boomerang"],"picked":"Brutality","floor":13},{"not_picked":["FairyFestival","QueenOfHatred","GalaxyChild"],"picked":"Singing Bowl","floor":14},{"not_picked":["Clash","Armaments","Cleave"],"picked":"SKIP","floor":14}],"player_experience":136605,"relics_obtained":[{"floor":1,"key":"LetterFromLob"}],"event_choices":[],"is_beta":false,"boss_relics":[],"items_purged_floors":[],"is_endless":false,"potions_floor_spawned":[1,5,11],"killed_by":"Gensokyo:Yukari","ascension_level":0}}