{"host":"ndpbn7fqb3wjbd7p","time":1610836182,"event":{"mods":["AchievementEnabler","Act Like it!","AlwaysNeverKeys","BaseMod","Better Vampires","Block Reminder","Colored Powertips","DeckTracker","Defuse TimeMaze Blight","Friendly Minions","Hallownest","Hermit","Highlight Path","Hubris","MarisaÅiñ∂âJÅ@ñÇóùçπÅj","Minty Spire (QoL Compilation)","Permanent Neow","Replay The Spire","Shade Mod","StSLib","SuperFastMode","Synergy Search","The Mystic","Unceasing Turn Reminder","Wandering Minibosses","egg"],"gold_per_floor":[112,37,23,23,33,33,44,44,68,96,111,111,138,31,31,31,31],"floor_reached":16,"language":"ENG","playtime":1675,"items_purged":["Strike_G"],"score":160,"play_id":"42ca05fc-9463-4b54-9a26-4bdf429db172","local_time":"20210116232942","is_ascension_mode":true,"campfire_choices":[{"data":"Survey Options","floor":6,"key":"SMITH"},{"data":"Deadly Poison","floor":8,"key":"SMITH"},{"data":"Bouncing Flask","floor":15,"key":"SMITH"}],"circlet_count":0,"master_deck":["AscendersBane","Strike_G","Strike_G","Defend_G","Defend_G","Defend_G","Defend_G","Defend_G","Survivor","Neutralize","Survey Options+1","Deadly Poison+1","Footwork+1","ReplayTheSpireMod:Speed Training","Poisoned Stab","Pot Of Greed","Pot Of Greed","Tactician","Bouncing Flask+1","Fluid Movement"],"relics":["Ring of the Snake","Hallownest:BankAccountRelic","Replay:Rubber Ducky","Grinning Jar","Akabeko"],"acts_visited":["Exordium"],"potions_floor_usage":[1,10,11,16],"damage_taken":[{"damage":8,"enemies":"Hallownest:2_Tiktiks_and_1_Crawlid","floor":1,"turns":5},{"damage":18,"enemies":"Hallownest:monsterMarmu","floor":4,"turns":10},{"damage":0,"enemies":"Hallownest:monsterHuskWarrior","floor":5,"turns":5},{"damage":2,"enemies":"Hallownest:2_MossCreeps","floor":7,"turns":8},{"damage":8,"enemies":"Hallownest:eliteCrystalGuardian","floor":10,"turns":7},{"damage":11,"enemies":"Hallownest:Guard_and_Warrior","floor":11,"turns":5},{"damage":61,"enemies":"Hallownest:BossHornet","floor":16,"turns":9}],"seed_played":"8282008632190902699","potions_obtained":[{"floor":1,"key":"Fruit Juice"},{"floor":5,"key":"Adrenaline Potion"},{"floor":10,"key":"AttackPotion"},{"floor":11,"key":"Death Potion"}],"is_trial":false,"path_per_floor":["M","?","$","?","M","R","M","R","T","E","M","?","T","$","R","B"],"character_chosen":"THE_SILENT","items_purchased":["Footwork+1","Fluid Movement"],"campfire_rested":0,"item_purchase_floors":[3,14],"current_hp_per_floor":[56,56,56,38,38,38,36,36,36,28,17,17,17,17,17,0,0],"gold":31,"neow_bonus":"RANDOM_COLORLESS","is_daily":false,"chose_seed":false,"campfire_upgraded":3,"win_rate":0.0,"timestamp":1610836182,"path_taken":["M","?","$","?","M","R","M","R","T","E","?","?","?","$","R","BOSS"],"items_purchased_type":["Card","Card"],"build_version":"2020-12-22","purchased_purges":1,"victory":false,"max_hp_per_floor":[71,71,71,71,71,71,71,71,71,71,71,71,71,71,71,71,71],"card_choices":[{"not_picked":["Madness","Specialist"],"picked":"Survey Options","floor":0},{"not_picked":["Deflect","Expertise"],"picked":"Deadly Poison","floor":1},{"not_picked":["Cloak And Dagger","Calculated Gamble"],"picked":"ReplayTheSpireMod:Speed Training","floor":5},{"not_picked":["Expertise","hubris:SlightOfHand"],"picked":"Poisoned Stab","floor":7},{"not_picked":["Quick Slash","Blade Dance"],"picked":"Tactician","floor":10},{"not_picked":["Toxin Wave","Dagger Spray"],"picked":"Bouncing Flask","floor":11}],"player_experience":1131502,"relics_obtained":[{"floor":9,"key":"Replay:Rubber Ducky"},{"floor":10,"key":"Grinning Jar"},{"floor":13,"key":"Akabeko"}],"event_choices":[],"is_beta":false,"boss_relics":[],"items_purged_floors":[14],"is_endless":false,"potions_floor_spawned":[1,5,10,11],"killed_by":"Hallownest:BossHornet","ascension_level":14}}