{"host":"7sni158j623xchr2","time":1610779281,"event":{"mods":["BaseMod","Colored Map","Highlight Path","Minty Spire (QoL Compilation)","Permanent Neow","Potion Indicator Mod","Rare Cards Sparkle","Relic Sorter","Relic Stats","StSLib","everything is the same but u backflip on backflip"],"gold_per_floor":[119,132,82,82,96,128,128,145,145,145,159,194,210,244,244,348,348,358,375,387,265,278,278,309,336,360,378,378,104,118,118,118,223,223,235,235,107,107,1106,1131,282,312,390,390,405,424,424,424,424,424,424,424,55,85,85],"floor_reached":56,"language":"ENG","playtime":1507,"items_purged":["Defend_B","Strike_B","Strike_B+1","Strike_B+1","Defend_B+1"],"score":1420,"play_id":"7bda8680-9357-450f-a1a3-2e7b0d96fce0","local_time":"20210116004121","is_ascension_mode":true,"campfire_choices":[{"data":"Dualcast","floor":7,"key":"SMITH"},{"data":"Electrodynamics","floor":10,"key":"SMITH"},{"data":"Loop","floor":15,"key":"SMITH"},{"data":"Storm","floor":23,"key":"SMITH"},{"data":"Defragment","floor":28,"key":"SMITH"},{"data":"Seek","floor":32,"key":"SMITH"},{"floor":44,"key":"RECALL"},{"data":"Seek","floor":49,"key":"SMITH"},{"data":"Fission","floor":52,"key":"SMITH"}],"circlet_count":0,"master_deck":["Zap+1","Dualcast+1","Ball Lightning","Leap+1","Genetic Algorithm","Glacier","Electrodynamics+1","Self Repair","Genetic Algorithm","Loop+1","CurseOfTheBell","Hologram+1","Storm+1","Seek+1","Cold Snap+1","Defragment+1","Lockon","Fission+1","Turbo","Panache","Glacier+1","Seek+1","Storm+1","Loop+1","Heatsinks+1","Consume+1"],"relics":["Cracked Core","Ancient Tea Set","DataDisk","Bottled Tornado","Symbiotic Virus","Calling Bell","Smiling Mask","Matryoshka","Lizard Tail","Blue Candle","Red Mask","PreservedInsect","Omamori","War Paint","Nuclear Battery","Vajra","Potion Belt","White Beast Statue","Toolbox","Pear","Toy Ornithopter","Kunai","Cables","Boot"],"acts_visited":["Exordium","TheCity","TheBeyond","TheEnding"],"potions_floor_usage":[12,24,24,33,42,42,50,55,55,55,55],"damage_taken":[{"damage":7,"enemies":"Jaw Worm","floor":1,"turns":2},{"damage":0,"enemies":"Small Slimes","floor":2,"turns":2},{"damage":0,"enemies":"Cultist","floor":5,"turns":2},{"damage":19,"enemies":"Gremlin Nob","floor":6,"turns":4},{"damage":0,"enemies":"Red Slaver","floor":8,"turns":4},{"damage":0,"enemies":"Exordium Wildlife","floor":11,"turns":2},{"damage":7,"enemies":"Lagavulin","floor":12,"turns":5},{"damage":0,"enemies":"2 Fungi Beasts","floor":13,"turns":1},{"damage":0,"enemies":"3 Sentries","floor":14,"turns":1},{"damage":4,"enemies":"The Guardian","floor":16,"turns":9},{"damage":4,"enemies":"Shell Parasite","floor":18,"turns":6},{"damage":0,"enemies":"3 Byrds","floor":19,"turns":1},{"damage":29,"enemies":"Snecko","floor":20,"turns":5},{"damage":5,"enemies":"Chosen and Byrds","floor":22,"turns":4},{"damage":22,"enemies":"Book of Stabbing","floor":24,"turns":6},{"damage":10,"enemies":"Masked Bandits","floor":25,"turns":3},{"damage":0,"enemies":"Sentry and Sphere","floor":27,"turns":2},{"damage":0,"enemies":"Centurion and Healer","floor":30,"turns":3},{"damage":38,"enemies":"Champ","floor":33,"turns":10},{"damage":0,"enemies":"Orb Walker","floor":35,"turns":2},{"damage":26,"enemies":"Nemesis","floor":40,"turns":9},{"damage":0,"enemies":"Giant Head","floor":42,"turns":5},{"damage":0,"enemies":"3 Shapes","floor":45,"turns":2},{"damage":0,"enemies":"Maw","floor":46,"turns":4},{"damage":42,"enemies":"Time Eater","floor":50,"turns":11},{"damage":0,"enemies":"Shield and Spear","floor":54,"turns":1},{"damage":60,"enemies":"The Heart","floor":55,"turns":9}],"seed_played":"-70265521040712308","potions_obtained":[{"floor":1,"key":"Dexterity Potion"},{"floor":6,"key":"ColorlessPotion"},{"floor":12,"key":"BlessingOfTheForge"},{"floor":13,"key":"SpeedPotion"},{"floor":16,"key":"LiquidMemories"},{"floor":27,"key":"Fire Potion"},{"floor":33,"key":"Explosive Potion"},{"floor":35,"key":"CultistPotion"},{"floor":42,"key":"LiquidBronze"},{"floor":45,"key":"Weak Potion"},{"floor":54,"key":"LiquidBronze"}],"is_trial":false,"path_per_floor":["M","M","?","?","M","E","R","M","T","R","M","E","M","E","R","B",null,"M","M","M","$","M","R","E","?","T","M","R","$","M","?","R","B",null,"M","?","$","?","?","E","$","E","T","R","M","M","?","T","R","B",null,"R","$","E","B",null],"character_chosen":"DEFECT","items_purchased":["Storm","War Paint","Lockon","DuplicationPotion","Potion Belt","FocusPotion","Seek","White Beast Statue","Toolbox","PotionOfCapacity","Cables","GamblersBrew"],"campfire_rested":0,"item_purchase_floors":[21,29,29,37,41,41,41,41,41,41,53,53],"current_hp_per_floor":[68,68,68,68,68,49,49,49,49,49,49,49,49,49,49,52,75,75,75,53,53,48,48,33,23,23,23,23,23,23,23,23,44,75,75,65,65,65,65,46,46,63,63,63,63,70,70,70,70,40,81,81,81,81,33],"gold":85,"neow_bonus":"UPGRADE_CARD","is_daily":false,"chose_seed":false,"campfire_upgraded":8,"win_rate":0.0,"timestamp":1610779281,"path_taken":["M","M","?","?","?","E","R","M","T","R","M","E","M","E","R","BOSS","M","M","M","$","M","R","E","?","T","M","R","$","M","?","R","BOSS","M","?","$","?","?","E","?","E","T","R","?","M","?","?","R","BOSS","R","$","E","BOSS"],"items_purchased_type":["Card","Relic","Card","Potion","Relic","Potion","Card","Relic","Relic","Potion","Relic","Potion"],"build_version":"2020-12-22","purchased_purges":5,"victory":true,"max_hp_per_floor":[75,75,75,75,75,75,75,75,75,75,75,75,75,75,75,75,75,75,75,75,75,75,75,75,75,75,75,75,75,75,75,75,75,75,75,75,75,71,71,71,71,81,81,81,81,81,81,81,81,81,81,81,81,81,81],"relic_stats":{"Lizard Tail":37,"counters":[27,114],"Blue Candle":[1],"PreservedInsect":240,"Kunai":[0],"War Paint":["Defend_B","Leap"],"Smiling Mask":375,"Boot":[0],"obtain_stats":[{"Potion Belt":41,"Pear":42,"Blue Candle":24,"Vajra":40,"PreservedInsect":26,"Omamori":26,"Bottled Tornado":12,"War Paint":29,"Ancient Tea Set":6,"Smiling Mask":17,"Boot":54,"White Beast Statue":41,"Nuclear Battery":34,"Cables":53,"Calling Bell":17,"DataDisk":9,"Lizard Tail":17,"Matryoshka":17,"Toolbox":41,"Red Mask":25,"Kunai":48,"Cracked Core":0,"Symbiotic Virus":14,"Toy Ornithopter":43},{"Potion Belt":21,"Pear":22,"Blue Candle":15,"Vajra":21,"PreservedInsect":16,"Omamori":16,"Bottled Tornado":7,"War Paint":17,"Ancient Tea Set":4,"Smiling Mask":10,"Boot":26,"White Beast Statue":21,"Nuclear Battery":19,"Cables":25,"Calling Bell":10,"DataDisk":5,"Lizard Tail":10,"Matryoshka":10,"Toolbox":21,"Red Mask":16,"Kunai":24,"Cracked Core":0,"Symbiotic Virus":9,"Toy Ornithopter":22},{"Potion Belt":83,"Pear":88,"Blue Candle":54,"Vajra":83,"PreservedInsect":57,"Omamori":57,"Bottled Tornado":21,"War Paint":59,"Ancient Tea Set":10,"Smiling Mask":32,"Boot":106,"White Beast Statue":83,"Nuclear Battery":72,"Cables":105,"Calling Bell":32,"DataDisk":14,"Lizard Tail":32,"Matryoshka":32,"Toolbox":83,"Red Mask":57,"Kunai":94,"Cracked Core":0,"Symbiotic Virus":23,"Toy Ornithopter":88}],"Toy Ornithopter":10,"Cables":[9,6,3,0,0]},"card_choices":[{"not_picked":["Barrage","Cold Snap"],"picked":"Ball Lightning","floor":1},{"not_picked":["Compile Driver","Tempest"],"picked":"Leap","floor":2},{"not_picked":["Compile Driver","Hologram"],"picked":"Genetic Algorithm","floor":5},{"not_picked":["Loop","Reprogram"],"picked":"Glacier","floor":6},{"not_picked":["Hologram","Reinforced Body"],"picked":"Electrodynamics","floor":8},{"not_picked":["Gash","Stack"],"picked":"Self Repair","floor":11},{"not_picked":["Gash","Undo"],"picked":"Genetic Algorithm","floor":12},{"not_picked":["Turbo","Ball Lightning","Hyperbeam"],"picked":"SKIP","floor":13},{"not_picked":["Streamline","Hologram"],"picked":"Loop","floor":14},{"not_picked":["Leap","BootSequence"],"picked":"Hologram+1","floor":18},{"not_picked":["Genetic Algorithm","Hologram","Gash"],"picked":"SKIP","floor":19},{"not_picked":["Gash","Compile Driver+1","Tempest"],"picked":"SKIP","floor":20},{"not_picked":["Gash","Double Energy","BootSequence+1"],"picked":"SKIP","floor":22},{"not_picked":["Cold Snap","Leap"],"picked":"Seek","floor":24},{"not_picked":["Ball Lightning","Conserve Battery"],"picked":"Cold Snap+1","floor":25},{"not_picked":["Heatsinks","Turbo"],"picked":"Defragment","floor":27},{"not_picked":["Steam Power","Redo+1","Ball Lightning+1"],"picked":"SKIP","floor":30},{"not_picked":["Buffer","Hyperbeam"],"picked":"Fission","floor":33},{"not_picked":["Chill+1","Darkness"],"picked":"Turbo","floor":35},{"not_picked":["Jack Of All Trades","The Bomb"],"picked":"Panache","floor":36},{"not_picked":["Hello World+1","Turbo+1"],"picked":"Glacier+1","floor":40},{"not_picked":["Sweeping Beam+1","Steam Power+1"],"picked":"Storm+1","floor":42},{"not_picked":["Redo","Skim+1"],"picked":"Loop+1","floor":45},{"not_picked":["Ball Lightning","Go for the Eyes+1"],"picked":"Heatsinks+1","floor":46},{"not_picked":["Streamline","Sweeping Beam+1"],"picked":"Consume+1","floor":54}],"player_experience":1627044,"relics_obtained":[{"floor":6,"key":"Ancient Tea Set"},{"floor":9,"key":"DataDisk"},{"floor":12,"key":"Bottled Tornado"},{"floor":14,"key":"Symbiotic Virus"},{"floor":17,"key":"Smiling Mask"},{"floor":17,"key":"Matryoshka"},{"floor":17,"key":"Lizard Tail"},{"floor":24,"key":"Blue Candle"},{"floor":25,"key":"Red Mask"},{"floor":26,"key":"PreservedInsect"},{"floor":26,"key":"Omamori"},{"floor":40,"key":"Vajra"},{"floor":42,"key":"Pear"},{"floor":43,"key":"Toy Ornithopter"},{"floor":48,"key":"Kunai"},{"floor":54,"key":"Boot"}],"event_choices":[{"cards_removed":["Defend_B"],"damage_healed":0,"gold_gain":0,"player_choice":"Card Removal","damage_taken":0,"max_hp_gain":0,"max_hp_loss":0,"event_name":"The Cleric","floor":3,"gold_loss":50},{"cards_removed":["Strike_B"],"damage_healed":0,"gold_gain":0,"player_choice":"Offered Basic","damage_taken":0,"max_hp_gain":0,"max_hp_loss":0,"event_name":"Bonfire Elementals","floor":4,"gold_loss":0},{"damage_healed":0,"gold_gain":0,"player_choice":"Fought Bandits","damage_taken":0,"max_hp_gain":0,"max_hp_loss":0,"event_name":"Masked Bandits","floor":25,"gold_loss":0},{"damage_healed":0,"gold_gain":0,"player_choice":"Simplicity","damage_taken":0,"max_hp_gain":0,"max_hp_loss":0,"event_name":"Back to Basics","floor":31,"gold_loss":0,"cards_upgraded":["Strike_B","Strike_B","Defend_B"]},{"damage_healed":0,"gold_gain":0,"player_choice":"Memory 3","damage_taken":10,"max_hp_gain":0,"max_hp_loss":0,"event_name":"SensoryStone","floor":36,"gold_loss":0},{"damage_healed":0,"gold_gain":0,"player_choice":"Max HP","damage_taken":0,"max_hp_gain":0,"max_hp_loss":4,"event_name":"Winding Halls","floor":38,"gold_loss":0},{"damage_healed":0,"gold_gain":999,"player_choice":"Gold","damage_taken":0,"max_hp_gain":0,"max_hp_loss":0,"event_name":"MindBloom","floor":39,"gold_loss":0,"cards_obtained":["Normality","Normality"]},{"cards_removed":["Defend_B"],"damage_healed":0,"gold_gain":0,"player_choice":"Removed Skill","damage_taken":0,"max_hp_gain":0,"max_hp_loss":0,"event_name":"Falling","floor":47,"gold_loss":0}],"is_beta":false,"boss_relics":[{"not_picked":["SacredBark","Busted Crown"],"picked":"Calling Bell"},{"not_picked":["Snecko Eye","Black Star"],"picked":"Nuclear Battery"}],"items_purged_floors":[21,29,37,41,53],"is_endless":false,"potions_floor_spawned":[1,6,12,13,14,16,18,20,22,27,33,35,42,45,46,54],"ascension_level":2}}