{"host":"0ueeacaatm8t6jyh","time":1610811189,"event":{"mods":["AchievementEnabler","BaseMod","Colored Powertips","Minty Spire (QoL Compilation)","Quick Restart","Rare Cards Sparkle","Shop Mod","StSLib"],"gold_per_floor":[119,194,194,42,59,91,91,137,137,167,167,67,84,44,44,148,148,164,179,54,54,74,74,104,119,119,144,144,164,16,16,16,113,113,124,124,137,155,5,5,19,19,45,79,92,124,49,61,61,61,61,61,61,93,93,93],"floor_reached":55,"language":"ZHS","playtime":3012,"items_purged":["Regret","Defend_P","Defend_P","Strike_P+1"],"score":1102,"play_id":"1a5d5434-d77b-4db6-928a-75f490683424","local_time":"20210116233309","is_ascension_mode":true,"campfire_choices":[{"data":"Eruption","floor":7.0,"key":"SMITH"},{"data":"Adaptation","floor":15.0,"key":"SMITH"},{"floor":23.0,"key":"RECALL"},{"floor":32,"key":"REST"},{"floor":40,"key":"REST"},{"floor":42,"key":"REST"},{"floor":49,"key":"REST"},{"floor":52,"key":"REST"}],"circlet_count":0,"master_deck":["Strike_P+1","Defend_P+1","Defend_P+1","Eruption+1","Vigilance+1","Vengeance+1","InnerPeace","MentalFortress+1","Worship+1","SpiritShield+1","Adaptation+1","LessonLearned+1","ForeignInfluence+1","CutThroughFate+1","WheelKick+1","Meditate+1","Ghostly+1","Ghostly","Ghostly","Ghostly+1","Ghostly","ConjureBlade+1","Indignation+1","FearNoEvil+1"],"relics":["PureWater","NeowsBlessing","MealTicket","Pen Nib","Centennial Puzzle","Mummified Hand","Fusion Hammer","Gremlin Horn","Letter Opener","Ornamental Fan","Toy Ornithopter","Potion Belt","VioletLotus","Membership Card","Strawberry","Question Card","Lantern","Orichalcum"],"acts_visited":["Exordium","TheCity","TheBeyond","TheEnding"],"potions_floor_usage":[33,55,55,55],"damage_taken":[{"damage":0.0,"enemies":"2 Louse","floor":1.0,"turns":1.0},{"damage":0.0,"enemies":"Jaw Worm","floor":5.0,"turns":1.0},{"damage":0.0,"enemies":"Lagavulin","floor":6.0,"turns":2.0},{"damage":26.0,"enemies":"3 Sentries","floor":10.0,"turns":7.0},{"damage":1.0,"enemies":"Cultist","floor":13.0,"turns":4.0},{"damage":22.0,"enemies":"Hexaghost","floor":16.0,"turns":10.0},{"damage":6.0,"enemies":"Shell Parasite","floor":18.0,"turns":6.0},{"damage":0.0,"enemies":"Spheric Guardian","floor":19.0,"turns":3.0},{"damage":14.0,"enemies":"Shelled Parasite and Fungi","floor":22.0,"turns":3.0},{"damage":24,"enemies":"Gremlin Leader","floor":24,"turns":6},{"damage":14,"enemies":"Snake Plant","floor":25,"turns":4},{"damage":6,"enemies":"Book of Stabbing","floor":27,"turns":4},{"damage":0,"enemies":"Cultist and Chosen","floor":29,"turns":3},{"damage":3,"enemies":"Collector","floor":33,"turns":6},{"damage":0,"enemies":"3 Shapes","floor":35,"turns":3},{"damage":1,"enemies":"3 Darklings","floor":37,"turns":2},{"damage":4,"enemies":"4 Shapes","floor":38,"turns":3},{"damage":18,"enemies":"Spire Growth","floor":41,"turns":4},{"damage":0,"enemies":"Giant Head","floor":44,"turns":5},{"damage":2,"enemies":"Sphere and 2 Shapes","floor":45,"turns":2},{"damage":3,"enemies":"Reptomancer","floor":46,"turns":6},{"damage":2,"enemies":"Transient","floor":48,"turns":5},{"damage":3,"enemies":"Awakened One","floor":50,"turns":6},{"damage":5,"enemies":"Shield and Spear","floor":54,"turns":6},{"damage":60,"enemies":"The Heart","floor":55,"turns":8}],"seed_played":"-5448376707675291487","potions_obtained":[{"floor":1.0,"key":"SmokeBomb"},{"floor":6.0,"key":"PowerPotion"},{"floor":13.0,"key":"PowerPotion"},{"floor":14.0,"key":"Ambrosia"},{"floor":14.0,"key":"GamblersBrew"},{"floor":16.0,"key":"LiquidBronze"},{"floor":18.0,"key":"FairyPotion"},{"floor":19.0,"key":"SneckoOil"},{"floor":33,"key":"SkillPotion"},{"floor":35,"key":"Strength Potion"},{"floor":44,"key":"BlessingOfTheForge"},{"floor":45,"key":"LiquidMemories"}],"is_trial":false,"path_per_floor":["M","?","?","$","M","E","R","T","T","E","?","$","M","?","R","B",null,"M","M","$","$","M","R","E","M","T","E","?","M","$","?","R","B",null,"M","?","M","M","$","R","M","R","T","E","M","E","$","M","R","B",null,"R","$","E","B"],"character_chosen":"WATCHER","items_purchased":["InnerPeace","Potion Belt","Membership Card"],"campfire_rested":5,"item_purchase_floors":[4,30,39],"current_hp_per_floor":[65,54,54,69,69,69,69,69,69,43,36,51,50,50,50,28,61,55,55,70,72,58,58,34,20,20,14,14,14,29,29,36,33,35,35,35,34,30,36,36,18,28,35,35,33,30,43,41,43,40,42,43,43,38,0,0],"gold":93,"neow_bonus":"THREE_ENEMY_KILL","is_daily":false,"chose_seed":false,"campfire_upgraded":2,"win_rate":0.0,"timestamp":1610811189,"path_taken":["M","?","?","$","M","E","R","?","T","E","?","$","M","?","R","BOSS","M","M","?","$","M","R","E","?","T","E","?","M","$","?","R","BOSS","M","?","M","M","$","R","?","R","T","E","M","E","$","M","R","BOSS","R","$","E","BOSS"],"items_purchased_type":["Card","Relic","Relic"],"build_version":"2020-12-22","purchased_purges":4,"victory":false,"max_hp_per_floor":[72,72,72,72,72,72,72,72,72,72,72,72,72,72,72,72,72,72,72,72,72,72,72,72,72,72,72,72,72,72,36,36,36,36,36,36,36,36,36,36,36,36,43,43,43,43,43,43,43,43,43,43,43,43,43,43],"card_choices":[{"not_picked":["CutThroughFate","EmptyBody"],"picked":"Vengeance","floor":1.0},{"not_picked":["CrushJoints","EmptyFist"],"picked":"MentalFortress","floor":5.0},{"not_picked":["ClearTheMind","InnerPeace"],"picked":"Worship","floor":6.0},{"not_picked":["EmptyBody","DeceiveReality"],"picked":"SpiritShield","floor":10.0},{"not_picked":["Consecrate","BowlingBash"],"picked":"Adaptation","floor":13.0},{"not_picked":["Wish","Ragnarok"],"picked":"LessonLearned","floor":16.0},{"not_picked":["Protect","Vengeance"],"picked":"ForeignInfluence+1","floor":18.0},{"not_picked":["ClearTheMind","Evaluate"],"picked":"CutThroughFate+1","floor":19.0},{"not_picked":["JustLucky","Prostrate","SashWhip+1"],"picked":"SKIP","floor":22.0},{"not_picked":["SandsOfTime","Wallop"],"picked":"WheelKick+1","floor":24},{"not_picked":["EmptyFist","ThirdEye+1","EmptyBody"],"picked":"SKIP","floor":25},{"not_picked":["Prostrate","FlurryOfBlows+1"],"picked":"Meditate","floor":27},{"not_picked":["EmptyFist","FlyingSleeves","Consecrate+1"],"picked":"SKIP","floor":29},{"not_picked":["Judgement","Omniscience"],"picked":"ConjureBlade","floor":33},{"not_picked":["FollowUp","Conclude+1","WindmillStrike"],"picked":"SKIP","floor":35},{"not_picked":["Evaluate","CutThroughFate"],"picked":"Indignation","floor":37},{"not_picked":["Crescendo+1","FlurryOfBlows+1","Meditate"],"picked":"SKIP","floor":38},{"not_picked":["BattleHymn+1","LikeWater+1","SandsOfTime+1"],"picked":"SKIP","floor":41},{"not_picked":["FollowUp+1","ClearTheMind+1","Consecrate"],"picked":"SKIP","floor":44},{"not_picked":["Evaluate+1","Crescendo+1","Protect"],"picked":"FearNoEvil+1","floor":45},{"not_picked":["SashWhip","Alpha","Protect","FollowUp"],"picked":"SKIP","floor":46},{"not_picked":["Halt+1","SashWhip+1","Sanctity+1","EmptyFist"],"picked":"SKIP","floor":48},{"not_picked":["Wireheading","CrushJoints+1","Consecrate+1","Prostrate+1"],"picked":"SKIP","floor":54}],"player_experience":378551,"relics_obtained":[{"floor":6.0,"key":"Pen Nib"},{"floor":8.0,"key":"Centennial Puzzle"},{"floor":10.0,"key":"Mummified Hand"},{"floor":24,"key":"Gremlin Horn"},{"floor":26,"key":"Letter Opener"},{"floor":27,"key":"Ornamental Fan"},{"floor":43,"key":"Strawberry"},{"floor":44,"key":"Question Card"},{"floor":46,"key":"Lantern"},{"floor":54,"key":"Orichalcum"}],"event_choices":[{"damage_healed":0.0,"max_hp_gain":0.0,"max_hp_loss":0.0,"gold_gain":75.0,"event_name":"World of Goop","player_choice":"Gather Gold","floor":2.0,"gold_loss":0.0,"damage_taken":11.0},{"damage_healed":0.0,"max_hp_gain":0.0,"max_hp_loss":0.0,"gold_gain":0.0,"event_name":"Big Fish","player_choice":"Box","floor":3.0,"gold_loss":0.0,"damage_taken":0.0,"relics_obtained":["MealTicket"],"cards_obtained":["Regret"]},{"cards_removed":["Strike_P"],"damage_healed":0.0,"max_hp_gain":0.0,"max_hp_loss":0.0,"gold_gain":0.0,"event_name":"Golden Wing","player_choice":"Card Removal","floor":11.0,"gold_loss":0.0,"damage_taken":7.0},{"damage_healed":0.0,"max_hp_gain":0.0,"max_hp_loss":0.0,"gold_gain":0.0,"event_name":"The Woman in Blue","player_choice":"Bought 3 Potions","floor":14.0,"gold_loss":0.0,"damage_taken":0.0},{"damage_healed":0,"gold_gain":0,"player_choice":"Opened","damage_taken":0,"relics_obtained":["Toy Ornithopter"],"max_hp_gain":0,"max_hp_loss":0,"event_name":"The Mausoleum","floor":28,"gold_loss":0},{"damage_healed":0,"gold_gain":0,"player_choice":"Became a Ghost","damage_taken":0,"max_hp_gain":0,"max_hp_loss":36,"event_name":"Ghosts","floor":31,"gold_loss":0,"cards_obtained":["Ghostly","Ghostly","Ghostly","Ghostly","Ghostly"]},{"cards_removed":["Strike_P"],"damage_healed":0,"gold_gain":0,"player_choice":"Purged","damage_taken":0,"max_hp_gain":0,"max_hp_loss":0,"event_name":"Purifier","floor":36,"gold_loss":0}],"is_beta":false,"boss_relics":[{"not_picked":["Cursed Key","Velvet Choker"],"picked":"Fusion Hammer"},{"not_picked":["Snecko Eye","Busted Crown"],"picked":"VioletLotus"}],"items_purged_floors":[4,12,20,47],"is_endless":false,"potions_floor_spawned":[1,6,13,16,18,19,29,33,35,44,45,46],"killed_by":"The Heart","ascension_level":7}}