{"host":"4cz9gr89nglr7k8k","time":1610840373,"event":{"mods":["BaseMod","Minty Spire (QoL Compilation)","Relic Stats","Slay-I"],"gold_per_floor":[112,1,1,20,34,34,69,98,134,161,201,213,68,82,82,82,82],"floor_reached":16,"language":"DEU","playtime":6073,"items_purged":[],"score":224,"play_id":"3c904277-7b51-4695-b96b-05693ab9e302","local_time":"20210117003933","is_ascension_mode":true,"campfire_choices":[{"floor":6,"key":"REST"},{"floor":12,"key":"REST"},{"floor":15,"key":"REST"}],"circlet_count":0,"master_deck":["AscendersBane","Strike_R","Strike_R","Strike_R","Strike_R","Strike_R","Defend_R","Defend_R+1","Defend_R+1","Defend_R","Bash","Magnetism","Sword Boomerang","Thunderclap","Iron Wave","Anger","Clash","Uppercut","Armaments","Inflame","Sever Soul","Cleave"],"relics":["Burning Blood","MawBank","War Paint","Bag of Marbles","Pen Nib"],"acts_visited":["Exordium"],"potions_floor_usage":[11,14,16],"damage_taken":[{"damage":21,"enemies":"Jaw Worm","floor":1,"turns":5},{"damage":6,"enemies":"2 Louse","floor":4,"turns":3},{"damage":1,"enemies":"Cultist","floor":5,"turns":3},{"damage":35,"enemies":"3 Sentries","floor":7,"turns":8},{"damage":18,"enemies":"Exordium Thugs","floor":8,"turns":4},{"damage":14,"enemies":"Blue Slaver","floor":10,"turns":5},{"damage":17,"enemies":"Lagavulin","floor":11,"turns":6},{"damage":33,"enemies":"Gremlin Gang","floor":14,"turns":5},{"damage":37,"enemies":"Slime Boss","floor":16,"turns":7}],"seed_played":"3847106637995116380","potions_obtained":[{"floor":1,"key":"CultistPotion"},{"floor":4,"key":"Ancient Potion"},{"floor":11,"key":"DuplicationPotion"}],"is_trial":false,"path_per_floor":["M","$","?","M","M","R","E","M","T","M","E","R","$","M","R","B"],"character_chosen":"IRONCLAD","items_purchased":["Thunderclap","Iron Wave","Pen Nib"],"campfire_rested":3,"item_purchase_floors":[2,2,13],"current_hp_per_floor":[53,53,46,46,51,73,44,32,32,24,13,35,35,8,30,0,0],"gold":82,"neow_bonus":"RANDOM_COLORLESS_2","is_daily":false,"chose_seed":false,"campfire_upgraded":0,"win_rate":0.0,"timestamp":1610840373,"path_taken":["M","$","?","M","M","R","E","M","T","M","E","R","$","M","R","BOSS"],"items_purchased_type":["Card","Card","Relic"],"build_version":"2020-12-22","purchased_purges":0,"victory":false,"max_hp_per_floor":[75,75,75,75,75,75,75,75,75,75,75,75,75,75,75,75,75],"relic_stats":{"counters":[9,46],"Pen Nib":[2],"War Paint":["Defend_R","Defend_R"],"MawBank":72,"obtain_stats":[{"Pen Nib":13,"Bag of Marbles":11,"War Paint":9,"MawBank":7,"Burning Blood":0},{"Pen Nib":7,"Bag of Marbles":7,"War Paint":5,"MawBank":4,"Burning Blood":0},{"Pen Nib":34,"Bag of Marbles":34,"War Paint":23,"MawBank":19,"Burning Blood":0}],"Burning Blood":48},"card_choices":[{"not_picked":["Secret Technique","Secret Weapon"],"picked":"Magnetism","floor":0},{"not_picked":["Headbutt","Blood for Blood"],"picked":"Sword Boomerang","floor":1},{"not_picked":["Carnage","Combust"],"picked":"Anger","floor":4},{"not_picked":["Armaments","Iron Wave"],"picked":"Clash","floor":5},{"not_picked":["Rage","Dual Wield"],"picked":"Uppercut","floor":7},{"not_picked":["Havoc","Rupture"],"picked":"Armaments","floor":8},{"not_picked":["Warcry","Havoc"],"picked":"Inflame","floor":10},{"not_picked":["Fire Breathing","Wild Strike"],"picked":"Sever Soul","floor":11},{"not_picked":["Iron Wave","Corruption"],"picked":"Cleave","floor":14}],"player_experience":1500316,"relics_obtained":[{"floor":7,"key":"MawBank"},{"floor":9,"key":"War Paint"},{"floor":11,"key":"Bag of Marbles"}],"event_choices":[{"cards_removed":["Regret"],"damage_healed":0,"gold_gain":0,"player_choice":"Card Removal","damage_taken":7,"max_hp_gain":0,"max_hp_loss":0,"event_name":"Golden Wing","floor":3,"gold_loss":0}],"is_beta":false,"boss_relics":[],"items_purged_floors":[],"is_endless":false,"potions_floor_spawned":[1,4,11],"killed_by":"Slime Boss","ascension_level":20}}