{"host":"ttx8tv95o5vka1nm","time":1610763863,"event":{"mods":["AchievementEnabler","BaseMod","Colored Map","Downfall","Infinite Spire","Minty Spire (QoL Compilation)","Shop Mod","StSLib","The Jungle"],"gold_per_floor":[99,109,128,147,196,196,265,365,365,375,27,27,60,60,72,177,177,77,96,109,259,279,279,304,39,39,73,58,91,102,102,102],"floor_reached":30,"language":"ENG","playtime":4593,"items_purged":["champ:Defend","champ:Strike","champ:Defend"],"score":268,"play_id":"bae9d97b-c86a-41ae-8ce7-af1092eec2a5","local_time":"20210116122423","is_ascension_mode":false,"campfire_choices":[{"data":"champ:Taunt","floor":1.0,"key":"SMITH"},{"data":"champ:HeavySlash","floor":6.0,"key":"SMITH"},{"data":"champ:AdrenalArmor","floor":9.0,"key":"SMITH"},{"data":"champ:Execute","floor":12.0,"key":"SMITH"},{"data":"champ:GladiatorForm","floor":18.0,"key":"SMITH"},{"data":"champ:SkillfulDodge","floor":26.0,"key":"SMITH"}],"circlet_count":0,"master_deck":["champ:Strike","champ:Strike","champ:Defend","champ:Execute+1","champ:Taunt+1","champ:HeavySlash+1","champ:FanOfKnives","champ:ViciousMockery+1","champ:FocusedBerserking","champ:AdrenalArmor+1","champ:FlashCut","champ:Circumvent","champ:SkillfulDodge+1","champ:Parry","champ:IronFortress","champ:Backstep","champ:GladiatorForm+1","champ:BringItOn","champ:CalledShot","champ:CrownThrow","champ:FocusedDefense","champ:CheapShot","champ:RecklessLeap","champ:ShieldWall"],"relics":["champ:ChampionCrown","Pantograph","MerchantsRug","infinitespire:Satchel","bronze:MakeshiftBattery","downfall:HeartBlessingGreen","Black Star","Regal Pillow","Tiny Chest","HandDrill","Toy Ornithopter","Darkstone Periapt","Vajra","Bronze Scales"],"acts_visited":["Exordium","TheCity"],"potions_floor_usage":[],"damage_taken":[{"damage":20.0,"enemies":"Cultist","floor":2.0,"turns":3.0},{"damage":13.0,"enemies":"Small Slimes","floor":3.0,"turns":3.0},{"damage":11.0,"enemies":"2 Louse","floor":4.0,"turns":3.0},{"damage":86.0,"enemies":"downfall:Heads","floor":8.0,"turns":6.0},{"damage":20.0,"enemies":"Gremlin Gang","floor":10.0,"turns":2.0},{"damage":10.0,"enemies":"downfall:FleeingMerchant","floor":11.0,"turns":4.0},{"damage":38.0,"enemies":"3 Sentries","floor":13.0,"turns":6.0},{"damage":38.0,"enemies":"Lots of Slimes","floor":15.0,"turns":5.0},{"damage":55.0,"enemies":"SI_SHIV_ARCHETYPE","floor":16.0,"turns":11.0},{"damage":25.0,"enemies":"Shell Parasite","floor":19.0,"turns":5.0},{"damage":25.0,"enemies":"3 Byrds","floor":20.0,"turns":6.0},{"damage":26.0,"enemies":"Centurion and Healer","floor":22.0,"turns":5.0},{"damage":25.0,"enemies":"downfall:FleeingMerchant","floor":25.0,"turns":4.0},{"damage":33.0,"enemies":"Nightmare","floor":27.0,"turns":7.0},{"damage":35.0,"enemies":"downfall:FleeingMerchant","floor":28.0,"turns":5.0},{"damage":70.0,"enemies":"Gremlin Leader","floor":29.0,"turns":9.0},{"damage":0.0,"enemies":"Snake Plant","floor":30.0,"turns":3.0}],"seed_played":"-3945777747239944452","potions_obtained":[{"floor":4.0,"key":"DistilledChaos"},{"floor":8.0,"key":"Fruit Juice"},{"floor":10.0,"key":"Weak Potion"},{"floor":15.0,"key":"EntropicBrew"},{"floor":29.0,"key":"Energy Potion"},{"floor":30,"key":"FearPotion"}],"is_trial":false,"path_per_floor":["R","M","M","M","T","R","T","?","R","M","$","R","E","?","M","B",null,"R","M","M","?","M","AVR","T","$","R","NM","$","E","M"],"character_chosen":"THE_CHAMP","items_purchased":["champ:SkillfulDodge","MerchantsRug","champ:Parry","HandDrill"],"campfire_rested":0,"item_purchase_floors":[11,11,11,25],"current_hp_per_floor":[90,90,87,86,86,86,86,50,50,50,50,50,22,95,82,75,95,95,85,80,80,74,74,74,74,74,71,71,37,37,37,37],"gold":102,"neow_bonus":"ONE_RANDOM_RARE_CARD","is_daily":false,"chose_seed":false,"campfire_upgraded":6,"win_rate":0.0,"timestamp":1610763863,"path_taken":["R","M","M","M","?","R","T","?","R","M","$","R","E","?","M","BOSS","R","M","M","?","M","AVR","T","$","R","NM","?","E","M"],"items_purchased_type":["Card","Relic","Card","Relic"],"build_version":"2020-12-22","purchased_purges":3,"victory":false,"max_hp_per_floor":[90,90,90,90,90,90,90,95,95,95,95,95,95,95,95,95,95,95,95,95,95,95,95,95,95,95,95,95,95,95,95,95],"card_choices":[{"not_picked":["champ:FlashCut","champ:EnGarde"],"picked":"champ:FanOfKnives","floor":2.0},{"not_picked":["champ:FanOfKnives","champ:Shatter"],"picked":"champ:GladiatorStyle","floor":3.0},{"not_picked":["champ:EnGarde","champ:PerfectedStrike"],"picked":"champ:ViciousMockery","floor":4.0},{"not_picked":["champ:FanOfKnives","champ:ShieldThrow"],"picked":"champ:AdrenalArmor","floor":8.0},{"not_picked":["champ:HeartStrike","champ:DefensiveShout"],"picked":"champ:FlashCut","floor":10.0},{"not_picked":["champ:TripleStrike","champ:DefensiveStyle"],"picked":"champ:Circumvent","floor":11.0},{"not_picked":["champ:Lariat","champ:SkillfulDodge"],"picked":"champ:IronFortress","floor":13.0},{"not_picked":["champ:SwordSigil","champ:SkillfulDodge"],"picked":"champ:Backstep","floor":15.0},{"not_picked":["champ:LastStand","champ:Devastate"],"picked":"champ:GladiatorForm","floor":16.0},{"not_picked":["champ:PreciseThrust","champ:HeartStrike"],"picked":"champ:BringItOn","floor":19.0},{"not_picked":["champ:RapidStrikes","champ:Encircle+1"],"picked":"champ:CalledShot","floor":20.0},{"not_picked":["champ:ShieldSigil","champ:RageSigil+1"],"picked":"champ:CrownThrow","floor":22.0},{"not_picked":["champ:IronFortress","champ:BringItOn"],"picked":"champ:FocusedDefense","floor":25.0},{"not_picked":["champ:EnGarde","champ:Circumvent"],"picked":"champ:CheapShot","floor":27.0},{"not_picked":["champ:ShieldSigil","champ:FlashCut"],"picked":"champ:RecklessLeap","floor":28.0},{"not_picked":["champ:FanOfKnives","champ:PreciseThrust"],"picked":"champ:ShieldWall","floor":29.0}],"player_experience":686681,"relics_obtained":[{"floor":5.0,"key":"Juzu Bracelet"},{"floor":7.0,"key":"Pantograph"},{"floor":13.0,"key":"infinitespire:Satchel"},{"floor":24.0,"key":"Tiny Chest"},{"floor":27.0,"key":"Toy Ornithopter"},{"floor":27.0,"key":"Darkstone Periapt"},{"floor":29.0,"key":"Vajra"},{"floor":29.0,"key":"Bronze Scales"}],"event_choices":[{"cards_removed":["champ:GladiatorStyle"],"damage_healed":73.0,"max_hp_gain":0.0,"max_hp_loss":0.0,"gold_gain":0.0,"event_name":"Bonfire Elementals","player_choice":"Offered Uncommon","floor":14.0,"gold_loss":0.0,"damage_taken":0.0}],"is_beta":false,"boss_relics":[{"not_picked":["Pandora\u0027s Box","Calling Bell"],"picked":"bronze:MakeshiftBattery"}],"items_purged_floors":[11,23,25],"is_endless":true,"potions_floor_spawned":[4,8,10,15,29,30],"killed_by":"Snake Plant","ascension_level":0}}