{"host":"kvh5342rl0c7vxi5","time":1610828582,"event":{"mods":["BaseMod","Downfall","Hermit","Jorbs\u0027s Wanderer Trilogy","Minty Spire (QoL Compilation)","Quick Restart","StSLib","SuperFastMode","The Poker Player"],"gold_per_floor":[0,17,98,117,25,60,60,60,60,160,179,179,11,43,56,158,158,158,177,187,207,92,92,137,148,148,163,65,65,65,77,96,198,198,198,211,223,276,276,300,368,368,368,368],"floor_reached":42,"language":"ENG","playtime":2758,"items_purged":["hexamod:Strike","hexamod:Strike","hexamod:Strike"],"score":433,"play_id":"a5efdfc4-d889-47f7-a300-680d9bf857a3","local_time":"20210116152302","is_ascension_mode":false,"campfire_choices":[{"data":"hexamod:HexaLevel","floor":1,"key":"SMITH"},{"floor":9,"key":"REST"},{"floor":12,"key":"REST"},{"data":"hexamod:ForkedFlame","floor":18,"key":"SMITH"},{"data":"hexamod:NightmareStrike","floor":26,"key":"SMITH"},{"data":"hexamod:TimeWarp","floor":30,"key":"SMITH"},{"data":"hexamod:GiftsFromTheDead","floor":35,"key":"SMITH"}],"circlet_count":0,"master_deck":["hexamod:Defend","hexamod:Defend","hexamod:Defend","hexamod:Defend+1","hexamod:Sear+1","hexamod:Float","hexamod:HexaLevel+1","hexamod:BacktrackSmack","hexamod:NightmareStrike+1","hexamod:AdvancingGuard","hexamod:SkipABeat","hexamod:SpectersWail","hexamod:Toasty","hexamod:StepThrough","hexamod:GiftsFromTheDead+1","hexamod:ShieldOfDarkness","hexamod:Firestarter","hexamod:ForkedFlame+1","hexamod:TimeWarp+1","hexamod:RadiantFlame","hexamod:ShieldOfDarkness+1","hexamod:DynamicBlow+1","hexamod:HeatCrush","hexamod:HauntingEcho","hexamod:GhostflameInferno","Sadistic Nature","Sadistic Nature","hexamod:ThirdSeal","hexamod:FifthSeal","hexamod:SixthSeal","hexamod:Incineration+1","hexamod:FirstSeal","hexamod:SecondSeal","hexamod:FastForward+1"],"relics":["hexamod:SpiritBrand","Question Card","Toy Ornithopter","hexamod:MatchstickCase","Potion Belt","Akabeko","Philosopher\u0027s Stone","hexamod:TheBrokenSeal","MealTicket","SacredBark","Calipers"],"acts_visited":["Exordium","TheCity","TheBeyond"],"potions_floor_usage":[10,13,16,28,37,40,40,42,42,42],"damage_taken":[{"damage":3,"enemies":"Cultist","floor":2,"turns":5},{"damage":2,"enemies":"Small Slimes","floor":4,"turns":4},{"damage":5,"enemies":"downfall:FleeingMerchant","floor":5,"turns":4},{"damage":42,"enemies":"Gremlin Nob","floor":6,"turns":5},{"damage":37,"enemies":"downfall:LadyInBlue","floor":10,"turns":12},{"damage":1,"enemies":"2 Louse","floor":11,"turns":3},{"damage":2,"enemies":"downfall:FleeingMerchant","floor":13,"turns":4},{"damage":14,"enemies":"Lagavulin","floor":14,"turns":6},{"damage":0,"enemies":"Exordium Thugs","floor":15,"turns":4},{"damage":34,"enemies":"SI_SHIV_ARCHETYPE","floor":16,"turns":10},{"damage":25,"enemies":"Shell Parasite","floor":19,"turns":6},{"damage":0,"enemies":"Spheric Guardian","floor":20,"turns":3},{"damage":0,"enemies":"Chosen and Byrds","floor":21,"turns":3},{"damage":3,"enemies":"downfall:FleeingMerchant","floor":22,"turns":4},{"damage":1,"enemies":"Snake Plant","floor":25,"turns":3},{"damage":4,"enemies":"Sentry and Sphere","floor":27,"turns":4},{"damage":12,"enemies":"downfall:FleeingMerchant","floor":28,"turns":4},{"damage":2,"enemies":"Snecko","floor":31,"turns":3},{"damage":0,"enemies":"Shelled Parasite and Fungi","floor":32,"turns":4},{"damage":15,"enemies":"IC_MUSHROOM_ARCHETYPE","floor":33,"turns":6},{"damage":0,"enemies":"3 Shapes","floor":36,"turns":4},{"damage":0,"enemies":"Orb Walker","floor":37,"turns":3},{"damage":34,"enemies":"2 Orb Walkers","floor":38,"turns":5},{"damage":53,"enemies":"Transient","floor":40,"turns":5},{"damage":30,"enemies":"3 Darklings","floor":42,"turns":2}],"seed_played":"-1525657832750347764","potions_obtained":[{"floor":6,"key":"BlessingOfTheForge"},{"floor":10,"key":"Block Potion"},{"floor":10,"key":"Strength Potion"},{"floor":10,"key":"DistilledChaos"},{"floor":10,"key":"Dexterity Potion"},{"floor":14,"key":"bronze:BurnAndBuffPotion"},{"floor":19,"key":"sneckomod:MuddlingPotion"},{"floor":21,"key":"SmokeBomb"},{"floor":27,"key":"PowerPotion"},{"floor":31,"key":"LiquidMemories"},{"floor":36,"key":"LiquidBronze"},{"floor":37,"key":"BlessingOfTheForge"}],"is_trial":false,"path_per_floor":["R","M","T","M","$","E","T","?","R","?","M","R","$","E","M","B",null,"R","M","M","M","$","?","T","M","R","M","$","?","R","M","M","B",null,"R","M","M","?","?","M","T","M"],"character_chosen":"THE_SPIRIT","items_purchased":["hexamod:SkipABeat","hexamod:StepThrough","hexamod:GhostflameInferno","Sadistic Nature"],"campfire_rested":2,"item_purchase_floors":[5,13,28,28],"current_hp_per_floor":[70,67,67,65,60,18,18,18,39,7,13,34,44,37,44,22,70,70,72,72,72,69,69,69,68,68,64,68,68,68,66,66,51,80,80,80,80,46,46,10,10,0,0,0],"gold":368,"neow_bonus":"THREE_RARE_CARDS","is_daily":false,"chose_seed":false,"campfire_upgraded":5,"win_rate":0.0,"timestamp":1610828582,"path_taken":["R","M","?","?","?","E","T","?","R","?","M","R","$","E","M","BOSS","R","M","M","M","$","?","T","M","R","M","$","?","R","?","M","BOSS","R","M","M","?","?","M","T","M"],"items_purchased_type":["Card","Card","Card","Card"],"build_version":"2020-12-22","purchased_purges":3,"victory":false,"max_hp_per_floor":[70,70,70,70,70,70,70,70,70,70,70,70,70,70,70,70,70,70,80,80,80,80,80,80,80,80,80,80,80,80,80,80,80,80,80,80,80,80,80,80,80,80,80,80],"card_choices":[{"not_picked":["hexamod:TurnItUp","hexamod:TimeOfNeed"],"picked":"hexamod:HexaLevel","floor":0},{"not_picked":["hexamod:HauntingEcho","hexamod:RetreatToShadows"],"picked":"hexamod:BacktrackSmack","floor":2},{"not_picked":["hexamod:HeatCrush","hexamod:HeatMetal","hexamod:CatchUp"],"picked":"hexamod:NightmareStrike","floor":4},{"not_picked":["hexamod:HeatShield","hexamod:Hexaguard","hexamod:ThermalTransfer"],"picked":"hexamod:AdvancingGuard","floor":5},{"not_picked":["hexamod:FlamesFromBeyond","hexamod:Firestarter","hexamod:RecurringNightmare"],"picked":"hexamod:FifthSeal","floor":6},{"not_picked":["hexamod:PhantomCloak","hexamod:GhostShield","hexamod:PowerFromBeyond"],"picked":"hexamod:FirstSeal","floor":10},{"not_picked":["hexamod:SixthSeal","hexamod:FourthSeal","hexamod:SecondSeal"],"picked":"hexamod:ThirdSeal","floor":11},{"not_picked":["hexamod:SkipABeat","hexamod:GhostOfSpirePast","hexamod:HeatMetal"],"picked":"hexamod:SpectersWail","floor":11},{"not_picked":["hexamod:SecondSeal","hexamod:FirstSeal","hexamod:ThirdSeal"],"picked":"hexamod:SixthSeal","floor":13},{"not_picked":["hexamod:SkipABeat","hexamod:RecurringNightmare","hexamod:BacktrackSmack"],"picked":"hexamod:Toasty","floor":13},{"not_picked":["hexamod:EtherealExpedition","hexamod:FlamesFromBeyond","hexamod:InspiringFlames"],"picked":"hexamod:GiftsFromTheDead","floor":14},{"not_picked":["hexamod:Hexaguard","hexamod:HeatMetal","hexamod:TimeOfNeed"],"picked":"hexamod:ShieldOfDarkness","floor":14},{"not_picked":["hexamod:FirstSeal","hexamod:FourthSeal","hexamod:SixthSeal"],"picked":"hexamod:SecondSeal","floor":15},{"not_picked":["hexamod:GhostLash","hexamod:HauntingEcho","hexamod:ShieldOfDarkness"],"picked":"hexamod:Firestarter","floor":15},{"not_picked":["hexamod:FirstSeal","hexamod:ThirdSeal","hexamod:SecondSeal"],"picked":"hexamod:FourthSeal","floor":16},{"not_picked":["hexamod:HexaLevel","hexamod:FlameSwitch","hexamod:GhostOfSpirePresent"],"picked":"hexamod:ForkedFlame","floor":16},{"not_picked":["hexamod:VolcanoVisage","hexamod:SearingWound","hexamod:GhostOfSpirePresent"],"picked":"hexamod:TimeWarp","floor":16},{"not_picked":["hexamod:Hexaguard","hexamod:BacktrackSmack","hexamod:ShieldOfDarkness+1"],"picked":"hexamod:RadiantFlame","floor":19},{"not_picked":["hexamod:ThermalTransfer+1","hexamod:FourthSeal","hexamod:HeatCrush","hexamod:PhantomCloak"],"picked":"SKIP","floor":20},{"not_picked":["hexamod:PhantomFireball","hexamod:GhostShield","hexamod:PhantomCloak"],"picked":"hexamod:ShieldOfDarkness+1","floor":21},{"not_picked":["hexamod:Firestarter+1","hexamod:FirstSeal","hexamod:GhostLash","hexamod:DynamicBlow+1"],"picked":"SKIP","floor":22},{"not_picked":["hexamod:ChargedBarrage","hexamod:WildfireWeapon","hexamod:Firestarter"],"picked":"hexamod:DynamicBlow+1","floor":25},{"not_picked":["hexamod:Hexaguard","hexamod:HauntingEcho","hexamod:HeatMetal"],"picked":"hexamod:HeatCrush","floor":27},{"not_picked":["hexamod:BacktrackSmack","hexamod:RadiantFlame+1","hexamod:BurningTouch"],"picked":"hexamod:HauntingEcho","floor":28},{"not_picked":["hexamod:HauntingEcho","hexamod:SpectersWail+1","hexamod:GhostLash+1","hexamod:InspiringFlames"],"picked":"SKIP","floor":31},{"not_picked":["hexamod:SecondSeal","hexamod:ThermalTransfer+1","hexamod:GhostLash+1"],"picked":"hexamod:ThirdSeal","floor":32},{"not_picked":["hexamod:GhostflameInferno","hexamod:GhostOfSpirePresent","hexamod:GiftsFromTheDead"],"picked":"hexamod:FifthSeal","floor":33},{"not_picked":["hexamod:FifthSeal","hexamod:ForkedFlame","hexamod:WildfireWeapon"],"picked":"hexamod:SixthSeal","floor":33},{"not_picked":["hexamod:ThermalTransfer+1","hexamod:GhostLash","hexamod:Haunt+1"],"picked":"hexamod:Incineration+1","floor":36},{"not_picked":["hexamod:SixthSeal","hexamod:SecondSeal","hexamod:FourthSeal"],"picked":"hexamod:FirstSeal","floor":36},{"not_picked":["hexamod:ThirdSeal","hexamod:FourthSeal","hexamod:FirstSeal"],"picked":"hexamod:SecondSeal","floor":37},{"not_picked":["hexamod:Hexaguard+1","hexamod:NightmareStrike+1","hexamod:NightmareGuise+1","hexamod:HeatMetal+1"],"picked":"SKIP","floor":37},{"not_picked":["hexamod:PowerFromBeyond+1","hexamod:RecurringNightmare","hexamod:HexaLevel"],"picked":"hexamod:FastForward+1","floor":38},{"not_picked":["hexamod:EtherealExpedition+1","hexamod:GhostLash","hexamod:FastForward","hexamod:Rewind"],"picked":"SKIP","floor":40}],"player_experience":534964,"relics_obtained":[{"floor":3,"key":"Question Card"},{"floor":6,"key":"Toy Ornithopter"},{"floor":7,"key":"hexamod:MatchstickCase"},{"floor":10,"key":"Potion Belt"},{"floor":14,"key":"Akabeko"},{"floor":24,"key":"MealTicket"},{"floor":38,"key":"Calipers"}],"event_choices":[{"damage_healed":0,"gold_gain":0,"player_choice":"Fight","damage_taken":0,"max_hp_gain":0,"max_hp_loss":0,"event_name":"Mysterious Sphere","floor":38,"gold_loss":0}],"is_beta":false,"boss_relics":[{"not_picked":["Snecko Eye","Runic Pyramid"],"picked":"Philosopher\u0027s Stone"},{"not_picked":["Calling Bell","Cursed Key"],"picked":"SacredBark"}],"items_purged_floors":[13,22,28],"is_endless":false,"potions_floor_spawned":[6,10,14,21,25,27,31,36,37],"killed_by":"3 Darklings","ascension_level":0}}