{"host":"5ezk7t18wcb10u1o","time":1610829690,"event":{"mods":["BaseMod","Bestiary","Colored Powertips","Minty Spire (QoL Compilation)","Relic Sorter"],"gold_per_floor":[115,115,134,147,159,177,141,157,182,182,200,200,216,216,216,289,289,305,305,285,304,314,314,330,330,330],"floor_reached":25,"language":"ENG","playtime":1189,"items_purged":[],"score":398,"play_id":"4d22681a-d71d-4d10-b1c0-71f2f7065a4c","local_time":"20210116204130","is_ascension_mode":true,"campfire_choices":[{"floor":10.0,"key":"REST"},{"data":"Redo","floor":12,"key":"SMITH"},{"data":"Zap","floor":15,"key":"SMITH"},{"data":"Leap","floor":23,"key":"SMITH"}],"circlet_count":0,"master_deck":["AscendersBane","Strike_B","Strike_B","Strike_B","Defend_B","Defend_B","Defend_B","Defend_B","Zap+1","Dualcast+1","Genetic Algorithm","Redo+1","Auto Shields","Sweeping Beam","Coolheaded","Leap+1","Melter","Reinforced Body","Doom and Gloom","Scrape","Buffer","Gash+1","Beam Cell","Beam Cell+1","Reinforced Body"],"relics":["FrozenCore","Art of War","HornCleat"],"acts_visited":["Exordium","TheCity"],"potions_floor_usage":[16,22,22,25],"damage_taken":[{"damage":6.0,"enemies":"2 Louse","floor":1.0,"turns":2.0},{"damage":1.0,"enemies":"Cultist","floor":3.0,"turns":4.0},{"damage":7.0,"enemies":"Jaw Worm","floor":4.0,"turns":4.0},{"damage":12.0,"enemies":"Exordium Thugs","floor":5.0,"turns":4.0},{"damage":2.0,"enemies":"Blue Slaver","floor":6.0,"turns":6.0},{"damage":9.0,"enemies":"Lots of Slimes","floor":8.0,"turns":4.0},{"damage":1,"enemies":"Looter","floor":11,"turns":4},{"damage":0,"enemies":"Red Slaver","floor":13,"turns":3},{"damage":32,"enemies":"Hexaghost","floor":16,"turns":14},{"damage":14,"enemies":"Chosen","floor":18,"turns":9},{"damage":0,"enemies":"Spheric Guardian","floor":21,"turns":2},{"damage":6,"enemies":"Centurion and Healer","floor":22,"turns":9},{"damage":16,"enemies":"Snake Plant","floor":24,"turns":5},{"damage":27,"enemies":"Slavers","floor":25,"turns":1}],"seed_played":"-375115189384671155","potions_obtained":[{"floor":1.0,"key":"PowerPotion"},{"floor":5.0,"key":"Weak Potion"},{"floor":6.0,"key":"Fruit Juice"},{"floor":11,"key":"Weak Potion"},{"floor":18,"key":"Energy Potion"},{"floor":20,"key":"AttackPotion"},{"floor":22,"key":"Strength Potion"}],"is_trial":false,"path_per_floor":["M","?","M","M","M","M","$","M","T","R","M","R","M","T","R","B",null,"M","?","?","M","M","R","M","E"],"character_chosen":"DEFECT","items_purchased":["Melter"],"campfire_rested":1,"item_purchase_floors":[7],"current_hp_per_floor":[58,58,57,50,38,41,41,32,32,54,53,53,53,53,53,21,62,48,48,48,48,42,42,26,0,0],"gold":330,"neow_bonus":"UPGRADE_CARD","is_daily":false,"chose_seed":false,"campfire_upgraded":3,"win_rate":0.0,"timestamp":1610829690,"path_taken":["M","?","?","M","M","M","$","M","T","R","M","R","M","?","R","BOSS","M","?","?","M","M","R","M","E"],"items_purchased_type":["Card"],"build_version":"2020-12-22","purchased_purges":0,"victory":false,"max_hp_per_floor":[71,71,71,71,71,76,76,76,76,76,76,76,76,76,76,76,76,76,76,76,76,76,76,76,76,76],"card_choices":[{"not_picked":["Doom and Gloom","Conserve Battery"],"picked":"Genetic Algorithm","floor":1.0},{"not_picked":["Genetic Algorithm","Gash"],"picked":"Auto Shields","floor":3.0},{"not_picked":["Rip and Tear","Compile Driver"],"picked":"Sweeping Beam","floor":4.0},{"not_picked":["Force Field","Hologram"],"picked":"Coolheaded","floor":5.0},{"not_picked":["Barrage","Coolheaded"],"picked":"Leap","floor":6.0},{"not_picked":["Sweeping Beam","BootSequence"],"picked":"Reinforced Body","floor":8.0},{"not_picked":["Hologram","Conserve Battery"],"picked":"Doom and Gloom","floor":11},{"not_picked":["Redo","Barrage"],"picked":"Scrape","floor":13},{"not_picked":["Amplify","Machine Learning"],"picked":"Buffer","floor":16},{"not_picked":["Genetic Algorithm","Melter"],"picked":"Gash+1","floor":18},{"not_picked":["Doom and Gloom","Rip and Tear+1"],"picked":"Beam Cell","floor":21},{"not_picked":["Double Energy","Steam Power"],"picked":"Beam Cell+1","floor":22},{"not_picked":["Turbo","Rebound"],"picked":"Reinforced Body","floor":24}],"player_experience":1134557,"relics_obtained":[{"floor":9.0,"key":"Art of War"},{"floor":14,"key":"HornCleat"}],"event_choices":[{"damage_healed":0.0,"max_hp_gain":0.0,"max_hp_loss":0.0,"gold_gain":0.0,"cards_transformed":["Strike_B"],"event_name":"Transmorgrifier","player_choice":"Transformed","floor":2.0,"gold_loss":0.0,"damage_taken":0.0,"cards_obtained":["Redo"]},{"damage_healed":0,"gold_gain":0,"player_choice":"Ignored","damage_taken":0,"max_hp_gain":0,"max_hp_loss":0,"event_name":"Ghosts","floor":19,"gold_loss":0},{"damage_healed":0,"gold_gain":0,"player_choice":"Bought 1 Potion","damage_taken":0,"max_hp_gain":0,"max_hp_loss":0,"event_name":"The Woman in Blue","floor":20,"gold_loss":0}],"is_beta":false,"boss_relics":[{"not_picked":["SacredBark","Tiny House"],"picked":"FrozenCore"}],"items_purged_floors":[],"is_endless":false,"potions_floor_spawned":[1,5,6,11,18,22],"killed_by":"Slavers","ascension_level":20}}