{"host":"mdbnki27vzqujy5q","time":1610777309,"event":{"mods":["BaseMod","Better Note","Better Skull","Colored Map","Colored Powertips","DeckTracker","Highlight Path","Minty Spire (QoL Compilation)","Quick Restart","Rare Cards Sparkle","StSLib"],"gold_per_floor":[117,117,136,136,147,147,174,174,174,194,227,246,260,292,292,292,292],"floor_reached":16,"language":"ENG","playtime":637,"items_purged":[],"score":140,"play_id":"5f4d3877-cfa9-483b-ba0b-e85e19d07e9e","local_time":"20210115220829","is_ascension_mode":true,"campfire_choices":[{"data":"Cloak And Dagger","floor":6.0,"key":"SMITH"},{"data":"Cloak And Dagger","floor":15.0,"key":"SMITH"}],"circlet_count":0,"master_deck":["Strike_G","Strike_G","Strike_G","Strike_G","Strike_G","Defend_G","Defend_G","Defend_G","Defend_G","Survivor","Neutralize","Cloak And Dagger+1","Cloak And Dagger+1","Pain","All Out Attack","Outmaneuver","Slice","Crippling Poison","Footwork"],"relics":["Ring of the Snake","NeowsBlessing","WarpedTongs","Pocketwatch","Meat on the Bone","Letter Opener","MealTicket"],"acts_visited":["Exordium"],"potions_floor_usage":[16],"damage_taken":[{"damage":0.0,"enemies":"Cultist","floor":1.0,"turns":1.0},{"damage":0.0,"enemies":"Small Slimes","floor":3.0,"turns":1.0},{"damage":3.0,"enemies":"2 Louse","floor":5.0,"turns":1.0},{"damage":24.0,"enemies":"Gremlin Nob","floor":7.0,"turns":4.0},{"damage":1.0,"enemies":"2 Fungi Beasts","floor":10.0,"turns":2.0},{"damage":19.0,"enemies":"3 Sentries","floor":11.0,"turns":6.0},{"damage":9.0,"enemies":"Large Slime","floor":12.0,"turns":5.0},{"damage":13.0,"enemies":"3 Louse","floor":13.0,"turns":3.0},{"damage":10.0,"enemies":"Lagavulin","floor":14.0,"turns":5.0},{"damage":44,"enemies":"Slime Boss","floor":16,"turns":8}],"seed_played":"-8176527926209313507","potions_obtained":[{"floor":10.0,"key":"EntropicBrew"},{"floor":12.0,"key":"CunningPotion"},{"floor":13.0,"key":"SteroidPotion"},{"floor":14.0,"key":"LiquidMemories"}],"is_trial":false,"path_per_floor":["M","?","M","?","M","R","E","?","T","M","E","M","M","E","R","B"],"character_chosen":"THE_SILENT","items_purchased":[],"campfire_rested":0,"item_purchase_floors":[],"current_hp_per_floor":[70,70,70,70,67,67,43,48,48,47,40,43,42,44,44,0,0],"gold":292,"neow_bonus":"THREE_ENEMY_KILL","is_daily":false,"chose_seed":false,"campfire_upgraded":2,"win_rate":0.0,"timestamp":1610777309,"path_taken":["M","?","M","?","?","R","E","?","T","M","E","M","M","E","R","BOSS"],"items_purchased_type":[],"build_version":"2020-12-22","purchased_purges":0,"victory":false,"max_hp_per_floor":[70,70,70,70,70,70,70,75,75,75,75,75,75,75,75,75,75],"card_choices":[{"not_picked":["Dagger Throw","Heel Hook"],"picked":"Cloak And Dagger","floor":1.0},{"not_picked":["Noxious Fumes","Skewer"],"picked":"Cloak And Dagger","floor":3.0},{"not_picked":["Terror","Prepared"],"picked":"All Out Attack","floor":5.0},{"not_picked":["Malaise","Prepared"],"picked":"Outmaneuver","floor":7.0},{"not_picked":["Caltrops","Poisoned Stab"],"picked":"Slice","floor":10.0},{"not_picked":["Dagger Throw","Well Laid Plans"],"picked":"Crippling Poison","floor":11.0},{"not_picked":["Quick Slash","Sucker Punch"],"picked":"Footwork","floor":12.0},{"not_picked":["Expertise","PiercingWail","Malaise"],"picked":"SKIP","floor":13.0},{"not_picked":["Acrobatics","Well Laid Plans","Dodge and Roll"],"picked":"SKIP","floor":14.0}],"player_experience":93519,"relics_obtained":[{"floor":7.0,"key":"Pocketwatch"},{"floor":9.0,"key":"Meat on the Bone"},{"floor":11.0,"key":"Letter Opener"},{"floor":14.0,"key":"MealTicket"}],"event_choices":[{"cards_removed":["Defend_G"],"damage_healed":0.0,"max_hp_gain":0.0,"max_hp_loss":0.0,"gold_gain":0.0,"event_name":"Living Wall","player_choice":"Forget","floor":2.0,"gold_loss":0.0,"damage_taken":0.0},{"damage_healed":0.0,"max_hp_gain":0.0,"max_hp_loss":0.0,"gold_gain":0.0,"event_name":"Accursed Blacksmith","player_choice":"Rummage","floor":4.0,"gold_loss":0.0,"damage_taken":0.0,"relics_obtained":["WarpedTongs"],"cards_obtained":["Pain"]},{"damage_healed":0.0,"max_hp_gain":5.0,"max_hp_loss":0.0,"gold_gain":0.0,"event_name":"Big Fish","player_choice":"Donut","floor":8.0,"gold_loss":0.0,"damage_taken":0.0}],"is_beta":false,"boss_relics":[],"items_purged_floors":[],"is_endless":false,"potions_floor_spawned":[10,12,13,14],"killed_by":"Slime Boss","ascension_level":3}}