{"host":"c2zlmc1hlq0427cl","time":1610757626,"event":{"mods":["100% Spire Juice","BaseMod","Googly Eyes","Hermit","Minty Spire (QoL Compilation)","Replay The Spire","StSLib","The Bug Knight","The Hayseed","The Senshi"],"gold_per_floor":[110,120,120,138,138,138,172,193,268,293,32,32,32],"floor_reached":12,"language":"ENG","playtime":652,"items_purged":[],"score":80,"play_id":"6fb788ba-d1fe-46fd-8c77-7666f6351870","local_time":"20210115184026","is_ascension_mode":false,"campfire_choices":[{"data":"HollowMod:DungDefenderAura","floor":6,"key":"SMITH"}],"circlet_count":0,"master_deck":["HollowMod:NailStrikeStart","HollowMod:NailStrikeStart","HollowMod:NailStrikeStart","HollowMod:NailStrikeStart","HollowMod:QuickDashStart","HollowMod:QuickDashStart","HollowMod:QuickDashStart","HollowMod:QuickDashStart","HollowMod:FocusHealStart","HollowMod:PogoStrike","HollowMod:DungDefenderAura+1","HollowMod:DungDefenderAura","HollowMod:InfectedAttack","TheSimpletonMod:Spoilage","Whirlwind","hermit:Deadeye"],"relics":["HollowMod:VesselMask","PrismaticShard","Golden Idol","Replay:Multitool","Divine Protection","Mummified Hand"],"acts_visited":["Exordium"],"potions_floor_usage":[8,12,12],"damage_taken":[{"damage":0,"enemies":"Small Slimes","floor":1,"turns":4},{"damage":1,"enemies":"Jaw Worm","floor":2,"turns":4},{"damage":3,"enemies":"2 Louse","floor":4,"turns":2},{"damage":31,"enemies":"Gremlin Nob","floor":7,"turns":4},{"damage":12,"enemies":"Blue Slaver","floor":8,"turns":3},{"damage":0,"enemies":"Lots of Slimes","floor":10,"turns":4},{"damage":11,"enemies":"Lagavulin","floor":12,"turns":4}],"seed_played":"3254697116057877901","potions_obtained":[{"floor":1,"key":"FearPotion"},{"floor":4,"key":"EssenceOfSteel"},{"floor":7,"key":"SkillPotion"}],"is_trial":false,"path_per_floor":["M","M","?","M","?","R","E","M","T","M","$","E"],"character_chosen":"THE_BUGKNIGHT","items_purchased":["Mummified Hand"],"campfire_rested":0,"item_purchase_floors":[11],"current_hp_per_floor":[75,75,75,72,54,54,23,11,11,11,11,0,0],"gold":32,"neow_bonus":"THREE_CARDS","is_daily":false,"chose_seed":false,"campfire_upgraded":1,"win_rate":0.0,"timestamp":1610757626,"path_taken":["M","M","?","M","?","R","E","M","T","M","$","E"],"items_purchased_type":["Relic"],"build_version":"2020-12-22","purchased_purges":0,"victory":false,"max_hp_per_floor":[75,75,75,75,75,75,75,75,75,75,75,75,75],"card_choices":[{"not_picked":["HollowMod:DescendingDark","HollowMod:CornifersMapStart"],"picked":"HollowMod:DungDefenderAura","floor":0},{"not_picked":["HollowMod:BaldurShell","HollowMod:NewLittleFool"],"picked":"HollowMod:DungDefenderAura","floor":1},{"not_picked":["HollowMod:CornifersMapStart","HollowMod:NewLittleFool"],"picked":"HollowMod:InfectedAttack","floor":2},{"not_picked":["hermit:Roulette","Glacier"],"picked":"Whirlwind","floor":4},{"not_picked":["Moonworks:Assault","Biased Cognition"],"picked":"hermit:Deadeye","floor":7},{"not_picked":["PanicButton","PiercingWail","TheSimpletonMod:SeedCoat"],"picked":"SKIP","floor":8},{"not_picked":["ReplayTheSpireMod:The Works","TheSimpletonMod:Squash","Replay:Vibes"],"picked":"SKIP","floor":10}],"player_experience":62369,"relics_obtained":[{"floor":7,"key":"Replay:Multitool"},{"floor":9,"key":"Divine Protection"}],"event_choices":[{"damage_healed":0,"gold_gain":0,"player_choice":"Take Damage","damage_taken":18,"relics_obtained":["Golden Idol"],"max_hp_gain":0,"max_hp_loss":0,"event_name":"Golden Idol","floor":5,"gold_loss":0}],"is_beta":false,"boss_relics":[],"items_purged_floors":[],"is_endless":false,"potions_floor_spawned":[1,4,7],"killed_by":"Lagavulin","ascension_level":0}}