{"host":"bq4pt811tk9yrmjl","time":1610825116,"event":{"mods":["AchievementEnabler","BaseMod","Colored Map","Colored Powertips","Defuse TimeMaze Blight","Hermit","Minty Spire (QoL Compilation)","StSLib","SuperFastMode"],"gold_per_floor":[111,111,111,125,300,300,375,410,410,421,446,151,151,170,170,268,268,297,306,325,325,353,353,381,92,118,118,118],"floor_reached":27,"language":"ENG","playtime":679,"items_purged":["Doubt"],"score":258,"play_id":"b2b2e709-55ed-4e35-a92e-75826371d21e","local_time":"20210116172516","is_ascension_mode":true,"campfire_choices":[{"data":"Zap","floor":6.0,"key":"SMITH"},{"data":"Defragment","floor":15.0,"key":"SMITH"},{"data":"Loop","floor":23,"key":"SMITH"}],"circlet_count":0,"master_deck":["Strike_B","Strike_B","Strike_B","Strike_B","Defend_B","Defend_B","Defend_B","Defend_B","Zap+1","Dualcast","Melter","Beam Cell","Defragment+1","BootSequence","Loop+1","Conserve Battery","Writhe","Go for the Eyes+1","Loop+1","Defragment+1"],"relics":["Cracked Core","NeowsBlessing","Lizard Tail","Sundial","CeramicFish","StrikeDummy","Inserter","Pen Nib","Juzu Bracelet","DollysMirror","Bag of Marbles"],"acts_visited":["Exordium","TheCity"],"potions_floor_usage":[24,24],"damage_taken":[{"damage":0.0,"enemies":"Small Slimes","floor":1.0,"turns":1.0},{"damage":0.0,"enemies":"2 Louse","floor":4.0,"turns":1.0},{"damage":0.0,"enemies":"3 Sentries","floor":8.0,"turns":2.0},{"damage":1.0,"enemies":"Jaw Worm","floor":10.0,"turns":3.0},{"damage":11.0,"enemies":"Lagavulin","floor":11.0,"turns":7.0},{"damage":0.0,"enemies":"Looter","floor":14.0,"turns":2.0},{"damage":5.0,"enemies":"The Guardian","floor":16.0,"turns":9.0},{"damage":18.0,"enemies":"3 Byrds","floor":18.0,"turns":3.0},{"damage":24.0,"enemies":"2 Thieves","floor":20.0,"turns":5.0},{"damage":18.0,"enemies":"Snecko","floor":22.0,"turns":6.0},{"damage":5,"enemies":"Snake Plant","floor":24,"turns":4},{"damage":0,"enemies":"Cultist and Chosen","floor":27,"turns":4}],"seed_played":"-5181166367357814103","potions_obtained":[{"floor":4.0,"key":"Weak Potion"},{"floor":11.0,"key":"Swift Potion"},{"floor":14.0,"key":"PowerPotion"},{"floor":16.0,"key":"ColorlessPotion"},{"floor":20.0,"key":"PowerPotion"},{"floor":21.0,"key":"ColorlessPotion"},{"floor":21.0,"key":"EssenceOfDarkness"},{"floor":21.0,"key":"Block Potion"},{"floor":24,"key":"Dexterity Potion"}],"is_trial":false,"path_per_floor":["M","$","?","M","?","R","?","E","T","M","E","$","?","M","R","B",null,"M","?","M","?","M","R","M","$","T","M"],"character_chosen":"DEFECT","items_purchased":["CeramicFish","Loop","Juzu Bracelet","DollysMirror"],"campfire_rested":0,"item_purchase_floors":[12,12,25,25],"current_hp_per_floor":[75,75,75,75,75,75,64,64,64,63,52,52,49,49,49,44,75,57,57,33,33,15,15,10,10,10,10,10],"gold":118,"neow_bonus":"THREE_ENEMY_KILL","is_daily":false,"chose_seed":false,"campfire_upgraded":3,"win_rate":0.0,"timestamp":1610825116,"path_taken":["M","$","?","M","?","R","?","E","T","M","E","$","?","M","R","BOSS","M","?","M","?","?","R","M","$","T","M"],"items_purchased_type":["Relic","Card","Relic","Relic"],"build_version":"2020-12-22","purchased_purges":1,"victory":false,"max_hp_per_floor":[75,75,75,75,75,75,75,75,75,75,75,75,75,75,75,75,75,75,75,75,75,75,75,75,75,75,75,75],"card_choices":[{"not_picked":["Barrage","Compile Driver"],"picked":"Melter","floor":1.0},{"not_picked":["Rebound","Heatsinks"],"picked":"Beam Cell","floor":4.0},{"not_picked":["FTL","Sweeping Beam"],"picked":"Defragment","floor":8.0},{"not_picked":["Double Energy","FTL","Turbo"],"picked":"SKIP","floor":10.0},{"not_picked":["Coolheaded","Redo"],"picked":"BootSequence","floor":11.0},{"not_picked":["Gash","Darkness","Capacitor"],"picked":"SKIP","floor":14.0},{"not_picked":["Go for the Eyes","Gash"],"picked":"Conserve Battery","floor":18.0},{"not_picked":["Cold Snap","Reinforced Body","Coolheaded"],"picked":"SKIP","floor":20.0},{"not_picked":["Gash","Cold Snap"],"picked":"Go for the Eyes+1","floor":22.0},{"not_picked":["Rebound+1","Hologram"],"picked":"Loop+1","floor":24}],"player_experience":166820,"relics_obtained":[{"floor":8.0,"key":"Lizard Tail"},{"floor":11.0,"key":"Sundial"},{"floor":26,"key":"Bag of Marbles"}],"event_choices":[{"damage_healed":0.0,"max_hp_gain":0.0,"max_hp_loss":0.0,"gold_gain":0.0,"event_name":"Shining Light","player_choice":"Ignored","floor":3.0,"gold_loss":0.0,"damage_taken":0.0},{"damage_healed":0.0,"max_hp_gain":0.0,"max_hp_loss":0.0,"gold_gain":175.0,"event_name":"Liars Game","player_choice":"AGREE","floor":5.0,"gold_loss":0.0,"damage_taken":0.0,"cards_obtained":["Doubt"]},{"damage_healed":0.0,"max_hp_gain":0.0,"max_hp_loss":0.0,"gold_gain":75.0,"event_name":"World of Goop","player_choice":"Gather Gold","floor":7.0,"gold_loss":0.0,"damage_taken":11.0},{"damage_healed":0.0,"max_hp_gain":0.0,"max_hp_loss":0.0,"gold_gain":0.0,"event_name":"Scrap Ooze","player_choice":"Success","floor":13.0,"gold_loss":0.0,"damage_taken":3.0,"relics_obtained":["StrikeDummy"]},{"damage_healed":0.0,"max_hp_gain":0.0,"max_hp_loss":0.0,"gold_gain":0.0,"event_name":"The Mausoleum","player_choice":"Opened","floor":19.0,"gold_loss":0.0,"damage_taken":0.0,"relics_obtained":["Pen Nib"],"cards_obtained":["Writhe"]},{"damage_healed":0.0,"max_hp_gain":0.0,"max_hp_loss":0.0,"gold_gain":0.0,"event_name":"Lab","player_choice":"Got Potions","floor":21.0,"gold_loss":0.0,"damage_taken":0.0}],"is_beta":false,"boss_relics":[{"not_picked":["Runic Pyramid","Cursed Key"],"picked":"Inserter"}],"items_purged_floors":[12],"is_endless":false,"potions_floor_spawned":[4,11,14,16,20,24],"killed_by":"Cultist and Chosen","ascension_level":1}}