{"host":"d7fiu2yjkssjxoz6","time":1610833622,"event":{"mods":["AchievementEnabler","BaseMod","Duelist Mod","GifTheSpireLib","Minty Spire (QoL Compilation)","StSLib"],"gold_per_floor":[138,153,153,170,180,209,221,254,254,285,285,304,304,304,304,403,403,421,421,431,446,463,490,490,524,562,574,634,646,658,680,692,805,817,846,858,888,110,130,130,147,158,182,215,215,215,225,240,240,240,240,240,22,52,52],"floor_reached":56,"language":"ENG","playtime":6148,"items_purged":["Pain"],"score":1804,"play_id":"34304b80-2e37-487b-9bc2-c09b4e57c4f3","local_time":"20210116134702","is_ascension_mode":true,"campfire_choices":[{"data":"theDuelist:Umi","floor":11,"key":"SMITH"},{"floor":15,"key":"REST"},{"floor":27,"key":"RECALL"},{"floor":29,"key":"DIG"},{"floor":32,"key":"DIG"},{"floor":40,"key":"DIG"},{"floor":46,"key":"DIG"},{"floor":49,"key":"DIG"},{"floor":52,"key":"DIG"}],"circlet_count":0,"master_deck":["theDuelist:SevenColoredFish","theDuelist:SevenColoredFish","theDuelist:AquaSpirit","theDuelist:IslandTurtle","theDuelist:IslandTurtle","theDuelist:RevivalJam","theDuelist:MermaidKnight","theDuelist:EnchantingMermaid","theDuelist:GishkiAriel","theDuelist:GishkiShadow","theDuelist:GishkiReliever","theDuelist:GishkiReliever","theDuelist:Umi+1","theDuelist:KoakiMeiruIce","theDuelist:FishDepthCharge+1","theDuelist:MorayGreed","theDuelist:DepthShark","theDuelist:AmphibiousBugroth","theDuelist:GraydleSlime","theDuelist:Hyosube","theDuelist:GishkiMarker+1","theDuelist:DeepDiver","theDuelist:KoakiMeiruIce+1","theDuelist:GoldenFlyingFish","theDuelist:GishkiPsychelone","theDuelist:Dewdark","theDuelist:Dewdark","theDuelist:LostBlueBreaker+1","theDuelist:Skystarray+1","theDuelist:GraydleSlimeJr","theDuelist:NimbleAngler","theDuelist:Umi+1","theDuelist:GishkiEmilia","theDuelist:OhFish","theDuelist:BoulderTortoise","theDuelist:GiantTurtle","theDuelist:FeatherPho","theDuelist:HydraViper+1","theDuelist:TorrentialReborn","theDuelist:TerrorkingSalmon+1","theDuelist:Boneheimer+1","theDuelist:ChrysalisDolphin+1","theDuelist:FishborgArcher+1","theDuelist:ChangeHeart","theDuelist:RageDeepSea","theDuelist:OhFish","theDuelist:EvigishkiSoulOgre+1"],"relics":["theDuelist:MillenniumPuzzle","theDuelist:CardPoolRelic","theDuelist:CardPoolBasicRelic","theDuelist:BoosterPackPoolRelic","theDuelist:CardPoolAddRelic","theDuelist:CardPoolMinusRelic","theDuelist:CardPoolSaveRelic","theDuelist:CardPoolOptionsRelic","theDuelist:NamelessPowerRelicB","Smiling Mask","theDuelist:YugiMirror","Matryoshka","Self Forming Clay","Omamori","Pandora\u0027s Box","Toy Ornithopter","MawBank","Oddly Smooth Stone","Gambling Chip","FossilizedHelix","Shovel","theDuelist:Flowstate","MealTicket","Cursed Key","PreservedInsect","DollysMirror","Strawberry","theDuelist:Splashbox","theDuelist:WavemastersBlessing","Boot","Centennial Puzzle","Red Skull","Art of War","theDuelist:BlessingAnubis","Pen Nib"],"acts_visited":["Exordium","TheCity","TheBeyond","TheEnding"],"potions_floor_usage":[16,16,28],"damage_taken":[{"damage":0.0,"enemies":"Cultist","floor":1.0,"turns":4.0},{"damage":0.0,"enemies":"2 Louse","floor":2.0,"turns":3.0},{"damage":8.0,"enemies":"Small Slimes","floor":4.0,"turns":5.0},{"damage":0.0,"enemies":"3 Louse","floor":5.0,"turns":3.0},{"damage":65.0,"enemies":"Gremlin Nob","floor":6.0,"turns":6.0},{"damage":2.0,"enemies":"Red Slaver","floor":7.0,"turns":3.0},{"damage":21.0,"enemies":"Lagavulin","floor":8.0,"turns":8.0},{"damage":3.0,"enemies":"3 Sentries","floor":10.0,"turns":6.0},{"damage":5,"enemies":"Looter","floor":12,"turns":3},{"damage":8,"enemies":"Hexaghost","floor":16,"turns":10},{"damage":0,"enemies":"Spheric Guardian","floor":18,"turns":4},{"damage":0,"enemies":"3 Byrds","floor":20,"turns":5},{"damage":0,"enemies":"3 Cultists","floor":21,"turns":5},{"damage":0,"enemies":"Sentry and Sphere","floor":22,"turns":5},{"damage":0,"enemies":"Slavers","floor":23,"turns":7},{"damage":9,"enemies":"theDuelist:KaibaA2","floor":25,"turns":6},{"damage":16,"enemies":"theDuelist:KaibaA2","floor":28,"turns":14},{"damage":0,"enemies":"Centurion and Healer","floor":31,"turns":5},{"damage":0,"enemies":"Champ","floor":33,"turns":11},{"damage":0,"enemies":"Orb Walker","floor":35,"turns":4},{"damage":0,"enemies":"3 Darklings","floor":37,"turns":5},{"damage":0,"enemies":"Transient","floor":39,"turns":5},{"damage":0,"enemies":"Sphere and 2 Shapes","floor":41,"turns":4},{"damage":0,"enemies":"Maw","floor":42,"turns":7},{"damage":0,"enemies":"Reptomancer","floor":44,"turns":4},{"damage":0,"enemies":"Spire Growth","floor":47,"turns":6},{"damage":0,"enemies":"Sphere and 2 Shapes","floor":48,"turns":4},{"damage":0,"enemies":"Awakened One","floor":50,"turns":6},{"damage":4,"enemies":"Shield and Spear","floor":54,"turns":4},{"damage":0,"enemies":"The Heart","floor":55,"turns":6}],"seed_played":"-3020025811637267490","potions_obtained":[{"floor":2.0,"key":"Swift Potion"},{"floor":5.0,"key":"theDuelist:VoidBottle"},{"floor":6.0,"key":"theDuelist:WaterBottle"},{"floor":8.0,"key":"Fruit Juice"},{"floor":10.0,"key":"theDuelist:VampireVial"},{"floor":20,"key":"GamblersBrew"},{"floor":25,"key":"theDuelist:WaterBottle"},{"floor":28,"key":"theDuelist:FlamingBottle"},{"floor":31,"key":"LiquidMemories"}],"is_trial":false,"path_per_floor":["M","M","?","M","M","E","M","E","T","E","R","M","?","?","R","B",null,"M","?","M","M","M","E","?","E","T","R","?","R","?","M","R","B",null,"M","?","M","$","M","R","M","M","T","E","?","R","M","M","R","B",null,"R","$","E","B",null],"character_chosen":"THE_DUELIST","items_purchased":["theDuelist:NimbleAngler","PreservedInsect","DollysMirror","theDuelist:GishkiEmilia","Strawberry","theDuelist:OhFish","theDuelist:BoulderTortoise","theDuelist:GiantTurtle","theDuelist:FeatherPho","theDuelist:ChangeHeart","theDuelist:RageDeepSea","theDuelist:OhFish"],"campfire_rested":1,"item_purchase_floors":[38,38,38,38,38,38,38,38,38,53,53,53],"current_hp_per_floor":[88,88,95,87,87,22,20,69,69,66,66,61,28,21,70,62,165,165,165,165,165,165,165,177,168,168,168,157,157,157,157,157,157,177,177,187,187,194,194,194,194,194,194,194,194,194,194,194,194,194,194,194,194,190,190],"gold":52,"neow_bonus":"TEN_PERCENT_HP_BONUS","is_daily":false,"chose_seed":false,"campfire_upgraded":1,"win_rate":0.0,"timestamp":1610833622,"path_taken":["M","M","?","M","M","E","M","E","T","E","R","M","?","?","R","BOSS","M","?","M","?","M","E","?","E","T","R","?","R","?","M","R","BOSS","M","?","M","$","?","R","M","M","T","E","?","R","M","?","R","BOSS","R","$","E","BOSS"],"items_purchased_type":["Card","Relic","Relic","Card","Relic","Card","Card","Card","Card","Card","Card","Card"],"build_version":"2020-12-22","purchased_purges":1,"victory":true,"max_hp_per_floor":[88,88,95,95,95,95,95,165,165,165,165,165,165,165,165,165,165,165,165,165,165,165,165,177,177,177,177,177,177,177,177,177,177,177,177,187,187,194,194,194,194,194,194,194,194,194,194,194,194,194,194,194,194,194,194],"card_choices":[{"not_picked":["theDuelist:GraydleAlligator","theDuelist:ArmoredStarfish","theDuelist:AquaSpirit","theDuelist:GraydleParasite"],"picked":"theDuelist:MermaidKnight","floor":1.0},{"not_picked":["theDuelist:EagleShark","theDuelist:ArmoredStarfish","theDuelist:LeviairSeaDragon","theDuelist:SharkStickers"],"picked":"theDuelist:EnchantingMermaid","floor":2.0},{"not_picked":["theDuelist:RageDeepSea","theDuelist:ArmoredStarfish","theDuelist:GiantTurtle","theDuelist:GraydleEagle"],"picked":"theDuelist:GishkiAriel","floor":4.0},{"not_picked":["theDuelist:OneForOne+1","theDuelist:SphereKuriboh","theDuelist:DianKeto+1","theDuelist:RedMedicine+1"],"picked":"theDuelist:DestructPotion","floor":5.0},{"not_picked":["theDuelist:GishkiEmilia","theDuelist:GishkiAvance","theDuelist:GishkiMollusk","theDuelist:GishkiBeast"],"picked":"theDuelist:GishkiShadow","floor":6.0},{"not_picked":["theDuelist:AbyssDweller","theDuelist:CatShark","theDuelist:EvigishkiMerrowgeist","theDuelist:GishkiEmilia"],"picked":"theDuelist:GishkiReliever","floor":7.0},{"not_picked":["theDuelist:WaterHazard","theDuelist:ToadallyAwesome","theDuelist:CatapultTurtle"],"picked":"theDuelist:Umi","floor":8.0},{"not_picked":["theDuelist:Dorover","theDuelist:GiantTurtle","theDuelist:LeviairSeaDragon","theDuelist:EvigishkiGustkraken"],"picked":"theDuelist:KoakiMeiruIce","floor":10.0},{"not_picked":["theDuelist:Dorover","theDuelist:RageDeepSea","theDuelist:AbyssSoldier","theDuelist:DrillBarnacle"],"picked":"theDuelist:FishDepthCharge","floor":12},{"not_picked":["theDuelist:AtlanteanAttackSquad","theDuelist:GamecieltheSeaTurtleKaiju","theDuelist:MermailAbyssalacia","theDuelist:Monokeros"],"picked":"theDuelist:MorayGreed","floor":16},{"not_picked":["theDuelist:LightningVortex","theDuelist:BlizzardDefender","theDuelist:Fissure","theDuelist:GilfordLegend"],"picked":"theDuelist:GishkiMarker+1","floor":18},{"not_picked":["theDuelist:LightningVortex","theDuelist:ReinforcementsArmy","theDuelist:ChrysalisDolphin+1","theDuelist:PotGreed"],"picked":"theDuelist:DeepDiver","floor":20},{"not_picked":["theDuelist:GishkiBeast","theDuelist:ImperialCustom","theDuelist:FishSwaps","theDuelist:EvigishkiTetrogre"],"picked":"theDuelist:KoakiMeiruIce+1","floor":21},{"not_picked":["theDuelist:KaiserSeaSnake","theDuelist:GraydleEagle+1","theDuelist:DiamondDust","theDuelist:BigDesFrog"],"picked":"theDuelist:GoldenFlyingFish","floor":22},{"not_picked":["theDuelist:AtlanteanAttackSquad","theDuelist:GamecieltheSeaTurtleKaiju+1","theDuelist:LostBlueBreaker","theDuelist:Monokeros+1"],"picked":"theDuelist:GishkiPsychelone","floor":23},{"not_picked":["theDuelist:AquaactressArowana","theDuelist:FishborgArcher","theDuelist:MermailAbyssalacia","theDuelist:SplashCapture"],"picked":"theDuelist:GamecieltheSeaTurtleKaiju","floor":25},{"not_picked":["theDuelist:Boneheimer+1","theDuelist:KoakiMeiruIce","theDuelist:BlizzardThunderbird","theDuelist:CallAtlanteans+1"],"picked":"theDuelist:Dewdark","floor":28},{"not_picked":["theDuelist:RevivalJam","theDuelist:GishkiAriel+1","theDuelist:KoakiMeiruIce+1","theDuelist:Hyosube"],"picked":"theDuelist:Dewdark","floor":31},{"not_picked":["theDuelist:AquaactressArowana","theDuelist:AtlanteanAttackSquad","theDuelist:FishborgArcher","theDuelist:SplashCapture"],"picked":"theDuelist:LostBlueBreaker+1","floor":33},{"not_picked":["theDuelist:BigWhale+1","theDuelist:ColdWave","theDuelist:ThunderSeaHorse","theDuelist:BubbleBringer+1"],"picked":"theDuelist:Skystarray+1","floor":35},{"not_picked":["theDuelist:AbyssWarrior+1","theDuelist:DepthShark","theDuelist:GishkiBeast","theDuelist:AbyssSoldier+1"],"picked":"theDuelist:GraydleSlimeJr","floor":37},{"not_picked":["theDuelist:RageDeepSea","theDuelist:GraydleCombat+1","theDuelist:KoakiMeiruIce","theDuelist:Submarineroid"],"picked":"theDuelist:HydraViper+1","floor":39},{"not_picked":["theDuelist:BubbleBringer+1","theDuelist:GraydleCombat+1","theDuelist:FishDepthCharge+1","theDuelist:SplashCapture"],"picked":"theDuelist:TorrentialReborn","floor":41},{"not_picked":["theDuelist:AquaSpirit","theDuelist:Cryomancer","theDuelist:FishSwaps+1","theDuelist:DeepSweeper+1"],"picked":"theDuelist:TerrorkingSalmon+1","floor":42},{"not_picked":["theDuelist:FishRain+1","theDuelist:Dewdark+1","theDuelist:GraydleSlime+1","theDuelist:Skystarray"],"picked":"theDuelist:Boneheimer+1","floor":44},{"not_picked":["theDuelist:BattleOx","theDuelist:Fissure","theDuelist:GishkiNoellia","theDuelist:LegendaryFisherman+1"],"picked":"theDuelist:ChrysalisDolphin+1","floor":47},{"not_picked":["theDuelist:AtlanteanAttackSquad","theDuelist:ColdEnchanter+1","theDuelist:DewlorenTigerKing","theDuelist:EvigishkiSoulOgre+1"],"picked":"theDuelist:FishborgArcher+1","floor":48},{"not_picked":["theDuelist:GishkiEmilia+1","theDuelist:SpikedGillman+1"],"picked":"theDuelist:EvigishkiSoulOgre+1","floor":54}],"player_experience":203041,"relics_obtained":[{"floor":6.0,"key":"Smiling Mask"},{"floor":8.0,"key":"theDuelist:YugiMirror"},{"floor":9.0,"key":"Matryoshka"},{"floor":10.0,"key":"Self Forming Clay"},{"floor":23,"key":"Toy Ornithopter"},{"floor":25,"key":"MawBank"},{"floor":26,"key":"Oddly Smooth Stone"},{"floor":28,"key":"Gambling Chip"},{"floor":28,"key":"FossilizedHelix"},{"floor":28,"key":"Shovel"},{"floor":29,"key":"theDuelist:Flowstate"},{"floor":32,"key":"MealTicket"},{"floor":40,"key":"theDuelist:Splashbox"},{"floor":43,"key":"theDuelist:WavemastersBlessing"},{"floor":43,"key":"Boot"},{"floor":44,"key":"Centennial Puzzle"},{"floor":46,"key":"Red Skull"},{"floor":49,"key":"Art of War"},{"floor":52,"key":"theDuelist:BlessingAnubis"},{"floor":54,"key":"Pen Nib"}],"event_choices":[{"power_reward":3.0,"total_magic_score":23.0,"gold_gain":0.0,"duelist":true,"damage_taken":0.0,"relics_obtained":["theDuelist:NamelessPowerRelicB"],"points":7.0,"max_hp_gain":11.0,"max_hp_loss":4.0,"spent_points":{"magic":0.0,"greed":0.0,"war":0.0,"power":3.0,"hunger":4.0},"event_name":"Nameless Tomb","hunger_reward":4.0,"floor":3.0,"gold_loss":0.0,"cards_obtained":[]},{"damage_healed":0,"gold_gain":0,"player_choice":"Entered Light","damage_taken":33,"max_hp_gain":0,"max_hp_loss":0,"event_name":"Shining Light","floor":13,"gold_loss":0,"cards_upgraded":["theDuelist:FishDepthCharge","theDuelist:Sparks"]},{"damage_healed":0,"gold_gain":0,"player_choice":"Success","damage_taken":7,"relics_obtained":["Omamori"],"max_hp_gain":0,"max_hp_loss":0,"event_name":"Scrap Ooze","floor":14,"gold_loss":0},{"damage_healed":0,"gold_gain":0,"player_choice":"Leave","duelist":true,"damage_taken":0,"max_hp_gain":0,"max_hp_loss":0,"event_name":"Relic Duplicator","floor":19,"gold_loss":0},{"damage_healed":0,"gold_gain":0,"player_choice":"Break - +12 Max HP","duelist":true,"damage_taken":0,"max_hp_gain":0,"max_hp_loss":0,"event_name":"Tomb of the Nameless","floor":24,"gold_loss":0},{"damage_healed":0,"gold_gain":0,"player_choice":"Fight","duelist":true,"damage_taken":0,"max_hp_gain":0,"max_hp_loss":0,"event_name":"Battle City","floor":28,"gold_loss":0},{"cards_removed":["theDuelist:SummoningCurse"],"damage_healed":0,"gold_gain":0,"player_choice":"Elegance","damage_taken":0,"max_hp_gain":0,"max_hp_loss":0,"event_name":"Back to Basics","floor":30,"gold_loss":0},{"cards_removed":["theDuelist:GamecieltheSeaTurtleKaiju"],"damage_healed":0,"gold_gain":0,"player_choice":"Offered Rare","damage_taken":0,"max_hp_gain":10,"max_hp_loss":0,"event_name":"Bonfire Elementals","floor":36,"gold_loss":0},{"damage_healed":0,"gold_gain":0,"player_choice":"Bought 0 Potions","damage_taken":0,"max_hp_gain":0,"max_hp_loss":0,"event_name":"The Woman in Blue","floor":45,"gold_loss":0}],"is_beta":false,"boss_relics":[{"not_picked":["Runic Cube","Empty Cage"],"picked":"Pandora\u0027s Box"},{"not_picked":["Coffee Dripper","Velvet Choker"],"picked":"Cursed Key"}],"items_purged_floors":[53],"is_endless":false,"potions_floor_spawned":[2,5,6,8,10,20,25,28,31,37,41,47,48],"ascension_level":4}}