{"host":"fiyb7gvx7tok3jeh","time":1610801919,"event":{"mods":["BaseMod","Colored Map","Colored Powertips","DeckTracker","Googly Eyes","Highlight Path","Minty Spire (QoL Compilation)"],"gold_per_floor":[118,118,135,135,149,149,168,168,216,216,67,83,83,108,108,213,213,229,229,229,47,47,47,79,96,141,141,0,10,10,10,10,10,10],"floor_reached":33,"language":"ENG","playtime":1276,"items_purged":["Strike_R","Defend_R"],"score":365,"play_id":"df045d5a-71e7-497c-af36-a2506086b5ef","local_time":"20210116145839","is_ascension_mode":true,"campfire_choices":[{"data":"Armaments","floor":6,"key":"SMITH"},{"data":"Bash","floor":8,"key":"SMITH"},{"data":"Pommel Strike","floor":10,"key":"SMITH"},{"data":"Uppercut","floor":13,"key":"SMITH"},{"data":"Seeing Red","floor":15,"key":"SMITH"},{"data":"Flame Barrier","floor":23,"key":"SMITH"},{"floor":30,"key":"REST"},{"floor":32,"key":"REST"}],"circlet_count":0,"master_deck":["Strike_R","Strike_R","Defend_R","Defend_R","Bash+1","Shrug It Off","Pommel Strike+1","Armaments+1","Clothesline","Uppercut+1","Pommel Strike","Seeing Red+1","Impervious","Flame Barrier+1","True Grit","Shrug It Off","Shrug It Off+1"],"relics":["Burning Blood","NeowsBlessing","Boot","Omamori","Black Star","TungstenRod","MutagenicStrength","The Courier","Potion Belt","Ancient Tea Set"],"acts_visited":["Exordium","TheCity"],"potions_floor_usage":[16,24,25,27,33],"damage_taken":[{"damage":0,"enemies":"Cultist","floor":1,"turns":1},{"damage":0,"enemies":"Jaw Worm","floor":3,"turns":1},{"damage":0,"enemies":"Small Slimes","floor":5,"turns":1},{"damage":0,"enemies":"Blue Slaver","floor":7,"turns":5},{"damage":0,"enemies":"Large Slime","floor":12,"turns":4},{"damage":24,"enemies":"Lagavulin","floor":14,"turns":8},{"damage":59,"enemies":"Hexaghost","floor":16,"turns":14},{"damage":15,"enemies":"Chosen","floor":18,"turns":7},{"damage":54,"enemies":"Book of Stabbing","floor":24,"turns":8},{"damage":0,"enemies":"3 Byrds","floor":25,"turns":6},{"damage":0,"enemies":"Slavers","floor":27,"turns":1},{"damage":26,"enemies":"Shelled Parasite and Fungi","floor":29,"turns":11},{"damage":78,"enemies":"Automaton","floor":33,"turns":8}],"seed_played":"-4738136079895203204","potions_obtained":[{"floor":1,"key":"SmokeBomb"},{"floor":5,"key":"EssenceOfSteel"},{"floor":12,"key":"ElixirPotion"},{"floor":16,"key":"BloodPotion"},{"floor":24,"key":"HeartOfIron"},{"floor":29,"key":"Regen Potion"}],"is_trial":false,"path_per_floor":["M","?","M","?","M","R","M","R","T","R","$","M","R","E","R","B",null,"M","?","?","$","?","R","E","M","T","E","?","M","R","?","R","B"],"character_chosen":"IRONCLAD","items_purchased":["Uppercut","Flame Barrier","True Grit"],"campfire_rested":2,"item_purchase_floors":[11,21,21],"current_hp_per_floor":[78,71,77,77,80,80,80,80,80,80,80,80,80,62,62,9,62,53,53,53,53,53,53,21,27,27,33,33,13,37,37,61,0,0],"gold":10,"neow_bonus":"THREE_ENEMY_KILL","is_daily":false,"chose_seed":false,"campfire_upgraded":6,"win_rate":0.0,"timestamp":1610801919,"path_taken":["M","?","M","?","?","R","M","R","T","R","$","M","R","E","R","BOSS","M","?","?","$","?","R","E","?","T","E","?","M","R","?","R","BOSS"],"items_purchased_type":["Card","Card","Card"],"build_version":"2020-12-22","purchased_purges":2,"victory":false,"max_hp_per_floor":[80,80,80,80,80,80,80,80,80,80,80,80,80,80,80,80,80,80,80,80,80,80,80,80,80,80,80,80,80,80,80,80,80,80],"card_choices":[{"not_picked":["Entrench","Headbutt"],"picked":"Shrug It Off","floor":1},{"not_picked":["Heavy Blade","Anger"],"picked":"Pommel Strike","floor":3},{"not_picked":["Anger","Iron Wave"],"picked":"Armaments","floor":5},{"not_picked":["Havoc","Warcry"],"picked":"Clothesline","floor":7},{"not_picked":["Body Slam","Twin Strike"],"picked":"Pommel Strike","floor":12},{"not_picked":["Uppercut","Wild Strike"],"picked":"Seeing Red","floor":14},{"not_picked":["Brutality","Bludgeon"],"picked":"Impervious","floor":16},{"not_picked":["Entrench","Sword Boomerang","Anger"],"picked":"SKIP","floor":18},{"not_picked":["Reckless Charge","Sentinel"],"picked":"Shrug It Off","floor":24},{"not_picked":["Iron Wave+1","Intimidate"],"picked":"Shrug It Off+1","floor":25},{"not_picked":["Anger","Wild Strike+1","Twin Strike"],"picked":"SKIP","floor":29}],"player_experience":264579,"relics_obtained":[{"floor":9,"key":"Boot"},{"floor":14,"key":"Omamori"},{"floor":24,"key":"The Courier"},{"floor":24,"key":"Potion Belt"},{"floor":26,"key":"Ancient Tea Set"}],"event_choices":[{"cards_removed":["Defend_R"],"damage_healed":0,"gold_gain":0,"player_choice":"Card Removal","damage_taken":7,"max_hp_gain":0,"max_hp_loss":0,"event_name":"Golden Wing","floor":2,"gold_loss":0},{"cards_removed":["Strike_R"],"damage_healed":0,"gold_gain":0,"player_choice":"Offered Basic","damage_taken":0,"max_hp_gain":0,"max_hp_loss":0,"event_name":"Bonfire Elementals","floor":4,"gold_loss":0},{"damage_healed":0,"gold_gain":0,"player_choice":"Ignored","damage_taken":0,"max_hp_gain":0,"max_hp_loss":0,"event_name":"Cursed Tome","floor":19,"gold_loss":0},{"damage_healed":0,"gold_gain":0,"player_choice":"Opened","damage_taken":0,"relics_obtained":["TungstenRod"],"max_hp_gain":0,"max_hp_loss":0,"event_name":"The Mausoleum","floor":20,"gold_loss":0},{"damage_healed":0,"gold_gain":0,"player_choice":"Inject Mutagens","damage_taken":0,"relics_obtained":["MutagenicStrength"],"max_hp_gain":0,"max_hp_loss":0,"event_name":"Drug Dealer","floor":22,"gold_loss":0},{"damage_healed":0,"gold_gain":0,"player_choice":"Paid Fearfully","damage_taken":0,"max_hp_gain":0,"max_hp_loss":0,"event_name":"Masked Bandits","floor":28,"gold_loss":141},{"cards_removed":["Strike_R"],"damage_healed":0,"gold_gain":0,"player_choice":"Purged","damage_taken":0,"max_hp_gain":0,"max_hp_loss":0,"event_name":"Purifier","floor":31,"gold_loss":0}],"is_beta":false,"boss_relics":[{"not_picked":["Philosopher\u0027s Stone","Tiny House"],"picked":"Black Star"}],"items_purged_floors":[11,21],"is_endless":false,"potions_floor_spawned":[1,5,12,16,24,29],"killed_by":"Automaton","ascension_level":6}}