{"host":"r53pw7z744tg3fxg","time":1610756565,"event":{"mods":["AchievementEnabler","BaseMod","Colored Map","Colored Powertips","Highlight Path","Minty Spire (QoL Compilation)","Quick Restart","Transform Curses"],"gold_per_floor":[116,136,136,136,136,162,173,173,173,207,207,207,207],"floor_reached":12,"language":"ENG","playtime":738,"items_purged":[],"score":146,"play_id":"27aa988e-7712-4031-9da4-6bcb29a38864","local_time":"20210115172245","is_ascension_mode":true,"campfire_choices":[{"floor":8.0,"key":"REST"},{"floor":11.0,"key":"REST"}],"circlet_count":0,"master_deck":["AscendersBane","Strike_P","Strike_P","Strike_P","Strike_P","Defend_P","Defend_P","Defend_P","Defend_P","Eruption+1","Vigilance+1","FollowUp","Sanctity","EmptyBody","MasterReality"],"relics":["PureWater","Mummified Hand","MealTicket","Matryoshka","Kunai"],"acts_visited":["Exordium"],"potions_floor_usage":[],"damage_taken":[{"damage":2.0,"enemies":"Jaw Worm","floor":1.0,"turns":6.0},{"damage":0.0,"enemies":"2 Louse","floor":2.0,"turns":1.0},{"damage":25.0,"enemies":"3 Sentries","floor":6.0,"turns":8.0},{"damage":0.0,"enemies":"Small Slimes","floor":7.0,"turns":3.0},{"damage":32.0,"enemies":"Gremlin Nob","floor":10.0,"turns":5.0},{"damage":59,"enemies":"Lagavulin","floor":12,"turns":4}],"seed_played":"8459931920713412897","potions_obtained":[{"floor":1.0,"key":"SmokeBomb"},{"floor":6.0,"key":"DistilledChaos"}],"is_trial":false,"path_per_floor":["M","M","?","?","?","E","M","R","T","E","R","E"],"character_chosen":"WATCHER","items_purchased":[],"campfire_rested":2,"item_purchase_floors":[],"current_hp_per_floor":[59,59,59,59,52,27,27,47,47,15,35,0,0],"gold":207,"neow_bonus":"UPGRADE_CARD","is_daily":false,"chose_seed":false,"campfire_upgraded":0,"win_rate":0.0,"timestamp":1610756565,"path_taken":["M","M","?","?","?","E","M","R","T","E","R","E"],"items_purchased_type":[],"build_version":"2020-12-22","purchased_purges":0,"victory":false,"max_hp_per_floor":[68,68,68,68,68,68,68,68,68,68,68,68,68],"card_choices":[{"not_picked":["Wireheading","JustLucky","EmptyMind"],"picked":"SKIP","floor":1.0},{"not_picked":["EmptyFist","ClearTheMind"],"picked":"FollowUp","floor":2.0},{"not_picked":["Collect","PathToVictory"],"picked":"Sanctity","floor":6.0},{"not_picked":["Blasphemy","SandsOfTime"],"picked":"EmptyBody","floor":7.0},{"not_picked":["JustLucky","Evaluate"],"picked":"MasterReality","floor":10.0}],"player_experience":1266514,"relics_obtained":[{"floor":6.0,"key":"MealTicket"},{"floor":9.0,"key":"Matryoshka"},{"floor":10.0,"key":"Kunai"}],"event_choices":[{"damage_healed":0.0,"max_hp_gain":0.0,"max_hp_loss":0.0,"gold_gain":0.0,"event_name":"Living Wall","player_choice":"Grow","floor":3.0,"gold_loss":0.0,"damage_taken":0.0,"cards_upgraded":["Vigilance"]},{"damage_healed":0.0,"max_hp_gain":0.0,"max_hp_loss":0.0,"gold_gain":0.0,"event_name":"Golden Wing","player_choice":"Ignored","floor":4.0,"gold_loss":0.0,"damage_taken":0.0},{"damage_healed":0.0,"max_hp_gain":0.0,"max_hp_loss":0.0,"gold_gain":0.0,"event_name":"Scrap Ooze","player_choice":"Success","floor":5.0,"gold_loss":0.0,"damage_taken":7.0,"relics_obtained":["Mummified Hand"]}],"is_beta":false,"boss_relics":[],"items_purged_floors":[],"is_endless":false,"potions_floor_spawned":[1,6],"killed_by":"Lagavulin","ascension_level":14}}