{"host":"nj4msrt0z6tj4wtb","time":1610818197,"event":{"mods":["AchievementEnabler","BaseMod","Colored Map","Colored Powertips","DeckTracker","Highlight Path","Minty Spire (QoL Compilation)","Quick Restart","Random Character Button","StSLib","SuperFastMode"],"gold_per_floor":[119,129,204,54,68,97,97,107,132,143,177,177,177,26,26,151,151,172,196,196,196,295,295,319,342,342,376,142,142,142],"floor_reached":29,"language":"KOR","playtime":1131,"items_purged":["Strike_B","Strike_B"],"score":291,"play_id":"d1aefebc-02a7-4bdb-ba18-083b1ade7dc5","local_time":"20210117022957","is_ascension_mode":true,"campfire_choices":[{"data":"Defragment","floor":7,"key":"SMITH"},{"floor":13,"key":"REST"},{"data":"Madness","floor":15,"key":"SMITH"},{"data":"Zap","floor":23,"key":"SMITH"}],"circlet_count":0,"master_deck":["Defend_B","Defend_B","Defend_B","Defend_B","Zap+1","Dualcast","Madness+1","Conserve Battery","Streamline","Sunder","Ball Lightning","Redo","Streamline","Conserve Battery","Defragment+1","Conserve Battery","Skim","Loop","Buffer","Compile Driver","Loop","Stack","Reinforced Body","Aggregate+1","Turbo+1","Machine Learning","Deep Breath","Hologram"],"relics":["Cracked Core","Orrery","DataDisk","Nunchaku","Boot","Golden Idol","Inserter","Anchor"],"acts_visited":["Exordium","TheCity"],"potions_floor_usage":[11,11,27,29],"damage_taken":[{"damage":1,"enemies":"Cultist","floor":1,"turns":4},{"damage":3,"enemies":"2 Louse","floor":2,"turns":3},{"damage":2,"enemies":"Jaw Worm","floor":5,"turns":2},{"damage":23,"enemies":"Lagavulin","floor":6,"turns":5},{"damage":9,"enemies":"Red Slaver","floor":8,"turns":3},{"damage":1,"enemies":"Blue Slaver","floor":10,"turns":3},{"damage":18,"enemies":"3 Sentries","floor":11,"turns":5},{"damage":10,"enemies":"Slime Boss","floor":16,"turns":6},{"damage":30,"enemies":"3 Byrds","floor":18,"turns":5},{"damage":2,"enemies":"Chosen","floor":19,"turns":4},{"damage":23,"enemies":"Snake Plant","floor":24,"turns":5},{"damage":6,"enemies":"Snecko","floor":25,"turns":6},{"damage":35,"enemies":"Gremlin Leader","floor":27,"turns":8},{"damage":26,"enemies":"Cultist and Chosen","floor":29,"turns":4}],"seed_played":"-6805829335065432001","potions_obtained":[{"floor":1,"key":"Dexterity Potion"},{"floor":8,"key":"PowerPotion"},{"floor":10,"key":"FairyPotion"},{"floor":11,"key":"LiquidMemories"},{"floor":18,"key":"AttackPotion"},{"floor":19,"key":"Energy Potion"}],"is_trial":false,"path_per_floor":["M","M","?","$","M","E","R","M","T","M","E","?","R","$","R","B",null,"M","M","?","?","?","R","M","M","T","E","$","M"],"character_chosen":"DEFECT","items_purchased":["Orrery","Loop","Deep Breath","Hologram"],"campfire_rested":1,"item_purchase_floors":[4,14,28,28],"current_hp_per_floor":[74,71,60,60,58,35,35,26,26,25,7,7,27,27,27,17,69,39,37,37,37,37,37,14,8,8,6,6,0,0],"gold":142,"neow_bonus":"RANDOM_COLORLESS","is_daily":false,"chose_seed":false,"campfire_upgraded":3,"win_rate":0.0,"timestamp":1610818197,"path_taken":["M","M","?","$","M","E","R","M","T","M","E","?","R","?","R","BOSS","M","M","?","?","?","R","M","M","T","E","$","M"],"items_purchased_type":["Relic","Card","Card","Card"],"build_version":"2020-12-22","purchased_purges":2,"victory":false,"max_hp_per_floor":[75,75,75,75,75,75,75,75,75,75,75,69,69,69,69,69,69,69,69,69,69,69,69,69,69,69,69,69,69,69],"card_choices":[{"not_picked":["Purity","Jack Of All Trades"],"picked":"Madness","floor":0},{"not_picked":["Recycle","Consume"],"picked":"Conserve Battery","floor":1},{"not_picked":["Gash","Aggregate"],"picked":"Streamline","floor":2},{"not_picked":["Redo","Go for the Eyes"],"picked":"Sunder","floor":4},{"not_picked":["Tempest","Aggregate"],"picked":"Ball Lightning","floor":4},{"not_picked":["All For One","White Noise"],"picked":"Redo","floor":4},{"not_picked":["Consume","Rebound"],"picked":"Streamline","floor":4},{"not_picked":["Stack","Amplify"],"picked":"Conserve Battery","floor":5},{"not_picked":["Consume","Chill"],"picked":"Defragment","floor":6},{"not_picked":["Reprogram","Doom and Gloom","Rebound"],"picked":"SKIP","floor":8},{"not_picked":["Redo","Barrage"],"picked":"Conserve Battery","floor":10},{"not_picked":["Ball Lightning","Genetic Algorithm"],"picked":"Skim","floor":11},{"not_picked":["Meteor Strike","Hyperbeam"],"picked":"Buffer","floor":16},{"not_picked":["Blizzard","Beam Cell"],"picked":"Compile Driver","floor":18},{"not_picked":["Consume","Hologram"],"picked":"Loop","floor":19},{"not_picked":["Sweeping Beam","Doom and Gloom"],"picked":"Aggregate+1","floor":24},{"not_picked":["Go for the Eyes","Gash"],"picked":"Turbo+1","floor":25},{"not_picked":["Heatsinks+1","Stack"],"picked":"Machine Learning","floor":27}],"player_experience":632162,"relics_obtained":[{"floor":6,"key":"DataDisk"},{"floor":9,"key":"Nunchaku"},{"floor":11,"key":"Boot"},{"floor":27,"key":"Anchor"}],"event_choices":[{"damage_healed":0,"gold_gain":75,"player_choice":"Gather Gold","damage_taken":11,"max_hp_gain":0,"max_hp_loss":0,"event_name":"World of Goop","floor":3,"gold_loss":0},{"damage_healed":0,"gold_gain":0,"player_choice":"Lose Max HP","damage_taken":0,"relics_obtained":["Golden Idol"],"max_hp_gain":0,"max_hp_loss":6,"event_name":"Golden Idol","floor":12,"gold_loss":0},{"damage_healed":0,"gold_gain":0,"player_choice":"Ignored","damage_taken":0,"max_hp_gain":0,"max_hp_loss":0,"event_name":"Vampires","floor":20,"gold_loss":0},{"damage_healed":0,"gold_gain":0,"cards_transformed":["Strike_B","Strike_B"],"player_choice":"Became Test Subject","damage_taken":0,"max_hp_gain":0,"max_hp_loss":0,"event_name":"Drug Dealer","floor":21,"gold_loss":0,"cards_obtained":["Stack","Reinforced Body"]},{"damage_healed":0,"gold_gain":99,"player_choice":"Stole From Cult","damage_taken":0,"max_hp_gain":0,"max_hp_loss":0,"event_name":"Nest","floor":22,"gold_loss":0}],"is_beta":false,"boss_relics":[{"not_picked":["Black Star","Runic Pyramid"],"picked":"Inserter"}],"items_purged_floors":[14,28],"is_endless":false,"potions_floor_spawned":[1,8,10,11,18,19,24],"killed_by":"Cultist and Chosen","ascension_level":3}}