{"host":"n605f8gctjc87d7h","time":1610759535,"event":{"mods":["Aspiration","Bard","BaseMod","Better Match","Better Note","Better Skull","Better Third Choice","Conspire","Halation","Infinite Spire","Minty Spire (QoL Compilation)","Replay The Spire","Retaliation","Shade Mod","Spicy Shops","StSLib","The IronCluck"],"gold_per_floor":[112,131,81,81,93,93,16,42,42,42,55,74,74,93,93,198,198,209,209,222,121,139,139,159,193,193,227,74,91,91,105,105,203,253,263,263,263,263,283,283,317,317,392,407,407,39,57,77,77,77,77],"floor_reached":50,"language":"ENG","playtime":3309,"items_purged":["Strike_B"],"score":822,"play_id":"d2eaa65f-128e-45be-b65a-668d1370036a","local_time":"20210115171215","is_ascension_mode":true,"campfire_choices":[{"data":"Zap","floor":6,"key":"SMITH"},{"floor":10,"key":"REST"},{"floor":13,"key":"REST"},{"data":"Strike_B","floor":15,"key":"PURGE"},{"floor":23,"key":"REST"},{"floor":30,"key":"REST"},{"data":"infinitespire:Oblivion","floor":32,"key":"SMITH"},{"floor":40,"key":"REST"},{"data":"Skim","floor":42,"key":"SMITH"},{"floor":45,"key":"REST"},{"floor":49,"key":"REST"}],"circlet_count":0,"master_deck":["AscendersBane","Strike_B","Strike_B+1","Defend_B+1","Defend_B","Defend_B+2","Zap+1","Dualcast","Steam","ReplayTheSpireMod:Calculation Training","Skim+1","Redo+1","BootSequence+1","Static Discharge","Ball Lightning","Thunder Strike","infinitespire:Oblivion+1","Barrage","Defragment","Ball Lightning","BasicCrystalCard+1","Beam Cell+1","Crystallizer","Panic Button+1","Redo+1","Streamline+1","Electrodynamics+1","Redo+1","Skim+1","Crystallizer+1","Beam Cell+1","Conserve Battery+1","Heatsinks+1","Loop+1","Replay:Bootleg Shield Generator","ReplayTheSpireMod:Calculation Training","Sweeping Beam+1"],"relics":["Cracked Core","Anchor","Replay:Bottled Eggs","Onion Ring","conspire:RunicOctahedron","Geode","Letter Opener","Prayer Wheel","Regal Pillow","Tiny House","halation:EternalFortune","Bird Faced Urn","Replay:Accelerometer","Simple Rune"],"acts_visited":["Exordium","TheCity","TheBeyond"],"potions_floor_usage":[8,8,16,24,24,33,41,41,47,50],"damage_taken":[{"damage":2,"enemies":"Jaw Worm","floor":1,"turns":3},{"damage":0,"enemies":"2 Louse","floor":2,"turns":3},{"damage":0,"enemies":"Cultist","floor":5,"turns":4},{"damage":12,"enemies":"Lagavulin","floor":8,"turns":6},{"damage":16,"enemies":"Lots of Slimes","floor":11,"turns":4},{"damage":0,"enemies":"Red Slaver","floor":12,"turns":3},{"damage":0,"enemies":"Blue Slaver","floor":14,"turns":3},{"damage":62,"enemies":"Fading Forest","floor":16,"turns":11},{"damage":6,"enemies":"3 Byrds","floor":18,"turns":4},{"damage":0,"enemies":"conspire:FuzzyDice","floor":20,"turns":5},{"damage":9,"enemies":"conspire:HollyBat","floor":22,"turns":8},{"damage":17,"enemies":"Cultist and Chosen","floor":24,"turns":5},{"damage":16,"enemies":"Nightmare","floor":25,"turns":5},{"damage":5,"enemies":"Book of Stabbing","floor":27,"turns":3},{"damage":0,"enemies":"Sentry and Sphere","floor":29,"turns":3},{"damage":0,"enemies":"conspire:HollyBat","floor":31,"turns":6},{"damage":48,"enemies":"Automaton","floor":33,"turns":7},{"damage":10,"enemies":"3 Shapes","floor":35,"turns":4},{"damage":10,"enemies":"3 Darklings","floor":39,"turns":4},{"damage":27,"enemies":"Reptomancer","floor":41,"turns":4},{"damage":12,"enemies":"Transient","floor":44,"turns":5},{"damage":5,"enemies":"Spire Growth","floor":47,"turns":3},{"damage":24,"enemies":"Writhing Mass","floor":48,"turns":4},{"damage":98,"enemies":"conspire:OrnateMirror","floor":50,"turns":5}],"seed_played":"-3895706195031246674","potions_obtained":[{"floor":1,"key":"DistilledChaos"},{"floor":5,"key":"Doom Potion"},{"floor":12,"key":"FearPotion"},{"floor":14,"key":"Swift Potion"},{"floor":18,"key":"Block Potion"},{"floor":20,"key":"PowerPotion"},{"floor":31,"key":"Adrenaline Potion"},{"floor":34,"key":"Toxic Potion"},{"floor":35,"key":"FearPotion"},{"floor":39,"key":"LifebloodPotion"},{"floor":48,"key":"Weak Potion"}],"is_trial":false,"path_per_floor":["M","M","?","?","M","R","$","E","T","R","M","M","R","M","R","B",null,"M","AVR","M","$","M","R","M","NM","T","E","$","M","R","M","R","B",null,"M","?","?","?","M","R","E","R","T","M","R","$","M","M","R","B"],"character_chosen":"DEFECT","items_purchased":["BootSequence+1","Defragment","Ball Lightning","Regal Pillow","Loop+1","Simple Rune","Energy Potion","Replay:Bootleg Shield Generator"],"campfire_rested":7,"item_purchase_floors":[7,21,21,28,46,46,46,46],"current_hp_per_floor":[66,66,66,51,51,51,51,39,39,61,45,45,67,67,67,5,58,52,52,52,52,43,65,48,32,32,27,27,27,64,64,64,16,65,55,58,66,66,56,83,56,56,56,52,83,83,78,61,83,0,0],"gold":77,"neow_bonus":"THREE_CARDS","is_daily":false,"chose_seed":false,"campfire_upgraded":3,"win_rate":0.0,"timestamp":1610759535,"path_taken":["M","M","?","?","M","R","?","E","T","R","M","?","R","M","R","BOSS","M","AVR","M","?","M","R","M","NM","T","E","$","M","R","?","R","BOSS","M","?","?","?","M","R","E","R","T","M","R","$","?","M","R","BOSS"],"items_purchased_type":["Card","Card","Card","Relic","Card","Relic","Potion","Card"],"build_version":"2020-12-22","purchased_purges":1,"victory":false,"max_hp_per_floor":[75,75,75,75,75,75,75,75,75,75,75,75,75,75,75,75,75,75,75,75,75,75,75,75,75,75,75,75,75,75,75,75,75,80,80,83,83,83,83,83,83,83,83,83,83,83,83,83,83,83,83],"card_choices":[{"not_picked":["Heatsinks","Conserve Battery"],"picked":"Steam","floor":0},{"not_picked":["Steam","Blizzard"],"picked":"ReplayTheSpireMod:Calculation Training","floor":1},{"not_picked":["Turbo","Beam Cell"],"picked":"Skim","floor":2},{"not_picked":["Leap","Skim"],"picked":"Redo","floor":5},{"not_picked":["Gash","ReplayGash"],"picked":"Static Discharge","floor":8},{"not_picked":["Panic Button","Tempest"],"picked":"Ball Lightning","floor":11},{"not_picked":["Go for the Eyes","Turbo","Stack"],"picked":"SKIP","floor":12},{"not_picked":["Stack","Barrage","Undo"],"picked":"SKIP","floor":14},{"not_picked":["Seek","Amplify"],"picked":"Thunder Strike","floor":16},{"not_picked":["Barrage","Steam","Reinforced Body+1"],"picked":"SKIP","floor":18},{"not_picked":["Lockon","Steam Power+1"],"picked":"Barrage","floor":20},{"not_picked":["Cold Snap","Recycle+1"],"picked":"BasicCrystalCard+1","floor":22},{"not_picked":["Lockon+1","Steam"],"picked":"Beam Cell+1","floor":24},{"not_picked":["Compile Driver+1","Chill+1"],"picked":"Crystallizer","floor":25},{"not_picked":["Barrage+1","Streamline"],"picked":"Panic Button+1","floor":27},{"not_picked":["Blizzard","ReplaySort"],"picked":"Redo+1","floor":29},{"not_picked":["Sweeping Beam","Barrage","ReplayTheSpireMod:Dual Polarity"],"picked":"SKIP","floor":29},{"not_picked":["Rebound","Sweeping Beam"],"picked":"Streamline+1","floor":31},{"not_picked":["Conserve Battery","Fusion","Leap"],"picked":"SKIP","floor":31},{"not_picked":["Core Surge","Amplify"],"picked":"Electrodynamics","floor":33},{"not_picked":["Coolheaded","Cold Snap"],"picked":"Redo+1","floor":34},{"not_picked":["Blizzard+1","Compile Driver"],"picked":"Skim+1","floor":35},{"not_picked":["Redo","aspiration:Polymerization+1","Barrage+1"],"picked":"SKIP","floor":35},{"not_picked":["Genetic Algorithm","Go for the Eyes"],"picked":"Crystallizer+1","floor":39},{"not_picked":["Hyperbeam","Stack"],"picked":"Beam Cell+1","floor":39},{"not_picked":["Reprogram","Steam+1"],"picked":"Conserve Battery+1","floor":41},{"not_picked":["Undo","Turbo+1"],"picked":"Heatsinks+1","floor":44},{"not_picked":["Conserve Battery","Compile Driver","Chill+1"],"picked":"SKIP","floor":44},{"not_picked":["Recycle","Stack","Ball Lightning"],"picked":"SKIP","floor":47},{"not_picked":["Cold Snap","Beam Cell","Mirror Shield"],"picked":"SKIP","floor":47},{"not_picked":["Cold Snap","Beam Cell+1"],"picked":"ReplayTheSpireMod:Calculation Training","floor":48},{"not_picked":["Ball Lightning","ReplaySolidLightProjector"],"picked":"Sweeping Beam+1","floor":48}],"player_experience":573771,"relics_obtained":[{"floor":8,"key":"Anchor"},{"floor":9,"key":"Replay:Bottled Eggs"},{"floor":25,"key":"Geode"},{"floor":26,"key":"Letter Opener"},{"floor":27,"key":"Prayer Wheel"},{"floor":41,"key":"Bird Faced Urn"},{"floor":43,"key":"Replay:Accelerometer"}],"event_choices":[{"cards_removed":["Defend_B"],"damage_healed":0,"gold_gain":0,"player_choice":"Card Removal","damage_taken":0,"max_hp_gain":0,"max_hp_loss":0,"event_name":"The Cleric","floor":3,"gold_loss":50},{"damage_healed":66,"gold_gain":0,"player_choice":"Upgrade","damage_taken":15,"max_hp_gain":0,"max_hp_loss":75,"event_name":"betterThird:BetterShining","floor":4,"gold_loss":0,"cards_upgraded":["Defend_B","Defend_B"]}],"is_beta":false,"boss_relics":[{"not_picked":["ReplayTheSpireMod:DimensionalGlitch","halation:ForbiddenBikini","aspiration:BardSkillbook"]},{"not_picked":["SacredBark","Replay:Grab Bag"],"picked":"Tiny House"}],"items_purged_floors":[19],"is_endless":false,"potions_floor_spawned":[1,5,12,14,18,20,22,31,35,39,48],"killed_by":"conspire:OrnateMirror","ascension_level":11}}