{"host":"ydujlihd8f5px9gp","time":1610820669,"event":{"mods":["AchievementEnabler","BaseMod","Block Reminder","Colored Map","Minty Spire (QoL Compilation)","ojb\u0027s Info Mod"],"gold_per_floor":[113,128,128,146,156,156,190,202,274,274,274,102,102,102,102,200,200,212,212,135,146,0,0,29,29,80,111,111,111],"floor_reached":28,"language":"ENG","playtime":777,"items_purged":["Defend_G"],"score":305,"play_id":"c4a1e8f3-df8c-4297-8065-f0b5f9dc97ca","local_time":"20210116161109","is_ascension_mode":true,"campfire_choices":[{"data":"Bouncing Flask","floor":6,"key":"SMITH"},{"data":"Neutralize","floor":10,"key":"SMITH"},{"floor":15,"key":"REST"},{"floor":23,"key":"REST"}],"circlet_count":0,"master_deck":["Strike_G","Strike_G","Strike_G","Strike_G","Strike_G","Defend_G+1","Defend_G","Defend_G","Defend_G","Survivor","Neutralize+1","Unload","Bouncing Flask+1","Reflex","Unload","Backflip+1","Cloak And Dagger","Accuracy","Corpse Explosion","Accuracy","Infinite Blades","Reflex"],"relics":["Ring of the Snake","Pen Nib","Gremlin Horn","The Specimen","Black Star","War Paint","CaptainsWheel","Bronze Scales","Question Card","Singing Bowl"],"acts_visited":["Exordium","TheCity"],"potions_floor_usage":[18,24],"damage_taken":[{"damage":5,"enemies":"Jaw Worm","floor":1,"turns":3},{"damage":0,"enemies":"Small Slimes","floor":2,"turns":3},{"damage":0,"enemies":"2 Louse","floor":4,"turns":2},{"damage":27,"enemies":"Exordium Wildlife","floor":5,"turns":6},{"damage":16,"enemies":"Gremlin Nob","floor":7,"turns":3},{"damage":6,"enemies":"Looter","floor":8,"turns":3},{"damage":31,"enemies":"Slime Boss","floor":16,"turns":10},{"damage":27,"enemies":"2 Thieves","floor":18,"turns":5},{"damage":20,"enemies":"Spheric Guardian","floor":21,"turns":5},{"damage":36,"enemies":"Slavers","floor":24,"turns":5},{"damage":29,"enemies":"Book of Stabbing","floor":27,"turns":5},{"damage":0,"enemies":"Snake Plant","floor":28,"turns":1}],"seed_played":"776229677374015067","potions_obtained":[{"floor":4,"key":"Explosive Potion"},{"floor":18,"key":"FairyPotion"},{"floor":21,"key":"CunningPotion"}],"is_trial":false,"path_per_floor":["M","M","?","M","M","R","E","M","T","R","?","$","?","$","R","B",null,"M","?","$","M","?","R","E","?","T","E","M"],"character_chosen":"THE_SILENT","items_purchased":["Cloak And Dagger","Accuracy","Accuracy"],"campfire_rested":2,"item_purchase_floors":[12,12,20],"current_hp_per_floor":[65,65,65,65,38,38,22,16,16,16,16,16,16,16,37,6,70,43,43,43,23,23,44,8,31,31,4,4,4],"gold":111,"neow_bonus":"ONE_RANDOM_RARE_CARD","is_daily":false,"chose_seed":false,"campfire_upgraded":2,"win_rate":0.0,"timestamp":1610820669,"path_taken":["M","M","?","M","M","R","E","M","T","R","?","$","?","?","R","BOSS","M","?","$","M","?","R","E","?","T","E","M"],"items_purchased_type":["Card","Card","Card"],"build_version":"2020-12-22","purchased_purges":1,"victory":false,"max_hp_per_floor":[70,70,70,70,70,70,70,70,70,70,70,70,70,70,70,70,70,70,70,70,70,70,70,70,70,70,72,72,72],"card_choices":[{"not_picked":["Dagger Spray","Skewer"],"picked":"Bouncing Flask","floor":1},{"not_picked":["PiercingWail","Slice","Crippling Poison"],"picked":"SKIP","floor":2},{"not_picked":["Backstab","Outmaneuver"],"picked":"Reflex","floor":4},{"not_picked":["Blade Dance","PiercingWail"],"picked":"Unload","floor":5},{"not_picked":["Bullet Time","Sucker Punch","Wraith Form v2"],"picked":"SKIP","floor":7},{"not_picked":["Sucker Punch","Acrobatics"],"picked":"Backflip","floor":8},{"not_picked":["Unload","Tools of the Trade"],"picked":"Corpse Explosion","floor":16},{"not_picked":["All Out Attack","Acrobatics+1","Heel Hook"],"picked":"SKIP","floor":18},{"not_picked":["Finisher","Endless Agony+1"],"picked":"Infinite Blades","floor":21},{"not_picked":["Outmaneuver","Acrobatics"],"picked":"Reflex","floor":24},{"not_picked":["Skewer","Bouncing Flask+1","Quick Slash"],"picked":"Singing Bowl","floor":27}],"player_experience":134896,"relics_obtained":[{"floor":7,"key":"Pen Nib"},{"floor":9,"key":"Gremlin Horn"},{"floor":24,"key":"War Paint"},{"floor":24,"key":"CaptainsWheel"},{"floor":26,"key":"Bronze Scales"},{"floor":27,"key":"Question Card"},{"floor":27,"key":"Singing Bowl"}],"event_choices":[{"damage_healed":0,"gold_gain":0,"player_choice":"Ignored","damage_taken":0,"max_hp_gain":0,"max_hp_loss":0,"event_name":"Liars Game","floor":3,"gold_loss":0},{"damage_healed":0,"gold_gain":0,"player_choice":"Ignored","damage_taken":0,"max_hp_gain":0,"max_hp_loss":0,"event_name":"Shining Light","floor":11,"gold_loss":0},{"damage_healed":0,"gold_gain":0,"player_choice":"Searched \u00271\u0027 times","damage_taken":0,"relics_obtained":["The Specimen"],"max_hp_gain":0,"max_hp_loss":0,"event_name":"Dead Adventurer","floor":13,"gold_loss":0},{"damage_healed":0,"gold_gain":0,"player_choice":"Ignored","damage_taken":0,"max_hp_gain":0,"max_hp_loss":0,"event_name":"Ghosts","floor":19,"gold_loss":0},{"damage_healed":0,"gold_gain":0,"player_choice":"Paid Fearfully","damage_taken":0,"max_hp_gain":0,"max_hp_loss":0,"event_name":"Masked Bandits","floor":22,"gold_loss":146},{"damage_healed":23,"gold_gain":0,"player_choice":"Heal","damage_taken":0,"max_hp_gain":0,"max_hp_loss":0,"event_name":"The Library","floor":25,"gold_loss":0}],"is_beta":false,"boss_relics":[{"not_picked":["SacredBark","Runic Dome"],"picked":"Black Star"}],"items_purged_floors":[12],"is_endless":false,"potions_floor_spawned":[4,18,21],"killed_by":"Snake Plant","ascension_level":4}}