{"host":"9n00qg11haooyz80","time":1610805446,"event":{"mods":["BaseMod","Downfall","Minty Spire (QoL Compilation)","Rare Cards Sparkle","StSLib"],"gold_per_floor":[99,111,111,131,150,150,150,170,180,197,47,79,79,179,192,295,295,220,240,20,36,36,50,73,84,69,54,54,67,67,79,93,196,196,196,216,227,10,10,23,73,5,5,19,119,129,145,145,145,145],"floor_reached":48,"language":"ENG","playtime":4845,"items_purged":["Guardian:Recover"],"score":490,"play_id":"367d5789-d44d-4291-a443-bc7ef80eb112","local_time":"20210116145726","is_ascension_mode":false,"campfire_choices":[{"data":"Guardian:HyperBeam_Guardian","floor":1.0,"key":"SMITH"},{"floor":6.0,"key":"RECALL"},{"data":"Guardian:TemporalStrike","floor":11.0,"key":"SMITH"},{"data":"Guardian:SphericShield","floor":18.0,"key":"SMITH"},{"floor":28.0,"key":"REST"},{"floor":30.0,"key":"REST"},{"data":"Guardian:Orbwalk","floor":35,"key":"SMITH"}],"circlet_count":0,"master_deck":["Guardian:Strike_Guardian+1","Guardian:Strike_Guardian+1","Guardian:Strike_Guardian+1","Guardian:Strike_Guardian+1","Guardian:Defend_Guardian+1","Guardian:Defend_Guardian+1","Guardian:Defend_Guardian+1","Guardian:Defend_Guardian+1","Guardian:CurlUp","Guardian:TwinSlam","Guardian:HyperBeam_Guardian+1","Guardian:BronzeArmor","Guardian:TemporalStrike+1","Guardian:PrimingBeam","Guardian:Planning","Guardian:Reroute","Guardian:SentryBeam","Guardian:SphericShield+1","Guardian:SpikerProtocol","Guardian:RollAttack","Guardian:Orbwalk+1","Guardian:WalkerClaw","Guardian:FierceBash+1","Guardian:ShieldSpikes+1","Guardian:PrimingBeam+1","Guardian:TemporalStrike+1","Guardian:ShieldSpikes","Guardian:TimeCapacitor+1","Guardian:TemporalStrike+1","Guardian:AncientConstruct","Guardian:RollAttack+1","Guardian:BodySlam+1","Guardian:Gem_Lightblue","Guardian:Gem_Green","Guardian:ChargeCore+1","Guardian:Gem_Yellow","Guardian:BronzeOrb","Guardian:BronzeArmor+1","Guardian:Suspension+1"],"relics":["Guardian:ModeShifter","Guardian:PickAxe","downfall:HeartBlessingRed","downfall:HeartBlessingBlue","Ice Cream","Eternal Feather","SlaversCollar","downfall:HeartBlessingGreen","PreservedInsect","Sozu","Kunai","Bronze Scales","Regal Pillow"],"acts_visited":["Exordium","TheCity","TheBeyond"],"potions_floor_usage":[44],"damage_taken":[{"damage":0.0,"enemies":"Small Slimes","floor":2.0,"turns":2.0},{"damage":0.0,"enemies":"Small Slimes","floor":3.0,"turns":1.0},{"damage":0.0,"enemies":"2 Louse","floor":4.0,"turns":2.0},{"damage":0.0,"enemies":"Jaw Worm","floor":5.0,"turns":2.0},{"damage":8.0,"enemies":"Exordium Thugs","floor":8.0,"turns":3.0},{"damage":1.0,"enemies":"3 Louse","floor":9.0,"turns":3.0},{"damage":0.0,"enemies":"Gremlin Gang","floor":10.0,"turns":1.0},{"damage":22.0,"enemies":"Lagavulin","floor":12.0,"turns":5.0},{"damage":2.0,"enemies":"Red Slaver","floor":15.0,"turns":2.0},{"damage":13.0,"enemies":"downfall:Silent","floor":16.0,"turns":6.0},{"damage":0.0,"enemies":"3 Byrds","floor":19.0,"turns":2.0},{"damage":10.0,"enemies":"downfall:FleeingMerchant","floor":20.0,"turns":4.0},{"damage":6.0,"enemies":"Spheric Guardian","floor":21.0,"turns":3.0},{"damage":15.0,"enemies":"Snake Plant","floor":23.0,"turns":4.0},{"damage":16.0,"enemies":"Shelled Parasite and Fungi","floor":25.0,"turns":4.0},{"damage":4.0,"enemies":"downfall:FleeingMerchant","floor":26.0,"turns":4.0},{"damage":20.0,"enemies":"downfall:FleeingMerchant","floor":27.0,"turns":4.0},{"damage":11.0,"enemies":"Cultist and Chosen","floor":29.0,"turns":6.0},{"damage":12.0,"enemies":"3 Cultists","floor":31.0,"turns":4.0},{"damage":0.0,"enemies":"Chosen and Byrds","floor":32.0,"turns":6.0},{"damage":40.0,"enemies":"downfall:Watcher","floor":33.0,"turns":11.0},{"damage":18,"enemies":"3 Darklings","floor":36,"turns":4},{"damage":0,"enemies":"Orb Walker","floor":37,"turns":4},{"damage":16,"enemies":"downfall:FleeingMerchant","floor":38,"turns":3},{"damage":7,"enemies":"Spire Growth","floor":40,"turns":5},{"damage":24,"enemies":"Jaw Worm Horde","floor":44,"turns":4},{"damage":0,"enemies":"Sphere and 2 Shapes","floor":46,"turns":5},{"damage":7,"enemies":"Maw","floor":47,"turns":7},{"damage":20,"enemies":"Reptomancer","floor":48,"turns":3}],"seed_played":"-4148254412319201333","potions_obtained":[{"floor":2.0,"key":"SkillPotion"},{"floor":5.0,"key":"SteroidPotion"},{"floor":10.0,"key":"Energy Potion"},{"floor":32.0,"key":"champ:CounterPotion"},{"floor":33.0,"key":"DistilledChaos"}],"is_trial":false,"path_per_floor":["R","M","?","M","M","R","T","M","M","M","R","E","?","?","M","B",null,"R","M","$","M","?","M","T","M","$","$","R","M","R","M","M","B",null,"R","M","M","$","?","M","T","$","?","M","?","M","M","E"],"character_chosen":"GUARDIAN","items_purchased":["Guardian:Orbwalk","Guardian:WalkerClaw","Guardian:FierceBash","Kunai","Bronze Scales","Guardian:Gem_Lightblue","Guardian:Gem_Green","Guardian:Gem_Yellow"],"campfire_rested":2,"item_purchase_floors":[20,20,20,38,38,38,38,42],"current_hp_per_floor":[72,72,72,72,72,72,72,64,63,63,73,51,48,48,46,33,82,82,82,72,66,66,51,51,35,31,11,50,39,81,69,69,29,82,82,64,64,48,40,33,33,33,33,9,9,9,2,0,0,0],"gold":145,"neow_bonus":"THREE_RARE_CARDS","is_daily":false,"chose_seed":false,"campfire_upgraded":4,"win_rate":0.0,"timestamp":1610805446,"path_taken":["R","M","?","M","M","R","T","M","M","M","R","E","?","?","M","BOSS","R","M","$","M","?","M","T","M","?","$","R","M","R","M","M","BOSS","R","M","M","$","?","?","T","?","?","M","?","?","M","E"],"items_purchased_type":["Card","Card","Card","Relic","Relic","Card","Card","Card"],"build_version":"2020-12-22","purchased_purges":1,"victory":false,"max_hp_per_floor":[72,72,72,72,72,72,72,72,72,72,82,82,82,82,82,82,82,82,82,82,82,82,82,82,82,82,82,82,82,82,82,82,82,82,82,82,82,82,82,82,82,82,82,82,82,82,82,82,82,82],"card_choices":[{"not_picked":["Guardian:Gem_Synthetic","Guardian:FastForward"],"picked":"Guardian:HyperBeam_Guardian","floor":0.0},{"not_picked":["Guardian:ShieldSpikes","Guardian:Gem_Cyan"],"picked":"Guardian:BronzeArmor","floor":2.0},{"not_picked":["Guardian:ShieldSpikes","Guardian:TemporalShield"],"picked":"Guardian:TemporalStrike","floor":4.0},{"not_picked":["Guardian:CrystalBeam","Guardian:ChargeCore"],"picked":"Guardian:PrimingBeam","floor":5.0},{"not_picked":["Guardian:DonusPower","Guardian:Gem_Cyan"],"picked":"Guardian:Planning","floor":8.0},{"not_picked":["Guardian:ArmoredProtocol","Guardian:Gem_Lightblue"],"picked":"Guardian:Recover","floor":9.0},{"not_picked":["Guardian:DecasProtection","Guardian:WalkerClaw"],"picked":"Guardian:Reroute","floor":10.0},{"not_picked":["Guardian:Incinerate","Guardian:StasisStrike"],"picked":"Guardian:SentryBeam","floor":12.0},{"not_picked":["Guardian:Gem_Fragmented","Guardian:ShieldCharger"],"picked":"Guardian:Gem_Red","floor":15.0},{"not_picked":["Guardian:HyperBeam_Guardian","Guardian:ConstructionForm"],"picked":"Guardian:SphericShield","floor":16.0},{"not_picked":["Guardian:RollAttack+1","Guardian:Incinerate"],"picked":"Guardian:SpikerProtocol","floor":19.0},{"not_picked":["Guardian:WalkerClaw","Guardian:Preprogram"],"picked":"Guardian:RollAttack","floor":20.0},{"not_picked":["Guardian:ShieldCharger","Guardian:Gem_Red"],"picked":"Guardian:ShieldSpikes+1","floor":21.0},{"not_picked":["Guardian:SphericShield","Guardian:ShieldCharger"],"picked":"Guardian:PrimingBeam+1","floor":23.0},{"not_picked":["Guardian:PolyBeam+1","Guardian:Gem_Green"],"picked":"Guardian:TemporalStrike+1","floor":25.0},{"not_picked":["Guardian:TemporalShield","Guardian:RollAttack+1"],"picked":"Guardian:ShieldSpikes","floor":26.0},{"not_picked":["Guardian:DecasProtection","Guardian:TemporalStrike"],"picked":"Guardian:TimeCapacitor+1","floor":27.0},{"not_picked":["Guardian:Gem_Crimson","Guardian:Incinerate"],"picked":"Guardian:Gem_White","floor":29.0},{"not_picked":["Guardian:Gem_Fragmented","Guardian:Gem_Cyan"],"picked":"Guardian:Gem_Red","floor":31.0},{"not_picked":["Guardian:Gem_Cyan","Guardian:Incinerate"],"picked":"Guardian:TemporalStrike+1","floor":32.0},{"not_picked":["Guardian:Gem_Synthetic","Guardian:StasisField"],"picked":"Guardian:AncientConstruct","floor":33.0},{"not_picked":["Guardian:DecasProtection","Guardian:Repulse"],"picked":"Guardian:RollAttack+1","floor":36},{"not_picked":["Guardian:TemporalShield+1","Guardian:Gem_Purple"],"picked":"Guardian:BodySlam+1","floor":37},{"not_picked":["Guardian:SentryBeam","Guardian:Recover+1"],"picked":"Guardian:Gem_White","floor":38},{"not_picked":["Guardian:TemporalShield","Guardian:Gem_Green"],"picked":"Guardian:ChargeCore+1","floor":40},{"not_picked":["Guardian:TimeBomb+1","Guardian:DecasProtection"],"picked":"Guardian:BronzeOrb","floor":44},{"not_picked":["Guardian:CrystalBeam+1","Guardian:ChargeCore"],"picked":"Guardian:BronzeArmor+1","floor":46},{"not_picked":["Guardian:PiercingHide+1","Guardian:ShieldSpikes+1"],"picked":"Guardian:Suspension+1","floor":47}],"player_experience":113150,"relics_obtained":[{"floor":12.0,"key":"Ice Cream"},{"floor":24.0,"key":"PreservedInsect"},{"floor":41,"key":"Regal Pillow"}],"event_choices":[{"damage_healed":0.0,"max_hp_gain":0.0,"max_hp_loss":0.0,"gold_gain":0.0,"event_name":"Scrap Ooze","player_choice":"Success","floor":13.0,"gold_loss":0.0,"damage_taken":3.0,"relics_obtained":["Eternal Feather"]},{"damage_healed":0.0,"max_hp_gain":0.0,"max_hp_loss":0.0,"gold_gain":0.0,"event_name":"Back to Basics","player_choice":"Simplicity","floor":22.0,"gold_loss":0.0,"damage_taken":0.0,"cards_upgraded":["Guardian:Strike_Guardian","Guardian:Strike_Guardian","Guardian:Strike_Guardian","Guardian:Strike_Guardian","Guardian:Defend_Guardian","Guardian:Defend_Guardian","Guardian:Defend_Guardian","Guardian:Defend_Guardian"]}],"is_beta":false,"boss_relics":[{"not_picked":["Velvet Choker","Tiny House"],"picked":"SlaversCollar"},{"not_picked":["Empty Cage","Black Star"],"picked":"Sozu"}],"items_purged_floors":[38],"is_endless":false,"potions_floor_spawned":[2,3,5,10,23,25,29,32,33,36,40,44],"killed_by":"Reptomancer","ascension_level":0}}