{"host":"dvdvdvm357cut69v","time":1610806601,"event":{"mods":["BaseMod","Infinite Spire","Minty Spire (QoL Compilation)","StSLib"],"gold_per_floor":[111,121,121,17,17,48,48,48,74,97,67,114,133,133,133,256,256,270,270,290,18,18,61,61,80,104,131,151,165,14,32,32,42,42],"floor_reached":33,"language":"ENG","playtime":1630,"items_purged":["Regret","Strike_R"],"score":317,"play_id":"9a23d619-f41b-4a0c-9971-0f1f6082150e","local_time":"20210116171641","is_ascension_mode":true,"campfire_choices":[{"floor":8,"key":"REST"},{"data":"infinitespire:OneForAll","floor":8,"key":"SMITH"},{"floor":15,"key":"REST"},{"floor":24,"key":"REST"},{"data":"1","floor":24,"key":"LIFT"},{"floor":32,"key":"REST"},{"data":"2","floor":32,"key":"LIFT"}],"circlet_count":0,"master_deck":["Strike_R","Strike_R","Strike_R","Strike_R","Defend_R","Defend_R","Defend_R","Defend_R","Bash","Warcry","infinitespire:OneForAll+1","Inflame","Clothesline","Searing Blow","Twin Strike","Offering","Flex","Feed","infinitespire:TheBestDefense","Armaments","Writhe","Shrug It Off","infinitespire:Execution","Writhe","Clash","Cleave","Sword Boomerang+1"],"relics":["Burning Blood","Nunchaku","infinitespire:Magic Flask","Boot","infinitespire:Midas Blood","Happy Flower","infinitespire:Beetle Shell","FossilizedHelix","Cursed Key","infinitespire:ShieldingShard","Vajra","Girya","Prayer Wheel","Toy Ornithopter","Lantern"],"acts_visited":["Exordium","TheCity"],"potions_floor_usage":[13,16,16,23,23,23,31],"damage_taken":[{"damage":2,"enemies":"2 Louse","floor":1,"turns":4},{"damage":12,"enemies":"Small Slimes","floor":2,"turns":4},{"damage":35,"enemies":"Gremlin Nob","floor":6,"turns":5},{"damage":4,"enemies":"Cultist","floor":10,"turns":3},{"damage":29,"enemies":"3 Sentries","floor":12,"turns":8},{"damage":0,"enemies":"Large Slime","floor":13,"turns":3},{"damage":30,"enemies":"Hexaghost","floor":16,"turns":7},{"damage":1,"enemies":"Chosen","floor":18,"turns":3},{"damage":12,"enemies":"2 Thieves","floor":20,"turns":4},{"damage":47,"enemies":"Nightmare","floor":23,"turns":7},{"damage":16,"enemies":"Shelled Parasite and Fungi","floor":25,"turns":5},{"damage":12,"enemies":"3 Cultists","floor":27,"turns":5},{"damage":9,"enemies":"Sentry and Sphere","floor":28,"turns":4},{"damage":10,"enemies":"Snecko","floor":29,"turns":4},{"damage":0,"enemies":"Cultist and Chosen","floor":31,"turns":3},{"damage":77,"enemies":"Champ","floor":33,"turns":6}],"seed_played":"1654813213429206330","potions_obtained":[{"floor":6,"key":"Weak Potion"},{"floor":11,"key":"FearPotion"},{"floor":11,"key":"DuplicationPotion"},{"floor":12,"key":"AttackPotion"},{"floor":14,"key":"infinitespire:BlackPotion"},{"floor":14,"key":"AttackPotion"},{"floor":16,"key":"Explosive Potion"},{"floor":23,"key":"Dexterity Potion"},{"floor":29,"key":"AttackPotion"}],"is_trial":false,"path_per_floor":["M","M","?","$","?","E","?","R","T","M","?","E","M","?","R","B",null,"M","AVR","M","$","T","NM","R","M","T","M","M","M","$","M","R","B"],"character_chosen":"IRONCLAD","items_purchased":["Inflame","Clothesline","Vajra","SteroidPotion","Lantern"],"campfire_rested":4,"item_purchase_floors":[4,4,21,21,30],"current_hp_per_floor":[80,74,74,74,67,38,38,62,62,64,64,41,47,47,71,47,80,80,80,74,74,74,33,57,50,50,47,44,40,40,51,76,0,0],"gold":42,"neow_bonus":"RANDOM_COMMON_RELIC","is_daily":false,"chose_seed":false,"campfire_upgraded":1,"win_rate":0.0,"timestamp":1610806601,"path_taken":["M","M","?","$","?","E","?","R","T","M","?","E","?","?","R","BOSS","M","AVR","M","?","?","NM","R","M","T","M","M","M","?","M","R","BOSS"],"items_purchased_type":["Card","Card","Relic","Potion","Relic"],"build_version":"2020-12-13","purchased_purges":2,"victory":false,"max_hp_per_floor":[80,80,80,80,80,80,80,80,80,80,80,80,80,80,80,80,80,80,80,80,80,80,80,80,83,83,86,86,86,86,86,86,86,86],"card_choices":[{"not_picked":["Clash","Shrug It Off"],"picked":"Warcry","floor":1},{"not_picked":["Battle Trance","Wild Strike"],"picked":"infinitespire:OneForAll","floor":2},{"not_picked":["Armaments","Disarm"],"picked":"Searing Blow","floor":6},{"not_picked":["Blood for Blood","Perfected Strike"],"picked":"Twin Strike","floor":10},{"not_picked":["Bloodletting","Headbutt"],"picked":"Offering","floor":12},{"not_picked":["Cleave","Warcry"],"picked":"Flex","floor":13},{"not_picked":["Fiend Fire","Bludgeon"],"picked":"Feed","floor":16},{"not_picked":["Headbutt","Sentinel+1","Heavy Blade"],"picked":"SKIP","floor":18},{"not_picked":["Warcry","Anger"],"picked":"Armaments","floor":20},{"not_picked":["Dual Wield","Sentinel"],"picked":"Shrug It Off","floor":23},{"not_picked":["infinitespire:Gouge","infinitespire:Oblivion"],"picked":"infinitespire:Execution","floor":23},{"not_picked":["Carnage+1","Wild Strike","Dual Wield"],"picked":"SKIP","floor":25},{"not_picked":["Pommel Strike","Fire Breathing","Searing Blow"],"picked":"SKIP","floor":25},{"not_picked":["Ghostly Armor","Wild Strike","Bloodletting"],"picked":"SKIP","floor":27},{"not_picked":["Rampage","Reckless Charge","Corruption"],"picked":"SKIP","floor":27},{"not_picked":["Body Slam","Rage+1"],"picked":"Clash","floor":28},{"not_picked":["Twin Strike","Blood for Blood"],"picked":"Cleave","floor":28},{"not_picked":["Dual Wield","Cleave"],"picked":"Sword Boomerang+1","floor":29},{"not_picked":["Rampage","Combust+1","Clash"],"picked":"SKIP","floor":29},{"not_picked":["Berserk","Shrug It Off","Iron Wave"],"picked":"SKIP","floor":31},{"not_picked":["Sever Soul","Body Slam+1","Heavy Blade"],"picked":"SKIP","floor":31}],"player_experience":69379,"relics_obtained":[{"floor":6,"key":"infinitespire:Midas Blood"},{"floor":9,"key":"infinitespire:Beetle Shell"},{"floor":12,"key":"FossilizedHelix"},{"floor":22,"key":"Girya"},{"floor":23,"key":"Prayer Wheel"},{"floor":26,"key":"Toy Ornithopter"}],"event_choices":[{"damage_healed":0,"gold_gain":0,"player_choice":"Box","damage_taken":0,"relics_obtained":["infinitespire:Magic Flask"],"max_hp_gain":0,"max_hp_loss":0,"event_name":"Big Fish","floor":3,"gold_loss":0,"cards_obtained":["Regret"]},{"damage_healed":0,"gold_gain":0,"player_choice":"Success","damage_taken":7,"relics_obtained":["Boot"],"max_hp_gain":0,"max_hp_loss":0,"event_name":"Scrap Ooze","floor":5,"gold_loss":0},{"damage_healed":0,"gold_gain":0,"player_choice":"Searched \u00272\u0027 times","damage_taken":0,"relics_obtained":["Happy Flower"],"max_hp_gain":0,"max_hp_loss":0,"event_name":"Dead Adventurer","floor":7,"gold_loss":0},{"damage_healed":0,"gold_gain":0,"player_choice":"Bought 2 Potions","damage_taken":0,"max_hp_gain":0,"max_hp_loss":0,"event_name":"The Woman in Blue","floor":11,"gold_loss":0},{"damage_healed":0,"gold_gain":0,"player_choice":"Got Potions","damage_taken":0,"max_hp_gain":0,"max_hp_loss":0,"event_name":"Lab","floor":14,"gold_loss":0}],"is_beta":false,"boss_relics":[{"not_picked":["Runic Cube","Philosopher\u0027s Stone"],"picked":"Cursed Key"}],"items_purged_floors":[19,21],"is_endless":true,"potions_floor_spawned":[6,12,16,23,29],"killed_by":"Champ","ascension_level":1}}