{"host":"idjwbq71yrpkph1r","time":1610757663,"event":{"mods":["Alarm Clock","BaseMod","Better Third Choice","Block Reminder","Colored Powertips","Conspire","Hubris","Minty Spire (QoL Compilation)","Rare Cards Sparkle","StSLib","The Blue Laboratory","Waifu the Spire","everything is the same but u backflip on backflip"],"gold_per_floor":[160,7,20,20,20,20,50,67,67,14,14,14,14,31,31,134,134,144,144,144,44,0,0,0,0,52,68,68,68,68],"floor_reached":29,"language":"ENG","playtime":1767,"items_purged":["Strike_G","Strike_G"],"score":217,"play_id":"6ca07490-e171-49da-8a33-7f56089af04a","local_time":"20210116014103","is_ascension_mode":false,"campfire_choices":[{"floor":6,"key":"RECALL"},{"floor":12,"key":"REST"},{"floor":15,"key":"REST"},{"floor":23,"key":"REST"},{"data":"RitualDagger","floor":25,"key":"SMITH"},{"floor":28,"key":"REST"}],"circlet_count":0,"master_deck":["Strike_G","Strike_G+1","Strike_G","Defend_G","Defend_G+1","Defend_G","Defend_G","Defend_G","Survivor","Neutralize","Endless Agony+1","Predator","Backflip","Dagger Throw","Deflect","Adrenaline","Burst","conspire:DoublingDagger","RitualDagger+1","Cloak And Dagger"],"relics":["Tiny House","Omamori","WristBlade","MealTicket"],"acts_visited":["Exordium","TheCity"],"potions_floor_usage":[29],"damage_taken":[{"damage":0,"enemies":"Small Slimes","floor":1,"turns":2},{"damage":0,"enemies":"2 Louse","floor":3,"turns":2},{"damage":40,"enemies":"Gremlin Nob","floor":7,"turns":5},{"damage":3,"enemies":"Jaw Worm","floor":8,"turns":3},{"damage":1,"enemies":"Large Slime","floor":14,"turns":4},{"damage":47,"enemies":"The Guardian","floor":16,"turns":17},{"damage":10,"enemies":"Chosen","floor":18,"turns":4},{"damage":26,"enemies":"Spheric Guardian","floor":27,"turns":7},{"damage":78,"enemies":"Book of Stabbing","floor":29,"turns":9}],"seed_played":"1972840726911526164","potions_obtained":[{"floor":0,"key":"blueLaboratory:CorrosionFlask"},{"floor":3,"key":"blueLaboratory:PhilterOfMotion"},{"floor":14,"key":"blueLaboratory:ExaltedPotion"},{"floor":16,"key":"blueLaboratory:EnvenomedCoating"},{"floor":27,"key":"blueLaboratory:LouseDecoction"}],"is_trial":false,"path_per_floor":["M","$","M","?","?","R","E","M","T","$","?","R","$","M","R","B",null,"M","?","?","$","?","R","?","R","T","M","R","E"],"character_chosen":"THE_SILENT","items_purchased":["Predator","Deflect"],"campfire_rested":4,"item_purchase_floors":[2,10],"current_hp_per_floor":[75,75,75,60,60,60,20,17,17,17,17,39,39,38,60,13,75,65,65,51,51,51,75,69,69,69,43,67,0,0],"gold":68,"neow_bonus":"BOSS_RELIC","is_daily":false,"chose_seed":false,"campfire_upgraded":1,"win_rate":0.0,"timestamp":1610757663,"path_taken":["M","$","M","?","?","R","E","M","T","?","?","R","$","M","R","BOSS","M","?","?","$","?","R","?","R","T","?","R","E"],"items_purchased_type":["Card","Card"],"build_version":"2020-12-22","purchased_purges":2,"victory":false,"max_hp_per_floor":[75,75,75,75,75,75,75,75,75,75,75,75,75,75,75,75,75,75,75,80,80,80,80,80,80,80,80,80,80,80],"card_choices":[{"not_picked":["Dagger Spray","Dodge and Roll"],"picked":"Endless Agony","floor":0},{"not_picked":["All Out Attack","Slice","Dagger Spray"],"picked":"SKIP","floor":1},{"not_picked":["Choke","Slice","Blade Dance"],"picked":"SKIP","floor":3},{"not_picked":["Prepared","Crippling Poison"],"picked":"Backflip","floor":7},{"not_picked":["PiercingWail","Deadly Poison"],"picked":"Dagger Throw","floor":8},{"not_picked":["Outmaneuver","conspire:DoublingDagger","Bane"],"picked":"SKIP","floor":14},{"not_picked":["Venomology","Wraith Form v2"],"picked":"Burst","floor":16},{"not_picked":["Eviscerate","hubris:Counter"],"picked":"conspire:DoublingDagger","floor":18},{"not_picked":["Dagger Spray","Dodge and Roll"],"picked":"Cloak And Dagger","floor":27}],"player_experience":210763,"relics_obtained":[{"floor":7,"key":"Omamori"},{"floor":26,"key":"MealTicket"}],"event_choices":[{"damage_healed":75,"gold_gain":0,"player_choice":"Upgrade","damage_taken":15,"max_hp_gain":0,"max_hp_loss":75,"event_name":"betterThird:BetterShining","floor":4,"gold_loss":0,"cards_upgraded":["Strike_G","Endless Agony"]},{"damage_healed":0,"gold_gain":0,"player_choice":"Leave","damage_taken":0,"max_hp_gain":0,"max_hp_loss":0,"event_name":"conspire:Investor","floor":5,"gold_loss":0},{"damage_healed":0,"gold_gain":0,"player_choice":"Ignored","damage_taken":0,"max_hp_gain":0,"max_hp_loss":0,"event_name":"Vampires","floor":19,"gold_loss":0},{"damage_healed":0,"gold_gain":0,"player_choice":"Shed Blood","damage_taken":19,"max_hp_gain":5,"max_hp_loss":0,"event_name":"Forgotten Altar","floor":20,"gold_loss":0},{"damage_healed":0,"gold_gain":0,"player_choice":"Paid Fearfully","damage_taken":0,"max_hp_gain":0,"max_hp_loss":0,"event_name":"Masked Bandits","floor":22,"gold_loss":44},{"damage_healed":0,"gold_gain":0,"player_choice":"Dagger","damage_taken":6,"max_hp_gain":0,"max_hp_loss":0,"event_name":"betterThird:BetterNest","floor":24,"gold_loss":0,"cards_obtained":["RitualDagger"]}],"is_beta":false,"boss_relics":[{"not_picked":["conspire:RoyalGoblet","conspire:SpecialSausage"],"picked":"WristBlade"}],"items_purged_floors":[2,21],"is_endless":false,"potions_floor_spawned":[3,14,16,27],"killed_by":"Book of Stabbing","ascension_level":0}}