{"host":"opg65mucj6ra7dr1","time":1610783959,"event":{"mods":["BaseMod","DeckTracker","Keyboard Shortcuts","Minty Spire (QoL Compilation)","Permanent Neow","Quick Restart","everything is the same but u backflip on backflip"],"gold_per_floor":[109,109,109,129,129,129,163,186,237,261,261,261,301,19,19,147,210,234,234,259,107,107,107,130,130,130],"floor_reached":25,"language":"KOR","playtime":1043,"items_purged":["Strike_G"],"score":350,"play_id":"d0a1e714-69dc-46bd-b630-8a00fe3ea395","local_time":"20210116165919","is_ascension_mode":true,"campfire_choices":[{"data":"Footwork","floor":6,"key":"SMITH"},{"floor":12,"key":"REST"},{"data":"Apotheosis","floor":15,"key":"SMITH"},{"data":"A Thousand Cuts","floor":23,"key":"SMITH"}],"circlet_count":0,"master_deck":["Strike_G","Strike_G","Defend_G","Defend_G","Defend_G","Defend_G","Defend_G","Survivor","Neutralize+1","Blade Dance","Footwork+1","Backflip","A Thousand Cuts+1","Dagger Spray","Cloak And Dagger","Apotheosis+1","Well Laid Plans","Dagger Spray","Tools of the Trade","Acrobatics","Backflip","Prepared","Infinite Blades","Terror"],"relics":["Ring of the Snake","Golden Idol","Pocketwatch","Snake Skull","Bottled Flame","Tiny House","MutagenicStrength"],"acts_visited":["Exordium","TheCity"],"potions_floor_usage":[13,25,25],"damage_taken":[{"damage":0,"enemies":"Small Slimes","floor":1,"turns":4},{"damage":0,"enemies":"Jaw Worm","floor":4,"turns":5},{"damage":30,"enemies":"3 Sentries","floor":7,"turns":15},{"damage":0,"enemies":"2 Louse","floor":8,"turns":3},{"damage":7,"enemies":"Blue Slaver","floor":10,"turns":4},{"damage":11,"enemies":"Lagavulin","floor":13,"turns":6},{"damage":0,"enemies":"Hexaghost","floor":16,"turns":11},{"damage":21,"enemies":"Shell Parasite","floor":18,"turns":10},{"damage":9,"enemies":"Chosen","floor":20,"turns":6},{"damage":12,"enemies":"Centurion and Healer","floor":24,"turns":7},{"damage":7,"enemies":"Slavers","floor":25,"turns":2}],"seed_played":"4837155425236287818","potions_obtained":[{"floor":4,"key":"SmokeBomb"},{"floor":7,"key":"Weak Potion"},{"floor":8,"key":"LiquidMemories"},{"floor":16,"key":"Block Potion"}],"is_trial":false,"path_per_floor":["M","?","?","M","T","R","E","M","T","M","?","R","E","$","R","B",null,"M","?","M","$","?","R","M","E"],"character_chosen":"THE_SILENT","items_purchased":["Apotheosis","Well Laid Plans","Dagger Spray","Infinite Blades"],"campfire_rested":1,"item_purchase_floors":[14,14,14,21],"current_hp_per_floor":[63,63,46,46,46,46,16,16,16,9,9,30,19,19,19,19,62,41,41,32,32,32,32,20,13,13],"gold":130,"neow_bonus":"THREE_CARDS","is_daily":false,"chose_seed":false,"campfire_upgraded":3,"win_rate":0.0,"timestamp":1610783959,"path_taken":["M","?","?","M","?","R","E","?","T","M","?","R","E","$","R","BOSS","M","?","M","$","?","R","M","E"],"items_purchased_type":["Card","Card","Card","Card"],"build_version":"2020-12-22","purchased_purges":1,"victory":false,"max_hp_per_floor":[70,70,70,70,70,70,70,70,70,70,70,70,70,70,70,70,75,75,75,75,75,75,75,75,75,75],"card_choices":[{"not_picked":["PiercingWail","Slice"],"picked":"Blade Dance","floor":0},{"not_picked":["PiercingWail","Deadly Poison","Setup"],"picked":"SKIP","floor":1},{"not_picked":["Underhanded Strike","Dash"],"picked":"Footwork","floor":4},{"not_picked":["Dagger Spray","Concentrate"],"picked":"Backflip","floor":7},{"not_picked":["All Out Attack","Reflex"],"picked":"A Thousand Cuts","floor":8},{"not_picked":["Poisoned Stab","Riddle With Holes"],"picked":"Dagger Spray","floor":10},{"not_picked":["Deadly Poison","Flechettes"],"picked":"Cloak And Dagger","floor":13},{"not_picked":["Unload","Glass Knife"],"picked":"Tools of the Trade","floor":16},{"not_picked":["Backstab","Bane"],"picked":"Acrobatics","floor":17},{"not_picked":["Deadly Poison+1","Predator+1"],"picked":"Backflip","floor":18},{"not_picked":["PiercingWail","Flying Knee"],"picked":"Prepared","floor":20},{"not_picked":["Masterful Stab","Flechettes"],"picked":"Terror","floor":24}],"player_experience":128642,"relics_obtained":[{"floor":7,"key":"Pocketwatch"},{"floor":9,"key":"Snake Skull"},{"floor":13,"key":"Bottled Flame"}],"event_choices":[{"damage_healed":0,"gold_gain":0,"player_choice":"Ignored","damage_taken":0,"max_hp_gain":0,"max_hp_loss":0,"event_name":"Liars Game","floor":2,"gold_loss":0},{"damage_healed":0,"gold_gain":0,"player_choice":"Take Damage","damage_taken":17,"relics_obtained":["Golden Idol"],"max_hp_gain":0,"max_hp_loss":0,"event_name":"Golden Idol","floor":3,"gold_loss":0},{"cards_removed":["Strike_G"],"damage_healed":0,"gold_gain":0,"player_choice":"Forget","damage_taken":0,"max_hp_gain":0,"max_hp_loss":0,"event_name":"Living Wall","floor":11,"gold_loss":0},{"cards_removed":["Strike_G"],"damage_healed":0,"gold_gain":0,"player_choice":"Elegance","damage_taken":0,"max_hp_gain":0,"max_hp_loss":0,"event_name":"Back to Basics","floor":19,"gold_loss":0},{"damage_healed":0,"gold_gain":0,"player_choice":"Inject Mutagens","damage_taken":0,"relics_obtained":["MutagenicStrength"],"max_hp_gain":0,"max_hp_loss":0,"event_name":"Drug Dealer","floor":22,"gold_loss":0}],"is_beta":false,"boss_relics":[{"not_picked":["Velvet Choker","Snecko Eye"],"picked":"Tiny House"}],"items_purged_floors":[21],"is_endless":false,"potions_floor_spawned":[4,7,8,16,24],"killed_by":"Slavers","ascension_level":7}}