{"host":"7zdktqb5xjtif29d","time":1610755664,"event":{"mods":["AchievementEnabler","BaseMod","Colored Map","Colored Powertips","Highlight Path","Minty Spire (QoL Compilation)","Rare Cards Sparkle","SuperFastMode","Waifu the Spire","everything is the same but u backflip on backflip"],"gold_per_floor":[111,121,136,147,2,27,27,27,53,53,65,65,140,168,168,168,168],"floor_reached":16,"language":"ENG","playtime":913,"items_purged":[],"score":110,"play_id":"e2f90ee3-b53a-4f4e-9239-a90060712200","local_time":"20210116000744","is_ascension_mode":false,"campfire_choices":[{"floor":7,"key":"REST"},{"floor":10,"key":"REST"},{"floor":15,"key":"REST"}],"circlet_count":0,"master_deck":["Strike_P","Strike_P","Strike_P","Strike_P","Defend_P","Defend_P","Defend_P","Defend_P","Eruption","Vigilance","Perseverance","FearNoEvil","Worship","SignatureMove","Regret","Vengeance"],"relics":["PureWater","Toolbox","Bronze Scales","Art of War","Tiny Chest","Potion Belt"],"acts_visited":["Exordium"],"potions_floor_usage":[],"damage_taken":[{"damage":2,"enemies":"Cultist","floor":1,"turns":3},{"damage":1,"enemies":"2 Louse","floor":2,"turns":4},{"damage":2,"enemies":"Small Slimes","floor":3,"turns":4},{"damage":19,"enemies":"3 Louse","floor":4,"turns":5},{"damage":50,"enemies":"Lagavulin","floor":6,"turns":9},{"damage":4,"enemies":"2 Fungi Beasts","floor":11,"turns":2},{"damage":19,"enemies":"3 Sentries","floor":14,"turns":9},{"damage":45,"enemies":"The Guardian","floor":16,"turns":5}],"seed_played":"-1387798567708756746","potions_obtained":[{"floor":4,"key":"Energy Potion"},{"floor":6,"key":"LiquidMemories"}],"is_trial":false,"path_per_floor":["M","M","M","M","$","E","R","$","T","R","M","?","?","E","R","B"],"character_chosen":"WATCHER","items_purchased":["Toolbox"],"campfire_rested":3,"item_purchase_floors":[5],"current_hp_per_floor":[77,76,74,55,55,5,28,28,28,51,47,47,36,17,40,0,0],"gold":168,"neow_bonus":"TEN_PERCENT_HP_BONUS","is_daily":false,"chose_seed":false,"campfire_upgraded":0,"win_rate":0.0,"timestamp":1610755664,"path_taken":["M","M","?","M","?","E","R","$","T","R","M","?","?","E","R","BOSS"],"items_purchased_type":["Relic"],"build_version":"2020-12-22","purchased_purges":0,"victory":false,"max_hp_per_floor":[79,79,79,79,79,79,79,79,79,79,79,79,79,79,79,79,79],"card_choices":[{"not_picked":["Halt","CutThroughFate"],"picked":"Perseverance","floor":1},{"not_picked":["SashWhip","FollowUp","EmptyBody"],"picked":"SKIP","floor":2},{"not_picked":["FollowUp","Crescendo"],"picked":"FearNoEvil","floor":3},{"not_picked":["ClearTheMind","Protect"],"picked":"Worship","floor":4},{"not_picked":["Tantrum","FlyingSleeves"],"picked":"SignatureMove","floor":6},{"not_picked":["PathToVictory","ThirdEye","Sanctity"],"picked":"SKIP","floor":11},{"not_picked":["EmptyFist","Protect"],"picked":"Vengeance","floor":14}],"player_experience":223631,"relics_obtained":[{"floor":6,"key":"Bronze Scales"},{"floor":9,"key":"Art of War"},{"floor":14,"key":"Potion Belt"}],"event_choices":[{"damage_healed":0,"gold_gain":0,"player_choice":"Box","damage_taken":0,"relics_obtained":["Tiny Chest"],"max_hp_gain":0,"max_hp_loss":0,"event_name":"Big Fish","floor":12,"gold_loss":0,"cards_obtained":["Regret"]},{"damage_healed":0,"gold_gain":75,"player_choice":"Gather Gold","damage_taken":11,"max_hp_gain":0,"max_hp_loss":0,"event_name":"World of Goop","floor":13,"gold_loss":0}],"is_beta":false,"boss_relics":[],"items_purged_floors":[],"is_endless":false,"potions_floor_spawned":[4,6],"killed_by":"The Guardian","ascension_level":0}}