{"host":"ek3xvuouaw6vk9if","time":1610769838,"event":{"mods":["BaseMod","BetterRewards","GungeonMod","Minty Spire (QoL Compilation)","Permanent Neow","Quick Restart","Relic Stats","Replay The Spire","StSLib"],"gold_per_floor":[109,121,121,138,63,63,88,88,88,103,103,116,169,120,120,219,219,233,79,79,90,157,157,223,223,223,241,272,272,272,115,115,220,220,238,238,258,269,269,301,301,301,301,325,325,325],"floor_reached":45,"language":"ENG","playtime":6214,"items_purged":["DemoMod:Strike_Huntress","DemoMod:Strike_Huntress"],"score":666,"play_id":"e5fb7134-53c5-4e38-a8cd-abb63be66109","local_time":"20210115230358","is_ascension_mode":true,"campfire_choices":[{"data":"Metamorphosis","floor":6,"key":"SMITH"},{"data":"DemoMod:PotionOfGunFriendShip","floor":11,"key":"SMITH"},{"data":"DemoMod:Unmoved","floor":15,"key":"SMITH"},{"data":"DemoMod:DoubleVision","floor":23,"key":"SMITH"},{"data":"DemoMod:Slinger","floor":25,"key":"SMITH"},{"data":"DemoMod:MachoBrace","floor":29,"key":"SMITH"},{"data":"DemoMod:Unmoved","floor":32,"key":"SMITH"},{"data":"DemoMod:Behold!","floor":42,"key":"SMITH"}],"circlet_count":0,"master_deck":["DemoMod:Strike_Huntress+1","DemoMod:Defend_Huntress","DemoMod:Defend_Huntress","DemoMod:Defend_Huntress","DemoMod:Defend_Huntress","DemoMod:Roll","DemoMod:ManualReload","DemoMod:RustySidearm","DemoMod:CrossBow+1","Metamorphosis+1","DemoMod:ConditionalReflex","DemoMod:BattleInHaste","DemoMod:PotionOfGunFriendShip+1","DemoMod:Unmoved+1","DemoMod:DoubleSwitch","DemoMod:Behold!+1","DemoMod:Unmoved+1","DemoMod:DoubleVision+1","DemoMod:Behold!","DemoMod:MachoBrace+1","DemoMod:GunShield+1","DemoMod:Slinger+1","DemoMod:TeaPot+1","DemoMod:ConditionalReflex+1","DemoMod:BalloonGun","CurseOfTheBell","Blind","DemoMod:Unmoved+1","DemoMod:MachoBrace+1","DemoMod:Replace+1","Madness","Madness"],"relics":["DemoMod:Dog","Replay:Bottled Steam","DemoMod:DecoyRelic","Coffee Dripper","Enchiridion","Mummified Hand","DemoMod:OrangeGuonStone","DemoMod:RedGuonStone","Vajra","Calling Bell","Tiny Chest","ReplayTheSpireMod:Shallot","StoneCalendar","Gambling Chip","Replay:Rubber Ducky","Replay:Baseball"],"acts_visited":["Exordium","TheCity","TheBeyond"],"potions_floor_usage":[7,10,22,28,33,33,33],"damage_taken":[{"damage":1,"enemies":"Cultist","floor":1,"turns":3},{"damage":0,"enemies":"Small Slimes","floor":2,"turns":3},{"damage":6,"enemies":"Jaw Worm","floor":4,"turns":3},{"damage":10,"enemies":"3 Sentries","floor":7,"turns":5},{"damage":16,"enemies":"Gremlin Gang","floor":10,"turns":5},{"damage":0,"enemies":"Looter","floor":12,"turns":3},{"damage":0,"enemies":"Hexaghost","floor":16,"turns":9},{"damage":13,"enemies":"Shell Parasite","floor":18,"turns":4},{"damage":0,"enemies":"3 Byrds","floor":21,"turns":4},{"damage":6,"enemies":"3 Cultists","floor":22,"turns":6},{"damage":3,"enemies":"Gremlin Leader","floor":24,"turns":8},{"damage":5,"enemies":"Snecko","floor":27,"turns":4},{"damage":0,"enemies":"Slavers","floor":28,"turns":4},{"damage":1,"enemies":"Automaton","floor":33,"turns":7},{"damage":15,"enemies":"3 Shapes","floor":35,"turns":3},{"damage":0,"enemies":"Orb Walker","floor":37,"turns":2},{"damage":7,"enemies":"3 Darklings","floor":38,"turns":7},{"damage":0,"enemies":"Giant Head","floor":40,"turns":5},{"damage":41,"enemies":"Writhing Mass","floor":45,"turns":4}],"seed_played":"-3743005214987614538","potions_obtained":[{"floor":1,"key":"DistilledChaos"},{"floor":4,"key":"GamblersBrew"},{"floor":7,"key":"LiquidMemories"},{"floor":12,"key":"LiquidMemories"},{"floor":18,"key":"Energy Potion"},{"floor":24,"key":"SkillPotion"},{"floor":28,"key":"ColorlessPotion"},{"floor":37,"key":"Venom Potion"},{"floor":40,"key":"DistilledChaos"}],"is_trial":false,"path_per_floor":["M","M","?","M","$","R","E","$","T","M","R","M","?","$","R","B",null,"M","$","?","M","M","R","E","R","T","M","E","R","?","$","R","B",null,"M","?","M","M","?","E","?","R","T","T","M"],"character_chosen":"HUNTRESS","items_purchased":["DemoMod:Unmoved","DemoMod:GunShield+1","Vajra"],"campfire_rested":0,"item_purchase_floors":[14,19,31],"current_hp_per_floor":[62,62,49,43,43,43,33,33,33,17,17,17,17,17,17,17,63,50,50,34,34,28,28,25,25,25,20,20,20,20,20,20,19,63,48,48,48,41,41,41,33,33,33,33,0,0],"gold":325,"neow_bonus":"RANDOM_COLORLESS_2","is_daily":false,"chose_seed":false,"campfire_upgraded":8,"win_rate":0.0,"timestamp":1610769838,"path_taken":["M","?","?","M","$","R","E","?","T","?","R","M","?","$","R","BOSS","M","$","?","M","M","R","E","R","T","M","E","R","?","$","R","BOSS","M","?","M","M","?","E","?","R","T","?","M"],"items_purchased_type":["Card","Card","Relic"],"build_version":"2020-12-22","purchased_purges":2,"victory":false,"max_hp_per_floor":[63,63,63,63,63,63,63,63,63,63,63,63,63,63,63,63,63,63,63,63,63,63,63,63,63,63,63,63,63,63,63,63,63,63,63,63,63,63,63,63,63,63,63,63,63,63],"relic_stats":{"counters":[19,88],"Mummified Hand":[14],"Gambling Chip":[6],"Tiny Chest":1,"StoneCalendar":[0],"obtain_stats":[{"DemoMod:Dog":0,"DemoMod:OrangeGuonStone":26,"Enchiridion":20,"Vajra":31,"StoneCalendar":34,"DemoMod:GlassGuonStoneRelic":1,"Replay:Rubber Ducky":43,"Calling Bell":34,"Replay:Baseball":44,"ReplayTheSpireMod:Shallot":34,"Mummified Hand":24,"Gambling Chip":40,"DemoMod:DecoyRelic":9,"DemoMod:RedGuonStone":28,"Tiny Chest":34,"Coffee Dripper":17,"Replay:Bottled Steam":7},{"DemoMod:Dog":0,"DemoMod:OrangeGuonStone":11,"Enchiridion":8,"Vajra":13,"StoneCalendar":14,"DemoMod:GlassGuonStoneRelic":1,"Replay:Rubber Ducky":18,"Calling Bell":14,"Replay:Baseball":18,"ReplayTheSpireMod:Shallot":14,"Mummified Hand":11,"Gambling Chip":18,"DemoMod:DecoyRelic":4,"DemoMod:RedGuonStone":13,"Tiny Chest":14,"Coffee Dripper":7,"Replay:Bottled Steam":4},{"DemoMod:Dog":0,"DemoMod:OrangeGuonStone":52,"Enchiridion":34,"Vajra":60,"StoneCalendar":67,"DemoMod:GlassGuonStoneRelic":3,"Replay:Rubber Ducky":84,"Calling Bell":67,"Replay:Baseball":84,"ReplayTheSpireMod:Shallot":67,"Mummified Hand":52,"Gambling Chip":84,"DemoMod:DecoyRelic":14,"DemoMod:RedGuonStone":60,"Tiny Chest":67,"Coffee Dripper":30,"Replay:Bottled Steam":14}]},"card_choices":[{"not_picked":["Midas Touch","ReplayTheSpireMod:Necrogeddon"],"picked":"Metamorphosis","floor":0},{"not_picked":["DemoMod:TeaPot","DemoMod:Casey"],"picked":"DemoMod:ConditionalReflex","floor":1},{"not_picked":["DemoMod:Ejector","DemoMod:HuntsMan"],"picked":"DemoMod:BattleInHaste","floor":2},{"not_picked":["DemoMod:TableSutra","DemoMod:LifeOrb"],"picked":"DemoMod:PotionOfGunFriendShip","floor":4},{"not_picked":["DemoMod:PotionOfGunFriendShip","DemoMod:SniperShot"],"picked":"DemoMod:Unmoved","floor":7},{"not_picked":["DemoMod:CursedBullets","DemoMod:Casey"],"picked":"DemoMod:DoubleSwitch","floor":10},{"not_picked":["DemoMod:SpreadAmmo","DemoMod:Polaris"],"picked":"DemoMod:Behold!","floor":12},{"not_picked":["DemoMod:ChanceBullets","DemoMod:FeignSurrender","DemoMod:GunstockTap"],"picked":"SKIP","floor":12},{"not_picked":["DemoMod:FullFirepower","DemoMod:GunslingerForm"],"picked":"DemoMod:DoubleVision","floor":16},{"not_picked":["DemoMod:Desperate","DemoMod:Gungine"],"picked":"DemoMod:Behold!","floor":16},{"not_picked":["DemoMod:FortunesFavor+1","DemoMod:FeignSurrender"],"picked":"DemoMod:MachoBrace","floor":18},{"not_picked":["DemoMod:SkilledReload","DemoMod:CombinedRifle","DemoMod:Casey"],"picked":"SKIP","floor":21},{"not_picked":["DemoMod:Replace+1","DemoMod:EasyReloadBullets"],"picked":"DemoMod:DirectionalPad+1","floor":22},{"not_picked":["DemoMod:Unmoved","DemoMod:Casey"],"picked":"DemoMod:Slinger","floor":24},{"not_picked":["DemoMod:Rummage","DemoMod:HuntsMan"],"picked":"DemoMod:TeaPot+1","floor":27},{"not_picked":["DemoMod:DirectionalPad","DemoMod:HardPowerCard"],"picked":"DemoMod:ConditionalReflex+1","floor":28},{"not_picked":["DemoMod:BulletBore","DemoMod:BlackHoleGun"],"picked":"DemoMod:BalloonGun","floor":33},{"not_picked":["DemoMod:Unity","DemoMod:CursedBullets+1","DemoMod:DirectionalPad+1"],"picked":"SKIP","floor":35},{"not_picked":["Forethought","Replay:Bootleg Shield Generator"],"picked":"Blind","floor":36},{"not_picked":["DemoMod:AbyssalTentacle","DemoMod:AWP"],"picked":"DemoMod:Unmoved+1","floor":37},{"not_picked":["DemoMod:Ejector+1","DemoMod:Evolver"],"picked":"DemoMod:MachoBrace+1","floor":38},{"not_picked":["DemoMod:Ejector+1","DemoMod:StickyCrossBow+1"],"picked":"DemoMod:Replace+1","floor":40},{"not_picked":["DemoMod:MegaHand","DemoMod:Camera+1","DemoMod:PotionOfGunFriendShip"],"picked":"SKIP","floor":40},{"not_picked":["DemoMod:MegaHand","DemoMod:Camera+1","DemoMod:PotionOfGunFriendShip"],"picked":"SKIP","floor":40}],"player_experience":525432,"relics_obtained":[{"floor":7,"key":"Replay:Bottled Steam"},{"floor":9,"key":"DemoMod:DecoyRelic"},{"floor":20,"key":"Enchiridion"},{"floor":24,"key":"Mummified Hand"},{"floor":26,"key":"DemoMod:OrangeGuonStone"},{"floor":28,"key":"DemoMod:RedGuonStone"},{"floor":34,"key":"Tiny Chest"},{"floor":34,"key":"ReplayTheSpireMod:Shallot"},{"floor":34,"key":"StoneCalendar"},{"floor":40,"key":"Gambling Chip"},{"floor":43,"key":"Replay:Rubber Ducky"},{"floor":44,"key":"Replay:Baseball"}],"event_choices":[{"damage_healed":0,"gold_gain":0,"player_choice":"Entered Light","damage_taken":13,"max_hp_gain":0,"max_hp_loss":0,"event_name":"Shining Light","floor":3,"gold_loss":0,"cards_upgraded":["DemoMod:CrossBow","DemoMod:Strike_Huntress"]},{"damage_healed":0,"gold_gain":53,"player_choice":"Gained Gold","damage_taken":0,"max_hp_gain":0,"max_hp_loss":0,"event_name":"Golden Wing","floor":13,"gold_loss":0},{"damage_healed":0,"gold_gain":0,"player_choice":"Obtained Book","damage_taken":16,"max_hp_gain":0,"max_hp_loss":0,"event_name":"Cursed Tome","floor":20,"gold_loss":0},{"damage_healed":0,"gold_gain":0,"player_choice":"Memory 1","damage_taken":0,"max_hp_gain":0,"max_hp_loss":0,"event_name":"SensoryStone","floor":36,"gold_loss":0},{"damage_healed":0,"gold_gain":0,"player_choice":"Embrace Madness","damage_taken":8,"max_hp_gain":0,"max_hp_loss":0,"event_name":"Winding Halls","floor":41,"gold_loss":0,"cards_obtained":["Madness","Madness"]}],"is_beta":false,"boss_relics":[{"not_picked":["Ring of Chaos","Replay:Drink Me"],"picked":"Coffee Dripper"},{"not_picked":["Pandora\u0027s Box","Fusion Hammer"],"picked":"Calling Bell"}],"items_purged_floors":[5,19],"is_endless":false,"potions_floor_spawned":[1,4,7,12,18,24,27,28,37,40],"killed_by":"Writhing Mass","ascension_level":3}}