{"host":"ydg0vn0pu4pubmdt","time":1610793579,"event":{"mods":["AchievementEnabler","BaseMod","Colored Map","Gold Saver","Minty Spire (QoL Compilation)","Quick Restart","SuperFastMode"],"gold_per_floor":[119,119,130,28,28,28,55,55,55,80,80,80,94,113,113,232,232,256,256,117,141,166,166,166,189,189,210,125,125,145,20,20,143,143,156,489,501,511,211,239,249,249,318,143,156,183,194,194,194,194],"floor_reached":51,"language":"KOR","playtime":2041,"items_purged":["Pain","Strike_G","Strike_G","Sucker Punch+1","Terror+1"],"score":1011,"play_id":"9d57beb2-1f7f-4674-b7ba-c1fe883636bd","local_time":"20210116193939","is_ascension_mode":true,"campfire_choices":[{"data":"Blade Dance","floor":6.0,"key":"SMITH"},{"data":"Dagger Spray","floor":8.0,"key":"SMITH"},{"data":"Poisoned Stab","floor":11.0,"key":"SMITH"},{"data":"Neutralize","floor":15.0,"key":"SMITH"},{"data":"Accuracy","floor":24.0,"key":"SMITH"},{"data":"A Thousand Cuts","floor":32.0,"key":"SMITH"},{"floor":49.0,"key":"REST"}],"circlet_count":0,"master_deck":["Defend_G","Defend_G","Defend_G","Defend_G","Survivor","Neutralize+1","Blur","Blade Dance+1","Dagger Spray+1","Poisoned Stab+1","Blade Dance+1","Adrenaline+1","Adrenaline+1","Accuracy+1","Acrobatics+1","PiercingWail+1","Tactician+1","A Thousand Cuts+1","Wraith Form v2","Well Laid Plans","Escape Plan+1","Acrobatics+1","Backflip+1","Madness+1","Madness+1"],"relics":["Ring of the Snake","NeowsBlessing","WarpedTongs","Akabeko","Pear","Toxic Egg 2","Astrolabe","Du-Vu Doll","Singing Bowl","Fusion Hammer","Bag of Marbles","Matryoshka","Nunchaku","Sundial","Pen Nib"],"acts_visited":["Exordium","TheCity","TheBeyond"],"potions_floor_usage":[50],"damage_taken":[{"damage":0.0,"enemies":"Small Slimes","floor":1.0,"turns":1.0},{"damage":0.0,"enemies":"Cultist","floor":3.0,"turns":1.0},{"damage":0.0,"enemies":"Lagavulin","floor":7.0,"turns":1.0},{"damage":0.0,"enemies":"3 Sentries","floor":10.0,"turns":3.0},{"damage":0.0,"enemies":"Jaw Worm","floor":13.0,"turns":2.0},{"damage":3.0,"enemies":"Large Slime","floor":14.0,"turns":3.0},{"damage":37.0,"enemies":"The Guardian","floor":16.0,"turns":15.0},{"damage":0.0,"enemies":"Shell Parasite","floor":18.0,"turns":3.0},{"damage":0.0,"enemies":"3 Byrds","floor":21.0,"turns":3.0},{"damage":10.0,"enemies":"Centurion and Healer","floor":22.0,"turns":3.0},{"damage":0.0,"enemies":"Cultist and Chosen","floor":25.0,"turns":3.0},{"damage":0.0,"enemies":"Snecko","floor":27.0,"turns":3.0},{"damage":0.0,"enemies":"3 Cultists","floor":30.0,"turns":3.0},{"damage":14.0,"enemies":"Collector","floor":33.0,"turns":7.0},{"damage":11.0,"enemies":"3 Darklings","floor":35.0,"turns":3.0},{"damage":0.0,"enemies":"3 Shapes","floor":37.0,"turns":4.0},{"damage":0.0,"enemies":"Sphere and 2 Shapes","floor":38.0,"turns":3.0},{"damage":0.0,"enemies":"Nemesis","floor":40.0,"turns":3.0},{"damage":0.0,"enemies":"Transient","floor":41.0,"turns":5.0},{"damage":0.0,"enemies":"Spire Growth","floor":45.0,"turns":3.0},{"damage":0.0,"enemies":"Reptomancer","floor":46.0,"turns":1.0},{"damage":2.0,"enemies":"Maw","floor":47.0,"turns":4.0},{"damage":32,"enemies":"Awakened One","floor":50,"turns":8}],"seed_played":"5528670499037448449","potions_obtained":[{"floor":1.0,"key":"Fire Potion"},{"floor":10.0,"key":"SkillPotion"},{"floor":14.0,"key":"BlessingOfTheForge"},{"floor":16.0,"key":"Ancient Potion"},{"floor":25.0,"key":"Fire Potion"}],"is_trial":false,"path_per_floor":["M","?","M","$","?","R","E","R","T","E","R","?","M","M","R","B",null,"M","?","$","M","M","?","R","M","T","M","?","?","M","$","R","B",null,"M","?","M","M","$","E","M","?","T","$","M","E","M","?","R","B",null],"character_chosen":"THE_SILENT","items_purchased":["Dagger Spray","Accuracy","Bag of Marbles"],"campfire_rested":1,"item_purchase_floors":[4,20,39],"current_hp_per_floor":[70,70,70,70,70,70,70,70,80,80,80,60,60,57,57,20,80,80,80,80,80,70,70,70,70,70,70,70,70,70,70,70,56,80,69,69,69,71,71,71,71,71,71,71,73,75,75,64,88,56],"gold":194,"neow_bonus":"THREE_ENEMY_KILL","is_daily":false,"chose_seed":false,"campfire_upgraded":6,"win_rate":0.0,"timestamp":1610793579,"path_taken":["M","?","?","$","?","R","E","R","T","E","R","?","M","M","R","BOSS","M","?","$","M","M","?","R","?","T","M","?","?","M","$","R","BOSS","BOSS","M","?","M","M","$","E","M","?","T","$","M","E","M","?","R","BOSS"],"items_purchased_type":["Card","Card","Relic"],"build_version":"2020-12-22","purchased_purges":5,"victory":true,"max_hp_per_floor":[70,70,70,70,70,70,70,70,80,80,80,80,80,80,80,80,80,80,80,80,80,80,80,80,80,80,80,80,80,80,80,80,80,80,80,80,80,82,82,82,82,82,82,82,84,86,88,88,88,88],"card_choices":[{"not_picked":["Leg Sweep","Dodge and Roll"],"picked":"Blur","floor":1.0},{"not_picked":["Sucker Punch","Poisoned Stab"],"picked":"Blade Dance","floor":3.0},{"not_picked":["Slice","Cloak And Dagger"],"picked":"Poisoned Stab","floor":7.0},{"not_picked":["Burst+1","Dagger Spray"],"picked":"Blade Dance+1","floor":10.0},{"not_picked":["Backstab","Flying Knee","Outmaneuver+1"],"picked":"SKIP","floor":13.0},{"not_picked":["Dash","Finisher"],"picked":"Terror+1","floor":14.0},{"not_picked":["Tools of the Trade","Unload"],"picked":"Adrenaline+1","floor":16.0},{"not_picked":["Skewer+1","Dash","Flying Knee"],"picked":"SKIP","floor":18.0},{"not_picked":["Flechettes","Heel Hook","Flying Knee"],"picked":"SKIP","floor":21.0},{"not_picked":["Backflip+1","Riddle With Holes+1"],"picked":"Acrobatics+1","floor":22.0},{"not_picked":["Poisoned Stab","Deflect+1","Caltrops"],"picked":"SKIP","floor":25.0},{"not_picked":["Sucker Punch","Footwork","Outmaneuver+1"],"picked":"SKIP","floor":27.0},{"not_picked":["Dagger Spray","All Out Attack+1"],"picked":"A Thousand Cuts","floor":30.0},{"not_picked":["Envenom","Doppelganger+1"],"picked":"Wraith Form v2","floor":33.0},{"not_picked":["Poisoned Stab","Outmaneuver+1"],"picked":"Well Laid Plans","floor":35.0},{"not_picked":["Cloak And Dagger+1","Sucker Punch+1"],"picked":"Escape Plan+1","floor":37.0},{"not_picked":["Predator","Accuracy","Poisoned Stab+1"],"picked":"Singing Bowl","floor":38.0},{"not_picked":["Slice","Deflect+1"],"picked":"Acrobatics+1","floor":40.0},{"not_picked":["Terror+1","Sucker Punch"],"picked":"Backflip+1","floor":41.0},{"not_picked":["Skewer","Caltrops","Footwork+1"],"picked":"Singing Bowl","floor":45.0},{"not_picked":["Noxious Fumes","Backflip+1","Slice"],"picked":"Singing Bowl","floor":46.0},{"not_picked":["Storm of Steel+1","Sucker Punch","Outmaneuver+1"],"picked":"Singing Bowl","floor":47.0}],"player_experience":391043,"relics_obtained":[{"floor":7.0,"key":"Akabeko"},{"floor":9.0,"key":"Pear"},{"floor":10.0,"key":"Toxic Egg 2"},{"floor":26.0,"key":"Du-Vu Doll"},{"floor":40.0,"key":"Matryoshka"},{"floor":43.0,"key":"Nunchaku"},{"floor":43.0,"key":"Sundial"},{"floor":46.0,"key":"Pen Nib"}],"event_choices":[{"damage_healed":0.0,"max_hp_gain":0.0,"max_hp_loss":0.0,"gold_gain":0.0,"event_name":"Accursed Blacksmith","player_choice":"Rummage","floor":2.0,"gold_loss":0.0,"damage_taken":0.0,"relics_obtained":["WarpedTongs"],"cards_obtained":["Pain"]},{"damage_healed":0.0,"max_hp_gain":0.0,"max_hp_loss":0.0,"gold_gain":0.0,"event_name":"Liars Game","player_choice":"Ignored","floor":5.0,"gold_loss":0.0,"damage_taken":0.0},{"damage_healed":0.0,"max_hp_gain":0.0,"max_hp_loss":0.0,"gold_gain":0.0,"event_name":"Golden Idol","player_choice":"Take Damage","floor":12.0,"gold_loss":0.0,"damage_taken":20.0,"relics_obtained":["Golden Idol"]},{"cards_removed":["Strike_G"],"damage_healed":0.0,"max_hp_gain":0.0,"max_hp_loss":0.0,"gold_gain":0.0,"event_name":"Back to Basics","player_choice":"Elegance","floor":19.0,"gold_loss":0.0,"damage_taken":0.0},{"damage_healed":0.0,"max_hp_gain":0.0,"max_hp_loss":0.0,"gold_gain":0.0,"event_name":"Match and Keep!","player_choice":"1 cards matched","floor":23.0,"gold_loss":0.0,"damage_taken":0.0,"cards_obtained":["PiercingWail"]},{"damage_healed":0.0,"max_hp_gain":0.0,"max_hp_loss":0.0,"gold_gain":0.0,"event_name":"Addict","player_choice":"Obtained Relic","floor":28.0,"gold_loss":85.0,"damage_taken":0.0,"relics_obtained":["Singing Bowl"]},{"damage_healed":0.0,"max_hp_gain":0.0,"max_hp_loss":0.0,"gold_gain":0.0,"event_name":"Match and Keep!","player_choice":"1 cards matched","floor":29.0,"gold_loss":0.0,"damage_taken":0.0,"cards_obtained":["Tactician"]},{"damage_healed":0.0,"max_hp_gain":0.0,"max_hp_loss":0.0,"gold_gain":333.0,"event_name":"The Moai Head","player_choice":"Gave Idol","floor":36.0,"relics_lost":["Golden Idol"],"gold_loss":0.0,"damage_taken":0.0},{"cards_removed":["Grand Finale"],"damage_healed":0.0,"max_hp_gain":0.0,"max_hp_loss":0.0,"gold_gain":0.0,"event_name":"Falling","player_choice":"Removed Attack","floor":42.0,"gold_loss":0.0,"damage_taken":0.0},{"damage_healed":0.0,"max_hp_gain":0.0,"max_hp_loss":0.0,"gold_gain":0.0,"event_name":"Winding Halls","player_choice":"Embrace Madness","floor":48.0,"gold_loss":0.0,"damage_taken":11.0,"cards_obtained":["Madness","Madness"]}],"is_beta":false,"boss_relics":[{"not_picked":["Ring of the Serpent","Velvet Choker"],"picked":"Astrolabe"},{"not_picked":["Snecko Eye","Runic Dome"],"picked":"Fusion Hammer"}],"items_purged_floors":[4,20,31,39,44],"is_endless":false,"potions_floor_spawned":[1,10,14,16,25,27,30,33,38,41,45],"ascension_level":3}}