{"host":"z7p9vpu3tdvnhwui","time":1610833939,"event":{"mods":["2.2 Compatiblity","Act Like it!","BaseMod","Better Third Choice","Colored Powertips","DeckTracker","Defuse TimeMaze Blight","Friendly Minions","Hermit","Hubris","Infinite Spire","Marisa????????","Minty Spire (QoL Compilation)","Quick Restart","Rare Cards Sparkle","Replay The Spire","Shop Mod","Somnambulant","Spicy Shops","StSLib","The Cursed","The Forsaken","The Necromancer","The Servant 0.9.4","TheSwordswoman"],"gold_per_floor":[112,112,112,122,122,141,141,161,161,161,161,177,208,224,224,224,224],"floor_reached":16,"language":"ENG","playtime":1251,"items_purged":[],"score":102,"play_id":"650aad17-fb7a-4338-b9ac-5e5bde0802f8","local_time":"20210116215219","is_ascension_mode":false,"campfire_choices":[{"data":"somnambulantmod: QuickNap","floor":7.0,"key":"SMITH"},{"data":"somnambulantmod: HorrificThought","floor":11.0,"key":"SMITH"},{"floor":15,"key":"REST"}],"circlet_count":0,"master_deck":["somnambulantmod: SomnambulantStrike","somnambulantmod: SomnambulantStrike","somnambulantmod: SomnambulantStrike","somnambulantmod: SomnambulantStrike","somnambulantmod: Defend_Somnambulant","somnambulantmod: Defend_Somnambulant","somnambulantmod: Defend_Somnambulant","somnambulantmod: Defend_Somnambulant","somnambulantmod: Defend_Somnambulant","somnambulantmod: QuickNap+1","somnambulantmod: PrimingPunch+1","somnambulantmod: Reinterpret+1","somnambulantmod: HeadSmack","somnambulantmod: RacingThoughts","somnambulantmod: BrainFeeder","somnambulantmod: HorrificThought+1","somnambulantmod: LayeredDefense","somnambulantmod: Mindlessness+1","somnambulantmod: TrepanningBlow"],"relics":["somnambulantmod: DreamJournal","Sundial","SsserpentHead","Replay:Mystery Machine"],"acts_visited":["Exordium"],"potions_floor_usage":[13,13,14,14,16,16,16],"damage_taken":[{"damage":8.0,"enemies":"2 Louse","floor":1.0,"turns":3.0},{"damage":5.0,"enemies":"Small Slimes","floor":4.0,"turns":4.0},{"damage":1.0,"enemies":"Cultist","floor":6.0,"turns":4.0},{"damage":6.0,"enemies":"Blue Slaver","floor":8.0,"turns":4.0},{"damage":26.0,"enemies":"Gremlin Gang","floor":12.0,"turns":7.0},{"damage":2,"enemies":"Gremlin Nob","floor":13,"turns":5},{"damage":8,"enemies":"Large Slime","floor":14,"turns":7},{"damage":51,"enemies":"Fading Forest","floor":16,"turns":5}],"seed_played":"5901262523957404747","potions_obtained":[{"floor":1.0,"key":"Milkshake"},{"floor":4.0,"key":"FearPotion"},{"floor":6.0,"key":"DuplicationPotion"},{"floor":14,"key":"EntropicBrew"}],"is_trial":false,"path_per_floor":["M","?","?","M","?","M","R","M","T","?","R","M","E","M","R","B"],"character_chosen":"THE_SOMNAMBULANT","items_purchased":[],"campfire_rested":1,"item_purchase_floors":[],"current_hp_per_floor":[62,62,55,50,50,49,49,43,43,43,43,17,15,7,30,0,0],"gold":224,"neow_bonus":"TRANSFORM_CARD","is_daily":false,"chose_seed":false,"campfire_upgraded":2,"win_rate":0.0,"timestamp":1610833939,"path_taken":["M","?","?","?","?","?","R","M","T","?","R","M","E","M","R","BOSS"],"items_purchased_type":[],"build_version":"2020-12-22","purchased_purges":0,"victory":false,"max_hp_per_floor":[70,70,70,70,70,70,70,70,70,70,70,70,70,70,72,72,72],"card_choices":[{"not_picked":["somnambulantmod: NightmareFuel","somnambulantmod: Unknow"],"picked":"somnambulantmod: HeadSmack","floor":1.0},{"not_picked":["somnambulantmod: UnthoughtKnown","somnambulantmod: InLimbo"],"picked":"somnambulantmod: RacingThoughts","floor":4.0},{"not_picked":["somnambulantmod: ShimmeringVeil","somnambulantmod: HappyThoughts"],"picked":"somnambulantmod: BrainFeeder","floor":6.0},{"not_picked":["somnambulantmod: BadIdea","somnambulantmod: OpeningUp"],"picked":"somnambulantmod: HorrificThought","floor":8.0},{"not_picked":["somnambulantmod: Wake","somnambulantmod: DreamBig"],"picked":"somnambulantmod: LayeredDefense","floor":12.0},{"not_picked":["somnambulantmod: MindWave","somnambulantmod: UnthoughtKnown"],"picked":"somnambulantmod: Mindlessness","floor":13},{"not_picked":["somnambulantmod: OpeningUp","somnambulantmod: RecurringDream"],"picked":"somnambulantmod: TrepanningBlow","floor":14}],"player_experience":626187,"relics_obtained":[{"floor":9.0,"key":"Sundial"},{"floor":13,"key":"Replay:Mystery Machine"}],"event_choices":[{"damage_healed":0.0,"max_hp_gain":0.0,"max_hp_loss":0.0,"gold_gain":0.0,"event_name":"Living Wall","player_choice":"Grow","floor":2.0,"gold_loss":0.0,"damage_taken":0.0,"cards_upgraded":["somnambulantmod: Reinterpret"]},{"damage_healed":0.0,"max_hp_gain":0.0,"max_hp_loss":0.0,"gold_gain":0.0,"event_name":"Wheel of Change","player_choice":"Damaged","floor":3.0,"gold_loss":0.0,"damage_taken":7.0},{"damage_healed":0.0,"max_hp_gain":0.0,"max_hp_loss":0.0,"gold_gain":0.0,"event_name":"Upgrade Shrine","player_choice":"Upgraded","floor":5.0,"gold_loss":0.0,"damage_taken":0.0,"cards_upgraded":["somnambulantmod: PrimingPunch"]},{"damage_healed":0.0,"max_hp_gain":0.0,"max_hp_loss":0.0,"gold_gain":0.0,"event_name":"FaceTrader","player_choice":"Trade","floor":10.0,"gold_loss":0.0,"damage_taken":0.0,"relics_obtained":["SsserpentHead"]}],"is_beta":false,"boss_relics":[],"items_purged_floors":[],"is_endless":false,"potions_floor_spawned":[1,4,6,14],"killed_by":"Fading Forest","ascension_level":0}}