{"host":"v9oq5ccz01n9mezq","time":1610825255,"event":{"mods":["BaseMod","Colored Map","Minty Spire (QoL Compilation)"],"gold_per_floor":[111,111,129,141,215,215,246,246,293,309,340,352,362,395,395,494,494,513,513,53,69,79,79,79,113,113,113,141,141,161,180,180,279,279,289,217,234,234,244,244,278,294,294,294,311,321,0,0,0,0,0],"floor_reached":50,"language":"ENG","playtime":3463,"items_purged":["Strike_G","Strike_G"],"score":616,"play_id":"762feca2-f61e-4e30-a730-2d8f16380cce","local_time":"20210116142735","is_ascension_mode":true,"campfire_choices":[{"data":"Terror","floor":6,"key":"SMITH"},{"data":"Neutralize","floor":8,"key":"SMITH"},{"data":"Leg Sweep","floor":15,"key":"SMITH"},{"data":"Noxious Fumes","floor":23,"key":"SMITH"},{"data":"Noxious Fumes","floor":27,"key":"SMITH"},{"data":"Dodge and Roll","floor":29,"key":"SMITH"},{"data":"Deadly Poison","floor":32,"key":"SMITH"},{"data":"Well Laid Plans","floor":40,"key":"SMITH"},{"floor":44,"key":"REST"},{"floor":49,"key":"REST"}],"circlet_count":0,"master_deck":["Strike_G+1","Defend_G","Defend_G","Defend_G","Defend_G","Defend_G","Survivor","Neutralize+1","Terror+1","Backflip+1","Slice+1","Dodge and Roll+1","Deadly Poison+1","Leg Sweep+1","Die Die Die","Crippling Poison","Choke","Prepared","Envenom+1","Deflect","Noxious Fumes+1","Good Instincts+1","Noxious Fumes+1","Acrobatics","Sucker Punch","Dash+1","Well Laid Plans+1","Corpse Explosion","Dodge and Roll+1","PiercingWail","PiercingWail+1","Neutralize","Backflip+1"],"relics":["Ring of the Snake","Oddly Smooth Stone","Pantograph","Whetstone","MealTicket","Smiling Mask","Sozu","Eternal Feather","Sundial","War Paint","Happy Flower","SlaversCollar","Strawberry","Regal Pillow","Red Mask"],"acts_visited":["Exordium","TheCity","TheBeyond"],"potions_floor_usage":[5,7,11,33,50],"damage_taken":[{"damage":0,"enemies":"Small Slimes","floor":1,"turns":4},{"damage":0,"enemies":"Cultist","floor":3,"turns":3},{"damage":0,"enemies":"Jaw Worm","floor":4,"turns":4},{"damage":0,"enemies":"Gremlin Gang","floor":5,"turns":6},{"damage":21,"enemies":"Gremlin Nob","floor":7,"turns":6},{"damage":2,"enemies":"3 Louse","floor":10,"turns":4},{"damage":14,"enemies":"Lagavulin","floor":11,"turns":8},{"damage":0,"enemies":"Red Slaver","floor":12,"turns":3},{"damage":1,"enemies":"Large Slime","floor":13,"turns":7},{"damage":12,"enemies":"Gremlin Nob","floor":14,"turns":3},{"damage":17,"enemies":"Slime Boss","floor":16,"turns":11},{"damage":4,"enemies":"Shell Parasite","floor":18,"turns":5},{"damage":3,"enemies":"Spheric Guardian","floor":21,"turns":6},{"damage":1,"enemies":"Centurion and Healer","floor":22,"turns":7},{"damage":6,"enemies":"Gremlin Leader","floor":25,"turns":6},{"damage":8,"enemies":"Slavers","floor":28,"turns":5},{"damage":0,"enemies":"Shelled Parasite and Fungi","floor":30,"turns":4},{"damage":11,"enemies":"Cultist and Chosen","floor":31,"turns":8},{"damage":18,"enemies":"Collector","floor":33,"turns":8},{"damage":3,"enemies":"Orb Walker","floor":35,"turns":5},{"damage":0,"enemies":"3 Darklings","floor":37,"turns":5},{"damage":0,"enemies":"4 Shapes","floor":39,"turns":4},{"damage":55,"enemies":"Reptomancer","floor":41,"turns":7},{"damage":18,"enemies":"Sphere and 2 Shapes","floor":42,"turns":7},{"damage":0,"enemies":"Spire Growth","floor":45,"turns":6},{"damage":49,"enemies":"Transient","floor":46,"turns":5},{"damage":73,"enemies":"Time Eater","floor":50,"turns":14}],"seed_played":"-3999933931792917442","potions_obtained":[{"floor":1,"key":"ColorlessPotion"},{"floor":5,"key":"SpeedPotion"},{"floor":7,"key":"Regen Potion"},{"floor":14,"key":"PowerPotion"},{"floor":16,"key":"FearPotion"}],"is_trial":false,"path_per_floor":["M","?","M","M","M","R","E","R","T","M","E","M","M","E","R","B",null,"M","?","$","M","M","R","?","E","T","R","E","R","M","M","R","B",null,"M","$","M","?","M","R","E","M","T","R","M","M","?","?","R","B"],"character_chosen":"THE_SILENT","items_purchased":["Noxious Fumes","Good Instincts","Eternal Feather","PiercingWail"],"campfire_rested":2,"item_purchase_floors":[20,20,20,36],"current_hp_per_floor":[70,70,70,70,70,70,49,49,49,47,48,48,47,35,35,43,70,66,66,70,67,66,70,70,64,64,70,62,70,70,59,70,52,70,67,70,70,70,70,70,22,4,4,60,60,11,11,11,65,0,0],"gold":0,"neow_bonus":"RANDOM_COMMON_RELIC","is_daily":false,"chose_seed":false,"campfire_upgraded":8,"win_rate":0.0,"timestamp":1610825255,"path_taken":["M","?","M","M","M","R","E","R","T","M","E","?","?","E","R","BOSS","M","?","$","?","M","R","?","E","T","R","E","R","M","M","R","BOSS","M","$","M","?","M","R","E","M","T","R","M","?","?","?","R","BOSS"],"items_purchased_type":["Card","Card","Relic","Card"],"build_version":"2020-12-22","purchased_purges":2,"victory":false,"max_hp_per_floor":[70,70,70,70,70,70,70,70,70,70,70,70,70,70,70,70,70,70,70,70,70,70,70,70,70,70,70,70,70,70,70,70,70,70,70,70,70,70,70,70,77,77,77,77,77,77,77,73,73,73,73],"card_choices":[{"not_picked":["Slice","Poisoned Stab"],"picked":"Terror","floor":1},{"not_picked":["Blade Dance","Masterful Stab"],"picked":"Slice","floor":3},{"not_picked":["Quick Slash","Blade Dance"],"picked":"Dodge and Roll","floor":4},{"not_picked":["Flying Knee","Deflect"],"picked":"Deadly Poison","floor":5},{"not_picked":["Finisher","Flechettes"],"picked":"Leg Sweep","floor":7},{"not_picked":["Cloak And Dagger","Bouncing Flask","Endless Agony"],"picked":"SKIP","floor":10},{"not_picked":["Dash","PiercingWail"],"picked":"Die Die Die","floor":11},{"not_picked":["Underhanded Strike","Slice"],"picked":"Crippling Poison","floor":12},{"not_picked":["Dagger Throw","Prepared"],"picked":"Choke","floor":13},{"not_picked":["PiercingWail","Sucker Punch"],"picked":"Prepared","floor":14},{"not_picked":["Unload","Doppelganger"],"picked":"Envenom","floor":16},{"not_picked":["Outmaneuver","Underhanded Strike"],"picked":"Deflect","floor":18},{"not_picked":["Prepared","Bullet Time","Sucker Punch"],"picked":"SKIP","floor":21},{"not_picked":["Distraction","Poisoned Stab"],"picked":"Noxious Fumes","floor":22},{"not_picked":["Bane","Backstab"],"picked":"Dash+1","floor":25},{"not_picked":["Leg Sweep","Reflex+1","Dash"],"picked":"SKIP","floor":28},{"not_picked":["Outmaneuver","Prepared","Sucker Punch+1"],"picked":"SKIP","floor":30},{"not_picked":["PiercingWail","Quick Slash"],"picked":"Well Laid Plans","floor":31},{"not_picked":["Bullet Time","A Thousand Cuts"],"picked":"Corpse Explosion","floor":33},{"not_picked":["Well Laid Plans+1","Sucker Punch+1"],"picked":"Dodge and Roll+1","floor":35},{"not_picked":["Backstab","Crippling Poison+1"],"picked":"PiercingWail+1","floor":37},{"not_picked":["Poisoned Stab+1","Reflex+1","Dagger Throw"],"picked":"SKIP","floor":39},{"not_picked":["Corpse Explosion","Noxious Fumes"],"picked":"Backflip+1","floor":41},{"not_picked":["Deflect+1","Flying Knee","Endless Agony"],"picked":"SKIP","floor":42},{"not_picked":["Underhanded Strike+1","Riddle With Holes","Prepared"],"picked":"SKIP","floor":45},{"not_picked":["Dagger Spray","Endless Agony+1","After Image"],"picked":"SKIP","floor":46}],"player_experience":89661,"relics_obtained":[{"floor":7,"key":"Pantograph"},{"floor":9,"key":"Whetstone"},{"floor":11,"key":"MealTicket"},{"floor":14,"key":"Smiling Mask"},{"floor":25,"key":"Sundial"},{"floor":26,"key":"War Paint"},{"floor":28,"key":"Happy Flower"},{"floor":41,"key":"Strawberry"},{"floor":43,"key":"Regal Pillow"}],"event_choices":[{"damage_healed":0,"gold_gain":0,"player_choice":"1 cards matched","damage_taken":0,"max_hp_gain":0,"max_hp_loss":0,"event_name":"Match and Keep!","floor":2,"gold_loss":0,"cards_obtained":["Backflip"]},{"damage_healed":0,"gold_gain":0,"player_choice":"Forge","damage_taken":0,"max_hp_gain":0,"max_hp_loss":0,"event_name":"Accursed Blacksmith","floor":19,"gold_loss":0,"cards_upgraded":["Envenom"]},{"damage_healed":0,"gold_gain":0,"cards_transformed":["Strike_G","Strike_G"],"player_choice":"Became Test Subject","damage_taken":0,"max_hp_gain":0,"max_hp_loss":0,"event_name":"Drug Dealer","floor":24,"gold_loss":0,"cards_obtained":["Acrobatics","Sucker Punch"]},{"damage_healed":0,"gold_gain":0,"player_choice":"1 cards matched","damage_taken":0,"max_hp_gain":0,"max_hp_loss":0,"event_name":"Match and Keep!","floor":38,"gold_loss":0,"cards_obtained":["Neutralize"]},{"damage_healed":0,"gold_gain":0,"player_choice":"Paid","damage_taken":0,"relics_obtained":["Red Mask"],"max_hp_gain":0,"max_hp_loss":0,"event_name":"Tomb of Lord Red Mask","floor":47,"gold_loss":321},{"damage_healed":0,"gold_gain":0,"player_choice":"Max HP","damage_taken":0,"max_hp_gain":0,"max_hp_loss":4,"event_name":"Winding Halls","floor":48,"gold_loss":0}],"is_beta":false,"boss_relics":[{"not_picked":["Runic Dome","Tiny House"],"picked":"Sozu"},{"not_picked":["Philosopher\u0027s Stone","Velvet Choker"],"picked":"SlaversCollar"}],"items_purged_floors":[20,36],"is_endless":false,"potions_floor_spawned":[1,5,7,14,16,18,28,31,33,35,39,42],"killed_by":"Time Eater","ascension_level":3}}