{"host":"5p9hybygolzp0efr","time":1610780862,"event":{"mods":["AchievementEnabler","BaseMod","Bestiary","Colored Map","Googly Eyes","Minty Spire (QoL Compilation)","Relic Stats"],"gold_per_floor":[118,118,129,141,121,121,153,153,153,153,49,69,94,105,105,200,200,213,138,138,153,153,184,210,226,305,305,305,305,70,86,86,183,183,203,223,236,12,12,47,47,47,47,47,58,68,68,168,168,168,168,168,15,45,45,45],"floor_reached":55,"language":"ENG","playtime":3234,"items_purged":[],"score":773,"play_id":"2def9da2-9a9c-4a4b-b9a3-72a359d8c312","local_time":"20210116150742","is_ascension_mode":false,"campfire_choices":[{"data":"CarveReality","floor":6.0,"key":"SMITH"},{"floor":8.0,"key":"RECALL"},{"data":"Conclude","floor":10.0,"key":"SMITH"},{"data":"Worship","floor":15.0,"key":"SMITH"},{"data":"Meditate","floor":27.0,"key":"SMITH"},{"data":"Vigilance","floor":29.0,"key":"SMITH"},{"data":"WaveOfTheHand","floor":32.0,"key":"SMITH"},{"data":"Vault","floor":41.0,"key":"SMITH"},{"data":"MasterReality","floor":47,"key":"SMITH"},{"data":"Prostrate","floor":49,"key":"SMITH"},{"data":"ThirdEye","floor":52,"key":"SMITH"}],"circlet_count":0,"master_deck":["Strike_P","Strike_P","Defend_P","Defend_P","Defend_P","Eruption+1","Vigilance+1","CarveReality+1","CutThroughFate","Tantrum","Conclude+1","FlurryOfBlows+1","WheelKick+1","Prostrate+1","Meditate+1","Worship+1","MasterReality+1","Sanctity+1","Crescendo","ThirdEye+1","WaveOfTheHand+1","JustLucky+1","Ragnarok+1","FollowUp+1","Blasphemy","Protect+1","EmptyMind","Bandage Up","Vault+1","ClearTheMind+1","Omniscience"],"relics":["Coffee Dripper","Mercury Hourglass","Molten Egg 2","Dead Branch","Empty Cage","PreservedInsect","Pantograph","Nloth\u0027s Gift","Vajra","SlaversCollar","Happy Flower","StrikeDummy","InkBottle","Oddly Smooth Stone","White Beast Statue"],"acts_visited":["Exordium","TheCity","TheBeyond","TheEnding"],"potions_floor_usage":[50],"damage_taken":[{"damage":0.0,"enemies":"Jaw Worm","floor":1.0,"turns":4.0},{"damage":0.0,"enemies":"Small Slimes","floor":3.0,"turns":2.0},{"damage":0.0,"enemies":"Cultist","floor":4.0,"turns":1.0},{"damage":0.0,"enemies":"Gremlin Nob","floor":7.0,"turns":2.0},{"damage":0.0,"enemies":"Large Slime","floor":12.0,"turns":2.0},{"damage":0.0,"enemies":"3 Sentries","floor":13.0,"turns":2.0},{"damage":0.0,"enemies":"2 Fungi Beasts","floor":14.0,"turns":2.0},{"damage":0.0,"enemies":"Slime Boss","floor":16.0,"turns":2.0},{"damage":0.0,"enemies":"Spheric Guardian","floor":18.0,"turns":2.0},{"damage":0.0,"enemies":"Shell Parasite","floor":21.0,"turns":2.0},{"damage":28.0,"enemies":"Slavers","floor":23.0,"turns":5.0},{"damage":5.0,"enemies":"Cultist and Chosen","floor":25.0,"turns":3.0},{"damage":0.0,"enemies":"Snecko","floor":31.0,"turns":2.0},{"damage":29.0,"enemies":"Champ","floor":33.0,"turns":9.0},{"damage":5.0,"enemies":"3 Shapes","floor":35.0,"turns":2.0},{"damage":21.0,"enemies":"3 Darklings","floor":36.0,"turns":4.0},{"damage":6.0,"enemies":"Sphere and 2 Shapes","floor":37.0,"turns":5.0},{"damage":12.0,"enemies":"Nemesis","floor":40.0,"turns":5.0},{"damage":2.0,"enemies":"4 Shapes","floor":45.0,"turns":3.0},{"damage":4,"enemies":"Writhing Mass","floor":46,"turns":4},{"damage":30,"enemies":"Donu and Deca","floor":50,"turns":7},{"damage":44,"enemies":"Shield and Spear","floor":54,"turns":3},{"damage":87,"enemies":"The Heart","floor":55,"turns":3}],"seed_played":"1485011274697857168","potions_obtained":[{"floor":1.0,"key":"DuplicationPotion"},{"floor":4.0,"key":"LiquidBronze"},{"floor":5.0,"key":"BottledMiracle"},{"floor":23.0,"key":"ColorlessPotion"},{"floor":35.0,"key":"SpeedPotion"}],"is_trial":false,"path_per_floor":["M","?","M","M","?","R","E","R","T","R","$","M","E","M","R","B",null,"M","?","?","M","?","E","T","M","T","R","?","R","$","M","R","B",null,"M","M","M","$","?","E","R","T","T","$","M","M","R","?","R","B",null,"R","$","E","B"],"character_chosen":"WATCHER","items_purchased":["FlurryOfBlows+1","WheelKick+1","Vajra","WaveOfTheHand","EmptyMind","Happy Flower","Oddly Smooth Stone"],"campfire_rested":0,"item_purchase_floors":[11,11,30,30,38,38,53],"current_hp_per_floor":[72,72,72,72,72,72,72,72,72,72,72,72,72,72,72,72,72,72,72,72,72,72,44,44,39,39,39,39,39,39,39,39,35,72,67,46,40,40,40,32,32,32,32,32,34,30,30,30,30,29,72,72,72,32,0,0],"gold":45,"neow_bonus":"BOSS_RELIC","is_daily":false,"chose_seed":false,"campfire_upgraded":10,"win_rate":0.0,"timestamp":1610780862,"path_taken":["M","?","M","M","?","R","E","R","T","R","$","M","E","?","R","BOSS","M","?","?","M","?","E","?","M","T","R","?","R","$","M","R","BOSS","M","M","?","$","?","E","R","?","T","$","M","M","R","?","R","BOSS","R","$","E","BOSS"],"items_purchased_type":["Card","Card","Relic","Card","Card","Relic","Relic"],"build_version":"2020-12-22","purchased_purges":0,"victory":false,"max_hp_per_floor":[72,72,72,72,72,72,72,72,72,72,72,72,72,72,72,72,72,72,72,72,72,72,72,72,72,72,72,72,72,72,72,72,72,72,72,72,72,72,72,72,72,72,72,72,72,72,72,72,72,72,72,72,72,72,72,72],"relic_stats":{"Happy Flower":[8],"counters":[23,76],"Dead Branch":[33],"Pantograph":75,"PreservedInsect":115,"Nloth\u0027s Gift":3,"obtain_stats":[{"Happy Flower":38,"Dead Branch":13,"Damaru":23,"Vajra":30,"Oddly Smooth Stone":53,"PreservedInsect":24,"Empty Cage":17,"White Beast Statue":54,"Mercury Hourglass":7,"SlaversCollar":34,"Pantograph":26,"Molten Egg 2":9,"Coffee Dripper":0,"Nloth\u0027s Gift":28,"PureWater":0,"StrikeDummy":40,"InkBottle":43},{"Happy Flower":17,"Dead Branch":6,"Damaru":11,"Vajra":12,"Oddly Smooth Stone":21,"PreservedInsect":11,"Empty Cage":8,"White Beast Statue":22,"Mercury Hourglass":4,"SlaversCollar":14,"Pantograph":12,"Molten Egg 2":4,"Coffee Dripper":0,"Nloth\u0027s Gift":12,"PureWater":0,"StrikeDummy":18,"InkBottle":18},{"Happy Flower":51,"Dead Branch":13,"Damaru":26,"Vajra":29,"Oddly Smooth Stone":70,"PreservedInsect":26,"Empty Cage":17,"White Beast Statue":73,"Mercury Hourglass":9,"SlaversCollar":40,"Pantograph":29,"Molten Egg 2":9,"Coffee Dripper":0,"Nloth\u0027s Gift":29,"PureWater":0,"StrikeDummy":56,"InkBottle":56}],"InkBottle":[9],"Mercury Hourglass":[263]},"card_choices":[{"not_picked":["SignatureMove","CrushJoints"],"picked":"CarveReality","floor":1.0},{"not_picked":["Protect","EmptyBody"],"picked":"CutThroughFate","floor":3.0},{"not_picked":["CutThroughFate","Evaluate"],"picked":"Tantrum","floor":4.0},{"not_picked":["Adaptation","DeusExMachina"],"picked":"Conclude","floor":7.0},{"not_picked":["Weave+1","Evaluate"],"picked":"Prostrate","floor":12.0},{"not_picked":["FlyingSleeves+1","Halt"],"picked":"Meditate","floor":13.0},{"not_picked":["EmptyBody","Protect"],"picked":"Worship","floor":14.0},{"not_picked":["Scrawl","DeusExMachina"],"picked":"MasterReality","floor":16.0},{"not_picked":["Tantrum+1","SignatureMove+1"],"picked":"Sanctity+1","floor":18.0},{"not_picked":["SashWhip+1","FollowUp+1"],"picked":"Crescendo","floor":21.0},{"not_picked":["FollowUp+1","ConjureBlade"],"picked":"ThirdEye","floor":23.0},{"not_picked":["PathToVictory","FollowUp+1","Study"],"picked":"SKIP","floor":25.0},{"not_picked":["CutThroughFate+1","Indignation+1"],"picked":"JustLucky+1","floor":31.0},{"not_picked":["Establishment","Wish"],"picked":"Ragnarok+1","floor":33.0},{"not_picked":["DeceiveReality+1","Crescendo"],"picked":"FollowUp+1","floor":35.0},{"not_picked":["Halt","InnerPeace"],"picked":"Blasphemy","floor":36.0},{"not_picked":["Pray","PathToVictory+1"],"picked":"Protect+1","floor":37.0},{"not_picked":["Purity","Metamorphosis"],"picked":"Bandage Up","floor":39.0},{"not_picked":["EmptyMind","FlyingSleeves+1"],"picked":"Vault","floor":40.0},{"not_picked":["CrushJoints+1","Evaluate+1","Collect+1"],"picked":"SKIP","floor":45.0},{"not_picked":["Meditate","ThirdEye"],"picked":"ClearTheMind+1","floor":46},{"not_picked":["Tantrum+1","Establishment"],"picked":"Omniscience","floor":54}],"player_experience":459997,"relics_obtained":[{"floor":7.0,"key":"Mercury Hourglass"},{"floor":9.0,"key":"Molten Egg 2"},{"floor":13.0,"key":"Dead Branch"},{"floor":23.0,"key":"Damaru"},{"floor":24.0,"key":"PreservedInsect"},{"floor":26.0,"key":"Pantograph"},{"floor":40.0,"key":"StrikeDummy"},{"floor":43.0,"key":"InkBottle"},{"floor":54,"key":"White Beast Statue"}],"event_choices":[{"damage_healed":0.0,"max_hp_gain":0.0,"max_hp_loss":0.0,"gold_gain":0.0,"event_name":"Living Wall","player_choice":"Grow","floor":2.0,"gold_loss":0.0,"damage_taken":0.0,"cards_upgraded":["Eruption"]},{"damage_healed":0.0,"max_hp_gain":0.0,"max_hp_loss":0.0,"gold_gain":0.0,"event_name":"The Woman in Blue","player_choice":"Bought 1 Potion","floor":5.0,"gold_loss":0.0,"damage_taken":0.0},{"cards_removed":["Strike_P"],"damage_healed":0.0,"max_hp_gain":0.0,"max_hp_loss":0.0,"gold_gain":0.0,"event_name":"Beggar","player_choice":"Gave Gold","floor":19.0,"gold_loss":75.0,"damage_taken":0.0},{"damage_healed":0.0,"max_hp_gain":0.0,"max_hp_loss":0.0,"gold_gain":0.0,"event_name":"Vampires","player_choice":"Ignored","floor":20.0,"gold_loss":0.0,"damage_taken":0.0},{"damage_healed":0.0,"max_hp_gain":0.0,"max_hp_loss":0.0,"gold_gain":0.0,"event_name":"Ghosts","player_choice":"Ignored","floor":22.0,"gold_loss":0.0,"damage_taken":0.0},{"damage_healed":0.0,"max_hp_gain":0.0,"max_hp_loss":0.0,"gold_gain":0.0,"event_name":"N\u0027loth","player_choice":"Traded Relic","floor":28.0,"relics_lost":["Damaru"],"gold_loss":0.0,"damage_taken":0.0,"relics_obtained":["Nloth\u0027s Gift"]},{"damage_healed":0.0,"max_hp_gain":0.0,"max_hp_loss":0.0,"gold_gain":0.0,"event_name":"SensoryStone","player_choice":"Memory 1","floor":39.0,"gold_loss":0.0,"damage_taken":0.0},{"damage_healed":0,"gold_gain":100,"player_choice":"Pray","damage_taken":0,"max_hp_gain":0,"max_hp_loss":0,"event_name":"Golden Shrine","floor":48,"gold_loss":0}],"is_beta":false,"boss_relics":[{"not_picked":["Black Star","Tiny House"],"picked":"Empty Cage"},{"not_picked":["VioletLotus","Busted Crown"],"picked":"SlaversCollar"}],"items_purged_floors":[],"is_endless":false,"potions_floor_spawned":[1,4,13,16,23,25,35,37,46],"killed_by":"The Heart","ascension_level":0}}