{"host":"95i1gxnztdrdyvhi","time":1610824326,"event":{"mods":["100% Spire Juice","AchievementEnabler","Act Like it!","BaseMod","Minty Spire (QoL Compilation)","Quick Restart","StSLib"],"gold_per_floor":[109,109,34,51,51,82,82,94,94,108,108,121,21,31,31,136,136,146,146,163,163,181,214,226,253,338,350,380,392,130,147,147,245,245,255,105,122,122,138,165,178,212,212,212,232,232,266,280,280,280,280,280,134,169,169,169],"floor_reached":55,"language":"ENG","playtime":3900,"items_purged":["Moonworks:Strike","Moonworks:Strike","Moonworks:Strike","Moonworks:Strike"],"score":926,"play_id":"54aed721-05cf-4df2-90f1-1bce0b6fddba","local_time":"20210116191206","is_ascension_mode":false,"campfire_choices":[{"data":"Moonworks:Ambush","floor":7.0,"key":"SMITH"},{"data":"Moonworks:EvilSpyWorkPreparation","floor":11.0,"key":"SMITH"},{"data":"Moonworks:TreasureThief","floor":15.0,"key":"SMITH"},{"data":"Moonworks:Accelerator","floor":27.0,"key":"SMITH"},{"floor":29.0,"key":"REST"},{"floor":32.0,"key":"RECALL"},{"data":"Moonworks:NicePresent","floor":44.0,"key":"SMITH"},{"data":"Moonworks:Defend","floor":46.0,"key":"SMITH"},{"data":"Moonworks:LongDistanceShot","floor":49.0,"key":"SMITH"},{"data":"Moonworks:Defend","floor":52.0,"key":"SMITH"}],"circlet_count":0,"master_deck":["Moonworks:Defend+1","Moonworks:Defend","Moonworks:Defend","Moonworks:Defend+1","Moonworks:Ambush+1","Moonworks:LongDistanceShot+1","Moonworks:EvilSpyWorkPreparation+1","Moonworks:ScrambledEve","Moonworks:TreasureThief+1","Moonworks:AccelHyper+1","Moonworks:NicePresent+1","Moonworks:Accelerator+1","Moonworks:NicePresent+1"],"relics":["Moonworks:BrokenBomb","Moonworks:Homemark","NeowsBlessing","Torii","Omamori","Ornamental Fan","Runic Pyramid","Lizard Tail","MawBank","Shuriken","Medical Kit","Busted Crown","Bronze Scales","Singing Bowl","White Beast Statue","Bag of Marbles","Orichalcum"],"acts_visited":["Exordium","TheCity","TheBeyond","TheEnding"],"potions_floor_usage":[55,55],"damage_taken":[{"damage":0.0,"enemies":"Jaw Worm","floor":1.0,"turns":1.0},{"damage":0.0,"enemies":"Cultist","floor":4.0,"turns":1.0},{"damage":0.0,"enemies":"3 Sentries","floor":6.0,"turns":2.0},{"damage":7.0,"enemies":"Small Slimes","floor":8.0,"turns":4.0},{"damage":0.0,"enemies":"Blue Slaver","floor":10.0,"turns":5.0},{"damage":1.0,"enemies":"Looter","floor":12.0,"turns":3.0},{"damage":0.0,"enemies":"Large Slime","floor":14.0,"turns":5.0},{"damage":23.0,"enemies":"The Guardian","floor":16.0,"turns":11.0},{"damage":15.0,"enemies":"Spheric Guardian","floor":18.0,"turns":5.0},{"damage":14.0,"enemies":"Shell Parasite","floor":20.0,"turns":4.0},{"damage":0.0,"enemies":"Chosen and Byrds","floor":22.0,"turns":4.0},{"damage":12.0,"enemies":"Gremlin Leader","floor":23.0,"turns":5.0},{"damage":1.0,"enemies":"3 Cultists","floor":24.0,"turns":3.0},{"damage":1.0,"enemies":"Book of Stabbing","floor":25.0,"turns":4.0},{"damage":9.0,"enemies":"Centurion and Healer","floor":28.0,"turns":4.0},{"damage":7.0,"enemies":"Shelled Parasite and Fungi","floor":31.0,"turns":2.0},{"damage":0.0,"enemies":"Automaton","floor":33.0,"turns":2.0},{"damage":1.0,"enemies":"3 Shapes","floor":35.0,"turns":4.0},{"damage":0.0,"enemies":"3 Darklings","floor":37.0,"turns":2.0},{"damage":0.0,"enemies":"Jaw Worm Horde","floor":39.0,"turns":1.0},{"damage":7.0,"enemies":"Nemesis","floor":40.0,"turns":3.0},{"damage":8.0,"enemies":"Sphere and 2 Shapes","floor":41.0,"turns":8.0},{"damage":10.0,"enemies":"Reptomancer","floor":42.0,"turns":2.0},{"damage":1.0,"enemies":"3 Darklings","floor":45.0,"turns":2.0},{"damage":0.0,"enemies":"Giant Head","floor":47.0,"turns":3.0},{"damage":0.0,"enemies":"Writhing Mass","floor":48.0,"turns":5.0},{"damage":0.0,"enemies":"Awakened One","floor":50.0,"turns":4.0},{"damage":2.0,"enemies":"Shield and Spear","floor":54.0,"turns":2.0},{"damage":24,"enemies":"The Heart","floor":55,"turns":3}],"seed_played":"-6185617341894682269","potions_obtained":[{"floor":4.0,"key":"AttackPotion"},{"floor":6.0,"key":"Strength Potion"},{"floor":12.0,"key":"ColorlessPotion"},{"floor":22.0,"key":"DuplicationPotion"},{"floor":23.0,"key":"Weak Potion"},{"floor":24.0,"key":"LiquidMemories"},{"floor":28.0,"key":"Explosive Potion"},{"floor":39.0,"key":"SteroidPotion"},{"floor":42.0,"key":"Weak Potion"},{"floor":45.0,"key":"LiquidBronze"},{"floor":47.0,"key":"GamblersBrew"}],"is_trial":false,"path_per_floor":["M","?","$","M","?","E","R","M","T","M","R","M","$","M","R","B",null,"M","?","M","?","M","E","M","E","T","R","M","R","$","M","R","B",null,"M","$","M","?","M","E","M","E","T","R","M","R","E","M","R","B",null,"R","$","E","B"],"character_chosen":"THE_STARBREAKER","items_purchased":["Medical Kit","Bag of Marbles"],"campfire_rested":1,"item_purchase_floors":[30,53],"current_hp_per_floor":[60,60,60,60,42,42,42,35,35,35,35,34,34,34,34,11,60,45,45,31,31,31,19,18,17,17,17,8,26,26,19,19,19,60,59,59,59,57,57,50,42,32,32,32,33,33,35,37,37,37,63,63,63,63,39,39],"gold":169,"neow_bonus":"THREE_ENEMY_KILL","is_daily":false,"chose_seed":false,"campfire_upgraded":8,"win_rate":0.0,"timestamp":1610824326,"path_taken":["M","?","?","M","?","E","R","M","T","?","R","M","$","M","R","BOSS","M","?","M","?","M","E","M","E","T","R","?","R","$","M","R","BOSS","M","?","M","?","M","E","M","E","T","R","M","R","E","M","R","BOSS","R","$","E","BOSS"],"items_purchased_type":["Relic","Relic"],"build_version":"2020-12-22","purchased_purges":4,"victory":false,"max_hp_per_floor":[60,60,60,60,60,60,60,60,60,60,60,60,60,60,60,60,60,60,60,60,60,60,60,60,60,60,60,60,60,60,60,60,60,60,60,60,60,57,57,57,57,57,57,57,59,59,61,63,63,63,63,63,63,65,65,65],"card_choices":[{"not_picked":["Moonworks:NicePresent","Moonworks:BigMagnum"],"picked":"Moonworks:EvilSpyWorkPreparation","floor":1.0},{"not_picked":["Moonworks:BindingChains","Moonworks:Assault","Moonworks:CastOff"],"picked":"SKIP","floor":4.0},{"not_picked":["Moonworks:CompletionReward","Moonworks:CloudOfSeagulls"],"picked":"Moonworks:ScrambledEve","floor":6.0},{"not_picked":["Moonworks:TacticalRetreat","Moonworks:LulusLuckyEgg"],"picked":"Moonworks:TreasureThief","floor":8.0},{"not_picked":["Moonworks:Poppoformation","Moonworks:BigMagnum","Moonworks:Assault"],"picked":"SKIP","floor":10.0},{"not_picked":["Moonworks:CastOff","Moonworks:EvilSpyWorkPreparation","Moonworks:EvilMastermind"],"picked":"SKIP","floor":12.0},{"not_picked":["Moonworks:TacticalRetreat","Moonworks:BigMagnum","Moonworks:EvilSpyWorkPreparation"],"picked":"SKIP","floor":14.0},{"not_picked":["Moonworks:Blazing","Moonworks:EvilMastermind"],"picked":"Moonworks:AccelHyper","floor":16.0},{"not_picked":["Moonworks:SakisCookie","Moonworks:JonathanRush","Moonworks:Assault"],"picked":"SKIP","floor":18.0},{"not_picked":["Moonworks:FullSpeedAlicianrone","Moonworks:ImOnFire"],"picked":"Moonworks:NicePresent","floor":20.0},{"not_picked":["Moonworks:DeployBits","Moonworks:ImOnFire","Moonworks:JonathanRush"],"picked":"SKIP","floor":22.0},{"not_picked":["Moonworks:JonathanRush","Moonworks:TacticalRetreat"],"picked":"Moonworks:Accelerator","floor":23.0},{"not_picked":["Moonworks:LulusLuckyEgg","Moonworks:SealedMemories","Moonworks:CloudOfSeagulls+1"],"picked":"SKIP","floor":24.0},{"not_picked":["Moonworks:BindingChains+1","Moonworks:UnpaidWork","Moonworks:StiffCrystal"],"picked":"SKIP","floor":25.0},{"not_picked":["Moonworks:DeployBits","Moonworks:BackdoorTrade","Moonworks:SealedMemories"],"picked":"SKIP","floor":28.0},{"not_picked":["Moonworks:FullSpeedAlicianrone","Moonworks:LulusLuckyEgg","Moonworks:AngelHand+1"],"picked":"SKIP","floor":31.0},{"not_picked":["Moonworks:DeployBits"],"picked":"SKIP","floor":35.0},{"not_picked":["Moonworks:CloudOfSeagulls"],"picked":"SKIP","floor":37.0},{"not_picked":["Moonworks:CloudOfSeagulls+1"],"picked":"SKIP","floor":39.0},{"not_picked":["Moonworks:SweetBattle+1"],"picked":"SKIP","floor":40.0},{"not_picked":["Moonworks:StiffCrystal+1"],"picked":"SKIP","floor":41.0},{"not_picked":[],"picked":"Moonworks:NicePresent+1","floor":42.0},{"not_picked":["Moonworks:BindingChains+1"],"picked":"Singing Bowl","floor":45.0},{"not_picked":["Moonworks:Assault"],"picked":"Singing Bowl","floor":47.0},{"not_picked":["Moonworks:LulusLuckyEgg"],"picked":"Singing Bowl","floor":48.0},{"not_picked":["Moonworks:SakisCookie+1"],"picked":"Singing Bowl","floor":54.0}],"player_experience":656808,"relics_obtained":[{"floor":6.0,"key":"Omamori"},{"floor":9.0,"key":"Ornamental Fan"},{"floor":23.0,"key":"Lizard Tail"},{"floor":25.0,"key":"MawBank"},{"floor":26.0,"key":"Shuriken"},{"floor":40.0,"key":"Bronze Scales"},{"floor":42.0,"key":"Singing Bowl"},{"floor":47.0,"key":"White Beast Statue"},{"floor":54.0,"key":"Orichalcum"}],"event_choices":[{"damage_healed":0.0,"max_hp_gain":0.0,"max_hp_loss":0.0,"gold_gain":0.0,"event_name":"The Woman in Blue","player_choice":"Bought 0 Potions","floor":2.0,"gold_loss":0.0,"damage_taken":0.0},{"damage_healed":0.0,"max_hp_gain":0.0,"max_hp_loss":0.0,"gold_gain":0.0,"event_name":"Scrap Ooze","player_choice":"Success","floor":5.0,"gold_loss":0.0,"damage_taken":18.0,"relics_obtained":["Torii"]},{"damage_healed":0.0,"max_hp_gain":0.0,"max_hp_loss":0.0,"gold_gain":0.0,"event_name":"Vampires","player_choice":"Ignored","floor":19.0,"gold_loss":0.0,"damage_taken":0.0},{"damage_healed":0.0,"max_hp_gain":0.0,"max_hp_loss":0.0,"gold_gain":0.0,"event_name":"Upgrade Shrine","player_choice":"Upgraded","floor":21.0,"gold_loss":0.0,"damage_taken":0.0,"cards_upgraded":["Moonworks:AccelHyper"]},{"damage_healed":0.0,"max_hp_gain":0.0,"max_hp_loss":3.0,"gold_gain":0.0,"event_name":"Winding Halls","player_choice":"Max HP","floor":38.0,"gold_loss":0.0,"damage_taken":0.0}],"is_beta":false,"boss_relics":[{"not_picked":["Velvet Choker","Philosopher\u0027s Stone"],"picked":"Runic Pyramid"},{"not_picked":["Runic Dome","Moonworks:SBBomb"],"picked":"Busted Crown"}],"items_purged_floors":[3,13,30,36],"is_endless":false,"potions_floor_spawned":[4,6,12,22,23,24,28,39,42,45,47,48,54],"killed_by":"The Heart","ascension_level":0}}