{"host":"heot42mtselsoupx","time":1610780707,"event":{"mods":["ATMod(°¢èªMod)","BaseMod","Minty Spire (QoL Compilation)","Quick Restart","StSLib","¡¾ÒÅÎï¿¨ÅÆ¡¿REMEMod"],"gold_per_floor":[113,113,128,403,427,462,462,462,462,128,128,162,162,200,200,331,331,356,356,356,371,371,371,406,426,426,426,376,389,410,118,118,239,239,263,288,431,527,583,617,617,617,617,722,747,423,423,516,516,596,596,596,213,256,336],"floor_reached":56,"language":"ZHS","playtime":3053,"items_purged":["Regret","Parasite","Defend_R","Strike_R"],"score":1413,"play_id":"a03132ef-ee53-41ad-a467-170189f4090e","local_time":"20210116150507","is_ascension_mode":false,"campfire_choices":[{"data":"REME_WheelOfFate","floor":8,"key":"SMITH"},{"data":"Spot Weakness","floor":11,"key":"SMITH"},{"data":"Offering","floor":15,"key":"SMITH"},{"floor":23,"key":"REST"},{"data":"Seeing Red","floor":32,"key":"SMITH"},{"floor":42,"key":"RECALL"},{"data":"REME_FirmDetermination","floor":49,"key":"SMITH"},{"data":"REME_ACTH","floor":52,"key":"SMITH"}],"circlet_count":0,"master_deck":["Strike_R","Strike_R+1","Strike_R+1","Defend_R+1","Defend_R+1","Defend_R","Bash","REME_WheelOfFate+1","AT_ChampionKick+1","Offering+1","Shockwave","Inflame","Spot Weakness+1","AT_EmpoweredMortalDraw+1","Bloodletting","Seeing Red+1","Whirlwind+1","AT_IchimonjiDouble+1","REME_FirmDetermination+1","REME_ACTH+1","Spot Weakness+1","Double Tap","Inflame"],"relics":["Burning Blood","REME_ComplimentaryCards","AT_ATBox","Golden Idol","Gambling Chip","Champion Belt","Membership Card","Question Card","Red Skull","AT_RedNoBalance","AT_MortalBlade","Nilry\u0027s Codex","Darkstone Periapt","Whetstone","Potion Belt","AT_LudenTempest","REME_LowDesire","AT_BellDemon","Juzu Bracelet","Art of War","Sundial","Peace Pipe","Gremlin Horn","Pen Nib","AT_Manta","REME_LimitBreaker","Eternal Feather","Centennial Puzzle","AT_ImmortalShieldbow","AT_ChloranthyRing","Paper Frog","War Paint","Cauldron","Torii","AT_SilvercatRing","Happy Flower","Akabeko"],"acts_visited":["Exordium","TheCity","TheBeyond","TheEnding"],"potions_floor_usage":[6,50,50,50,50,55,55],"damage_taken":[{"damage":24,"enemies":"Cultist","floor":1,"turns":5},{"damage":9,"enemies":"Jaw Worm","floor":3,"turns":4},{"damage":28,"enemies":"Small Slimes","floor":5,"turns":4},{"damage":0,"enemies":"3 Sentries","floor":6,"turns":1},{"damage":10,"enemies":"Gremlin Nob","floor":12,"turns":3},{"damage":11,"enemies":"Lagavulin","floor":14,"turns":5},{"damage":10,"enemies":"Slime Boss","floor":16,"turns":1},{"damage":0,"enemies":"Spheric Guardian","floor":18,"turns":1},{"damage":3,"enemies":"Chosen","floor":21,"turns":1},{"damage":9,"enemies":"REME_1_Revenger","floor":24,"turns":2},{"damage":0,"enemies":"Sentry and Sphere","floor":25,"turns":1},{"damage":9,"enemies":"Centurion and Healer","floor":29,"turns":1},{"damage":9,"enemies":"Snake Plant","floor":30,"turns":1},{"damage":20,"enemies":"Collector","floor":33,"turns":3},{"damage":6,"enemies":"Orb Walker","floor":35,"turns":1},{"damage":3,"enemies":"3 Darklings","floor":36,"turns":1},{"damage":6,"enemies":"Mind Bloom Boss Battle","floor":37,"turns":1},{"damage":6,"enemies":"Spire Growth","floor":38,"turns":2},{"damage":3,"enemies":"2 Orb Walkers","floor":39,"turns":1},{"damage":34,"enemies":"Giant Head","floor":40,"turns":3},{"damage":18,"enemies":"Transient","floor":44,"turns":3},{"damage":0,"enemies":"Jaw Worm Horde","floor":45,"turns":1},{"damage":0,"enemies":"3 Darklings","floor":48,"turns":1},{"damage":64,"enemies":"Awakened One","floor":50,"turns":5},{"damage":12,"enemies":"Shield and Spear","floor":54,"turns":1},{"damage":50,"enemies":"The Heart","floor":55,"turns":4}],"seed_played":"-1059393076353731907","potions_obtained":[{"floor":1,"key":"ColorlessPotion"},{"floor":3,"key":"Ancient Potion"},{"floor":6,"key":"DistilledChaos"},{"floor":18,"key":"CultistPotion"},{"floor":30,"key":"DuplicationPotion"},{"floor":33,"key":"Weak Potion"},{"floor":38,"key":"AttackPotion"},{"floor":46,"key":"GamblersBrew"},{"floor":54,"key":"SteroidPotion"}],"is_trial":false,"path_per_floor":["M","?","M","?","M","E","?","R","T","$","R","E","?","E","R","B",null,"M","?","?","M","?","R","E","M","T","?","$","M","M","$","R","B",null,"M","M","?","M","?","E","?","R","T","M","M","$","?","M","R","B",null,"R","$","E","B",null],"character_chosen":"IRONCLAD","items_purchased":["Membership Card","Spot Weakness","Question Card","Potion Belt","AT_LudenTempest","Paper Frog","Spot Weakness","War Paint","Cauldron","AT_SilvercatRing","Inflame","Happy Flower","Energy Potion","ColorlessPotion","SteroidPotion"],"campfire_rested":1,"item_purchase_floors":[10,10,10,31,31,46,46,46,46,53,53,53,53,53,53],"current_hp_per_floor":[38,38,29,29,27,33,51,51,51,51,51,47,32,47,47,33,74,43,67,84,45,29,54,51,57,57,57,57,57,66,66,66,52,84,84,84,84,84,84,76,76,84,84,75,81,81,81,84,84,40,84,84,84,78,44],"gold":336,"neow_bonus":"THREE_RARE_CARDS","is_daily":false,"chose_seed":false,"campfire_upgraded":6,"win_rate":0.0,"timestamp":1610780707,"path_taken":["M","?","M","?","?","E","?","R","T","$","R","E","?","E","R","BOSS","M","?","?","?","?","R","E","M","T","?","$","M","M","$","R","BOSS","M","M","?","M","?","E","?","R","T","M","M","$","?","M","R","BOSS","R","$","E","BOSS"],"items_purchased_type":["Relic","Card","Relic","Relic","Relic","Relic","Card","Relic","Relic","Relic","Card","Relic","Potion","Potion","Potion"],"build_version":"2020-12-22","purchased_purges":4,"victory":true,"max_hp_per_floor":[80,74,74,74,74,74,74,74,74,74,74,74,74,74,74,74,74,74,74,84,84,84,84,84,84,84,84,81,84,84,84,84,84,84,84,84,84,84,84,84,84,84,84,84,84,84,84,84,84,84,84,84,84,84,84],"card_choices":[{"not_picked":["Bludgeon","Brutality"],"picked":"Offering","floor":0},{"not_picked":["Pommel Strike","Havoc"],"picked":"Shockwave","floor":1},{"not_picked":["Battle Trance","Havoc","Sword Boomerang"],"picked":"SKIP","floor":3},{"not_picked":["Heavy Blade","AT_BodySlamDance","Shrug It Off"],"picked":"SKIP","floor":5},{"not_picked":["Flex","AT_ManFootWork"],"picked":"Inflame","floor":6},{"not_picked":["True Grit","Feel No Pain","Carnage","Twin Strike"],"picked":"SKIP","floor":12},{"not_picked":["AT_GerminateFire","Burning Pact","Pommel Strike","REME_FearOfPain"],"picked":"SKIP","floor":14},{"not_picked":["Impervious","Barricade","Juggernaut"],"picked":"Bludgeon","floor":16},{"not_picked":["Twin Strike","Anger","Shrug It Off"],"picked":"Bloodletting","floor":18},{"not_picked":["Anger","Cleave+1","Dropkick"],"picked":"Seeing Red","floor":21},{"not_picked":["Dropkick","Entrench+1","Dual Wield"],"picked":"Whirlwind+1","floor":24},{"not_picked":["Fire Breathing","Pommel Strike","Shrug It Off","AT_CaressingTears"],"picked":"SKIP","floor":25},{"not_picked":["Fiend Fire","Evolve","Sword Boomerang","Power Through"],"picked":"SKIP","floor":29},{"not_picked":["Power Through","Ghostly Armor+1","Pommel Strike","AT_BodySlamDance"],"picked":"SKIP","floor":30},{"not_picked":["Anger+1","Clothesline+1","REME_SingleHolding+1","Thinking Ahead"],"picked":"AT_IchimonjiDouble+1","floor":35},{"not_picked":["AT_IchimonjiDouble","Warcry","Metallicize+1","Shrug It Off","Enlightenment"],"picked":"SKIP","floor":36},{"not_picked":["Clothesline","Cleave+1","Warcry","Anger+1"],"picked":"REME_FirmDetermination","floor":38},{"not_picked":["Clothesline+1","Anger","Thunderclap+1","Rampage","Deep Breath+1"],"picked":"SKIP","floor":40},{"not_picked":["Iron Wave","Havoc","Dual Wield","Rampage+1","Violence"],"picked":"SKIP","floor":44},{"not_picked":["REME_FearOfPain","Wild Strike","Flex","Thunderclap+1","Chrysalis"],"picked":"SKIP","floor":45},{"not_picked":["Armaments+1","Flex","Heavy Blade+1","Metamorphosis"],"picked":"Double Tap","floor":48},{"not_picked":["AT_BodySlamDance","Intimidate+1","AT_ManFootWork+1","Perfected Strike","Madness"],"picked":"SKIP","floor":54}],"player_experience":211604,"relics_obtained":[{"floor":6,"key":"Gambling Chip"},{"floor":9,"key":"Champion Belt"},{"floor":12,"key":"Red Skull"},{"floor":14,"key":"AT_SilverBalance"},{"floor":22,"key":"Nilry\u0027s Codex"},{"floor":24,"key":"Darkstone Periapt"},{"floor":26,"key":"Whetstone"},{"floor":34,"key":"AT_BellDemon"},{"floor":34,"key":"Juzu Bracelet"},{"floor":35,"key":"Art of War"},{"floor":36,"key":"Sundial"},{"floor":37,"key":"Peace Pipe"},{"floor":37,"key":"Gremlin Horn"},{"floor":38,"key":"Pen Nib"},{"floor":39,"key":"AT_Manta"},{"floor":39,"key":"REME_LimitBreaker"},{"floor":40,"key":"Eternal Feather"},{"floor":40,"key":"Centennial Puzzle"},{"floor":44,"key":"AT_ImmortalShieldbow"},{"floor":45,"key":"AT_ChloranthyRing"},{"floor":48,"key":"Torii"},{"floor":54,"key":"Akabeko"}],"event_choices":[{"damage_healed":0,"gold_gain":0,"player_choice":"Lose Max HP","damage_taken":0,"relics_obtained":["Golden Idol"],"max_hp_gain":0,"max_hp_loss":6,"event_name":"Golden Idol","floor":2,"gold_loss":0},{"damage_healed":0,"gold_gain":275,"player_choice":"Desecrate","damage_taken":0,"max_hp_gain":0,"max_hp_loss":0,"event_name":"Golden Shrine","floor":4,"gold_loss":0,"cards_obtained":["Regret"]},{"damage_healed":18,"gold_gain":0,"player_choice":"Healed and dodged fight","damage_taken":0,"max_hp_gain":0,"max_hp_loss":0,"event_name":"Mushrooms","floor":7,"gold_loss":0,"cards_obtained":["Parasite"]},{"damage_healed":0,"gold_gain":0,"player_choice":"Entered Light","damage_taken":15,"max_hp_gain":0,"max_hp_loss":0,"event_name":"Shining Light","floor":13,"gold_loss":0,"cards_upgraded":["Defend_R","Strike_R"]},{"damage_healed":24,"gold_gain":0,"player_choice":"Heal","damage_taken":0,"max_hp_gain":0,"max_hp_loss":0,"event_name":"The Library","floor":19,"gold_loss":0},{"cards_removed":["Bludgeon"],"damage_healed":7,"gold_gain":0,"player_choice":"Offered Rare","damage_taken":0,"max_hp_gain":10,"max_hp_loss":0,"event_name":"Bonfire Elementals","floor":20,"gold_loss":0},{"damage_healed":0,"gold_gain":0,"player_choice":"Obtained Book","damage_taken":16,"max_hp_gain":0,"max_hp_loss":0,"event_name":"Cursed Tome","floor":22,"gold_loss":0},{"damage_healed":0,"gold_gain":0,"player_choice":"Ignored","damage_taken":0,"max_hp_gain":0,"max_hp_loss":0,"event_name":"Ghosts","floor":27,"gold_loss":0},{"damage_healed":0,"gold_gain":0,"player_choice":"Fight","damage_taken":0,"max_hp_gain":0,"max_hp_loss":0,"event_name":"MindBloom","floor":37,"gold_loss":0},{"damage_healed":0,"gold_gain":0,"player_choice":"Fight","damage_taken":0,"max_hp_gain":0,"max_hp_loss":0,"event_name":"Mysterious Sphere","floor":39,"gold_loss":0},{"damage_healed":0,"gold_gain":0,"cards_transformed":["Strike_R"],"player_choice":"Transformed","damage_taken":0,"max_hp_gain":0,"max_hp_loss":0,"event_name":"Transmorgrifier","floor":41,"gold_loss":0,"cards_obtained":["REME_ACTH"]},{"damage_healed":0,"gold_gain":0,"player_choice":"Ignored","damage_taken":0,"max_hp_gain":0,"max_hp_loss":0,"event_name":"The Moai Head","floor":47,"gold_loss":0}],"is_beta":false,"boss_relics":[{"not_picked":["Runic Dome","Tiny House"],"picked":"AT_MortalBlade"},{"not_picked":["Mark of Pain","Black Star"],"picked":"REME_LowDesire"}],"items_purged_floors":[10,28,31,53],"is_endless":false,"potions_floor_spawned":[1,3,6,18,30,33,38,39,48,54],"ascension_level":0}}