{"host":"3pvh99l9qedhoxgj","time":1610791414,"event":{"mods":["Alarm Clock","BaseMod","Colored Map","Colored Powertips","Conspire","Highlight Path","Infinite Spire","Minty Spire (QoL Compilation)","Relic Stats","Replay The Spire","StSLib","The Bug Knight","[功能]功能增强和修复MOD","【遗物卡牌】REMEMod"],"gold_per_floor":[116,86,161,161,161,176,226,238,283,300,295,311,324,343,343,444,444,457,468,468,468,483,483,483,483,510,538,538,528,573,605,605,709,709,709,727,727,727,727],"floor_reached":38,"language":"ZHS","playtime":1631,"items_purged":["Defend_P","Defend_P","Defend_P","Defend_P","Strike_P","Strike_P","Strike_P","Normality","REME_FirmDetermination"],"score":647,"play_id":"25226bff-ef4f-4e68-b621-11040d60cb87","local_time":"20210116180334","is_ascension_mode":true,"campfire_choices":[{"floor":15.0,"key":"REST"},{"floor":23.0,"key":"REST"},{"data":"MasterReality","floor":25.0,"key":"SMITH"},{"floor":28.0,"key":"REST"},{"floor":32.0,"key":"REST"}],"circlet_count":0,"master_deck":["Eruption","Vigilance","Alpha+1","EmptyFist","FollowUp","BowlingBash","Consecrate","Alpha+1","Crescendo","Dramatic Entrance","ClearTheMind","Crescendo","Replay:ManipulateFuture","DeusExMachina+1","DeusExMachina+1","WheelKick","LikeWater+1","CutThroughFate","CarveReality","MasterReality+1","SandsOfTime","FollowUp","Panache","Replay:AllIn+1","Weave","Weave","ReplayTheSpireMod:Splinters","Anger+1","HollowMod:CloakDash","Calculated Gamble+1","Delirium","MasterReality","Spreading Infection","Amnesia","Injury","Regret","Decay","Replay:Hysterical Blindness","Doubt","ReplayTheSpireMod:Faulty Equipment","Replay:ManipulateFuture+1","Metamorphosis"],"relics":["PureWater","REME_ComplimentaryCards","Regal Pillow","ReplayTheSpireMod:Lightbulb","Omamori","conspire:TreasureMap","Replay:Bottled Eggs","Nunchaku","OrangePellets","Ring of Greed","Blue Doll","Replay:Wax Seal","Ring of Fury","infinitespire:BottledMercury","Bag of Marbles","Potion Belt","ClockworkSouvenir","conspire:RoyalGoblet","Eternal Feather","Singing Bowl","PrismaticShard","MutagenicStrength","Replay:Blank Codex","Kunai","Strawberry","Replay:Arrowhead","HollowMod:LifeEnderRelic","Guide Book","infinitespire:Bottled Soul","Bottled Flame","Replay:Ancient Bell","infinitespire:Satchel","InkBottle","infinitespire:Magic Flask"],"acts_visited":["Exordium","TheCity","TheBeyond"],"potions_floor_usage":[38,38],"damage_taken":[{"damage":2.0,"enemies":"Jaw Worm","floor":1.0,"turns":3.0},{"damage":0.0,"enemies":"2 Louse","floor":6.0,"turns":2.0},{"damage":0.0,"enemies":"Cultist","floor":8.0,"turns":3.0},{"damage":0.0,"enemies":"Looter","floor":10.0,"turns":1.0},{"damage":0.0,"enemies":"3 Louse","floor":12.0,"turns":1.0},{"damage":18.0,"enemies":"Large Slime","floor":13.0,"turns":3.0},{"damage":11.0,"enemies":"Exordium Thugs","floor":14.0,"turns":2.0},{"damage":12.0,"enemies":"The Guardian","floor":16.0,"turns":4.0},{"damage":29.0,"enemies":"Shell Parasite","floor":18.0,"turns":5.0},{"damage":24.0,"enemies":"3 Byrds","floor":19.0,"turns":3.0},{"damage":0.0,"enemies":"3 Cultists","floor":22.0,"turns":2.0},{"damage":26.0,"enemies":"Gremlin Leader","floor":27.0,"turns":4.0},{"damage":70.0,"enemies":"Nightmare","floor":31.0,"turns":4.0},{"damage":24.0,"enemies":"Collector","floor":33.0,"turns":6.0},{"damage":0.0,"enemies":"3 Shapes","floor":35.0,"turns":1.0},{"damage":44.0,"enemies":"3 Darklings","floor":36.0,"turns":4.0},{"damage":49,"enemies":"Transient","floor":38,"turns":3}],"seed_played":"7160454228153309010","potions_obtained":[{"floor":1.0,"key":"StancePotion"},{"floor":8.0,"key":"Milkshake"},{"floor":10.0,"key":"Adrenaline Potion"},{"floor":12.0,"key":"DuplicationPotion"},{"floor":13.0,"key":"Flashbang"},{"floor":13.0,"key":"Fire Potion"},{"floor":16.0,"key":"SkillPotion"},{"floor":18.0,"key":"Milkshake"},{"floor":18.0,"key":"Fire Potion"},{"floor":19.0,"key":"REME_GoldPotion"},{"floor":27.0,"key":"Dexterity Potion"},{"floor":27.0,"key":"Cursed Concoction"},{"floor":27.0,"key":"SmokeBomb"},{"floor":31.0,"key":"REME_GoldPotion"},{"floor":31.0,"key":"Weak Potion"},{"floor":36.0,"key":"Strength Potion"},{"floor":36.0,"key":"Swift Potion"}],"is_trial":false,"path_per_floor":["M","$","?","$","?","M","?","M","T","M","$","M","M","M","R","B",null,"M","M","$","?","M","R","?","R","T","E","R","$","?","NM","R","B",null,"M","M","?","M"],"character_chosen":"WATCHER","items_purchased":["ReplayTheSpireMod:Lightbulb","Omamori","conspire:TreasureMap","FollowUp","PowerPotion","Replay:Bottled Eggs","Nunchaku","OrangePellets","BowlingBash","Consecrate","Alpha","Crescendo","Dramatic Entrance","ColorlessPotion","Bag of Marbles","Potion Belt","ClockworkSouvenir","DeusExMachina","WheelKick","LikeWater+1","Eternal Feather","Singing Bowl","PrismaticShard","SandsOfTime","REME_FirmDetermination","Strength Potion","Adrenaline Potion","PowerPotion","Replay:Arrowhead","HollowMod:LifeEnderRelic","Guide Book","Panache","Replay:AllIn+1","Weave","StancePotion"],"campfire_rested":4,"item_purchase_floors":[2,2,2,2,2,4,4,4,4,4,4,4,4,4,11,11,11,11,11,11,20,20,20,20,20,20,20,20,29,29,29,29,29,29,29],"current_hp_per_floor":[70,70,59,59,59,59,59,59,59,59,59,59,41,30,66,54,72,43,19,19,19,19,67,51,63,63,46,81,81,81,11,68,44,81,81,37,31,0,0],"gold":727,"neow_bonus":"RANDOM_COMMON_RELIC","is_daily":false,"chose_seed":false,"campfire_upgraded":1,"win_rate":0.0,"timestamp":1610791414,"path_taken":["M","$","?","$","?","M","?","M","T","M","$","M","M","?","R","BOSS","M","M","$","?","M","R","?","R","T","E","R","$","?","NM","R","BOSS","M","M","?","M"],"items_purchased_type":["Relic","Relic","Relic","Card","Potion","Relic","Relic","Relic","Card","Card","Card","Card","Card","Potion","Relic","Relic","Relic","Card","Card","Card","Relic","Relic","Relic","Card","Card","Potion","Potion","Potion","Relic","Relic","Relic","Card","Card","Card","Potion"],"build_version":"2020-12-22","purchased_purges":9,"victory":false,"max_hp_per_floor":[72,72,72,72,72,72,72,72,72,72,72,72,72,72,72,72,72,72,72,72,72,72,72,72,72,72,81,81,81,81,81,81,81,81,81,81,85,85,85],"relic_stats":{"OrangePellets":[8],"Regal Pillow":45,"Nunchaku":[9],"Singing Bowl":6,"counters":[17,51],"Eternal Feather":54,"Kunai":[7],"obtain_stats":[{"infinitespire:BottledMercury":9,"Regal Pillow":0,"conspire:RoyalGoblet":17,"Singing Bowl":20,"Blue Doll":7,"PrismaticShard":20,"ClockworkSouvenir":11,"Nunchaku":4,"infinitespire:Bottled Soul":30,"Strawberry":27,"Kunai":26,"Replay:Bottled Eggs":4,"Replay:Wax Seal":7,"Replay:Blank Codex":24,"InkBottle":34,"Potion Belt":11,"conspire:TreasureMap":2,"HollowMod:LifeEnderRelic":29,"Guide Book":29,"Eternal Feather":20,"Omamori":2,"Replay:Ancient Bell":34,"Ring of Greed":7,"infinitespire:Magic Flask":34,"Replay:Arrowhead":29,"OrangePellets":4,"Bottled Flame":31,"MutagenicStrength":21,"infinitespire:Satchel":34,"Ring of Fury":7,"Bag of Marbles":11,"PureWater":0,"ReplayTheSpireMod:Lightbulb":2,"REME_ComplimentaryCards":0},{"infinitespire:BottledMercury":3,"Regal Pillow":0,"conspire:RoyalGoblet":8,"Singing Bowl":10,"Blue Doll":2,"PrismaticShard":10,"ClockworkSouvenir":4,"Nunchaku":1,"infinitespire:Bottled Soul":12,"Strawberry":12,"Kunai":11,"Replay:Bottled Eggs":1,"Replay:Wax Seal":2,"Replay:Blank Codex":11,"InkBottle":14,"Potion Belt":4,"conspire:TreasureMap":1,"HollowMod:LifeEnderRelic":12,"Guide Book":12,"Eternal Feather":10,"Omamori":1,"Replay:Ancient Bell":14,"Ring of Greed":2,"infinitespire:Magic Flask":14,"Replay:Arrowhead":12,"OrangePellets":1,"Bottled Flame":13,"MutagenicStrength":10,"infinitespire:Satchel":14,"Ring of Fury":2,"Bag of Marbles":4,"PureWater":0,"ReplayTheSpireMod:Lightbulb":1,"REME_ComplimentaryCards":0},{"infinitespire:BottledMercury":8,"Regal Pillow":0,"conspire:RoyalGoblet":19,"Singing Bowl":27,"Blue Doll":5,"PrismaticShard":27,"ClockworkSouvenir":9,"Nunchaku":3,"infinitespire:Bottled Soul":33,"Strawberry":33,"Kunai":29,"Replay:Bottled Eggs":3,"Replay:Wax Seal":5,"Replay:Blank Codex":29,"InkBottle":43,"Potion Belt":9,"conspire:TreasureMap":3,"HollowMod:LifeEnderRelic":33,"Guide Book":33,"Eternal Feather":27,"Omamori":3,"Replay:Ancient Bell":43,"Ring of Greed":5,"infinitespire:Magic Flask":43,"Replay:Arrowhead":33,"OrangePellets":3,"Bottled Flame":37,"MutagenicStrength":27,"infinitespire:Satchel":43,"Ring of Fury":5,"Bag of Marbles":9,"PureWater":0,"ReplayTheSpireMod:Lightbulb":3,"REME_ComplimentaryCards":0}],"InkBottle":[3]},"card_choices":[{"not_picked":["JustLucky","Wallop"],"picked":"EmptyFist","floor":1.0},{"not_picked":["Nirvana","Replay:BluntJabs"],"picked":"ClearTheMind","floor":6.0},{"not_picked":["ThirdEye","Halt"],"picked":"Crescendo","floor":8.0},{"not_picked":["CutThroughFate","Replay:Vibes"],"picked":"Replay:ManipulateFuture","floor":10.0},{"not_picked":["EmptyFist","BowlingBash"],"picked":"CutThroughFate","floor":12.0},{"not_picked":["ThirdEye","Collect","PathToVictory"],"picked":"SKIP","floor":13.0},{"not_picked":["Sanctity","FlyingSleeves"],"picked":"CarveReality","floor":14.0},{"not_picked":["Devotion","Replay:AllIn"],"picked":"MasterReality","floor":16.0},{"not_picked":["FlyingSleeves+1","REME_Repentance","ClearTheMind"],"picked":"SKIP","floor":18.0},{"not_picked":["ForeignInfluence","PathToVictory+1","ThirdEye+1"],"picked":"SKIP","floor":19.0},{"not_picked":["Sword Boomerang","Hologram"],"picked":"FollowUp","floor":22.0},{"not_picked":["Quick Slash","Armaments","REME_Whirling"],"picked":"Singing Bowl","floor":27.0},{"not_picked":["Dodge and Roll","Impervious"],"picked":"Anger+1","floor":30.0},{"not_picked":["Doom and Gloom+1","ReplayTheSpireMod:GoodbyeWorld"],"picked":"HollowMod:CloakDash","floor":30.0},{"not_picked":["HollowMod:DoubleDash","Protect"],"picked":"Calculated Gamble+1","floor":31.0},{"not_picked":["REME_EyeOfCthun","Burst"],"picked":"MasterReality","floor":33.0},{"not_picked":["conspire:NecroticWound","Delirium"],"picked":"Spreading Infection","floor":34.0},{"not_picked":["Doubt","Voices"],"picked":"Amnesia","floor":34.0},{"not_picked":["conspire:NecroticWound","Shame"],"picked":"Injury","floor":34.0},{"not_picked":["Cloak And Dagger+1","Darkness"],"picked":"Replay:ManipulateFuture+1","floor":36.0},{"not_picked":["Blind","Replay:Bootleg Shield Generator","HandOfGreedExtend"],"picked":"Singing Bowl","floor":37.0},{"not_picked":["conspire:Banana","Swift Strike","REME_ShortnessOfBreath"],"picked":"Singing Bowl","floor":37.0},{"not_picked":["Dramatic Entrance","Midas Touch"],"picked":"Metamorphosis","floor":37.0}],"player_experience":107228,"relics_obtained":[{"floor":7.0,"key":"Ring of Greed"},{"floor":7.0,"key":"Blue Doll"},{"floor":7.0,"key":"Replay:Wax Seal"},{"floor":7.0,"key":"Ring of Fury"},{"floor":9.0,"key":"infinitespire:BottledMercury"},{"floor":24.0,"key":"Replay:Blank Codex"},{"floor":26.0,"key":"Kunai"},{"floor":27.0,"key":"Strawberry"},{"floor":30.0,"key":"infinitespire:Bottled Soul"},{"floor":31.0,"key":"Bottled Flame"}],"event_choices":[{"damage_healed":0.0,"max_hp_gain":0.0,"max_hp_loss":0.0,"gold_gain":75.0,"event_name":"World of Goop","player_choice":"Gather Gold","floor":3.0,"gold_loss":0.0,"damage_taken":11.0},{"damage_healed":0.0,"max_hp_gain":0.0,"max_hp_loss":0.0,"gold_gain":0.0,"event_name":"Drug Dealer","player_choice":"Inject Mutagens","floor":21.0,"gold_loss":0.0,"damage_taken":0.0,"relics_obtained":["MutagenicStrength"]},{"damage_healed":0.0,"max_hp_gain":0.0,"max_hp_loss":0.0,"gold_gain":0.0,"event_name":"Cursed Tome","player_choice":"Obtained Book","floor":24.0,"gold_loss":0.0,"damage_taken":16.0},{"damage_healed":0.0,"max_hp_gain":0.0,"max_hp_loss":0.0,"gold_gain":0.0,"event_name":"SensoryStone","player_choice":"Memory 3","floor":37.0,"gold_loss":0.0,"damage_taken":10.0}],"is_beta":false,"boss_relics":[{"not_picked":["conspire:RunicOctahedron","Busted Crown"],"picked":"conspire:RoyalGoblet"},{"not_picked":["Kintsugi","HolyWater"],"picked":"Replay:Ancient Bell"},{"not_picked":["Art of War","Replay:Rubber Ducky"],"picked":"infinitespire:Satchel"},{"not_picked":["Garlic","infinitespire:ShieldingShard"],"picked":"InkBottle"},{"not_picked":["StoneCalendar","Incense Burner"],"picked":"infinitespire:Magic Flask"}],"items_purged_floors":[2,2,2,2,2,2,11,29,29],"is_endless":false,"potions_floor_spawned":[1,6,6,8,10,12,13,13,14,16,18,18,19,27,27,27,31,31,35,35,36,36],"killed_by":"Transient","ascension_level":2}}