{"host":"41vgbr386mrj4p17","time":1610828860,"event":{"mods":["AchievementEnabler","AlwaysNeverKeys","BaseMod","Bestiary","Better Altar","Better Match","Better Note","Better Sensory Stone","Better Skull","Better Third Choice","Colored Map","Curses Come First","Downfall","Googly Eyes","Hermit","Highlight Path","Minty Spire (QoL Compilation)","Shade Mod","StSLib","The Cursed"],"gold_per_floor":[119,44,44,58,74,101,101,119,166,192,205,233,246,274,274,379,379,396,407,407,420,420,448,448,29,29,56,4,4,17,50,50,145,145,164,39,39,139,151,151,151],"floor_reached":40,"language":"ENG","playtime":2253,"items_purged":["Shade:Defend_Shade","Shade:Strike_Shade","Shade:Strike_Shade"],"score":804,"play_id":"09eb1288-0027-4f8b-88d3-4bbb2a027729","local_time":"20210116152740","is_ascension_mode":true,"campfire_choices":[{"data":"Shade:AnimateDead","floor":7,"key":"SMITH"},{"data":"Shade:LichForm","floor":15,"key":"SMITH"},{"data":"Shade:Putrefaction","floor":24,"key":"SMITH"},{"data":"Shade:SpontaneousRitual","floor":29,"key":"SMITH"},{"data":"Shade:SpontaneousRitual","floor":32,"key":"SMITH"}],"circlet_count":0,"master_deck":["Shade:Defend_Shade","Shade:Defend_Shade","Shade:AnimateDead+1","Shade:CarefulCut","Shade:FreshBones+1","Shade:FleshToFlesh","Shade:LichForm+1","Shade:LoseControl","Shade:Excise","Shade:Putrefaction+1","Shade:SpontaneousRitual+1","Shade:LichForm","Shade:SpontaneousRitual+1","Madness","Madness"],"relics":["Shade:YorickSkull","Sundial","Art of War","Anchor","Meat on the Bone","Blood Vial","bronze:MakeshiftBattery","Bag of Marbles","Bottled Lightning","Shovel","HornCleat","Pear","Empty Cage"],"acts_visited":["Exordium","TheCity","TheBeyond"],"potions_floor_usage":[10,14,16,23,23,27,30,31,31,31,31,39,40],"damage_taken":[{"damage":2,"enemies":"2 Louse","floor":1,"turns":2},{"damage":0,"enemies":"Cultist","floor":4,"turns":2},{"damage":2,"enemies":"Jaw Worm","floor":5,"turns":3},{"damage":28,"enemies":"Gremlin Nob","floor":6,"turns":4},{"damage":0,"enemies":"2 Fungi Beasts","floor":8,"turns":3},{"damage":3,"enemies":"Lagavulin","floor":10,"turns":5},{"damage":0,"enemies":"Large Slime","floor":11,"turns":5},{"damage":12,"enemies":"3 Sentries","floor":12,"turns":5},{"damage":0,"enemies":"Red Slaver","floor":13,"turns":2},{"damage":0,"enemies":"Gremlin Nob","floor":14,"turns":3},{"damage":0,"enemies":"The Guardian","floor":16,"turns":5},{"damage":0,"enemies":"Spheric Guardian","floor":18,"turns":3},{"damage":4,"enemies":"Chosen","floor":19,"turns":4},{"damage":4,"enemies":"Centurion and Healer","floor":21,"turns":6},{"damage":55,"enemies":"Gremlin Leader","floor":23,"turns":6},{"damage":8,"enemies":"Slavers","floor":27,"turns":4},{"damage":0,"enemies":"Cultist and Chosen","floor":30,"turns":5},{"damage":0,"enemies":"Book of Stabbing","floor":31,"turns":4},{"damage":38,"enemies":"Automaton","floor":33,"turns":8},{"damage":0,"enemies":"3 Shapes","floor":35,"turns":4},{"damage":34,"enemies":"3 Darklings","floor":39,"turns":5},{"damage":47,"enemies":"Reptomancer","floor":40,"turns":2}],"seed_played":"3887067448200788760","potions_obtained":[{"floor":4,"key":"SpeedPotion"},{"floor":12,"key":"Strength Potion"},{"floor":13,"key":"EssenceOfSteel"},{"floor":14,"key":"SpeedPotion"},{"floor":16,"key":"BlessingOfTheForge"},{"floor":21,"key":"LiquidBronze"},{"floor":23,"key":"FearPotion"},{"floor":27,"key":"EntropicBrew"},{"floor":31,"key":"Weak Potion"}],"is_trial":false,"path_per_floor":["M","$","?","M","M","E","R","M","T","E","M","E","M","E","R","B",null,"M","M","?","M","?","E","R","$","T","E","$","R","M","E","R","B",null,"M","$","?","?","M","E"],"character_chosen":"SHADE","items_purchased":["Shade:SpontaneousRitual","Bottled Lightning","Dexterity Potion"],"campfire_rested":0,"item_purchase_floors":[25,25,28],"current_hp_per_floor":[57,57,57,57,55,27,27,27,27,24,24,12,24,36,36,38,58,60,58,58,56,56,15,15,15,15,21,21,21,35,47,47,23,62,64,64,55,55,35,0,0],"gold":151,"neow_bonus":"REMOVE_CARD","is_daily":false,"chose_seed":false,"campfire_upgraded":5,"win_rate":0.0,"timestamp":1610828860,"path_taken":["M","$","?","M","M","E","R","M","T","E","?","E","M","E","R","BOSS","M","?","?","M","?","E","R","$","T","E","$","R","M","E","R","BOSS","M","$","?","?","?","E"],"items_purchased_type":["Card","Relic","Potion"],"build_version":"2020-12-22","purchased_purges":3,"victory":false,"max_hp_per_floor":[65,65,65,65,65,65,65,65,65,65,65,65,65,65,65,65,65,65,65,65,65,65,65,65,65,65,65,65,65,65,75,75,75,75,75,75,75,75,75,75,75],"card_choices":[{"not_picked":["Shade:PressTheAttack","Shade:GreyBargain"],"picked":"Shade:FreshBones","floor":1},{"not_picked":["Shade:CoffinDance","Shade:GraveStillness","Shade:BoneShards"],"picked":"SKIP","floor":4},{"not_picked":["Shade:AblativeArmor","Shade:WallOfFlesh","Shade:SkeletonHug"],"picked":"SKIP","floor":5},{"not_picked":["Shade:Haruspicy","Shade:Awaken"],"picked":"Shade:FleshToFlesh","floor":6},{"not_picked":["Shade:SkeletonHug","Shade:BoneShards","Shade:FleshOffering"],"picked":"SKIP","floor":8},{"not_picked":["Shade:Frenzy","Shade:ClawBack"],"picked":"Shade:LichForm","floor":10},{"not_picked":["Shade:AblativeArmor","Shade:LyeBath","Shade:Premonition"],"picked":"SKIP","floor":11},{"not_picked":["Shade:FleshToFlesh","Shade:PotionOfRestlessness","Shade:WallOfFlesh"],"picked":"SKIP","floor":12},{"not_picked":["Shade:PoundOfFlesh","Shade:CoffinDance","Shade:FeralStrike"],"picked":"SKIP","floor":13},{"not_picked":["Shade:OfferingToTheBeyond","Shade:ScuttlingHand","Shade:Doomsay"],"picked":"SKIP","floor":14},{"not_picked":["Shade:OminousRitual","Shade:LastGasp"],"picked":"Shade:LoseControl","floor":16},{"not_picked":["Shade:FingerOfDeath","Shade:SpectralStrikes","Shade:Trample"],"picked":"SKIP","floor":18},{"not_picked":["Shade:ExtraLimbs","Shade:WallOfFlesh","Shade:FeralStrike+1"],"picked":"SKIP","floor":19},{"not_picked":["Shade:Premonition","Shade:AncientSpear"],"picked":"Shade:Excise","floor":21},{"not_picked":["Shade:TouchOfTheGrave","Shade:FeralStrike+1"],"picked":"Shade:Putrefaction","floor":23},{"not_picked":["Shade:WallOfFlesh","Shade:FuneraryArmor+1"],"picked":"Shade:LichForm","floor":27},{"not_picked":["Shade:Trample","Shade:SoulToxin+1","Shade:RavenousHorde"],"picked":"SKIP","floor":30},{"not_picked":["Shade:FeralStrike","Shade:Trample"],"picked":"Shade:SpontaneousRitual","floor":31},{"not_picked":["Shade:FreshBones","Shade:CallOfTheGrave+1","Shade:CoffinDance"],"picked":"SKIP","floor":35},{"not_picked":["Shade:ScuttlingHand","Shade:Frenzy+1","Shade:RitualOffering"],"picked":"SKIP","floor":39}],"player_experience":1042925,"relics_obtained":[{"floor":6,"key":"Sundial"},{"floor":9,"key":"Art of War"},{"floor":10,"key":"Anchor"},{"floor":12,"key":"Meat on the Bone"},{"floor":14,"key":"Blood Vial"},{"floor":23,"key":"Bag of Marbles"},{"floor":26,"key":"Shovel"},{"floor":27,"key":"HornCleat"},{"floor":31,"key":"Pear"}],"event_choices":[{"damage_healed":0,"gold_gain":0,"player_choice":"Forge","damage_taken":0,"max_hp_gain":0,"max_hp_loss":0,"event_name":"Accursed Blacksmith","floor":3,"gold_loss":0,"cards_upgraded":["Shade:FreshBones"]},{"damage_healed":0,"gold_gain":0,"player_choice":"Ignored","damage_taken":0,"max_hp_gain":0,"max_hp_loss":0,"event_name":"Ghosts","floor":20,"gold_loss":0},{"damage_healed":0,"gold_gain":0,"player_choice":"Embrace Madness","damage_taken":9,"max_hp_gain":0,"max_hp_loss":0,"event_name":"Winding Halls","floor":37,"gold_loss":0,"cards_obtained":["Madness","Madness"]},{"damage_healed":0,"gold_gain":100,"player_choice":"Pray","damage_taken":0,"max_hp_gain":0,"max_hp_loss":0,"event_name":"Golden Shrine","floor":38,"gold_loss":0}],"is_beta":false,"boss_relics":[{"not_picked":["Runic Dome","Coffee Dripper"],"picked":"bronze:MakeshiftBattery"},{"not_picked":["Sozu","Runic Pyramid"],"picked":"Empty Cage"}],"items_purged_floors":[2,25,36],"is_endless":false,"potions_floor_spawned":[4,12,13,14,16,21,23,27,31],"killed_by":"Reptomancer","ascension_level":8}}