{"host":"7k2a2omxz3voj5ax","time":1610821757,"event":{"mods":["BaseMod","Marisa£¨ìFÓê¡¡Ä§ÀíÉ³£©","Minty Spire (QoL Compilation)","Quick Restart","Spicy Shops","StSLib","Starting Relic: Pandora\u0027s Box","¡¾ÒÅÎï¿¨ÅÆ¡¿REMEMod","óô»ðÖ¸ÄÏ"],"gold_per_floor":[112,129,147,166,181,216,1998,2025,2051,2079,2096,1859,1875,1875,1542,1617,1617,1636,1648,1658,1573,891,918,424,454,454,454,454,372,422,449,449,523,523,570,585,20,31,47,47,97,52,75,105,117,147,179,22,22,22,22,22,22,22,57,57,57],"floor_reached":56,"language":"ZHS","playtime":2174,"items_purged":["Cloak And Dagger","Deflect","Dash"],"score":2333,"play_id":"1bc12388-ab3f-4dea-8f09-9678278b8cc9","local_time":"20210117032917","is_ascension_mode":true,"campfire_choices":[{"data":"Calculated Gamble","floor":32.0,"key":"SMITH"},{"data":"Tactician","floor":40.0,"key":"SMITH"},{"data":"Burst","floor":45.0,"key":"SMITH"},{"floor":49.0,"key":"RECALL"},{"floor":53,"key":"REST"}],"circlet_count":0,"master_deck":["AscendersBane","Survivor+1","Neutralize+1","Prepared+1","REME_ShadowStrike+1","Underhanded Strike+1","Acrobatics+1","Escape Plan+1","Well Laid Plans+1","REME_SpectralBlade+1","REME_GreenPollution+1","Tactician+1","Acrobatics+1","REME_GreenPollution+1","Calculated Gamble+1","After Image+1","Sadistic Nature+1","Adrenaline","Burst+1"],"relics":["Pandora\u0027s Box","REME_ComplimentaryCards","NeowsBlessing","Question Card","Omamori","Lantern","Whetstone","Gremlin Horn","Juzu Bracelet","SlaversCollar","Ancient Tea Set","Mummified Hand","Lee\u0027s Waffle","MealTicket","Thread and Needle","Medical Kit","Tingsha","PreservedInsect","Nloth\u0027s Gift","SsserpentHead","ClockworkSouvenir","Strawberry","Sozu","Membership Card","Snake Skull","TheAbacus","Matryoshka","Mark of the Bloom","MawBank","Nunchaku","Lizard Tail","REME_PuzzleBoxRelic"],"acts_visited":["Exordium","TheCity","TheBeyond","TheEnding"],"potions_floor_usage":[],"damage_taken":[{"damage":0.0,"enemies":"Jaw Worm","floor":1.0,"turns":1.0},{"damage":0.0,"enemies":"Cultist","floor":2.0,"turns":1.0},{"damage":0.0,"enemies":"Small Slimes","floor":3.0,"turns":1.0},{"damage":0.0,"enemies":"Exordium Thugs","floor":4.0,"turns":4.0},{"damage":0.0,"enemies":"Looter","floor":5.0,"turns":3.0},{"damage":6.0,"enemies":"3 Sentries","floor":6.0,"turns":8.0},{"damage":5.0,"enemies":"Lagavulin","floor":8.0,"turns":5.0},{"damage":12.0,"enemies":"Gremlin Nob","floor":10.0,"turns":4.0},{"damage":8.0,"enemies":"3 Louse","floor":11.0,"turns":3.0},{"damage":3.0,"enemies":"Blue Slaver","floor":13.0,"turns":2.0},{"damage":19.0,"enemies":"The Guardian","floor":16.0,"turns":4.0},{"damage":18.0,"enemies":"Chosen","floor":18.0,"turns":4.0},{"damage":8.0,"enemies":"2 Thieves","floor":19.0,"turns":2.0},{"damage":0.0,"enemies":"Snecko","floor":20.0,"turns":2.0},{"damage":0.0,"enemies":"Book of Stabbing","floor":23.0,"turns":1.0},{"damage":0.0,"enemies":"Gremlin Leader","floor":25.0,"turns":2.0},{"damage":18.0,"enemies":"Slavers","floor":31.0,"turns":2.0},{"damage":0.0,"enemies":"Collector","floor":33.0,"turns":2.0},{"damage":0.0,"enemies":"Orb Walker","floor":35.0,"turns":2.0},{"damage":9.0,"enemies":"3 Darklings","floor":36.0,"turns":2.0},{"damage":0.0,"enemies":"Maw","floor":38.0,"turns":3.0},{"damage":30.0,"enemies":"Jaw Worm Horde","floor":39.0,"turns":2.0},{"damage":12.0,"enemies":"3 Darklings","floor":44.0,"turns":3.0},{"damage":0.0,"enemies":"Maw","floor":46.0,"turns":2.0},{"damage":10.0,"enemies":"Spire Growth","floor":47.0,"turns":3.0},{"damage":17.0,"enemies":"Time Eater","floor":50.0,"turns":3.0},{"damage":0.0,"enemies":"Awakened One","floor":51.0,"turns":2.0},{"damage":0,"enemies":"Shield and Spear","floor":55,"turns":1},{"damage":31,"enemies":"The Heart","floor":56,"turns":2}],"seed_played":"-7050744945294878938","potions_obtained":[{"floor":2.0,"key":"Poison Potion"},{"floor":5.0,"key":"REME_GoldPotion"},{"floor":10.0,"key":"PowerPotion"},{"floor":19.0,"key":"Weak Potion"},{"floor":31.0,"key":"EssenceOfSteel"}],"is_trial":false,"path_per_floor":["M","M","M","M","M","E","R","E","T","E","M","$","M","?","R","B",null,"M","M","M","?","$","E","R","E","T","?","?","$","?","E","R","B",null,"M","M","$","M","M","R","?","$","T","M","R","M","M","$","R","B","B",null,"R","$","E","B"],"character_chosen":"THE_SILENT","items_purchased":["REME_GreenPollution","Omamori","Gremlin Horn","Juzu Bracelet","Acrobatics","Mummified Hand","Lee\u0027s Waffle","MealTicket","REME_GreenPollution","Medical Kit","Tingsha","ClockworkSouvenir","Membership Card","Snake Skull","TheAbacus","Sadistic Nature","Matryoshka","Adrenaline","Lizard Tail"],"campfire_rested":1,"item_purchase_floors":[7,7,12,15,15,22,22,22,22,24,24,29,37,37,37,37,37,42,48],"current_hp_per_floor":[59,59,59,59,59,53,53,48,48,36,28,28,25,25,25,6,51,33,25,25,25,73,73,73,73,73,73,73,73,52,41,41,41,74,74,65,80,80,50,50,50,50,50,38,38,38,28,28,28,11,11,11,11,11,11,0,0],"gold":57,"neow_bonus":"THREE_ENEMY_KILL","is_daily":false,"chose_seed":false,"campfire_upgraded":3,"win_rate":0.0,"timestamp":1610821757,"path_taken":["M","M","M","M","M","E","R","E","T","E","M","$","M","?","R","BOSS","M","M","M","?","$","E","R","E","T","?","?","$","?","E","R","BOSS","M","M","$","M","M","R","?","$","T","M","R","M","M","$","R","BOSS","BOSS","R","$","E","BOSS"],"items_purchased_type":["Card","Relic","Relic","Relic","Card","Relic","Relic","Relic","Card","Relic","Relic","Relic","Relic","Relic","Relic","Card","Relic","Card","Relic"],"build_version":"2020-12-22","purchased_purges":3,"victory":false,"max_hp_per_floor":[66,66,66,66,66,66,66,66,66,66,66,66,66,66,66,66,66,66,66,66,66,73,73,73,73,73,73,73,73,78,85,85,85,85,85,85,85,85,85,85,85,85,85,85,85,85,85,85,85,85,85,85,85,85,85,85,85],"card_choices":[{"not_picked":["Escape Plan","Well Laid Plans","Predator"],"picked":"SKIP","floor":1.0},{"not_picked":["Caltrops","Infinite Blades","Poisoned Stab"],"picked":"SKIP","floor":2.0},{"not_picked":["Slice","Masterful Stab","Escape Plan"],"picked":"SKIP","floor":3.0},{"not_picked":["Backflip","Outmaneuver","Expertise"],"picked":"SKIP","floor":4.0},{"not_picked":["Outmaneuver","Distraction","Masterful Stab"],"picked":"SKIP","floor":5.0},{"not_picked":["Quick Slash","Prepared","Expertise"],"picked":"SKIP","floor":6.0},{"not_picked":["Tools of the Trade","Dagger Throw","Backflip"],"picked":"Tactician","floor":8.0},{"not_picked":["Bane","Distraction","Predator","Outmaneuver"],"picked":"SKIP","floor":10.0},{"not_picked":["Outmaneuver","Masterful Stab","Deflect","Tactician"],"picked":"SKIP","floor":11.0},{"not_picked":["Deflect","Accuracy","Endless Agony","Underhanded Strike"],"picked":"SKIP","floor":13.0},{"not_picked":["Infinite Blades","Heel Hook+1","Dodge and Roll","Deflect"],"picked":"SKIP","floor":18.0},{"not_picked":["Blade Dance","Slice","Prepared","Well Laid Plans"],"picked":"SKIP","floor":19.0},{"not_picked":["Blade Dance","Slice","Prepared","Well Laid Plans"],"picked":"SKIP","floor":19.0},{"not_picked":["Flying Knee+1","PiercingWail+1","Storm of Steel","Riddle With Holes"],"picked":"SKIP","floor":20.0},{"not_picked":["Bane","Bouncing Flask","Poisoned Stab+1","Choke"],"picked":"SKIP","floor":23.0},{"not_picked":["Riddle With Holes+1","Deflect+1","Crippling Poison"],"picked":"Calculated Gamble","floor":25.0},{"not_picked":["REME_LeechingPoison","Finisher","Dodge and Roll","REME_ShadowForm"],"picked":"SKIP","floor":31.0},{"not_picked":["PiercingWail","Bane","Quick Slash","Outmaneuver"],"picked":"SKIP","floor":35.0},{"not_picked":["Cloak And Dagger+1","Bullet Time","Wraith Form v2"],"picked":"After Image","floor":36.0},{"not_picked":["Underhanded Strike","Bullet Time","Acrobatics","Dagger Spray"],"picked":"SKIP","floor":38.0},{"not_picked":["PiercingWail","Prepared","Outmaneuver","Bouncing Flask"],"picked":"SKIP","floor":39.0},{"not_picked":["Accuracy+1","Expertise","Dodge and Roll"],"picked":"Burst","floor":44.0},{"not_picked":["Crippling Poison+1","Escape Plan","Deadly Poison","Poisoned Stab"],"picked":"SKIP","floor":46.0},{"not_picked":["Prepared","Deadly Poison","Deflect+1","Quick Slash+1"],"picked":"SKIP","floor":47.0},{"not_picked":["Unload","Poisoned Stab","Riddle With Holes+1","Concentrate+1"],"picked":"SKIP","floor":55}],"player_experience":465947,"relics_obtained":[{"floor":6.0,"key":"Question Card"},{"floor":8.0,"key":"Lantern"},{"floor":10.0,"key":"Whetstone"},{"floor":23.0,"key":"Thread and Needle"},{"floor":25.0,"key":"Turnip"},{"floor":26.0,"key":"PreservedInsect"},{"floor":31.0,"key":"Strawberry"},{"floor":43.0,"key":"MawBank"},{"floor":43.0,"key":"Nunchaku"},{"floor":55,"key":"REME_PuzzleBoxRelic"}],"event_choices":[{"cards_removed":["Deflect"],"damage_healed":0.0,"max_hp_gain":0.0,"max_hp_loss":0.0,"gold_gain":0.0,"event_name":"Purifier","player_choice":"Purged","floor":14.0,"gold_loss":0.0,"damage_taken":0.0},{"damage_healed":0.0,"max_hp_gain":0.0,"max_hp_loss":0.0,"gold_gain":0.0,"event_name":"Addict","player_choice":"Obtained Relic","floor":21.0,"gold_loss":85.0,"damage_taken":0.0,"relics_obtained":["Ancient Tea Set"]},{"damage_healed":0.0,"max_hp_gain":0.0,"max_hp_loss":0.0,"gold_gain":0.0,"event_name":"N\u0027loth","player_choice":"Traded Relic","floor":27.0,"relics_lost":["Turnip"],"gold_loss":0.0,"damage_taken":0.0,"relics_obtained":["Nloth\u0027s Gift"]},{"damage_healed":0.0,"max_hp_gain":0.0,"max_hp_loss":0.0,"gold_gain":0.0,"event_name":"FaceTrader","player_choice":"Trade","floor":28.0,"gold_loss":0.0,"damage_taken":0.0,"relics_obtained":["SsserpentHead"]},{"damage_healed":0.0,"max_hp_gain":5.0,"max_hp_loss":0.0,"gold_gain":0.0,"event_name":"Forgotten Altar","player_choice":"Shed Blood","floor":30.0,"gold_loss":0.0,"damage_taken":26.0},{"damage_healed":0.0,"max_hp_gain":0.0,"max_hp_loss":0.0,"gold_gain":0.0,"event_name":"MindBloom","player_choice":"Upgrade","floor":41.0,"gold_loss":0.0,"damage_taken":0.0,"cards_upgraded":["Survivor","Neutralize","Prepared","Acrobatics","Escape Plan","Well Laid Plans","REME_SpectralBlade","REME_GreenPollution","Acrobatics","REME_GreenPollution","After Image","Sadistic Nature"],"relics_obtained":["Mark of the Bloom"]}],"is_beta":false,"boss_relics":[{"not_picked":["Busted Crown","WristBlade"],"picked":"SlaversCollar"},{"not_picked":["REME_DuelDisc","Velvet Choker"],"picked":"Sozu"}],"items_purged_floors":[7,12,15],"is_endless":false,"potions_floor_spawned":[2,5,10,11,13,19,23,31,33,39,44,46],"killed_by":"The Heart","ascension_level":20}}