{"host":"heot42mtselsoupx","time":1610786193,"event":{"mods":["ATMod(°¢èªMod)","BaseMod","Minty Spire (QoL Compilation)","Quick Restart","StSLib","¡¾ÒÅÎï¿¨ÅÆ¡¿REMEMod"],"gold_per_floor":[115,115,44,219,219,219,240,271,271,41,59,59,59,7,7,210,210,223,223,223,257,270,270,306,379,379,16,65,260,260,424,424,574,574,618,421,421,569,667,667,760,800,812,1157,1286,1401,1508,1520,1532,1249],"floor_reached":51,"language":"ZHS","playtime":5430,"items_purged":["Doubt","Defend_G"],"score":931,"play_id":"0d0b61ce-7e76-4b5d-92a6-4e19031e75d9","local_time":"20210116163633","is_ascension_mode":false,"campfire_choices":[{"data":"Cloak And Dagger","floor":6,"key":"SMITH"},{"data":"REME_WheelOfFate","floor":13,"key":"SMITH"},{"data":"Accuracy","floor":15,"key":"SMITH"},{"floor":23,"key":"REST"},{"floor":30,"key":"REST"},{"floor":32,"key":"REST"},{"data":"AT_KingSlayer","floor":40,"key":"SMITH"},{"data":"Phantasmal Killer","floor":49,"key":"SMITH"}],"circlet_count":0,"master_deck":["Strike_G","Strike_G","Strike_G","Strike_G","Defend_G","Defend_G","Defend_G","Defend_G+1","Survivor","Neutralize","REME_WheelOfFate+1","AT_KingSlayer+1","Cloak And Dagger+1","Accuracy+1","Cloak And Dagger","Escape Plan","REME_ShadowStrike","PiercingWail","Phantasmal Killer+1","Slice","Choke","Accuracy+1","Blade Dance","Backflip","REME_WheelOfFate+1","Dodge and Roll","Cloak And Dagger+1","Distraction","A Thousand Cuts","Burst","Terror","Terror","REME_WheelOfFate+1"],"relics":["Ring of the Snake","REME_ComplimentaryCards","AT_ATBox","Anchor","Du-Vu Doll","AT_DeathDance","AT_RedTearstoneRing","Black Star","Red Mask","Snake Skull","Pen Nib","AT_MibuBalloonWealth","AT_BladeRuinedKing","Membership Card","Bag of Preparation","Dream Catcher","Unceasing Top","War Paint","Lantern","Question Card","AT_TrinityForce","REME_OnlineShoppingPlatform","Boot","Centennial Puzzle","AT_BellDemon","REME_PuzzleBoxRelic","MawBank","AT_BellowingDragoncrestRing","Bronze Scales","StoneCalendar"],"acts_visited":["Exordium","TheCity","TheBeyond"],"potions_floor_usage":[16,24,24,28,31,33,41,41,46,46,50,50,50,50,50,50,50,50,50,50,50,50,50,50,50,50],"damage_taken":[{"damage":3,"enemies":"Cultist","floor":1,"turns":6},{"damage":1,"enemies":"Small Slimes","floor":7,"turns":3},{"damage":41,"enemies":"3 Sentries","floor":8,"turns":11},{"damage":0,"enemies":"Jaw Worm","floor":11,"turns":1},{"damage":3,"enemies":"Hexaghost","floor":16,"turns":8},{"damage":4,"enemies":"3 Byrds","floor":18,"turns":7},{"damage":11,"enemies":"Masked Bandits","floor":21,"turns":4},{"damage":22,"enemies":"Spheric Guardian","floor":22,"turns":5},{"damage":0,"enemies":"Gremlin Leader","floor":24,"turns":2},{"damage":4,"enemies":"Centurion and Healer","floor":25,"turns":7},{"damage":0,"enemies":"Snake Plant","floor":28,"turns":2},{"damage":17,"enemies":"Slavers","floor":29,"turns":4},{"damage":31,"enemies":"Gremlin Leader","floor":31,"turns":7},{"damage":45,"enemies":"Champ","floor":33,"turns":8},{"damage":8,"enemies":"Orb Walker","floor":35,"turns":3},{"damage":0,"enemies":"3 Darklings","floor":38,"turns":2},{"damage":6,"enemies":"Jaw Worm Horde","floor":39,"turns":4},{"damage":2,"enemies":"Reptomancer","floor":41,"turns":3},{"damage":0,"enemies":"Maw","floor":42,"turns":1},{"damage":0,"enemies":"4 Shapes","floor":45,"turns":1},{"damage":0,"enemies":"3 Darklings","floor":46,"turns":2},{"damage":0,"enemies":"2 Orb Walkers","floor":47,"turns":2},{"damage":0,"enemies":"Time Eater","floor":50,"turns":1}],"seed_played":"4444296907293436181","potions_obtained":[{"floor":7,"key":"Strength Potion"},{"floor":16,"key":"CultistPotion"},{"floor":21,"key":"DuplicationPotion"},{"floor":22,"key":"DistilledChaos"},{"floor":24,"key":"GamblersBrew"},{"floor":31,"key":"Dexterity Potion"}],"is_trial":false,"path_per_floor":["M","?","$","?","?","R","M","E","T","$","M","?","R","$","R","B",null,"M","?","?","?","M","R","E","M","T","$","M","E","R","E","R","B",null,"M","$","?","M","M","R","E","M","T","?","M","M","?","?","R","B",null],"character_chosen":"THE_SILENT","items_purchased":["Accuracy","AT_RedTearstoneRing","PiercingWail","Membership Card","REME_WheelOfFate","Bag of Preparation","DistilledChaos","REME_OnlineShoppingPlatform","Boot"],"campfire_rested":3,"item_purchase_floors":[3,10,14,27,27,27,27,36,36],"current_hp_per_floor":[67,60,60,60,60,60,59,18,18,18,18,18,18,18,18,15,65,61,61,61,50,28,47,47,43,43,43,43,26,45,14,33,8,65,57,57,57,57,51,51,49,49,49,49,49,49,49,49,49,49],"gold":1261,"neow_bonus":"THREE_RARE_CARDS","is_daily":false,"chose_seed":false,"campfire_upgraded":5,"win_rate":0.0,"timestamp":1610786193,"path_taken":["M","?","$","?","?","R","M","E","T","?","?","?","R","$","R","BOSS","M","?","?","?","M","R","E","M","T","?","?","E","R","E","R","BOSS","M","$","?","M","M","R","E","M","T","?","M","M","?","?","R","BOSS"],"items_purchased_type":["Card","Relic","Card","Relic","Card","Relic","Potion","Relic","Relic"],"build_version":"2020-12-22","purchased_purges":2,"victory":true,"max_hp_per_floor":[70,70,70,70,65,65,65,65,65,65,65,65,65,65,65,65,65,65,65,65,65,65,65,65,65,65,65,65,65,65,65,65,65,65,65,65,65,65,65,65,65,65,65,65,65,65,65,65,65,65],"card_choices":[{"not_picked":["Night Terror","Malaise"],"picked":"AT_KingSlayer","floor":0},{"not_picked":["Deflect","AT_ShadowStep"],"picked":"Cloak And Dagger","floor":1},{"not_picked":["Dodge and Roll","Outmaneuver"],"picked":"Cloak And Dagger","floor":7},{"not_picked":["Dodge and Roll","AT_ShadowStep"],"picked":"Escape Plan","floor":8},{"not_picked":["Skewer","Prepared"],"picked":"REME_ShadowStrike","floor":11},{"not_picked":["Tools of the Trade","Grand Finale"],"picked":"Phantasmal Killer","floor":16},{"not_picked":["Sucker Punch","Acrobatics"],"picked":"Slice","floor":18},{"not_picked":["Skewer","Slice"],"picked":"Accuracy+1","floor":21},{"not_picked":["AT_WindFlip","Underhanded Strike"],"picked":"Blade Dance","floor":22},{"not_picked":["Setup","AT_TinkerSharpsword"],"picked":"Backflip","floor":24},{"not_picked":["Sucker Punch","Predator","Prepared"],"picked":"SKIP","floor":25},{"not_picked":["AT_WindFlip","Dodge and Roll","AT_WindRun"],"picked":"SKIP","floor":28},{"not_picked":["Slice+1","Deflect"],"picked":"Dodge and Roll","floor":29},{"not_picked":["Dagger Throw","Reflex"],"picked":"Cloak And Dagger+1","floor":30},{"not_picked":["AT_MyraUnstableElement","Underhanded Strike"],"picked":"Distraction","floor":31},{"not_picked":["Wraith Form v2","Night Terror","Envenom"],"picked":"A Thousand Cuts","floor":33},{"not_picked":["Poisoned Stab+1","Acrobatics","Quick Slash+1","Dagger Throw+1"],"picked":"SKIP","floor":35},{"not_picked":["Backstab","Bouncing Flask+1","Caltrops+1","AT_KneejerkReflex+1"],"picked":"SKIP","floor":38},{"not_picked":["Escape Plan","REME_GreenPollution","AT_ArcaneSupremacy"],"picked":"Burst","floor":39},{"not_picked":["Acrobatics","Blade Dance","Deflect"],"picked":"Terror","floor":41},{"not_picked":["AT_WindRun","Backstab+1","Underhanded Strike","REME_ShadowStrike+1"],"picked":"SKIP","floor":42},{"not_picked":["Bane+1","Concentrate","Glass Knife","Reflex+1"],"picked":"SKIP","floor":45},{"not_picked":["Sucker Punch","Dodge and Roll+1","AT_ShadowStep+1"],"picked":"Terror","floor":46}],"player_experience":216032,"relics_obtained":[{"floor":8,"key":"Du-Vu Doll"},{"floor":9,"key":"AT_DeathDance"},{"floor":21,"key":"Red Mask"},{"floor":24,"key":"Pen Nib"},{"floor":24,"key":"AT_MibuBalloonWealth"},{"floor":26,"key":"AT_BladeRuinedKing"},{"floor":29,"key":"Dream Catcher"},{"floor":29,"key":"Unceasing Top"},{"floor":31,"key":"Lantern"},{"floor":31,"key":"Question Card"},{"floor":41,"key":"AT_BellDemon"},{"floor":41,"key":"REME_PuzzleBoxRelic"},{"floor":43,"key":"AT_BellowingDragoncrestRing"},{"floor":47,"key":"StoneCalendar"}],"event_choices":[{"cards_removed":["Writhe"],"damage_healed":0,"gold_gain":0,"player_choice":"Card Removal","damage_taken":7,"max_hp_gain":0,"max_hp_loss":0,"event_name":"Golden Wing","floor":2,"gold_loss":0},{"damage_healed":0,"gold_gain":175,"player_choice":"AGREE","damage_taken":0,"max_hp_gain":0,"max_hp_loss":0,"event_name":"Liars Game","floor":4,"gold_loss":0,"cards_obtained":["Doubt"]},{"damage_healed":0,"gold_gain":0,"player_choice":"Lose Max HP","damage_taken":0,"relics_obtained":["Golden Idol"],"max_hp_gain":0,"max_hp_loss":5,"event_name":"Golden Idol","floor":5,"gold_loss":0},{"damage_healed":0,"gold_gain":0,"player_choice":"Ignored","damage_taken":0,"max_hp_gain":0,"max_hp_loss":0,"event_name":"Shining Light","floor":12,"gold_loss":0},{"damage_healed":0,"gold_gain":0,"player_choice":"Ignored","damage_taken":0,"max_hp_gain":0,"max_hp_loss":0,"event_name":"Ghosts","floor":19,"gold_loss":0},{"damage_healed":0,"gold_gain":0,"player_choice":"Read","damage_taken":0,"max_hp_gain":0,"max_hp_loss":0,"event_name":"The Library","floor":20,"gold_loss":0,"cards_obtained":["Choke"]},{"damage_healed":0,"gold_gain":0,"player_choice":"Fought Bandits","damage_taken":0,"max_hp_gain":0,"max_hp_loss":0,"event_name":"Masked Bandits","floor":21,"gold_loss":0},{"cards_removed":["Strike_G"],"damage_healed":0,"gold_gain":0,"player_choice":"Removed Attack","damage_taken":0,"max_hp_gain":0,"max_hp_loss":0,"event_name":"Falling","floor":37,"gold_loss":0},{"damage_healed":0,"gold_gain":333,"player_choice":"Gave Idol","damage_taken":0,"max_hp_gain":0,"max_hp_loss":0,"event_name":"The Moai Head","floor":44,"relics_lost":["Golden Idol"],"gold_loss":0},{"damage_healed":0,"gold_gain":0,"player_choice":"Fight","damage_taken":0,"max_hp_gain":0,"max_hp_loss":0,"event_name":"Mysterious Sphere","floor":47,"gold_loss":0},{"damage_healed":0,"gold_gain":0,"player_choice":"Copied","damage_taken":0,"max_hp_gain":0,"max_hp_loss":0,"event_name":"Duplicator","floor":48,"gold_loss":0,"cards_obtained":["REME_WheelOfFate"]}],"is_beta":false,"boss_relics":[{"not_picked":["Coffee Dripper","Fusion Hammer"],"picked":"Black Star"},{"not_picked":["Astrolabe","SlaversCollar"],"picked":"AT_TrinityForce"}],"items_purged_floors":[10,36],"is_endless":false,"potions_floor_spawned":[7,16,21,22,24,31,39,41,46,47],"ascension_level":0}}