{"host":"ecuvtzmejf7hhjpv","time":1610828375,"event":{"mods":["AchievementEnabler","Act Like it!","Aspiration","BaseMod","Better Altar","Better Match","Better Note","Better Sensory Stone","Better Skull","Better Third Choice","BetterRewards","Conspire","Custom Start","Gensokyo","GifTheSpireLib","Hallownest","Hermit","Hubris","Kratos Character Expansion","Luminous","Marisa????????","Minty Spire (QoL Compilation)","Prisma Mod","Remilia??????","Replay The Spire","Robot Space Explorer","Spicy Shops","StSLib","The Animator","The Blackbeard","The Bug Knight","The Construct","The Cursed","The Disciple","The Dragon Tamer","The Forsaken","The Hierophant","The Jungle","The Marked","The Necromancer","The Poker Player","The Wild Card","TheSwordswoman"],"gold_per_floor":[118,9,9,9,9,35,35,62,62,82,95,110,127,127,127,223,223,243,342,132,132,145,178,190,207,207,227,56,83,83,126,126,222,222,313,403,497,591,686,792,409,409,487,487,590,590,590,683,81,169,169,169,169,169,1,101,101],"floor_reached":58,"language":"ENG","playtime":2614,"items_purged":[],"score":1794,"play_id":"8bfdc627-04f9-43b9-9a65-4741ef4ed034","local_time":"20210116141935","is_ascension_mode":false,"metric_token":2771,"campfire_choices":[{"floor":7,"key":"REST"},{"floor":15,"key":"REST"},{"data":"DTMod:Training","floor":30,"key":"SMITH"},{"floor":32,"key":"RECALL"},{"data":"DTMod:DarkBreath","floor":42,"key":"SMITH"},{"data":"DTMod:HeatWave","floor":51,"key":"SMITH"},{"data":"Master of Strategy","floor":54,"key":"SMITH"}],"dtmod_dragon_data":[47,50,1,4,12,7],"circlet_count":0,"master_deck":["DTMod:Strike","DTMod:Strike","DTMod:Strike+1","DTMod:DoubleHit+1","DTMod:TargetDefense","DTMod:TargetDefense+1","DTMod:TargetDefense+1","DTMod:TargetDefense","DTMod:SwitchingTactic+1","DTMod:TagTeam+1","DTMod:SneakAttack","DTMod:QuickFly","DTMod:InvisibleFlame+1","DTMod:Cover+1","DTMod:DarkBreath+1","DTMod:HeatWave+1","DTMod:StunTrap+1","DTMod:CrossStep+1","DTMod:MagiciansMark","DTMod:Observe","DTMod:HeadStart","CurseOfTheBell","DTMod:FlameSlash+1","Panache+1","ReplayTheSpireMod:Brewmster+1","Mayhem+1","DTMod:Weaken","DTMod:RecklessFlurry","DTMod:Training+1","DTMod:TagTeam","DTMod:DragonDance+1","DTMod:InvisibleFlame+1","DTMod:Astonish","DTMod:ResonanceForm+1","DTMod:Cover+1","DTMod:Observe+1","DTMod:ResonanceForm+1","DTMod:CleansingStrike+1","DTMod:LightShield+1","DTMod:CrossStep+1","DTMod:Training","ReplayUltimateDefense+1","Dramatic Entrance","DTMod:QuickFly+1","DTMod:ForkedFire","DTMod:WarmUp+1","Master of Strategy+1","DTMod:InvisibleFlame+1","DTMod:InvisibleFlame+1","Deep Breath"],"relics":["DTMod:PactStone","Boot","Vajra","hubris:ToyBattleship","Membership Card","Frozen Egg 2","Gremlin Food","Whetstone","Replay:Mystery Machine","Pear","Calling Bell","DTMod:AncientBone","Ice Cream","Replay:Rubber Ducky","HandDrill","ReplayFunnel","ReplayTheSpireMod:ShopPack","Blue Candle","DTMod:TacticalNote","Replay:Ringing Soul","StoneCalendar","Coffee Dripper","conspire:Flyswatter","Bird Faced Urn","Guide Book","Bag of Preparation","Replay:Bottled Snecko","hubris:PeanutButter","PreservedInsect","War Paint","Frozen Eye","Mirror","DTMod:MindBender","ReplayTheSpireMod:Lightbulb","Pen Nib"],"acts_visited":["Exordium","TheCity","TheBeyond","TheEnding"],"potions_floor_usage":[6,22,23,23,23,23,24,24,25,27,29,31,31,33,33,33,33,33,33,36,36,37,39,40,40,40,45,57,57,57,57,57,57],"damage_taken":[{"damage":4,"enemies":"conspire:RoseBush","floor":1,"turns":3},{"damage":15,"enemies":"HollowMod:MossKnight","floor":6,"turns":9},{"damage":8,"enemies":"Lagavulin","floor":8,"turns":5},{"damage":0,"enemies":"Cultist","floor":10,"turns":3},{"damage":0,"enemies":"2 Louse","floor":11,"turns":2},{"damage":0,"enemies":"Exordium Thugs","floor":12,"turns":3},{"damage":0,"enemies":"Red Slaver","floor":13,"turns":4},{"damage":1,"enemies":"Slime Boss","floor":16,"turns":6},{"damage":0,"enemies":"Chosen","floor":18,"turns":4},{"damage":0,"enemies":"conspire:FuzzyDice","floor":22,"turns":5},{"damage":0,"enemies":"Replay:Snechameleon","floor":23,"turns":8},{"damage":0,"enemies":"Snecko","floor":24,"turns":6},{"damage":0,"enemies":"3 Cultists","floor":25,"turns":2},{"damage":0,"enemies":"Centurion and Healer","floor":27,"turns":5},{"damage":0,"enemies":"Book of Stabbing","floor":29,"turns":5},{"damage":0,"enemies":"conspire:MimicChest","floor":31,"turns":5},{"damage":0,"enemies":"Champ","floor":33,"turns":6},{"damage":0,"enemies":"3 Shapes","floor":35,"turns":3},{"damage":0,"enemies":"3 Darklings","floor":36,"turns":5},{"damage":0,"enemies":"4 Shapes","floor":37,"turns":4},{"damage":0,"enemies":"Writhing Mass","floor":38,"turns":4},{"damage":0,"enemies":"Transient","floor":39,"turns":5},{"damage":0,"enemies":"Reptomancer","floor":40,"turns":6},{"damage":0,"enemies":"Giant Head","floor":45,"turns":5},{"damage":0,"enemies":"Jaw Worm Horde","floor":48,"turns":3},{"damage":0,"enemies":"3 Darklings","floor":50,"turns":2},{"damage":0,"enemies":"Donu and Deca","floor":52,"turns":6},{"damage":0,"enemies":"Shield and Spear","floor":56,"turns":2},{"damage":0,"enemies":"The Heart","floor":57,"turns":5}],"seed_played":"178604091107734331","potions_obtained":[{"floor":12,"key":"AttackPotion"},{"floor":13,"key":"construct:ShiftPotion"},{"floor":16,"key":"GamblersBrew"},{"floor":22,"key":"Swift Potion"},{"floor":24,"key":"AttackPotion"},{"floor":25,"key":"SkillPotion"},{"floor":29,"key":"Swift Potion"},{"floor":31,"key":"Adrenaline Potion"},{"floor":35,"key":"SteroidPotion"},{"floor":38,"key":"Fire Potion"},{"floor":40,"key":"Regen Potion"},{"floor":48,"key":"SpeedPotion"},{"floor":50,"key":"Reflective Coating"}],"is_trial":false,"path_per_floor":["M","$","?","?","?","E","R","E","T","M","M","M","M","?","R","B",null,"M","?","$","?","M","E","M","M","T","M","$","E","R","?","R","B",null,"M","M","M","M","M","E","$","R","T","?","E","PTL","PTL","M","$","M","R","B",null,"R","$","E","B",null],"character_chosen":"THE_DT","items_purchased":["Boot","DTMod:TagTeam+1","DTMod:SneakAttack","Vajra","hubris:ToyBattleship","Membership Card","Frozen Egg 2","DTMod:ForkedFire","PowerPotion","DTMod:InvisibleFlame+1","Gremlin Food","HandDrill","ReplayFunnel","ReplayTheSpireMod:ShopPack","DTMod:TacticalNote","DTMod:InvisibleFlame+1","Bird Faced Urn","Guide Book","DTMod:CrossStep+1","DTMod:Training","Bag of Preparation","DTMod:WarmUp+1","PreservedInsect","War Paint","Frozen Eye","Mirror","DTMod:MindBender","Master of Strategy","ReplayTheSpireMod:Lightbulb","DTMod:InvisibleFlame+1","Deep Breath"],"campfire_rested":2,"item_purchase_floors":[0,0,0,0,0,0,0,0,0,2,2,20,20,20,28,28,41,41,41,41,41,49,49,49,49,49,49,49,55,55,55],"current_hp_per_floor":[19,19,19,19,19,4,17,9,19,19,19,19,19,19,35,34,55,55,55,55,55,55,55,55,55,55,55,55,55,55,58,58,61,61,61,64,67,70,73,76,79,79,79,82,85,85,85,88,91,91,91,91,91,91,94,94,94],"gold":101,"neow_bonus":"","is_daily":false,"chose_seed":false,"campfire_upgraded":4,"win_rate":0.0,"timestamp":1610828375,"path_taken":["M","$","?","?","?","E","R","E","T","M","?","M","M","?","R","BOSS","M","?","$","?","M","E","M","M","T","?","$","E","R","?","R","BOSS","M","M","M","M","M","E","$","R","T","?","E","PTL","PTL","M","$","M","R","BOSS","R","$","E","BOSS"],"items_purchased_type":["Relic","Card","Card","Relic","Relic","Relic","Relic","Card","Potion","Card","Relic","Relic","Relic","Relic","Relic","Card","Relic","Relic","Card","Card","Relic","Card","Relic","Relic","Relic","Relic","Relic","Card","Relic","Card","Card"],"build_version":"2020-12-22","purchased_purges":0,"victory":true,"max_hp_per_floor":[45,45,45,45,45,45,45,45,55,55,55,55,55,55,55,55,55,55,55,55,55,55,55,55,55,55,55,55,55,55,58,58,61,61,61,64,67,70,73,76,79,79,79,82,85,85,85,88,91,91,91,91,91,91,94,94,94],"card_choices":[{"not_picked":["DTMod:FlameSlash","DTMod:LastStand"],"picked":"DTMod:QuickFly","floor":1},{"not_picked":["DTMod:BlazingStrike","DTMod:MasterPlan"],"picked":"DTMod:DarkBreath","floor":6},{"not_picked":["DTMod:BuildUp","DTMod:Punisher"],"picked":"DTMod:HeatWave","floor":8},{"not_picked":["DTMod:BurningEnergy","DTMod:QuickFly"],"picked":"DTMod:StunTrap","floor":10},{"not_picked":["DTMod:BlazingStrike","DTMod:Weaken"],"picked":"DTMod:CrossStep+1","floor":11},{"not_picked":["DTMod:Overwhelm","DTMod:Hide"],"picked":"DTMod:MagiciansMark","floor":12},{"not_picked":["DTMod:BurningEnergy","DTMod:Cover"],"picked":"DTMod:Observe","floor":13},{"not_picked":["DTMod:GearUp","DTMod:LightShield"],"picked":"DTMod:HeadStart","floor":16},{"not_picked":["DTMod:MagicField","DTMod:Feint"],"picked":"DTMod:FlameSlash+1","floor":18},{"not_picked":["ReplayTheSpireMod:Necrogeddon","Secret Technique"],"picked":"Panache","floor":20},{"not_picked":["Transmutation","Flash of Steel"],"picked":"ReplayTheSpireMod:Brewmster","floor":20},{"not_picked":["ReplayTheSpireMod:Trickstab","Thinking Ahead"],"picked":"Mayhem","floor":20},{"not_picked":["DTMod:FlameSlash","DTMod:Hide"],"picked":"DTMod:Weaken","floor":22},{"not_picked":["DTMod:MasterPlan","DTMod:PurifyingFlame"],"picked":"DTMod:RecklessFlurry","floor":23},{"not_picked":["DTMod:BuildUp","DTMod:MagicField+1"],"picked":"DTMod:Training","floor":24},{"not_picked":["DTMod:RecklessFlurry","DTMod:Coolant"],"picked":"DTMod:TagTeam","floor":25},{"not_picked":["DTMod:MasterPlan+1","DTMod:DeepFocus"],"picked":"DTMod:DragonDance+1","floor":27},{"not_picked":["DTMod:BuildUp","DTMod:BurningEnergy+1","DTMod:TagTeam"],"picked":"SKIP","floor":29},{"not_picked":["DTMod:Weaken","DTMod:Hide+1"],"picked":"DTMod:Astonish","floor":31},{"not_picked":["DTMod:RepeatStrike","DTMod:GearUp"],"picked":"DTMod:ResonanceForm+1","floor":33},{"not_picked":["DTMod:Astonish+1","DTMod:Hide","DTMod:BizarreTactic"],"picked":"SKIP","floor":35},{"not_picked":["DTMod:RecklessFlurry+1","DTMod:Hide"],"picked":"DTMod:Cover+1","floor":36},{"not_picked":["DTMod:CleansingStrike","DTMod:Hide+1"],"picked":"DTMod:Observe","floor":37},{"not_picked":["DTMod:HeatWave+1","DTMod:MaximumCharge"],"picked":"DTMod:ResonanceForm+1","floor":38},{"not_picked":["DTMod:BizarreTactic","DTMod:Hide"],"picked":"DTMod:CleansingStrike+1","floor":39},{"not_picked":["DTMod:RecklessFlurry","DTMod:Feint+1"],"picked":"DTMod:LightShield","floor":40},{"not_picked":["Metamorphosis","Specialist+1"],"picked":"ReplayUltimateDefense+1","floor":44},{"not_picked":["Sadistic Nature+1","Bandage Up"],"picked":"Dramatic Entrance","floor":44},{"not_picked":["DTMod:Weaken+1","DTMod:CleansingStrike+1"],"picked":"DTMod:QuickFly+1","floor":45},{"not_picked":["DTMod:FlameSlash+1","DTMod:ShieldDrain+1"],"picked":"DTMod:ForkedFire","floor":48},{"not_picked":["DTMod:Hide+1","DTMod:MagiciansMark","DTMod:CleansingStrike+1"],"picked":"SKIP","floor":50},{"not_picked":["DTMod:HeatWave","DTMod:DarkBreath","DTMod:ShieldDrain"],"picked":"SKIP","floor":56}],"player_experience":959287,"relics_obtained":[{"floor":6,"key":"Whetstone"},{"floor":8,"key":"Replay:Mystery Machine"},{"floor":9,"key":"Pear"},{"floor":17,"key":"DTMod:AncientBone"},{"floor":17,"key":"Ice Cream"},{"floor":17,"key":"Replay:Rubber Ducky"},{"floor":23,"key":"Blue Candle"},{"floor":29,"key":"Replay:Ringing Soul"},{"floor":31,"key":"StoneCalendar"},{"floor":40,"key":"conspire:Flyswatter"},{"floor":43,"key":"Replay:Bottled Snecko"},{"floor":45,"key":"hubris:PeanutButter"},{"floor":56,"key":"Pen Nib"}],"event_choices":[{"damage_healed":0,"gold_gain":0,"player_choice":"Leave","damage_taken":0,"max_hp_gain":0,"max_hp_loss":0,"event_name":"conspire:Investor","floor":3,"gold_loss":0},{"damage_healed":0,"gold_gain":0,"player_choice":"Ignored","damage_taken":0,"max_hp_gain":0,"max_hp_loss":0,"event_name":"betterNote:BetterNote","floor":5,"gold_loss":0,"cards_obtained":["Strike_G"]},{"damage_healed":0,"gold_gain":99,"player_choice":"Steal","damage_taken":0,"max_hp_gain":0,"max_hp_loss":0,"event_name":"betterThird:BetterNest","floor":19,"gold_loss":0},{"cards_removed":["DTMod:Strike"],"damage_healed":0,"gold_gain":0,"player_choice":"Purged","damage_taken":0,"max_hp_gain":0,"max_hp_loss":0,"event_name":"Purifier","floor":21,"gold_loss":0},{"damage_healed":0,"gold_gain":3,"player_choice":"1","damage_taken":0,"max_hp_gain":0,"max_hp_loss":0,"event_name":"betterStone:BetterStone","floor":44,"gold_loss":0}],"is_beta":false,"boss_relics":[{"not_picked":["Philosopher\u0027s Stone","Tiny House"],"picked":"Calling Bell"},{"not_picked":["Snecko Heart","Sozu"],"picked":"Coffee Dripper"}],"items_purged_floors":[],"is_endless":false,"potions_floor_spawned":[12,13,16,22,24,25,29,31,35,38,40,48,50],"ascension_level":0}}