{"host":"dftyqn972q7tuon4","time":1610838341,"event":{"mods":["AchievementEnabler","BaseMod","Better Altar","Better Match","Better Note","Better Sensory Stone","Better Skull","Better Third Choice","Colored Powertips","Highlight Path","Minty Spire (QoL Compilation)","Permanent Neow","Quick Restart","StSLib"],"gold_per_floor":[110,129,129,129,140,175,175,185,185,185,215,215,231,249,249,349,349,363,363,278,293,293,293,320,320,368,403,421,448,28,44,44,143,143,155,55,55,72,89,130,130,130,156,194,194,194,228,251,251,251,251],"floor_reached":50,"language":"ENG","playtime":3847,"items_purged":["Strike_G","Strike_G"],"score":935,"play_id":"5378e9ac-5514-4623-aed2-74a986825c56","local_time":"20210117000541","is_ascension_mode":true,"campfire_choices":[{"floor":7.0,"key":"REST"},{"floor":10.0,"key":"REST"},{"floor":12.0,"key":"REST"},{"data":"Burst","floor":15.0,"key":"SMITH"},{"floor":23.0,"key":"REST"},{"floor":25.0,"key":"REST"},{"floor":32.0,"key":"REST"},{"floor":42.0,"key":"REST"},{"data":"Neutralize","floor":45.0,"key":"SMITH"},{"data":"Slice","floor":49,"key":"SMITH"}],"circlet_count":0,"master_deck":["AscendersBane","Strike_G+1","Strike_G+1","Defend_G+1","Defend_G+1","Defend_G+1","Defend_G+1","Defend_G+1","Survivor+1","Neutralize+1","A Thousand Cuts+1","Blade Dance+1","Tactician+1","Well Laid Plans+1","Burst+1","Blur+1","Footwork+1","Venomology+1","Cloak And Dagger+1","Bullet Time+1","Finisher+1","Deflect+1","Footwork+1","Prepared+1","Prepared+1","Caltrops+1","Setup+1","Venomology+1","Cloak And Dagger+1","Concentrate+1","Underhanded Strike+1","Prepared+1","Slice+1","Deadly Poison+1"],"relics":["Ring of the Serpent","Pen Nib","Kunai","Pocketwatch","SacredBark","Nilry\u0027s Codex","Unceasing Top","Tough Bandages","Regal Pillow","Nunchaku","Whetstone","Lantern","Sling","Omamori","CeramicFish","Vajra","Bottled Flame","Mark of the Bloom","Ancient Tea Set"],"acts_visited":["Exordium","TheCity","TheBeyond"],"potions_floor_usage":[47,47,48,48,50,50],"damage_taken":[{"damage":3.0,"enemies":"2 Louse","floor":1.0,"turns":4.0},{"damage":5.0,"enemies":"Cultist","floor":2.0,"turns":4.0},{"damage":6.0,"enemies":"Small Slimes","floor":5.0,"turns":2.0},{"damage":36.0,"enemies":"Gremlin Nob","floor":6.0,"turns":5.0},{"damage":21.0,"enemies":"Exordium Thugs","floor":8.0,"turns":5.0},{"damage":15.0,"enemies":"Lagavulin","floor":11.0,"turns":7.0},{"damage":0.0,"enemies":"Large Slime","floor":13.0,"turns":6.0},{"damage":10.0,"enemies":"Lots of Slimes","floor":14.0,"turns":2.0},{"damage":2.0,"enemies":"Slime Boss","floor":16.0,"turns":11.0},{"damage":25.0,"enemies":"2 Thieves","floor":18.0,"turns":5.0},{"damage":15.0,"enemies":"Spheric Guardian","floor":21.0,"turns":6.0},{"damage":5.0,"enemies":"Slavers","floor":24.0,"turns":4.0},{"damage":30.0,"enemies":"Gremlin Leader","floor":27.0,"turns":6.0},{"damage":0.0,"enemies":"Centurion and Healer","floor":28.0,"turns":7.0},{"damage":2.0,"enemies":"Book of Stabbing","floor":29.0,"turns":6.0},{"damage":0.0,"enemies":"Snecko","floor":31.0,"turns":4.0},{"damage":45.0,"enemies":"Automaton","floor":33.0,"turns":8.0},{"damage":0.0,"enemies":"Orb Walker","floor":35.0,"turns":5.0},{"damage":0.0,"enemies":"3 Shapes","floor":38.0,"turns":5.0},{"damage":0.0,"enemies":"Transient","floor":39.0,"turns":5.0},{"damage":30.0,"enemies":"Nemesis","floor":40.0,"turns":5.0},{"damage":0.0,"enemies":"Reptomancer","floor":44.0,"turns":6.0},{"damage":9,"enemies":"Nemesis","floor":47,"turns":5},{"damage":15,"enemies":"Spire Growth","floor":48,"turns":7},{"damage":60,"enemies":"Time Eater","floor":50,"turns":10}],"seed_played":"1901413470963160973","potions_obtained":[{"floor":6.0,"key":"BlessingOfTheForge"},{"floor":11.0,"key":"Dexterity Potion"},{"floor":13.0,"key":"GamblersBrew"},{"floor":14.0,"key":"AttackPotion"},{"floor":18.0,"key":"SkillPotion"},{"floor":24.0,"key":"Fire Potion"},{"floor":27.0,"key":"CultistPotion"},{"floor":29.0,"key":"ColorlessPotion"},{"floor":33.0,"key":"BlessingOfTheForge"},{"floor":40.0,"key":"EssenceOfSteel"},{"floor":44.0,"key":"Strength Potion"}],"is_trial":false,"path_per_floor":["M","M","?","?","M","E","R","M","T","R","E","R","M","M","R","B",null,"M","?","?","M","?","R","E","R","T","E","M","E","$","M","R","B",null,"M","$","?","M","M","E","?","R","T","E","R","?","E","M","R","B"],"character_chosen":"THE_SILENT","items_purchased":["Sling","Caltrops","Omamori"],"campfire_rested":7,"item_purchase_floors":[30,30,30],"current_hp_per_floor":[60,55,55,55,49,13,34,13,13,34,19,40,40,30,30,28,60,35,19,19,4,4,25,20,56,56,26,26,24,24,24,60,15,56,56,56,56,56,56,26,44,70,70,70,70,70,61,46,46,0,0],"gold":251,"neow_bonus":"THREE_RARE_CARDS","is_daily":false,"chose_seed":false,"campfire_upgraded":3,"win_rate":0.0,"timestamp":1610838341,"path_taken":["M","M","?","?","M","E","R","M","T","R","E","R","?","M","R","BOSS","M","?","?","?","?","R","E","R","T","E","M","E","$","M","R","BOSS","M","$","?","?","M","E","?","R","T","E","R","?","E","M","R","BOSS"],"items_purchased_type":["Relic","Card","Relic"],"build_version":"2020-12-22","purchased_purges":2,"victory":false,"max_hp_per_floor":[70,70,70,70,70,70,70,70,70,70,70,70,70,70,70,70,70,70,70,70,70,70,70,70,70,70,70,70,70,70,70,70,70,70,70,70,70,70,70,70,70,70,70,70,70,70,70,70,70,70,70],"card_choices":[{"not_picked":["Wraith Form v2","Venomology"],"picked":"A Thousand Cuts","floor":0.0},{"not_picked":["Sucker Punch","Dash"],"picked":"Blade Dance","floor":1.0},{"not_picked":["Terror","Riddle With Holes"],"picked":"Tactician","floor":2.0},{"not_picked":["Flying Knee","Noxious Fumes"],"picked":"Well Laid Plans","floor":5.0},{"not_picked":["Cloak And Dagger","Poisoned Stab"],"picked":"Burst","floor":6.0},{"not_picked":["Masterful Stab","Dagger Throw"],"picked":"Blur","floor":8.0},{"not_picked":["Dodge and Roll","PiercingWail"],"picked":"Footwork","floor":11.0},{"not_picked":["Flechettes","Footwork"],"picked":"Venomology","floor":13.0},{"not_picked":["Well Laid Plans","Poisoned Stab"],"picked":"Cloak And Dagger","floor":14.0},{"not_picked":["A Thousand Cuts","Night Terror"],"picked":"Bullet Time","floor":16.0},{"not_picked":["Blur","Outmaneuver"],"picked":"Finisher","floor":18.0},{"not_picked":["Backflip","Quick Slash","Reflex"],"picked":"SKIP","floor":21.0},{"not_picked":["Poisoned Stab","Dodge and Roll"],"picked":"Deflect","floor":24.0},{"not_picked":["Unload","Finisher+1"],"picked":"Footwork","floor":27.0},{"not_picked":["Distraction+1","Footwork"],"picked":"Prepared+1","floor":28.0},{"not_picked":["Noxious Fumes","All Out Attack+1"],"picked":"Prepared","floor":29.0},{"not_picked":["PiercingWail","Endless Agony+1"],"picked":"Setup+1","floor":31.0},{"not_picked":["After Image","Envenom"],"picked":"Venomology","floor":33.0},{"not_picked":["Backstab","Caltrops"],"picked":"Cloak And Dagger+1","floor":35.0},{"not_picked":["Flying Knee","Dagger Spray","Skewer+1"],"picked":"SKIP","floor":38.0},{"not_picked":["PiercingWail+1","Dagger Spray+1"],"picked":"Concentrate+1","floor":39.0},{"not_picked":["Dagger Throw","Sucker Punch"],"picked":"Underhanded Strike+1","floor":40.0},{"not_picked":["Quick Slash","Slice"],"picked":"Prepared+1","floor":44.0},{"not_picked":["Choke","Grand Finale"],"picked":"Slice","floor":47},{"not_picked":["Noxious Fumes+1","Distraction+1"],"picked":"Deadly Poison+1","floor":48}],"player_experience":677796,"relics_obtained":[{"floor":6.0,"key":"Pen Nib"},{"floor":9.0,"key":"Kunai"},{"floor":11.0,"key":"Pocketwatch"},{"floor":19.0,"key":"Nilry\u0027s Codex"},{"floor":24.0,"key":"Regal Pillow"},{"floor":26.0,"key":"Nunchaku"},{"floor":27.0,"key":"Whetstone"},{"floor":29.0,"key":"Lantern"},{"floor":40.0,"key":"CeramicFish"},{"floor":43.0,"key":"Vajra"},{"floor":44.0,"key":"Bottled Flame"},{"floor":47,"key":"Ancient Tea Set"}],"event_choices":[{"cards_removed":["Regret"],"damage_healed":0.0,"max_hp_gain":0.0,"max_hp_loss":0.0,"gold_gain":0.0,"event_name":"Living Wall","player_choice":"Forget","floor":3.0,"gold_loss":0.0,"damage_taken":0.0},{"damage_healed":0.0,"max_hp_gain":0.0,"max_hp_loss":0.0,"gold_gain":0.0,"event_name":"Upgrade Shrine","player_choice":"Upgraded","floor":4.0,"gold_loss":0.0,"damage_taken":0.0,"cards_upgraded":["A Thousand Cuts"]},{"damage_healed":0.0,"max_hp_gain":0.0,"max_hp_loss":0.0,"gold_gain":0.0,"event_name":"Cursed Tome","player_choice":"Obtained Book","floor":19.0,"gold_loss":0.0,"damage_taken":16.0},{"damage_healed":0.0,"max_hp_gain":0.0,"max_hp_loss":0.0,"gold_gain":0.0,"event_name":"Addict","player_choice":"Obtained Relic","floor":20.0,"gold_loss":85.0,"damage_taken":0.0,"relics_obtained":["Unceasing Top"]},{"damage_healed":0.0,"max_hp_gain":0.0,"max_hp_loss":0.0,"gold_gain":0.0,"event_name":"The Mausoleum","player_choice":"Opened","floor":22.0,"gold_loss":0.0,"damage_taken":0.0,"relics_obtained":["Tough Bandages"]},{"cards_removed":["Strike_G"],"damage_healed":0.0,"max_hp_gain":0.0,"max_hp_loss":0.0,"gold_gain":0.0,"event_name":"Bonfire Elementals","player_choice":"Offered Basic","floor":37.0,"gold_loss":0.0,"damage_taken":0.0},{"damage_healed":18.0,"max_hp_gain":0.0,"max_hp_loss":0.0,"gold_gain":0.0,"event_name":"Winding Halls","player_choice":"Writhe","floor":41.0,"gold_loss":0.0,"damage_taken":0.0,"cards_obtained":["Writhe"]},{"damage_healed":0.0,"max_hp_gain":0.0,"max_hp_loss":0.0,"gold_gain":0.0,"event_name":"MindBloom","player_choice":"Upgrade","floor":46.0,"gold_loss":0.0,"damage_taken":0.0,"cards_upgraded":["Strike_G","Defend_G","Defend_G","Defend_G","Defend_G","Defend_G","Survivor","Blade Dance","Tactician","Well Laid Plans","Blur","Footwork","Venomology","Cloak And Dagger","Bullet Time","Deflect","Footwork","Prepared","Caltrops","Venomology"],"relics_obtained":["Mark of the Bloom"]}],"is_beta":false,"boss_relics":[{"not_picked":["Tiny House","Pandora\u0027s Box"],"picked":"SacredBark"},{"not_picked":["Philosopher\u0027s Stone","Velvet Choker"],"picked":"Ring of the Serpent"}],"items_purged_floors":[30,36],"is_endless":false,"potions_floor_spawned":[6,11,13,14,18,24,27,29,33,40,44,48],"killed_by":"Time Eater","ascension_level":10}}