{"host":"yy1cu9q9bsxhflzi","time":1610818617,"event":{"mods":["BaseMod","DeckTracker","Minty Spire (QoL Compilation)","Quick Restart","StSLib","everything is the same but u backflip on backflip"],"gold_per_floor":[109,109,109,129,146,178,198,233,305,331,331,344,364,414,414,491,491,506,240,260,270,280,312,237,152,152,164,196,209,236,255,255,326,326,336,383,401,326,326,326,42,77,77,103,117,117,117,152,152,152,152,152,152,20,46,46],"floor_reached":57,"language":"KOR","playtime":1190,"items_purged":["Deflect"],"score":3794,"play_id":"e2feb70c-915c-4d67-ae32-f6769550cf8a","local_time":"20210117023657","is_ascension_mode":true,"campfire_choices":[{"data":"Tactician","floor":11,"key":"SMITH"},{"data":"Calculated Gamble","floor":15,"key":"SMITH"},{"data":"Reflex","floor":32,"key":"SMITH"},{"data":"Prepared","floor":40,"key":"SMITH"},{"data":"Grand Finale","floor":46,"key":"SMITH"},{"floor":49,"key":"RECALL"},{"data":"Grand Finale","floor":53,"key":"SMITH"}],"circlet_count":0,"master_deck":["Grand Finale+1","Grand Finale+1","Grand Finale","Acrobatics","Backflip","Tactician+1","Calculated Gamble+1","Reflex+1","Blur","Terror+1","Adrenaline","Prepared+1","Deflect+1"],"relics":["Ring of the Snake","Bottled Flame","Bird Faced Urn","Paper Crane","Juzu Bracelet","Gremlin Horn","Snake Skull","Du-Vu Doll","Art of War","Centennial Puzzle","Coffee Dripper","Mango","Toxic Egg 2","The Courier","Eternal Feather","Regal Pillow","Mummified Hand","Toolbox","Ornamental Fan"],"acts_visited":["Exordium","TheCity","TheBeyond","TheEnding"],"potions_floor_usage":[56,56],"damage_taken":[{"damage":0,"enemies":"Small Slimes","floor":1,"turns":1},{"damage":0,"enemies":"Cultist","floor":4,"turns":1},{"damage":0,"enemies":"Jaw Worm","floor":5,"turns":1},{"damage":0,"enemies":"Gremlin Nob","floor":6,"turns":1},{"damage":0,"enemies":"Looter","floor":7,"turns":1},{"damage":0,"enemies":"Lagavulin","floor":8,"turns":1},{"damage":0,"enemies":"3 Sentries","floor":10,"turns":1},{"damage":0,"enemies":"Exordium Wildlife","floor":12,"turns":1},{"damage":0,"enemies":"2 Fungi Beasts","floor":13,"turns":1},{"damage":0,"enemies":"Slime Boss","floor":16,"turns":1},{"damage":0,"enemies":"Shell Parasite","floor":18,"turns":1},{"damage":0,"enemies":"3 Byrds","floor":20,"turns":1},{"damage":0,"enemies":"Sentry and Sphere","floor":21,"turns":1},{"damage":0,"enemies":"Centurion and Healer","floor":22,"turns":1},{"damage":0,"enemies":"Slavers","floor":23,"turns":1},{"damage":0,"enemies":"Shelled Parasite and Fungi","floor":27,"turns":1},{"damage":0,"enemies":"Book of Stabbing","floor":28,"turns":1},{"damage":0,"enemies":"Cultist and Chosen","floor":29,"turns":1},{"damage":0,"enemies":"Slavers","floor":30,"turns":1},{"damage":0,"enemies":"Centurion and Healer","floor":31,"turns":1},{"damage":0,"enemies":"Collector","floor":33,"turns":1},{"damage":0,"enemies":"3 Darklings","floor":35,"turns":1},{"damage":0,"enemies":"2 Orb Walkers","floor":36,"turns":1},{"damage":0,"enemies":"Orb Walker","floor":37,"turns":1},{"damage":0,"enemies":"Giant Head","floor":42,"turns":1},{"damage":0,"enemies":"Nemesis","floor":44,"turns":1},{"damage":0,"enemies":"Writhing Mass","floor":45,"turns":1},{"damage":0,"enemies":"Reptomancer","floor":48,"turns":1},{"damage":0,"enemies":"Donu and Deca","floor":50,"turns":1},{"damage":14,"enemies":"Time Eater","floor":51,"turns":2},{"damage":0,"enemies":"Shield and Spear","floor":55,"turns":1},{"damage":25,"enemies":"The Heart","floor":56,"turns":6}],"seed_played":"1574181100290854512","potions_obtained":[{"floor":1,"key":"BlessingOfTheForge"},{"floor":8,"key":"GhostInAJar"},{"floor":16,"key":"Energy Potion"}],"is_trial":true,"path_per_floor":["M","$","?","M","M","E","M","E","T","E","R","M","M","?","R","B",null,"M","$","M","M","M","E","$","?","T","M","E","M","E","M","R","B",null,"M","?","M","$","?","R","$","E","T","E","M","R","?","E","R","B","B",null,"R","$","E","B",null],"character_chosen":"THE_SILENT","items_purchased":["Gremlin Horn","Well Laid Plans","Toxic Egg 2","Toolbox"],"campfire_rested":0,"item_purchase_floors":[19,24,41,54],"current_hp_per_floor":[59,59,59,59,59,59,59,59,59,59,59,59,59,53,53,53,63,63,63,63,63,63,63,63,63,63,65,66,66,66,66,66,66,66,66,80,80,80,80,80,80,80,80,80,80,80,76,76,76,76,62,73,76,76,76,51],"gold":46,"neow_bonus":"","is_daily":false,"chose_seed":false,"campfire_upgraded":6,"win_rate":0.0,"timestamp":1610818617,"path_taken":["M","$","?","M","M","E","M","E","T","E","R","M","M","?","R","BOSS","M","?","M","M","M","E","$","?","T","M","E","M","E","M","R","BOSS","M","?","M","$","?","R","$","E","T","E","M","R","?","E","R","BOSS","BOSS","R","$","E","BOSS"],"items_purchased_type":["Relic","Card","Relic","Relic"],"build_version":"2020-12-22","purchased_purges":1,"victory":true,"max_hp_per_floor":[66,66,66,66,66,66,66,66,66,66,66,66,66,66,66,66,66,66,66,66,66,66,66,66,66,66,66,66,66,66,66,66,66,66,66,80,80,80,80,80,80,80,80,80,80,80,76,76,76,76,76,76,76,76,76,76],"card_choices":[{"not_picked":["Eviscerate","Noxious Fumes"],"picked":"Acrobatics","floor":1},{"not_picked":["Catalyst","Bane","Sucker Punch"],"picked":"SKIP","floor":4},{"not_picked":["Predator","Quick Slash","Leg Sweep"],"picked":"SKIP","floor":5},{"not_picked":["Bane","Concentrate","Die Die Die"],"picked":"SKIP","floor":6},{"not_picked":["Predator","Poisoned Stab"],"picked":"Backflip","floor":7},{"not_picked":["Sucker Punch","Endless Agony"],"picked":"Tactician","floor":8},{"not_picked":["Leg Sweep","Finisher"],"picked":"Calculated Gamble","floor":10},{"not_picked":["Deadly Poison","Tactician","Heel Hook"],"picked":"SKIP","floor":12},{"not_picked":["Dodge and Roll","Cloak And Dagger"],"picked":"Deflect","floor":13},{"not_picked":["Dagger Spray+1","Distraction","Bane"],"picked":"SKIP","floor":18},{"not_picked":["Slice","Dagger Spray","Deadly Poison"],"picked":"SKIP","floor":20},{"not_picked":["Cloak And Dagger","Dodge and Roll","Skewer"],"picked":"SKIP","floor":21},{"not_picked":["Acrobatics","Heel Hook","Setup+1"],"picked":"SKIP","floor":22},{"not_picked":["Caltrops","Poisoned Stab","Bane"],"picked":"SKIP","floor":23},{"not_picked":["Flying Knee","Cloak And Dagger"],"picked":"Reflex","floor":27},{"not_picked":["Underhanded Strike","Blade Dance","Venomology"],"picked":"SKIP","floor":28},{"not_picked":["Escape Plan","Bane"],"picked":"Blur","floor":29},{"not_picked":["Acrobatics","Eviscerate","Skewer"],"picked":"SKIP","floor":30},{"not_picked":["Sucker Punch","Backstab"],"picked":"Terror+1","floor":31},{"not_picked":["Venomology","Die Die Die"],"picked":"Adrenaline","floor":33},{"not_picked":["Dagger Spray","Blur+1","Accuracy"],"picked":"SKIP","floor":35},{"not_picked":["Backflip","Dagger Spray"],"picked":"Prepared","floor":36},{"not_picked":["Deadly Poison+1","Sucker Punch","Riddle With Holes"],"picked":"SKIP","floor":37},{"not_picked":["Quick Slash","Prepared+1","Caltrops"],"picked":"SKIP","floor":42},{"not_picked":["Crippling Poison+1","Footwork","Caltrops"],"picked":"SKIP","floor":44},{"not_picked":["Predator","Blur+1","Heel Hook"],"picked":"SKIP","floor":45},{"not_picked":["Outmaneuver+1","Calculated Gamble+1","Corpse Explosion+1"],"picked":"SKIP","floor":48},{"not_picked":["Leg Sweep+1","Dodge and Roll+1"],"picked":"Deflect+1","floor":55}],"player_experience":3885424,"relics_obtained":[{"floor":6,"key":"Bottled Flame"},{"floor":8,"key":"Bird Faced Urn"},{"floor":9,"key":"Paper Crane"},{"floor":10,"key":"Juzu Bracelet"},{"floor":23,"key":"Snake Skull"},{"floor":28,"key":"Art of War"},{"floor":30,"key":"Centennial Puzzle"},{"floor":36,"key":"Mango"},{"floor":42,"key":"The Courier"},{"floor":43,"key":"Eternal Feather"},{"floor":44,"key":"Regal Pillow"},{"floor":48,"key":"Mummified Hand"},{"floor":55,"key":"Ornamental Fan"}],"event_choices":[{"damage_healed":0,"gold_gain":0,"player_choice":"Ignored","damage_taken":0,"max_hp_gain":0,"max_hp_loss":0,"event_name":"Transmorgrifier","floor":3,"gold_loss":0},{"damage_healed":0,"gold_gain":50,"player_choice":"Touch","damage_taken":6,"max_hp_gain":0,"max_hp_loss":0,"event_name":"FaceTrader","floor":14,"gold_loss":0},{"damage_healed":0,"gold_gain":0,"player_choice":"Obtained Relic","damage_taken":0,"relics_obtained":["Du-Vu Doll"],"max_hp_gain":0,"max_hp_loss":0,"event_name":"Addict","floor":25,"gold_loss":85},{"damage_healed":0,"gold_gain":0,"player_choice":"Fight","damage_taken":0,"max_hp_gain":0,"max_hp_loss":0,"event_name":"Mysterious Sphere","floor":36,"gold_loss":0},{"cards_removed":["Well Laid Plans"],"damage_healed":0,"gold_gain":0,"player_choice":"Removed Power","damage_taken":0,"max_hp_gain":0,"max_hp_loss":0,"event_name":"Falling","floor":39,"gold_loss":0},{"damage_healed":0,"gold_gain":0,"player_choice":"Max HP","damage_taken":0,"max_hp_gain":0,"max_hp_loss":4,"event_name":"Winding Halls","floor":47,"gold_loss":0}],"is_beta":false,"boss_relics":[{"not_picked":["Astrolabe","WristBlade","Runic Dome"]},{"not_picked":["Calling Bell","Sozu"],"picked":"Coffee Dripper"}],"items_purged_floors":[38],"is_endless":false,"potions_floor_spawned":[1,8,10,12,13,16,18,21,23,28,29,30,42,45,48],"ascension_level":20}}