{"host":"8ew8rkkqvnu5a0j4","time":1610784802,"event":{"mods":["AchievementEnabler","BaseMod","Colored Powertips","Koishi","LagranYue(¿≠∏Ò¿ °§‘¬)","Marisa£®ÏF”Í°°ƒß¿Ì…≥£©","Minty Spire (QoL Compilation)","Quick Restart","Rare Cards Sparkle","Remilia£®¿Ÿ√◊¿Ú—«£©","Replay The Spire","Shop Mod","StSLib","The Bug Knight","The Cursed","The Hierophant","The Servant 0.9.4","Youmu£®ªÍ∆«—˝√Œ£©"],"gold_per_floor":[119,135,135,150,150,150,171,212,212,266,282,297,316,347,347,347,347],"floor_reached":16,"language":"ZHS","playtime":1062,"items_purged":[],"score":114,"play_id":"171752ef-bff9-46af-b8bb-7aae37dba7d7","local_time":"20210116161322","is_ascension_mode":false,"campfire_choices":[{"data":"TheCursedMod:Grudge","floor":6,"key":"SMITH"},{"floor":15,"key":"REST"}],"circlet_count":0,"master_deck":["TheCursedMod:Strike_TheCursed","TheCursedMod:Strike_TheCursed","TheCursedMod:Strike_TheCursed","TheCursedMod:Defend_TheCursed","TheCursedMod:Defend_TheCursed","TheCursedMod:Defend_TheCursed","TheCursedMod:CursedWand","TheCursedMod:CleanUpWorkshop","TheCursedMod:Dregs","ReplayTheSpireMod:Faulty Equipment","TheCursedMod:ManaCirculation","TheCursedMod:SoulCrush","TheCursedMod:Grudge+1","TheCursedMod:CursedBlade","Injury","TheCursedMod:SpitefulPlan","TheCursedMod:CollectTribute"],"relics":["TheCursedMod:BlackMagic101","LagranYue:RandomDrawCardRelic","Golden Idol","Iron Hammer","MealTicket","Simple Rune","Replay:Wax Seal","Blood Vial"],"acts_visited":["Exordium"],"potions_floor_usage":[],"damage_taken":[{"damage":0,"enemies":"2 Louse","floor":1,"turns":3},{"damage":3,"enemies":"Jaw Worm","floor":2,"turns":3},{"damage":0,"enemies":"Small Slimes","floor":4,"turns":3},{"damage":0,"enemies":"Exordium Wildlife","floor":7,"turns":2},{"damage":19,"enemies":"HollowMod:MossKnight","floor":8,"turns":12},{"damage":0,"enemies":"Looter","floor":11,"turns":2},{"damage":0,"enemies":"Large Slime","floor":12,"turns":4},{"damage":14,"enemies":"Exordium Wildlife","floor":13,"turns":4},{"damage":13,"enemies":"Gremlin Nob","floor":14,"turns":4},{"damage":42,"enemies":"Hexaghost","floor":16,"turns":10}],"seed_played":"2539990409396186016","potions_obtained":[{"floor":2,"key":"Weak Potion"},{"floor":7,"key":"Dexterity Potion"},{"floor":12,"key":"Elixir"},{"floor":13,"key":"Fire Potion"}],"is_trial":false,"path_per_floor":["M","M","?","M","T","R","M","E","T","T","M","M","M","E","R","B"],"character_chosen":"THE_CURSED","items_purchased":[],"campfire_rested":1,"item_purchase_floors":[],"current_hp_per_floor":[75,72,72,72,72,72,72,53,53,53,53,53,39,26,48,8,8],"gold":347,"neow_bonus":"TRANSFORM_TWO_CARDS","is_daily":false,"chose_seed":false,"campfire_upgraded":1,"win_rate":0.0,"timestamp":1610784802,"path_taken":["M","M","?","M","?","R","M","E","T","?","M","M","M","E","R","BOSS"],"items_purchased_type":[],"build_version":"2020-12-22","purchased_purges":0,"victory":false,"max_hp_per_floor":[75,75,75,75,75,75,75,75,75,75,75,75,75,75,75,75,75],"card_choices":[{"not_picked":["TheCursedMod:SpreadPlague","TheCursedMod:BlessingInDisguise"],"picked":"TheCursedMod:Grudge","floor":1},{"not_picked":["TheCursedMod:TroublousMinions","TheCursedMod:Stigma"],"picked":"TheCursedMod:CursedBlade","floor":2},{"not_picked":["TheCursedMod:FuryStrike","TheCursedMod:BlessingInDisguise","TheCursedMod:Mangle"],"picked":"SKIP","floor":4},{"not_picked":["TheCursedMod:SmokeScreen","TheCursedMod:DoubleShield","TheCursedMod:Torture"],"picked":"SKIP","floor":7},{"not_picked":["TheCursedMod:RavingStaff","TheCursedMod:Evocation","TheCursedMod:Obscuration"],"picked":"SKIP","floor":8},{"not_picked":["TheCursedMod:CircleOfFocus","TheCursedMod:SaltUponWound","TheCursedMod:CursedMace"],"picked":"SKIP","floor":11},{"not_picked":["TheCursedMod:CircleOfAmplification","TheCursedMod:RavingStaff"],"picked":"TheCursedMod:SpitefulPlan","floor":12},{"not_picked":["TheCursedMod:VitalStrike","TheCursedMod:RapidMovement"],"picked":"TheCursedMod:CollectTribute","floor":13},{"not_picked":["TheCursedMod:CursedBlade","TheCursedMod:CursedAmulet","TheCursedMod:Obscuration"],"picked":"SKIP","floor":14}],"player_experience":502654,"relics_obtained":[{"floor":5,"key":"Iron Hammer"},{"floor":8,"key":"MealTicket"},{"floor":9,"key":"Simple Rune"},{"floor":10,"key":"Replay:Wax Seal"},{"floor":14,"key":"Blood Vial"}],"event_choices":[{"damage_healed":0,"gold_gain":0,"player_choice":"Take Wound","damage_taken":0,"relics_obtained":["Golden Idol"],"max_hp_gain":0,"max_hp_loss":0,"event_name":"Golden Idol","floor":3,"gold_loss":0,"cards_obtained":["Injury"]}],"is_beta":false,"boss_relics":[],"items_purged_floors":[],"is_endless":false,"potions_floor_spawned":[2,7,12,13,14],"killed_by":"Hexaghost","ascension_level":0}}