{"host":"4cgvt8brk2i8ma1b","time":1610832348,"event":{"mods":["Act Like it!","BaseMod","Better Third Choice","Conspire","Duelist Mod","Hallownest","Hubris","Infinite Spire","Jorbs\u0027s Wanderer Trilogy","Minty Spire (QoL Compilation)","Replay The Spire","StSLib","The Bug Knight","The Jungle","The Necromancer","The Poker Player","The Runesmith"],"gold_per_floor":[389,406,406,416,434,434,467,12,92,92,127,143,143,143,143,214,214,229,19,19,19,39,39,68,68,91,91,110,110,110],"floor_reached":29,"language":"ENG","playtime":2259,"items_purged":["theDuelist:ClownZombie"],"score":532,"play_id":"b4695bb5-9401-4038-b5ba-d3a60cb1a3d8","local_time":"20210116152548","is_ascension_mode":true,"campfire_choices":[{"data":"theDuelist:ShallowGrave","floor":6,"key":"SMITH"},{"data":"theDuelist:MayakashiReturn","floor":10,"key":"SMITH"},{"floor":13,"key":"REST"},{"data":"theDuelist:MayakashiReturn","floor":15,"key":"SMITH"},{"data":"theDuelist:ZombieCorpse","floor":23,"key":"PURGE"},{"floor":25,"key":"REST"},{"data":"theDuelist:VampireGrace","floor":27,"key":"SMITH"}],"circlet_count":0,"master_deck":["theDuelist:ZombieCorpse","theDuelist:ZombieCorpse","theDuelist:ArmoredZombie","theDuelist:ArmoredZombie","AscendersBane","theDuelist:PatricianDarkness","theDuelist:ShallowGrave+1","theDuelist:TutanMask","theDuelist:Chewbone","theDuelist:FearFromDark","theDuelist:DimensionBurial+1","theDuelist:MayakashiReturn+1","theDuelist:ShallowGrave+1","theDuelist:DimensionBurial+1","theDuelist:MayakashiReturn+1","theDuelist:VampireFraulein+1","theDuelist:VampireGrace+1","theDuelist:VampireGrimson","theDuelist:VendreadStriges","theDuelist:RobbinZombie+1","theDuelist:SkullServant+1"],"relics":["theDuelist:MillenniumPuzzle","theDuelist:CardPoolRelic","theDuelist:CardPoolBasicRelic","theDuelist:BoosterPackPoolRelic","theDuelist:CardPoolAddRelic","theDuelist:CardPoolMinusRelic","theDuelist:CardPoolSaveRelic","theDuelist:CardPoolOptionsRelic","Peace Pipe","Smiling Mask","theDuelist:MerchantTalisman","conspire:Dentures","SlaversCollar","theDuelist:MillenniumArmor","theDuelist:CursedHealer","GremlinMask","Centennial Puzzle","hubris:SlimyHat"],"acts_visited":["Exordium","TheCity"],"potions_floor_usage":[5,28],"damage_taken":[{"damage":18,"enemies":"Small Slimes","floor":1,"turns":3},{"damage":0,"enemies":"Cultist","floor":2,"turns":3},{"damage":1,"enemies":"Jaw Worm","floor":4,"turns":3},{"damage":0,"enemies":"Exordium Wildlife","floor":5,"turns":3},{"damage":0,"enemies":"HollowMod:MossKnight","floor":7,"turns":8},{"damage":16,"enemies":"conspire:2 RoseBushes","floor":12,"turns":6},{"damage":33,"enemies":"The Guardian","floor":16,"turns":10},{"damage":11,"enemies":"Spheric Guardian","floor":18,"turns":3},{"damage":27,"enemies":"Shell Parasite","floor":22,"turns":12},{"damage":20,"enemies":"HollowMod:Nosk","floor":24,"turns":9},{"damage":0,"enemies":"Centurion and Healer","floor":28,"turns":6},{"damage":52,"enemies":"conspire:SneckoGhost","floor":29,"turns":5}],"seed_played":"-1588057253195143051","potions_obtained":[{"floor":1,"key":"theDuelist:LavaBottle"},{"floor":2,"key":"SneckoOil"},{"floor":16,"key":"SpeedPotion"},{"floor":24,"key":"theDuelist:VampireVial"}],"is_trial":false,"path_per_floor":["M","M","?","M","M","R","E","$","T","R","?","M","R","T","R","B",null,"M","$","?","?","M","R","E","R","T","R","M","E"],"character_chosen":"THE_DUELIST","items_purchased":["theDuelist:MayakashiReturn","theDuelist:MerchantTalisman","theDuelist:VampireFraulein+1","theDuelist:MillenniumArmor"],"campfire_rested":2,"item_purchase_floors":[8,8,8,19],"current_hp_per_floor":[45,45,45,44,44,44,44,44,44,44,44,28,46,46,46,13,51,40,40,63,63,36,36,16,34,34,34,34,0,0],"gold":110,"neow_bonus":"TWO_FIFTY_GOLD","is_daily":false,"chose_seed":false,"campfire_upgraded":4,"win_rate":0.0,"timestamp":1610832348,"path_taken":["M","M","?","?","M","R","E","$","T","R","?","M","R","?","R","BOSS","M","$","?","?","M","R","E","R","T","R","M","E"],"items_purchased_type":["Card","Relic","Card","Relic"],"build_version":"2020-12-22","purchased_purges":1,"victory":false,"max_hp_per_floor":[63,63,63,63,63,63,63,63,63,63,63,63,63,63,63,63,63,63,63,63,63,63,63,63,63,63,63,63,63,63],"card_choices":[{"not_picked":["theDuelist:VampireSorcerer","theDuelist:VampireFraulein","theDuelist:GhostrickJackfrost","theDuelist:Yoko"],"picked":"theDuelist:GhostrickAlucard","floor":1},{"not_picked":["theDuelist:OvertexQoatlus","theDuelist:Kasha","theDuelist:FireReaper","theDuelist:WightLady"],"picked":"theDuelist:Chewbone","floor":2},{"not_picked":["theDuelist:FossilSkullknight","theDuelist:Wightprincess","theDuelist:VampireSorcerer","theDuelist:GhostrickSpecter"],"picked":"theDuelist:FearFromDark","floor":4},{"not_picked":["theDuelist:DarkFusion+1","theDuelist:FuryFire+1","theDuelist:MagicalGhost","theDuelist:BloodSucker"],"picked":"theDuelist:DimensionBurial+1","floor":5},{"not_picked":["theDuelist:NecroworldBanshee","theDuelist:Kasha","theDuelist:Tengu","theDuelist:Mezuki"],"picked":"theDuelist:VampireRetainer","floor":7},{"not_picked":["theDuelist:CorrodingShark","theDuelist:FossilDragon","theDuelist:RebornZombie","theDuelist:ShiranuiSpectralsword"],"picked":"theDuelist:ShiranuiSpectralswordShade","floor":12},{"not_picked":["theDuelist:VendreadDaybreak","theDuelist:Scapeghost","theDuelist:DecayedCommander","theDuelist:BookEclipse"],"picked":"theDuelist:VampireGrace","floor":16},{"not_picked":["theDuelist:AshBlossom","theDuelist:DoubleCoston","theDuelist:DesLacooda","theDuelist:Gernia"],"picked":"theDuelist:VampireGrimson","floor":18},{"not_picked":["theDuelist:VampireFraulein","theDuelist:VendreadChimera","theDuelist:GhostrickYeti","theDuelist:GhostrickSpecter"],"picked":"theDuelist:VendreadStriges","floor":22},{"not_picked":["theDuelist:Gozuki","theDuelist:ZombieMaster"],"picked":"theDuelist:RobbinZombie+1","floor":24},{"not_picked":["theDuelist:NecroworldBanshee","theDuelist:MechMoleZombie","theDuelist:FireReaper","theDuelist:DoomkingBalerdroch"],"picked":"theDuelist:SkullServant+1","floor":28}],"player_experience":518121,"relics_obtained":[{"floor":7,"key":"Smiling Mask"},{"floor":9,"key":"conspire:Dentures"},{"floor":24,"key":"Centennial Puzzle"},{"floor":26,"key":"hubris:SlimyHat"}],"event_choices":[{"cards_removed":["theDuelist:ClownZombie"],"damage_healed":0,"gold_gain":0,"player_choice":"Gave Card","damage_taken":0,"relics_obtained":["Peace Pipe"],"max_hp_gain":0,"max_hp_loss":0,"event_name":"WeMeetAgain","floor":3,"gold_loss":0},{"damage_healed":0,"gold_gain":0,"player_choice":"Sold Vampire Retainer for 35 Gold.","duelist":true,"damage_taken":0,"max_hp_gain":0,"max_hp_loss":0,"event_name":"Card Trader","floor":11,"gold_loss":0},{"damage_healed":0,"gold_gain":0,"player_choice":"Succumb - +25HP/Cursed Relic","duelist":true,"damage_taken":0,"max_hp_gain":0,"max_hp_loss":0,"event_name":"Tomb of the Nameless","floor":20,"gold_loss":0},{"damage_healed":0,"gold_gain":0,"player_choice":"Trade","damage_taken":0,"relics_obtained":["GremlinMask"],"max_hp_gain":0,"max_hp_loss":0,"event_name":"FaceTrader","floor":21,"gold_loss":0}],"is_beta":false,"boss_relics":[{"not_picked":["conspire:RoyalGoblet","Philosopher\u0027s Stone"],"picked":"SlaversCollar"}],"items_purged_floors":[19],"is_endless":false,"potions_floor_spawned":[1,2,16,24],"killed_by":"conspire:SneckoGhost","ascension_level":20}}