{"host":"on8rz1ayhhz269sg","time":1610781605,"event":{"mods":["BaseMod","Beaked The Cultist","Dio Mod","Downfall","Minty Spire (QoL Compilation)","Remilia（蕾米莉亚）","StSLib","残留之物"],"gold_per_floor":[115,115,129,149,159,159,190,206,206,206,206,534,546,571,571,668,668,685,695,695,706,706,706,716,750,750,750,780,294,294,23,23,128,128,144,144,366,380,380,380,410,40,40,40,71,83,106,131,143,155],"floor_reached":51,"language":"ZHS","playtime":3544,"items_purged":["Pain"],"score":920,"play_id":"a79545c7-5e8a-449f-813d-b06c5b3212f8","local_time":"20210116152005","is_ascension_mode":true,"campfire_choices":[{"data":"PlaceholderMod:OHStrongAttack","floor":6.0,"key":"SMITH"},{"data":"PlaceholderMod:Colorful","floor":10.0,"key":"SMITH"},{"data":"PlaceholderMod:DiffusionPoison","floor":15.0,"key":"SMITH"},{"floor":23.0,"key":"REST"},{"floor":27.0,"key":"REST"},{"data":"PlaceholderMod:QualitativeChange","floor":32.0,"key":"SMITH"},{"data":"PlaceholderMod:FinalSpray","floor":40.0,"key":"SMITH"},{"data":"PlaceholderMod:PoisonBlast","floor":44.0,"key":"SMITH"},{"data":"PlaceholderMod:Crystallization","floor":49,"key":"SMITH"}],"circlet_count":0,"master_deck":["PlaceholderMod:BaseStrike","PlaceholderMod:BaseStrike","PlaceholderMod:BaseStrike","PlaceholderMod:BaseStrike","PlaceholderMod:BaseDefend","PlaceholderMod:BaseDefend","PlaceholderMod:BaseDefend","PlaceholderMod:BaseDefend","PlaceholderMod:Crystal+1","PlaceholderMod:PoisonWhip","PlaceholderMod:OHStrongAttack+1","PlaceholderMod:TriggerStrike","PlaceholderMod:Hard","PlaceholderMod:SubstitutionNucleophilic1","PlaceholderMod:TriggerStrike","PlaceholderMod:Colorful+1","PlaceholderMod:ChainPoly","PlaceholderMod:DiffusionPoison+1","PlaceholderMod:DoublePoint","PlaceholderMod:QualitativeChange+1","PlaceholderMod:Sweep","PlaceholderMod:RadicalHit+1","PlaceholderMod:HardStrike","PlaceholderMod:Crystallization+1","PlaceholderMod:Break+1","PlaceholderMod:DiffusionChemical+1","PlaceholderMod:Colorful","PlaceholderMod:HighConcentration","PlaceholderMod:Corrosion","PlaceholderMod:SeverePoisonStrike","PlaceholderMod:ThreeBenzyolStart+1","PlaceholderMod:Activation","PlaceholderMod:PoisonBlast+1","PlaceholderMod:StressReaction","CurseOfTheBell","downfall:Malfunctioning","PlaceholderMod:FinalSpray+1","PlaceholderMod:PoisonAbsorb","PlaceholderMod:MultiReaction","PlaceholderMod:HardStinger","PlaceholderMod:PoisonExcitation","PlaceholderMod:PoisonExcitation+1","PlaceholderMod:MultipleOxi","PlaceholderMod:UnpureUse","PlaceholderMod:NutritionAbsorb","PlaceholderMod:HardStinger+1","PlaceholderMod:PoisonAbsorb","PlaceholderMod:QualitativeChange","PlaceholderMod:Crystallization+1"],"relics":["PlaceholderMod:Tancle","NeowsBlessing","PreservedInsect","Torii","Old Coin","Prayer Wheel","Philosopher\u0027s Stone","Red Mask","Matryoshka","Pear","Pantograph","Sling","Calling Bell","Toy Ornithopter","Meat on the Bone","Bird Faced Urn","Mercury Hourglass","Nunchaku","CaptainsWheel","Smiling Mask","Calipers","MawBank"],"acts_visited":["Exordium","TheCity","TheBeyond"],"potions_floor_usage":[48,48,48,50],"damage_taken":[{"damage":0.0,"enemies":"2 Louse","floor":1.0,"turns":1.0},{"damage":0.0,"enemies":"Small Slimes","floor":3.0,"turns":2.0},{"damage":0.0,"enemies":"Cultist","floor":4.0,"turns":1.0},{"damage":3.0,"enemies":"Large Slime","floor":5.0,"turns":8.0},{"damage":11.0,"enemies":"Lagavulin","floor":7.0,"turns":5.0},{"damage":1.0,"enemies":"3 Louse","floor":8.0,"turns":3.0},{"damage":0.0,"enemies":"Gremlin Nob","floor":12.0,"turns":2.0},{"damage":0.0,"enemies":"2 Fungi Beasts","floor":13.0,"turns":2.0},{"damage":1.0,"enemies":"Lagavulin","floor":14.0,"turns":5.0},{"damage":13.0,"enemies":"The Guardian","floor":16.0,"turns":7.0},{"damage":8.0,"enemies":"Chosen","floor":18.0,"turns":3.0},{"damage":24.0,"enemies":"2 Thieves","floor":19.0,"turns":2.0},{"damage":40.0,"enemies":"Centurion and Healer","floor":21.0,"turns":5.0},{"damage":15.0,"enemies":"Shelled Parasite and Fungi","floor":24.0,"turns":4.0},{"damage":15.0,"enemies":"Masked Bandits","floor":25.0,"turns":3.0},{"damage":0.0,"enemies":"Book of Stabbing","floor":28.0,"turns":3.0},{"damage":9.0,"enemies":"Champ","floor":33.0,"turns":7.0},{"damage":40.0,"enemies":"3 Darklings","floor":35.0,"turns":4.0},{"damage":4.0,"enemies":"Orb Walker","floor":38.0,"turns":3.0},{"damage":10.0,"enemies":"beaked:SuperParasite","floor":41.0,"turns":5.0},{"damage":10.0,"enemies":"Giant Head","floor":45.0,"turns":4.0},{"damage":12.0,"enemies":"Transient","floor":47.0,"turns":5.0},{"damage":19,"enemies":"Jaw Worm Horde","floor":48,"turns":3},{"damage":17,"enemies":"Awakened One","floor":50,"turns":8}],"seed_played":"3502251725165730002","potions_obtained":[{"floor":5.0,"key":"AttackPotion"},{"floor":7.0,"key":"DuplicationPotion"},{"floor":8.0,"key":"Swift Potion"},{"floor":13.0,"key":"FearPotion"},{"floor":16.0,"key":"AttackPotion"},{"floor":21.0,"key":"GamblersBrew"},{"floor":28.0,"key":"champ:CounterPotion"},{"floor":33.0,"key":"EntropicBrew"},{"floor":38.0,"key":"SkillPotion"},{"floor":47.0,"key":"Explosive Potion"},{"floor":48,"key":"ColorlessPotion"}],"is_trial":false,"path_per_floor":["M","?","M","M","M","R","E","M","T","R","?","E","M","E","R","B",null,"M","M","?","M","?","R","M","?","T","R","E","$","?","$","R","B",null,"M","?","?","M","?","R","E","$","T","R","E","$","M","M","R","B",null],"character_chosen":"THE_PLACEHOLDER","items_purchased":["PlaceholderMod:PoisonBlast","PlaceholderMod:StressReaction","Pantograph","Sling","Mercury Hourglass","PlaceholderMod:PoisonAbsorb","CaptainsWheel"],"campfire_rested":2,"item_purchase_floors":[29,29,29,29,31,31,42],"current_hp_per_floor":[78,78,78,78,75,75,64,63,63,63,63,63,63,62,62,49,78,70,46,72,36,36,59,44,29,29,52,62,62,62,62,62,83,88,58,58,58,62,62,62,69,69,69,69,63,63,57,61,61,75],"gold":167,"neow_bonus":"THREE_ENEMY_KILL","is_daily":false,"chose_seed":false,"campfire_upgraded":7,"win_rate":0.0,"timestamp":1610781605,"path_taken":["M","?","M","M","M","R","E","M","T","R","?","E","?","E","R","BOSS","M","M","?","M","?","R","M","?","T","R","E","$","?","?","R","BOSS","M","?","?","M","?","R","E","$","T","R","E","$","?","M","R","BOSS"],"items_purchased_type":["Card","Card","Relic","Relic","Relic","Card","Relic"],"build_version":"2020-12-22","purchased_purges":1,"victory":true,"max_hp_per_floor":[78,78,78,78,78,78,78,78,78,78,78,78,78,78,78,78,78,78,78,78,78,78,78,78,78,78,78,88,88,88,88,88,88,88,88,88,88,88,88,88,88,88,88,88,88,88,88,88,88,88],"card_choices":[{"not_picked":["PlaceholderMod:StrongAcid","PlaceholderMod:ProliferateStrike"],"picked":"PlaceholderMod:OHStrongAttack","floor":1.0},{"not_picked":["PlaceholderMod:ProliferateStrike","PlaceholderMod:ConsolidateHit"],"picked":"PlaceholderMod:TriggerStrike","floor":3.0},{"not_picked":["PlaceholderMod:AttackAsDefend","PlaceholderMod:StrongAcid"],"picked":"PlaceholderMod:Hard","floor":4.0},{"not_picked":["PlaceholderMod:NearChange","PlaceholderMod:ConsolidateHit"],"picked":"PlaceholderMod:SubstitutionNucleophilic1","floor":5.0},{"not_picked":["PlaceholderMod:HornyBlast","PlaceholderMod:SubstitutionNucleophilic1"],"picked":"PlaceholderMod:TriggerStrike","floor":7.0},{"not_picked":["PlaceholderMod:SprayAttack","PlaceholderMod:ProliferateStrike"],"picked":"PlaceholderMod:Colorful","floor":8.0},{"not_picked":["PlaceholderMod:Polyp","PlaceholderMod:Corrosion"],"picked":"PlaceholderMod:ChainPoly","floor":12.0},{"not_picked":["PlaceholderMod:Polyp","PlaceholderMod:HardStinger"],"picked":"PlaceholderMod:DiffusionPoison","floor":13.0},{"not_picked":["PlaceholderMod:DissolvingSpikes","PlaceholderMod:Hard"],"picked":"PlaceholderMod:DoublePoint","floor":14.0},{"not_picked":["PlaceholderMod:GrowthForm","PlaceholderMod:PericyclicReaction"],"picked":"PlaceholderMod:QualitativeChange","floor":16.0},{"not_picked":["PlaceholderMod:OHStrongAttack","PlaceholderMod:DirectingGroup"],"picked":"PlaceholderMod:Sweep","floor":18.0},{"not_picked":["PlaceholderMod:FastReaction","PlaceholderMod:HealingAttack"],"picked":"PlaceholderMod:RadicalHit+1","floor":18.0},{"not_picked":["PlaceholderMod:Hyperplasia","PlaceholderMod:SeverePoisonStrike"],"picked":"PlaceholderMod:HardStrike","floor":19.0},{"not_picked":["PlaceholderMod:HardStinger","PlaceholderMod:SprayAttack"],"picked":"PlaceholderMod:Crystallization+1","floor":19.0},{"not_picked":["PlaceholderMod:AngryAttack","PlaceholderMod:HardStrike"],"picked":"PlaceholderMod:Break+1","floor":21.0},{"not_picked":["PlaceholderMod:Hyperplasia","PlaceholderMod:Internalization"],"picked":"PlaceholderMod:DiffusionChemical+1","floor":21.0},{"not_picked":["PlaceholderMod:ParasiteChange","PlaceholderMod:ContinueSpray"],"picked":"PlaceholderMod:Corrosion","floor":24.0},{"not_picked":["PlaceholderMod:FastReaction","PlaceholderMod:SprayAttack"],"picked":"PlaceholderMod:SeverePoisonStrike","floor":24.0},{"not_picked":["PlaceholderMod:TriggerStrike","PlaceholderMod:SprayAttack"],"picked":"PlaceholderMod:ThreeBenzyolStart+1","floor":25.0},{"not_picked":["PlaceholderMod:Polyp","PlaceholderMod:HardStinger"],"picked":"PlaceholderMod:Activation","floor":28.0},{"not_picked":["PlaceholderMod:Activation","PlaceholderMod:InnerSoften"],"picked":"PlaceholderMod:MultiReaction","floor":33.0},{"not_picked":["PlaceholderMod:DissolvingSpikes","PlaceholderMod:ParasiteChange"],"picked":"PlaceholderMod:HardStinger","floor":35.0},{"not_picked":["PlaceholderMod:StrongAcid+1","PlaceholderMod:AngryAttack+1"],"picked":"PlaceholderMod:PoisonExcitation","floor":35.0},{"not_picked":["PlaceholderMod:ContinueSpray+1","PlaceholderMod:OHStrongAttack"],"picked":"PlaceholderMod:PoisonExcitation+1","floor":38.0},{"not_picked":["PlaceholderMod:HardStinger+1","PlaceholderMod:DiffusionChemical"],"picked":"PlaceholderMod:MultipleOxi","floor":38.0},{"not_picked":["PlaceholderMod:SeverePoisonStrike+1","PlaceholderMod:SprayAttack"],"picked":"PlaceholderMod:UnpureUse","floor":41.0},{"not_picked":["PlaceholderMod:Polyp+1","PlaceholderMod:MultipleOxi"],"picked":"PlaceholderMod:NutritionAbsorb","floor":45.0},{"not_picked":["PlaceholderMod:DissolvingSpikes","PlaceholderMod:FinalSpray"],"picked":"PlaceholderMod:HardStinger+1","floor":47.0},{"not_picked":["PlaceholderMod:TriggerStrike","PlaceholderMod:SprayAttack"],"picked":"PlaceholderMod:PoisonAbsorb","floor":47.0},{"not_picked":["PlaceholderMod:SeverePoisonStrike+1","PlaceholderMod:HardStinger"],"picked":"PlaceholderMod:QualitativeChange","floor":48},{"not_picked":["PlaceholderMod:NearChange+1","PlaceholderMod:SevereHeat+1"],"picked":"PlaceholderMod:Crystallization","floor":48}],"player_experience":203567,"relics_obtained":[{"floor":7.0,"key":"PreservedInsect"},{"floor":9.0,"key":"Torii"},{"floor":12.0,"key":"Old Coin"},{"floor":14.0,"key":"Prayer Wheel"},{"floor":25.0,"key":"Red Mask"},{"floor":26.0,"key":"Matryoshka"},{"floor":28.0,"key":"Pear"},{"floor":30.0,"key":"Toy Ornithopter"},{"floor":30.0,"key":"Meat on the Bone"},{"floor":30.0,"key":"Bird Faced Urn"},{"floor":41.0,"key":"Nunchaku"},{"floor":43.0,"key":"Smiling Mask"},{"floor":43.0,"key":"Calipers"},{"floor":45.0,"key":"MawBank"}],"event_choices":[{"damage_healed":0.0,"max_hp_gain":0.0,"max_hp_loss":0.0,"gold_gain":0.0,"event_name":"Shining Light","player_choice":"Ignored","floor":2.0,"gold_loss":0.0,"damage_taken":0.0},{"damage_healed":0.0,"max_hp_gain":0.0,"max_hp_loss":0.0,"gold_gain":0.0,"event_name":"Upgrade Shrine","player_choice":"Upgraded","floor":11.0,"gold_loss":0.0,"damage_taken":0.0,"cards_upgraded":["PlaceholderMod:Crystal"]},{"damage_healed":26.0,"max_hp_gain":0.0,"max_hp_loss":0.0,"gold_gain":0.0,"event_name":"The Library","player_choice":"Heal","floor":20.0,"gold_loss":0.0,"damage_taken":0.0},{"damage_healed":0.0,"max_hp_gain":0.0,"max_hp_loss":0.0,"gold_gain":0.0,"cards_transformed":["PlaceholderMod:BaseStrike","PlaceholderMod:BaseDefend"],"event_name":"Drug Dealer","player_choice":"Became Test Subject","floor":22.0,"gold_loss":0.0,"damage_taken":0.0,"cards_obtained":["PlaceholderMod:Colorful","PlaceholderMod:HighConcentration"]},{"damage_healed":0.0,"max_hp_gain":0.0,"max_hp_loss":0.0,"gold_gain":0.0,"event_name":"Masked Bandits","player_choice":"Fought Bandits","floor":25.0,"gold_loss":0.0,"damage_taken":0.0},{"damage_healed":0.0,"max_hp_gain":0.0,"max_hp_loss":0.0,"gold_gain":0.0,"event_name":"Mysterious Sphere","player_choice":"Ignored","floor":36.0,"gold_loss":0.0,"damage_taken":0.0},{"damage_healed":0.0,"max_hp_gain":0.0,"max_hp_loss":0.0,"gold_gain":222.0,"event_name":"Tomb of Lord Red Mask","player_choice":"Wore Mask","floor":37.0,"gold_loss":0.0,"damage_taken":0.0},{"damage_healed":0.0,"max_hp_gain":0.0,"max_hp_loss":0.0,"gold_gain":0.0,"event_name":"SecretPortal","player_choice":"Ignored","floor":39.0,"gold_loss":0.0,"damage_taken":0.0}],"is_beta":false,"boss_relics":[{"not_picked":["Runic Pyramid","Empty Cage"],"picked":"Philosopher\u0027s Stone"},{"not_picked":["Coffee Dripper","beaked:MawFillet","Fusion Hammer"]}],"items_purged_floors":[42],"is_endless":false,"potions_floor_spawned":[5,7,8,13,16,21,28,33,38,47,48],"ascension_level":2}}