{"host":"h4qgcirtxz6qax9j","time":1610806110,"event":{"mods":["AchievementEnabler","BaseMod","Colored Powertips","Minty Spire (QoL Compilation)","StSLib","SuperFastMode","The Animator"],"gold_per_floor":[125,147,165,201,228,228,243,243,243,274,274,313,313,331,331,451,451,468,484,516,516,530,530,551,271,297,311,84,84,88,88],"floor_reached":30,"language":"KOR","playtime":1204,"items_purged":["animator:DolaStephanie"],"score":244,"play_id":"2a83fad1-fc09-450f-8c38-a1dd31e78039","local_time":"20210116230830","is_ascension_mode":false,"campfire_choices":[{"data":"animator:DolaSchwi","floor":6,"key":"SMITH"},{"data":"animator:YunYun","floor":8,"key":"SMITH"},{"floor":11,"key":"REST"},{"floor":15,"key":"REST"},{"floor":23,"key":"RECALL"},{"floor":29,"key":"REST"}],"circlet_count":0,"master_deck":["animator:Strike_NoGameNoLife","animator:Defend_NoGameNoLife","animator:Strike","animator:Strike","animator:Strike","animator:Defend","animator:Defend","animator:Defend","animator:DolaSchwi+1","animator:DolaCouronne+1","animator:UneriGinkaku","animator:Chris","animator:Jibril","animator:YunYun+1","animator:DolaRiku","animator:RinTohsaka","animator:Sora","animator:Megumin+1","animator:Aisha","animator:TanyaDegurechaff"],"relics":["animator:VividPicture","animator:TheMissingPiece","NeowsBlessing","Ice Cream","Smiling Mask","Bottled Lightning","Red Mask","Orichalcum","Toy Ornithopter"],"acts_visited":["Exordium","TheCity"],"potions_floor_usage":[27,27],"damage_taken":[{"damage":0,"enemies":"Cultist","floor":1,"turns":1},{"damage":0,"enemies":"2 Louse","floor":2,"turns":1},{"damage":0,"enemies":"Jaw Worm","floor":3,"turns":1},{"damage":13,"enemies":"3 Louse","floor":4,"turns":5},{"damage":14,"enemies":"Large Slime","floor":5,"turns":4},{"damage":0,"enemies":"Blue Slaver","floor":7,"turns":3},{"damage":14,"enemies":"Gremlin Nob","floor":10,"turns":3},{"damage":8,"enemies":"3 Sentries","floor":12,"turns":5},{"damage":0,"enemies":"2 Fungi Beasts","floor":14,"turns":2},{"damage":24,"enemies":"Hexaghost","floor":16,"turns":8},{"damage":15,"enemies":"Chosen","floor":18,"turns":5},{"damage":3,"enemies":"3 Byrds","floor":19,"turns":4},{"damage":9,"enemies":"Masked Bandits","floor":20,"turns":2},{"damage":6,"enemies":"Snecko","floor":22,"turns":4},{"damage":21,"enemies":"Cultist and Chosen","floor":24,"turns":5},{"damage":15,"enemies":"Centurion and Healer","floor":27,"turns":5},{"damage":39,"enemies":"Slavers","floor":30,"turns":2}],"seed_played":"-2745980747880049263","potions_obtained":[{"floor":2,"key":"Fire Potion"},{"floor":5,"key":"LiquidMemories"},{"floor":7,"key":"Explosive Potion"},{"floor":21,"key":"GamblersBrew"}],"is_trial":false,"path_per_floor":["M","M","M","M","M","R","M","R","T","E","R","E","?","M","R","B",null,"M","M","?","?","M","R","M","$","T","M","$","R","E"],"character_chosen":"THE_ANIMATOR","items_purchased":["animator:Megumin","Orichalcum","animator:Aisha","animator:TanyaDegurechaff"],"campfire_rested":3,"item_purchase_floors":[25,25,28,28],"current_hp_per_floor":[66,66,66,53,40,40,40,40,40,27,47,39,39,39,59,35,68,53,50,41,41,36,36,15,15,15,10,10,30,0,0],"gold":88,"neow_bonus":"THREE_ENEMY_KILL","is_daily":false,"chose_seed":false,"campfire_upgraded":2,"win_rate":0.0,"timestamp":1610806110,"path_taken":["M","M","M","M","M","R","M","R","T","E","R","E","?","M","R","BOSS","M","M","?","?","M","R","M","$","T","?","?","R","E"],"items_purchased_type":["Card","Relic","Card","Card"],"build_version":"2020-12-22","purchased_purges":1,"victory":false,"max_hp_per_floor":[66,66,66,66,67,67,67,67,67,68,68,68,68,68,68,68,68,68,68,68,68,69,69,69,69,69,69,69,69,69,69],"card_choices":[{"not_picked":["animator:Kazuma","animator:Assassin"],"picked":"animator:UneriGinkaku","floor":1},{"not_picked":["animator:Konayuki","animator:Evileye"],"picked":"animator:Chris","floor":2},{"not_picked":["animator:Entoma","animator:Konayuki","animator:Elsword"],"picked":"SKIP","floor":3},{"not_picked":["animator:DolaSchwi","animator:IzunaHatsuse"],"picked":"animator:Jibril","floor":4},{"not_picked":["animator:Raven","animator:Illya"],"picked":"animator:YunYun","floor":5},{"not_picked":["animator:Add","animator:Ain","animator:EmiyaShirou"],"picked":"SKIP","floor":7},{"not_picked":["animator:Guren","animator:HiiragiShinya"],"picked":"animator:DolaRiku","floor":10},{"not_picked":["animator:Illya","animator:Megumin"],"picked":"animator:RinTohsaka","floor":14},{"not_picked":["animator:Ainz","animator:Biyorigo"],"picked":"animator:Sora","floor":16},{"not_picked":["animator:Konayuki","animator:NarberalGamma+1","animator:PandorasActor+1"],"picked":"SKIP","floor":18},{"not_picked":["animator:Alexander+1","animator:Raven+1","animator:Mikaela"],"picked":"SKIP","floor":19},{"not_picked":["animator:DolaSchwi","animator:DolaCouronne"],"picked":"animator:DolaStephanie","floor":22},{"not_picked":["animator:NarberalGamma","animator:Shalltear+1","animator:Mitsurugi"],"picked":"SKIP","floor":24},{"not_picked":["animator:Togame","animator:Sebas+1","animator:Chris"],"picked":"SKIP","floor":27}],"player_experience":53161,"relics_obtained":[{"floor":9,"key":"Ice Cream"},{"floor":10,"key":"Smiling Mask"},{"floor":12,"key":"Bottled Lightning"},{"floor":20,"key":"Red Mask"},{"floor":26,"key":"Toy Ornithopter"}],"event_choices":[{"damage_healed":0,"gold_gain":0,"player_choice":"Grow","damage_taken":0,"max_hp_gain":0,"max_hp_loss":0,"event_name":"Living Wall","floor":13,"gold_loss":0,"cards_upgraded":["animator:DolaCouronne"]},{"damage_healed":0,"gold_gain":0,"player_choice":"Fought Bandits","damage_taken":0,"max_hp_gain":0,"max_hp_loss":0,"event_name":"Masked Bandits","floor":20,"gold_loss":0},{"damage_healed":0,"gold_gain":0,"player_choice":"Got Potions","damage_taken":0,"max_hp_gain":0,"max_hp_loss":0,"event_name":"Lab","floor":21,"gold_loss":0}],"is_beta":false,"boss_relics":[{"not_picked":["animator:HolyGrailRelic","animator:CursedBlade"],"picked":"animator:VividPicture"}],"items_purged_floors":[25],"is_endless":false,"potions_floor_spawned":[2,5,7,10,16,18,22],"killed_by":"Slavers","ascension_level":0}}