{"host":"8pjvbxl6xo882v42","time":1610802757,"event":{"mods":["AchievementEnabler","BaseMod","Minty Spire (QoL Compilation)","Replay The Spire","StSLib","The Cursed"],"gold_per_floor":[111,111,111,123,123,123,156,166,192,221,240,14,14,30,30,109,109,109],"floor_reached":17,"language":"FRA","playtime":586,"items_purged":[],"score":380,"play_id":"bb4d9b71-956a-4420-b682-63cd5f832a53","local_time":"20210116141237","is_ascension_mode":true,"campfire_choices":[{"data":"Bloodletting","floor":6,"key":"SMITH"},{"data":"Seeing Red","floor":13,"key":"SMITH"}],"circlet_count":0,"master_deck":["AscendersBane","Strike_R","Strike_R","Strike_R","Strike_R","Strike_R","Defend_R","Defend_R","Defend_R","Bash+1","Bloodletting+1","Power Through","Spot Weakness","Flex","Pommel Strike","Seeing Red+1","Demon Form","Demon Form","ReplayTheSpireMod:Limb From Limb","Immolate"],"relics":["Burning Blood","NeowsBlessing","Replay:Mystery Machine","Gremlin Horn","Art of War","Question Card","ChewingGum"],"acts_visited":["Exordium","TheCity"],"potions_floor_usage":[10,14,16],"damage_taken":[{"damage":0,"enemies":"Cultist","floor":1,"turns":1},{"damage":0,"enemies":"2 Louse","floor":4,"turns":1},{"damage":0,"enemies":"Gremlin Nob","floor":7,"turns":1},{"damage":7,"enemies":"Jaw Worm","floor":8,"turns":4},{"damage":13,"enemies":"Lagavulin","floor":10,"turns":7},{"damage":5,"enemies":"Large Slime","floor":11,"turns":5},{"damage":12,"enemies":"Red Slaver","floor":14,"turns":2},{"damage":58,"enemies":"Slime Boss","floor":16,"turns":8}],"seed_played":"6633979840349885062","potions_obtained":[{"floor":4,"key":"Swift Potion"},{"floor":7,"key":"Strength Potion"},{"floor":10,"key":"AttackPotion"},{"floor":14,"key":"AttackPotion"}],"is_trial":false,"path_per_floor":["M","?","?","M","?","R","E","M","T","E","M","$","R","M","R","B",null],"character_chosen":"IRONCLAD","items_purchased":["Doom Potion","Demon Form"],"campfire_rested":0,"item_purchase_floors":[12,12],"current_hp_per_floor":[74,67,62,68,68,68,74,73,73,66,67,67,67,61,66,14,64,64],"gold":109,"neow_bonus":"THREE_ENEMY_KILL","is_daily":false,"chose_seed":false,"campfire_upgraded":2,"win_rate":0.0,"timestamp":1610802757,"path_taken":["M","?","?","M","?","R","E","M","T","E","?","?","R","M","R","BOSS"],"items_purchased_type":["Potion","Card"],"build_version":"2020-12-22","purchased_purges":0,"victory":false,"max_hp_per_floor":[75,75,75,75,75,75,75,75,75,75,75,75,75,75,80,80,80,80],"card_choices":[{"not_picked":["Sword Boomerang","Warcry"],"picked":"Bloodletting","floor":1},{"not_picked":["Sword Boomerang","Armaments"],"picked":"Power Through","floor":4},{"not_picked":["Anger","Replay:Many Hands"],"picked":"Spot Weakness","floor":7},{"not_picked":["Body Slam","Headbutt"],"picked":"Flex","floor":8},{"not_picked":["Warcry","Run Through"],"picked":"Pommel Strike","floor":10},{"not_picked":["Replay:Undeath\u0027s Touch","Anger","Armaments"],"picked":"Seeing Red","floor":11},{"not_picked":["Replay:Undeath\u0027s Touch","Armaments","ReplayTheSpireMod:Corrosion Curse"],"picked":"ReplayTheSpireMod:Limb From Limb","floor":14},{"not_picked":["Hemogenesis","Eclipse","Limit Break"],"picked":"Immolate","floor":16}],"player_experience":342604,"relics_obtained":[{"floor":7,"key":"Gremlin Horn"},{"floor":9,"key":"Art of War"},{"floor":10,"key":"Question Card"}],"event_choices":[{"cards_removed":["Defend_R"],"damage_healed":0,"gold_gain":0,"player_choice":"Card Removal","damage_taken":7,"max_hp_gain":0,"max_hp_loss":0,"event_name":"Golden Wing","floor":2,"gold_loss":0},{"damage_healed":0,"gold_gain":0,"player_choice":"Success","damage_taken":5,"relics_obtained":["Replay:Mystery Machine"],"max_hp_gain":0,"max_hp_loss":0,"event_name":"Scrap Ooze","floor":3,"gold_loss":0},{"damage_healed":0,"gold_gain":0,"player_choice":"Upgraded","damage_taken":0,"max_hp_gain":0,"max_hp_loss":0,"event_name":"Upgrade Shrine","floor":5,"gold_loss":0,"cards_upgraded":["Bash"]},{"damage_healed":0,"gold_gain":0,"player_choice":"Donut","damage_taken":0,"max_hp_gain":5,"max_hp_loss":0,"event_name":"Big Fish","floor":15,"gold_loss":0}],"is_beta":false,"boss_relics":[{"not_picked":["Tiny House","Black Star"],"picked":"ChewingGum"}],"items_purged_floors":[],"is_endless":false,"potions_floor_spawned":[4,7,10,14],"ascension_level":20}}