{"host":"h23hlq20ir8sps7h","time":1610816523,"event":{"mods":["Act Like it!","Aspiration","BaseMod","BetterRewards","Colored Map","Conspire","Energized Spire","Friendly Minions","GifTheSpireLib","Halation","Hubris","Ironclad Rager","Minty Spire (QoL Compilation)","Permanent Neow","Prisma Mod","Quarter Circle Forward PUNCH!","Quick Restart","Railgun Mod","Remilia??????","Replay The Spire","SCP261 Mod","Shop Mod","Spikes Relics","StSLib","Stuff the Spire","The Animator","The Hierophant","The Problem Sleuth","The Runesmith","The Sage","Trackpad","Wandering Minibosses","vexMod"],"gold_per_floor":[142,142,152,152,197,223,233,262,313,342,342,358,392,354,354,456,456,474,579,579,173,186,216,216,243,243,276,287,304,333,350,350,455,455,469,424,424,482,502,502,529,544,568,596,607,641,668,694,694,694],"floor_reached":51,"language":"ENG","playtime":4857,"items_purged":[],"score":1203,"play_id":"69c5932b-2524-4608-aa86-443a1f650745","local_time":"20210116090203","daily_mods":["Draft","Specialized","Allstar","Heirloom","DeadlyEvents","Elite Swarm"],"is_ascension_mode":false,"campfire_choices":[{"data":"PrismaMod:MiyuCheapDefend2","floor":11.0,"key":"SMITH"},{"data":"PrismaMod:MiyuCheapDefend2","floor":15.0,"key":"SMITH"},{"data":"PrismaMod:MiyuUncommonDexBuff","floor":24.0,"key":"SMITH"},{"data":"PrismaMod:MiyuCheapDefend2","floor":32.0,"key":"SMITH"},{"data":"PrismaMod:MiyuCheapDefend2","floor":40,"key":"SMITH"},{"data":"1","floor":49,"key":"LIFT"}],"circlet_count":0,"master_deck":["Demon Form","Wraith Form v2","Echo Form","DevaForm","TheRailgun:Level_6+1","Runesmith:CreatorForm","BatForm","sagemod:Cultist_Form","PrismaMod:MiyuCommonAOEAttack","PrismaMod:MiyuCommonAOEAttack","PrismaMod:MiyuCommonAOEAttack","PrismaMod:MiyuCommonAOEAttack","PrismaMod:MiyuCommonAOEAttack","PrismaMod:MiyuUberAOEAttack","PrismaMod:MiyuUncommonAOEAttack","PrismaMod:MiyuUncommonDexBuff","PrismaMod:MiyuCheapEvoke","PrismaMod:MiyuUncommonStrBuff","PrismaMod:MiyuOrbIncreasePerm","PrismaMod:MiyuEvokeBuffStr","PrismaMod:MiyuUberAOEAttack","PrismaMod:MiyuCheapPlate","PrismaMod:MiyuUncommonAttack","PrismaMod:MiyuCheapStrBuff","PrismaMod:MiyuUberAttack","PrismaMod:MiyuChristmas","PrismaMod:MiyuDefenseRemoval","PrismaMod:MiyuCheapAttack2","PrismaMod:MiyuUncommonAttack","PrismaMod:MiyuUberAttack","PrismaMod:MiyuChristmas","PrismaMod:MiyuCarnivalDefend","PrismaMod:MiyuUncommonAOEAttack","PrismaMod:MiyuCarnivalDefend","PrismaMod:MiyuCheapDefend2+1","PrismaMod:MiyuCheapDexBuff","PrismaMod:MiyuCheapDefend2+1","PrismaMod:MiyuUncommonPlate","PrismaMod:MiyuEvokeAllAttack","PrismaMod:MiyuDevil+1","PrismaMod:MiyuCheapDexBuff","PrismaMod:MiyuUncommonDexBuff","PrismaMod:MiyuCheapAttack1","PrismaMod:MiyuUncommonDexBuff+1","PrismaMod:MiyuCheapDefend1","PrismaMod:MiyuDevil","PrismaMod:MiyuUncommonDexBuff","PrismaMod:MiyuCheapDefend2","PrismaMod:MiyuCheapDefend2","PrismaMod:MiyuCheapDefend2+1","PrismaMod:MiyuEvokeCheapAttack+1","PrismaMod:MiyuCheapAttack1+1","PrismaMod:MiyuCheapDefend2+1","PrismaMod:MiyuUncommonAOEAttack","PrismaMod:MiyuUberDefend","PrismaMod:MiyuUncommonDexBuff","PrismaMod:MiyuUncommonDexBuff+1","PrismaMod:MiyuCheapAttack2+1","PrismaMod:MiyuCarnivalDefend+1","PrismaMod:MiyuChannelAttackEvoke+1","PrismaMod:MiyuCheapChannelAttack","PrismaMod:MiyuEvokeAllAttack+1","PrismaMod:MiyuChannelAttackEvoke+1","PrismaMod:MiyuBride+1"],"relics":["PrismaMod:PrismaSapphire","qcfpunch:Red_Beret","qcfpunch:Green_Leotard","qcfpunch:Special_Ops_Insignia","hubris:MedicalManual","SnailShell","StuffTheSpire:Expresso","Bronze Scales","halation:LettersToHer","StuffTheSpire:Wildfire","Ring of Chaos","aspiration:FrozenJewel","hubris:Reverence","Thread and Needle","Girya","qcfpunch:Combat_Fatigues","hubris:DeckOfHolding","hubris:Backtick","Golden Egg","StrikeDummy","PreservedInsect","Boot","Replay:Kaleidoscope","Runesmith:AutoHammer","vexMod:PlasmaPancake","Replay:Bottled Flurry"],"acts_visited":["Exordium","TheCity","TheBeyond"],"potions_floor_usage":[],"damage_taken":[{"damage":11.0,"enemies":"Jaw Worm","floor":1.0,"turns":2.0},{"damage":6.0,"enemies":"2 Louse","floor":3.0,"turns":2.0},{"damage":5.0,"enemies":"Small Slimes","floor":5.0,"turns":3.0},{"damage":0.0,"enemies":"Gremlin Nob","floor":6.0,"turns":4.0},{"damage":0.0,"enemies":"Looter","floor":7.0,"turns":3.0},{"damage":23.0,"enemies":"Lagavulin","floor":8.0,"turns":6.0},{"damage":0.0,"enemies":"3 Sentries","floor":10.0,"turns":2.0},{"damage":0.0,"enemies":"Large Slime","floor":12.0,"turns":2.0},{"damage":0.0,"enemies":"Gremlin Nob","floor":13.0,"turns":3.0},{"damage":3.0,"enemies":"The Guardian","floor":16.0,"turns":6.0},{"damage":0.0,"enemies":"conspire:FuzzyDice","floor":18.0,"turns":5.0},{"damage":0.0,"enemies":"Shell Parasite","floor":22.0,"turns":5.0},{"damage":19.0,"enemies":"Slavers","floor":23.0,"turns":7.0},{"damage":0.0,"enemies":"Gremlin Leader","floor":25.0,"turns":5.0},{"damage":0.0,"enemies":"Replay:Snechameleon","floor":27.0,"turns":6.0},{"damage":0.0,"enemies":"Chosen and Byrds","floor":28.0,"turns":3.0},{"damage":0.0,"enemies":"Shelled Parasite and Fungi","floor":29.0,"turns":4.0},{"damage":43.0,"enemies":"Slavers","floor":30.0,"turns":6.0},{"damage":0.0,"enemies":"Centurion and Healer","floor":31.0,"turns":4.0},{"damage":0.0,"enemies":"conspire:MysteriousRune","floor":33.0,"turns":8.0},{"damage":0,"enemies":"3 Darklings","floor":35,"turns":3},{"damage":0,"enemies":"conspire:MimicChest","floor":38,"turns":6},{"damage":0,"enemies":"Orb Walker","floor":39,"turns":2},{"damage":0,"enemies":"Reptomancer","floor":41,"turns":6},{"damage":0,"enemies":"Jaw Worm Horde","floor":42,"turns":6},{"damage":0,"enemies":"Giant Head","floor":44,"turns":9},{"damage":4,"enemies":"Transient","floor":45,"turns":5},{"damage":5,"enemies":"Nemesis","floor":46,"turns":4},{"damage":0,"enemies":"Giant Head","floor":47,"turns":8},{"damage":0,"enemies":"Reptomancer","floor":48,"turns":5},{"damage":1,"enemies":"Replay:Hell Engine","floor":50,"turns":7}],"seed_played":"-305250553751630963","potions_obtained":[{"floor":1.0,"key":"FairyPotion"},{"floor":5.0,"key":"SpeedPotion"},{"floor":6.0,"key":"Dexterity Potion"},{"floor":12.0,"key":"ColorlessPotion"}],"is_trial":true,"path_per_floor":["M","?","M","?","M","E","M","E","T","E","R","M","E","$","R","B",null,"M","?","?","$","M","E","R","E","T","E","M","M","E","M","R","B",null,"M","$","?","?","M","R","E","M","T","E","M","E","E","E","R","B",null],"character_chosen":"MIYU","items_purchased":["PrismaMod:MiyuUncommonPlate","PrismaMod:MiyuUncommonDexBuff","PrismaMod:MiyuCheapDefend1","PrismaMod:MiyuDevil","aspiration:FrozenJewel","PrismaMod:MiyuUncommonDexBuff"],"campfire_rested":0,"item_purchase_floors":[14,21,21,21,21,36],"current_hp_per_floor":[64,64,62,62,75,75,75,63,63,75,75,75,75,75,75,72,75,75,57,57,57,75,56,56,75,75,75,75,75,66,75,75,75,75,75,75,75,75,75,75,75,75,75,75,75,73,81,81,81,81],"gold":694,"neow_bonus":"","is_daily":false,"chose_seed":false,"campfire_upgraded":5,"win_rate":0.0,"timestamp":1610816523,"path_taken":["M","?","M","?","M","E","M","E","T","E","R","M","E","$","R","BOSS","M","?","?","$","?","E","R","E","T","E","M","M","E","M","R","BOSS","M","$","?","?","?","R","E","M","T","E","M","E","?","E","R","BOSS"],"items_purchased_type":["Card","Card","Card","Card","Relic","Card"],"build_version":"2020-12-22","purchased_purges":0,"victory":true,"max_hp_per_floor":[75,75,75,75,75,75,75,75,75,75,75,75,75,75,75,75,75,75,75,75,75,75,75,75,75,75,75,75,75,75,75,75,75,75,75,75,75,75,75,75,75,75,75,75,75,75,81,81,81,81],"card_choices":[{"not_picked":["PrismaMod:MiyuCommonAOEAttack","PrismaMod:MiyuUncommonAttack"],"picked":"PrismaMod:MiyuUberAOEAttack","floor":0.0},{"not_picked":["PrismaMod:MiyuChristmas","PrismaMod:MiyuCheapChannelHeal"],"picked":"PrismaMod:MiyuUncommonAOEAttack","floor":0.0},{"not_picked":["PrismaMod:MiyuCheapAttack1","PrismaMod:MiyuEvokeBuffDex"],"picked":"PrismaMod:MiyuUncommonDexBuff","floor":0.0},{"not_picked":["PrismaMod:MiyuDefenseExplosion","PrismaMod:MiyuCheapChannelAttack"],"picked":"PrismaMod:MiyuCheapEvoke","floor":0.0},{"not_picked":["PrismaMod:MiyuEvokeAll","PrismaMod:MiyuEvokeBuffStr"],"picked":"PrismaMod:MiyuUncommonStrBuff","floor":0.0},{"not_picked":["PrismaMod:MiyuCheapAttack2","PrismaMod:MiyuUncommonAOEAttack"],"picked":"PrismaMod:MiyuOrbIncreasePerm","floor":0.0},{"not_picked":["PrismaMod:MiyuUncommonAttack","PrismaMod:MiyuCheapAttack2"],"picked":"PrismaMod:MiyuEvokeBuffStr","floor":0.0},{"not_picked":["PrismaMod:MiyuDefenseRemoval","PrismaMod:MiyuAttackChannelWeak"],"picked":"PrismaMod:MiyuUberAOEAttack","floor":0.0},{"not_picked":["PrismaMod:MiyuCommonAOEAttack","PrismaMod:MiyuEvokeCheapAttack"],"picked":"PrismaMod:MiyuCheapPlate","floor":0.0},{"not_picked":["PrismaMod:MiyuCheapChannelWeak","PrismaMod:MiyuCheapChannelHeal"],"picked":"PrismaMod:MiyuUncommonAttack","floor":0.0},{"not_picked":["PrismaMod:MiyuCheapChannelRandom","PrismaMod:MiyuAttackChannelVul"],"picked":"PrismaMod:MiyuCheapStrBuff","floor":0.0},{"not_picked":["PrismaMod:MiyuAttackChannelWeak","PrismaMod:MiyuUncommonDexBuff"],"picked":"PrismaMod:MiyuUberAttack","floor":0.0},{"not_picked":["PrismaMod:MiyuCommonAOEAttack","PrismaMod:MiyuEvokeCheapAttack"],"picked":"PrismaMod:MiyuChristmas","floor":0.0},{"not_picked":["PrismaMod:MiyuCheapStrBuff","PrismaMod:MiyuAttackChannelWeak"],"picked":"PrismaMod:MiyuDefenseRemoval","floor":0.0},{"not_picked":["PrismaMod:MiyuAttackChannelVul","PrismaMod:MiyuDefenseExplosion"],"picked":"PrismaMod:MiyuCheapAttack2","floor":0.0},{"not_picked":["PrismaMod:MiyuCheapChannelVul","PrismaMod:MiyuDefenseExplosion"],"picked":"PrismaMod:MiyuUncommonAttack","floor":1.0},{"not_picked":["PrismaMod:MiyuCheapEvoke","PrismaMod:MiyuCheapChannelHeal"],"picked":"PrismaMod:MiyuUberAttack","floor":3.0},{"not_picked":["PrismaMod:MiyuEvokeBuffStr","PrismaMod:MiyuUberAOEAttack"],"picked":"PrismaMod:MiyuChristmas","floor":5.0},{"not_picked":["PrismaMod:MiyuUberDefend","PrismaMod:MiyuChannelAttackEvoke"],"picked":"PrismaMod:MiyuCarnivalDefend","floor":6.0},{"not_picked":["PrismaMod:MiyuUncommonAttack","PrismaMod:MiyuEvokeBuffDex"],"picked":"PrismaMod:MiyuUncommonAOEAttack","floor":7.0},{"not_picked":["PrismaMod:MiyuChannelAttackEvoke","PrismaMod:MiyuEvokeAllAttack"],"picked":"PrismaMod:MiyuCarnivalDefend","floor":8.0},{"not_picked":["PrismaMod:MiyuDefendChannelDefend","PrismaMod:MiyuEvokeAllAttack"],"picked":"PrismaMod:MiyuCheapDefend2","floor":10.0},{"not_picked":["PrismaMod:MiyuCarnivalAttack","PrismaMod:MiyuCheapStrBuff"],"picked":"PrismaMod:MiyuCheapDexBuff","floor":12.0},{"not_picked":["PrismaMod:MiyuDefendChannelDefend","PrismaMod:MiyuBride"],"picked":"PrismaMod:MiyuCheapDefend2","floor":13.0},{"not_picked":["PrismaMod:MiyuChannelAttackEvoke","PrismaMod:MiyuDefenseAbsorbMinor"],"picked":"PrismaMod:MiyuEvokeAllAttack","floor":16.0},{"not_picked":["PrismaMod:MiyuUncommonAttack","PrismaMod:MiyuEvokeCheapDefend+1"],"picked":"PrismaMod:MiyuDevil+1","floor":18.0},{"not_picked":["PrismaMod:MiyuCheapAttack1","PrismaMod:MiyuAttackChannelVul+1"],"picked":"PrismaMod:MiyuCheapDexBuff","floor":19.0},{"not_picked":["PrismaMod:MiyuCarnivalAttack","PrismaMod:MiyuMaid"],"picked":"PrismaMod:MiyuUncommonDexBuff","floor":19.0},{"not_picked":["PrismaMod:MiyuChannelDefendEvoke","PrismaMod:MiyuCarnivalAttack"],"picked":"PrismaMod:MiyuCheapAttack1","floor":19.0},{"not_picked":["PrismaMod:MiyuEvokeCheapDefend","PrismaMod:MiyuDefenseAbsorbMinor"],"picked":"PrismaMod:MiyuUncommonDexBuff","floor":22.0},{"not_picked":["PrismaMod:MiyuEvokeAllAttack","PrismaMod:MiyuChannelDefendEvoke"],"picked":"PrismaMod:MiyuCheapDefend2","floor":23.0},{"not_picked":["PrismaMod:MiyuUberDefend","PrismaMod:MiyuChannelAttackEvoke"],"picked":"PrismaMod:MiyuCheapDefend2","floor":25.0},{"not_picked":["PrismaMod:MiyuChannelDefendEvoke","PrismaMod:MiyuEvokeAllDefend"],"picked":"PrismaMod:MiyuCheapDefend2","floor":27.0},{"not_picked":["PrismaMod:MiyuCarnivalAttack","PrismaMod:MiyuUberAttack"],"picked":"PrismaMod:MiyuEvokeCheapAttack+1","floor":28.0},{"not_picked":["PrismaMod:MiyuDefenseRemoval+1","PrismaMod:MiyuDefenseExplosion"],"picked":"PrismaMod:MiyuCheapAttack1+1","floor":29.0},{"not_picked":["PrismaMod:MiyuChannelAttackEvoke","PrismaMod:MiyuUberDefend"],"picked":"PrismaMod:MiyuCheapDefend2","floor":30.0},{"not_picked":["PrismaMod:MiyuCommonAOEAttack","PrismaMod:MiyuDefenseRemoval"],"picked":"PrismaMod:MiyuUncommonAOEAttack","floor":31.0},{"not_picked":["PrismaMod:MiyuChannelDefendEvoke","PrismaMod:MiyuChannelAttackEvoke"],"picked":"PrismaMod:MiyuUberDefend","floor":33.0},{"not_picked":["PrismaMod:MiyuUberAOEAttack","PrismaMod:MiyuDefenseRemoval+1"],"picked":"PrismaMod:MiyuUncommonDexBuff","floor":35},{"not_picked":["PrismaMod:MiyuUberAttack","PrismaMod:MiyuEvokeBuffDex"],"picked":"PrismaMod:MiyuCheapAttack2+1","floor":38},{"not_picked":["PrismaMod:MiyuAttackChannelWeak","PrismaMod:MiyuEvokeBuffDex","PrismaMod:MiyuEvokeAll+1"],"picked":"SKIP","floor":39},{"not_picked":["PrismaMod:MiyuUberDefend","PrismaMod:MiyuEvokeAllAttack"],"picked":"PrismaMod:MiyuCarnivalDefend","floor":41},{"not_picked":["PrismaMod:MiyuCheapChannelHeal","PrismaMod:MiyuCommonAOEAttack","PrismaMod:MiyuDefenseRemoval+1"],"picked":"SKIP","floor":42},{"not_picked":["PrismaMod:MiyuEvokeAllAttack","PrismaMod:MiyuEvokeAllDefend"],"picked":"PrismaMod:MiyuChannelAttackEvoke","floor":44},{"not_picked":["PrismaMod:MiyuMaid","PrismaMod:MiyuEvokeBuffDex"],"picked":"PrismaMod:MiyuCheapChannelAttack","floor":45},{"not_picked":["PrismaMod:MiyuChannelDefendEvoke","PrismaMod:MiyuUberDefend"],"picked":"PrismaMod:MiyuEvokeAllAttack","floor":46},{"not_picked":["PrismaMod:MiyuChannelDefendEvoke","PrismaMod:MiyuUberDefend"],"picked":"PrismaMod:MiyuChannelAttackEvoke","floor":47},{"not_picked":["PrismaMod:MiyuChannelAttackEvoke","PrismaMod:MiyuEvokeAllDefend"],"picked":"PrismaMod:MiyuBride","floor":48}],"player_experience":290693,"relics_obtained":[{"floor":6.0,"key":"SnailShell"},{"floor":8.0,"key":"StuffTheSpire:Expresso"},{"floor":9.0,"key":"Bronze Scales"},{"floor":10.0,"key":"halation:LettersToHer"},{"floor":13.0,"key":"StuffTheSpire:Wildfire"},{"floor":23.0,"key":"hubris:Reverence"},{"floor":25.0,"key":"Thread and Needle"},{"floor":26.0,"key":"halation:LettersToHer"},{"floor":26.0,"key":"Girya"},{"floor":27.0,"key":"qcfpunch:Combat_Fatigues"},{"floor":30.0,"key":"hubris:DeckOfHolding"},{"floor":38,"key":"StrikeDummy"},{"floor":41,"key":"PreservedInsect"},{"floor":43,"key":"halation:LettersToHer"},{"floor":43,"key":"Boot"},{"floor":44,"key":"Replay:Kaleidoscope"},{"floor":46,"key":"Runesmith:AutoHammer"},{"floor":47,"key":"vexMod:PlasmaPancake"},{"floor":48,"key":"Replay:Bottled Flurry"}],"event_choices":[{"damage_healed":0.0,"max_hp_gain":0.0,"max_hp_loss":0.0,"gold_gain":0.0,"event_name":"conspire:Investor","player_choice":"Leave","floor":2.0,"gold_loss":0.0,"damage_taken":0.0},{"damage_healed":0.0,"max_hp_gain":0.0,"max_hp_loss":0.0,"gold_gain":0.0,"event_name":"Living Wall","player_choice":"Grow","floor":4.0,"gold_loss":0.0,"damage_taken":0.0,"cards_upgraded":["TheRailgun:Level_6"]}],"is_beta":false,"boss_relics":[{"not_picked":["StuffTheSpire:ModemDavis","hubris:HollowSoul"],"picked":"Ring of Chaos"},{"not_picked":["StuffTheSpire:RunicHypercube","Snecko Heart"],"picked":"hubris:Backtick"}],"items_purged_floors":[],"is_endless":false,"potions_floor_spawned":[1,5,6,12,13,16,18,23,25,28,29,35,41,46,48],"ascension_level":0}}