{"host":"tkinv8gv6hgcc58b","time":1610772301,"event":{"mods":["BaseMod","Colored Map","Downfall","Googly Eyes","Hermit","Minty Spire (QoL Compilation)","READ ME - Guardian Mod","StSLib","The Cursed","The Disciple"],"gold_per_floor":[99,116,127,26,326,345,345,245,245,245,245,262,281,310,330,434,434,434,450,450,450,464,141,141,141,141,141,169,169,184,184,198,298,298,298,311,329,344,344,154,229,242,260,271,30,62,62,97,114,114,114,114],"floor_reached":50,"language":"ENG","playtime":3031,"items_purged":["downfall:Icky","Pain"],"score":725,"play_id":"c461d3a3-716f-478d-bfe8-e00014afd22b","local_time":"20210115234501","is_ascension_mode":true,"campfire_choices":[{"floor":1.0,"key":"RECALL"},{"floor":8,"key":"REST"},{"floor":10,"key":"REST"},{"floor":18,"key":"REST"},{"floor":25,"key":"REST"},{"floor":27,"key":"REST"},{"floor":29,"key":"REST"},{"floor":35,"key":"REST"},{"floor":47,"key":"REST"}],"circlet_count":1,"master_deck":["champ:Strike","champ:Strike","champ:Strike","champ:Defend","champ:Defend","champ:Defend","champ:Defend","champ:Execute","champ:Taunt","champ:BerserkerStyle","champ:FocusedBerserking","champ:Haymaker","champ:Encircle","champ:BringItOn","downfall:Icky","champ:StanceDance","champ:FocusedBerserking","champ:RisingSlash","champ:BerserkersShout","champ:EndlessRage","champ:DeathBlow","champ:Improvising","champ:FanOfKnives","champ:Improvising","champ:FocusedBerserking+1","champ:ShieldWall","Pride","champ:ArenaPreparation+1","champ:SteelEdge","Parasite","Injury","downfall:Malfunctioning","Writhe","champ:CheapShot","champ:StanceDance","champ:TripleStrike","champ:ShieldWall","Decay","expansioncontent:StudyTheSpire"],"relics":["Fusion Hammer","Bottled Flame","downfall:HeartBlessingRed","Blood Vial","Guardian:PocketSentry","Circlet","Enchiridion","champ:BerserkersGuideToSlaughter","Singing Bowl","Bronze Scales","Du-Vu Doll","Cursed Key","Busted Crown","HornCleat","Guardian:BottledAnomaly","Gremlin Horn","White Beast Statue","Lantern"],"acts_visited":["Exordium","TheCity","TheBeyond"],"potions_floor_usage":[14,16,43,50,50,50],"damage_taken":[{"damage":3.0,"enemies":"2 Louse","floor":2.0,"turns":4.0},{"damage":32,"enemies":"Jaw Worm","floor":3,"turns":4},{"damage":39,"enemies":"downfall:FleeingMerchant","floor":4,"turns":4},{"damage":5,"enemies":"Small Slimes","floor":6,"turns":3},{"damage":13,"enemies":"Red Slaver","floor":12,"turns":2},{"damage":16,"enemies":"Exordium Wildlife","floor":13,"turns":4},{"damage":22,"enemies":"Gremlin Nob","floor":14,"turns":3},{"damage":10,"enemies":"Lots of Slimes","floor":15,"turns":2},{"damage":57,"enemies":"IC_STATUS_ARCHETYPE","floor":16,"turns":5},{"damage":12,"enemies":"3 Byrds","floor":19,"turns":4},{"damage":48,"enemies":"Chosen","floor":22,"turns":3},{"damage":20,"enemies":"downfall:FleeingMerchant","floor":23,"turns":4},{"damage":54,"enemies":"Book of Stabbing","floor":28,"turns":5},{"damage":37,"enemies":"Centurion and Healer","floor":30,"turns":5},{"damage":21,"enemies":"Chosen and Byrds","floor":32,"turns":4},{"damage":45,"enemies":"WA_ARCHETYPE_CALM","floor":33,"turns":5},{"damage":9,"enemies":"3 Shapes","floor":36,"turns":3},{"damage":0,"enemies":"Orb Walker","floor":37,"turns":2},{"damage":18,"enemies":"Spire Growth","floor":38,"turns":3},{"damage":19,"enemies":"downfall:FleeingMerchant","floor":40,"turns":4},{"damage":30,"enemies":"3 Darklings","floor":42,"turns":3},{"damage":30,"enemies":"Transient","floor":43,"turns":5},{"damage":34,"enemies":"Sphere and 2 Shapes","floor":44,"turns":3},{"damage":0,"enemies":"downfall:FleeingMerchant","floor":45,"turns":2},{"damage":71,"enemies":"Nemesis","floor":46,"turns":5},{"damage":30,"enemies":"Giant Head","floor":48,"turns":6},{"damage":45,"enemies":"Jaw Worm Horde","floor":49,"turns":3},{"damage":91,"enemies":"DF_ARCHETYPE_ORBS","floor":50,"turns":5}],"seed_played":"-5811749316007671464","potions_obtained":[{"floor":2.0,"key":"Regen Potion"},{"floor":12,"key":"ColorlessPotion"},{"floor":14,"key":"PowerPotion"},{"floor":15,"key":"AttackPotion"},{"floor":16,"key":"hexamod:SoulburnPotion"},{"floor":42,"key":"DistilledChaos"},{"floor":43,"key":"Swift Potion"},{"floor":49,"key":"Regen Potion"}],"is_trial":false,"path_per_floor":["R","M","M","$","?","M","T","R","?","R","?","M","M","E","M","B",null,"R","M","?","?","M","$","T","R","?","R","E","R","M","?","M","B",null,"R","M","M","M","?","$","T","M","M","M","$","E","R","E","M","B"],"character_chosen":"THE_CHAMP","items_purchased":["champ:Encircle","champ:BringItOn","champ:BerserkersGuideToSlaughter","champ:ShieldWall","champ:ShieldWall","Guardian:BottledAnomaly","expansioncontent:StudyTheSpire","Gremlin Horn"],"campfire_rested":8,"item_purchase_floors":[4,4,23,23,40,45,45,45],"current_hp_per_floor":[90,90,78,73,73,73,73,90,72,90,90,77,68,55,52,34,90,90,88,72,72,64,66,66,90,90,90,56,83,81,81,87,87,90,90,83,87,88,88,93,93,97,102,94,98,68,100,95,79,0,0,0],"gold":114,"neow_bonus":"BOSS_RELIC","is_daily":false,"chose_seed":false,"campfire_upgraded":0,"win_rate":0.0,"timestamp":1610772301,"path_taken":["R","M","M","$","?","M","T","R","?","R","?","M","?","E","M","BOSS","R","M","?","?","?","$","T","R","?","R","E","R","M","?","M","BOSS","R","M","M","M","?","$","T","M","M","M","$","E","R","E","M","BOSS"],"items_purchased_type":["Card","Card","Relic","Card","Card","Relic","Card","Relic"],"build_version":"2020-12-22","purchased_purges":2,"victory":false,"max_hp_per_floor":[90,90,90,90,90,90,90,90,90,90,90,90,90,90,90,90,90,90,90,90,90,90,90,90,90,90,90,90,90,90,90,90,90,90,90,92,94,96,96,98,98,100,102,104,106,108,108,110,112,112,112,112],"card_choices":[{"not_picked":["champ:Haymaker","champ:AdrenalArmor"],"picked":"champ:BerserkerStyle","floor":2.0},{"not_picked":["champ:BringItOn","champ:Backstep"],"picked":"champ:FocusedBerserking","floor":3},{"not_picked":["champ:PerfectedStrike","champ:BladeFlurry"],"picked":"champ:Haymaker","floor":4},{"not_picked":["champ:PreemptiveStrike","champ:FocusedBerserking"],"picked":"champ:StanceDance","floor":6},{"not_picked":["champ:AdrenalArmor","champ:FanOfKnives"],"picked":"champ:RisingSlash","floor":12},{"not_picked":["champ:TornadoPunch","champ:HeavySlash"],"picked":"champ:BerserkersShout","floor":13},{"not_picked":["champ:PreemptiveStrike","champ:Backstep"],"picked":"champ:EndlessRage","floor":14},{"not_picked":["champ:GutPunch","champ:BladeFlurry"],"picked":"champ:DeathBlow","floor":15},{"not_picked":["champ:HeavySlash","champ:DancingMaster"],"picked":"champ:Improvising","floor":16},{"not_picked":["champ:PerfectedStrike+1","champ:Backstep+1"],"picked":"champ:FanOfKnives","floor":19},{"not_picked":["champ:PerfectedStrike","champ:Shatter","champ:Backstep"],"picked":"SKIP","floor":22},{"not_picked":["champ:TornadoPunch","champ:CrownThrow"],"picked":"champ:FocusedBerserking+1","floor":23},{"not_picked":["champ:GutPunch","champ:TornadoPunch+1"],"picked":"champ:ArenaPreparation+1","floor":28},{"not_picked":["champ:FlashCut","champ:PreciseThrust"],"picked":"champ:SteelEdge","floor":30},{"not_picked":["champ:RisingSlash","champ:Haymaker"],"picked":"champ:StanceDance","floor":32},{"not_picked":["champ:VampiricStrike","champ:HeavySlash"],"picked":"champ:TripleStrike","floor":33},{"not_picked":["champ:Circumvent"],"picked":"Singing Bowl","floor":36},{"not_picked":["champ:Shatter"],"picked":"Singing Bowl","floor":37},{"not_picked":["champ:Shatter+1"],"picked":"Singing Bowl","floor":38},{"not_picked":["champ:TornadoPunch+1"],"picked":"Singing Bowl","floor":40},{"not_picked":["champ:Backstep+1"],"picked":"Singing Bowl","floor":42},{"not_picked":["champ:EnragedBash"],"picked":"Singing Bowl","floor":43},{"not_picked":["champ:FocusedBerserking"],"picked":"Singing Bowl","floor":44},{"not_picked":["champ:BringItOn+1"],"picked":"Singing Bowl","floor":45},{"not_picked":["champ:SetATrap+1"],"picked":"Singing Bowl","floor":46},{"not_picked":["champ:PerfectedStrike+1"],"picked":"Singing Bowl","floor":48},{"not_picked":["champ:BringItOn"],"picked":"Singing Bowl","floor":49}],"player_experience":998981,"relics_obtained":[{"floor":7,"key":"Bottled Flame"},{"floor":14,"key":"Guardian:PocketSentry"},{"floor":20,"key":"Enchiridion"},{"floor":24,"key":"Singing Bowl"},{"floor":28,"key":"Du-Vu Doll"},{"floor":41,"key":"HornCleat"},{"floor":46,"key":"White Beast Statue"},{"floor":48,"key":"Lantern"}],"event_choices":[{"damage_healed":0,"gold_gain":0,"player_choice":"Success","damage_taken":18,"relics_obtained":["Blood Vial"],"max_hp_gain":0,"max_hp_loss":0,"event_name":"Scrap Ooze","floor":9,"gold_loss":0},{"damage_healed":0,"gold_gain":0,"player_choice":"Copied","damage_taken":0,"max_hp_gain":0,"max_hp_loss":0,"event_name":"Duplicator","floor":21,"gold_loss":0,"cards_obtained":["champ:Improvising"]},{"damage_healed":0,"gold_gain":0,"player_choice":"Stole Relic","damage_taken":0,"relics_obtained":["Bronze Scales"],"max_hp_gain":0,"max_hp_loss":0,"event_name":"Addict","floor":26,"gold_loss":0,"cards_obtained":["Pride"]}],"is_beta":false,"boss_relics":[{"not_picked":["Empty Cage","Coffee Dripper"],"picked":"Circlet"},{"not_picked":["Pandora\u0027s Box","Snecko Eye"],"picked":"Busted Crown"}],"items_purged_floors":[23,40],"is_endless":false,"potions_floor_spawned":[2,12,14,15,16,19,28,33,37,42,43,48,49],"killed_by":"DF_ARCHETYPE_ORBS","ascension_level":1}}