{"host":"qwp6882a7gaon7u5","time":1610815205,"event":{"mods":["100% Spire Juice","ATMod(阿瑾Mod)","BaseMod","BetterRewards","Minty Spire (QoL Compilation)","Red Circlet Mod","Replay The Spire","RumiaBox-露米娅的神秘盒子","Spicy Shops","StSLib","【功能Mod】混沌之环修复补丁","【遗物卡牌】REMEMod","篝火指南"],"gold_per_floor":[117,127,127,141,157,188,188,231,231,246,246,267,306,327,327,455,455,478,403,22,41,41,79,79,79,79,113,133,149,24,57,57,177,177,198,198,218,72,88,132,151,484,510,527,527,540,551,582,65,65,65,65,65,99,99],"floor_reached":56,"language":"ZHS","playtime":2720,"items_purged":["Moonworks:Defend","Moonworks:Strike","Moonworks:Defend","Doubt"],"score":1566,"play_id":"bf80f80f-2844-4de3-be7e-5b589a34c6bd","local_time":"20210117004005","is_ascension_mode":false,"campfire_choices":[{"data":"Moonworks:Ambush","floor":7,"key":"SMITH"},{"data":"Moonworks:ShieldCounter","floor":15,"key":"SMITH"},{"data":"Moonworks:SealedMemories","floor":24,"key":"SMITH"},{"floor":32,"key":"RECALL"},{"data":"REME_FirmDetermination","floor":52,"key":"SMITH"}],"circlet_count":0,"master_deck":["Moonworks:Strike","Moonworks:Strike","Moonworks:Defend+1","Moonworks:Defend","Moonworks:Ambush+1","Moonworks:LongDistanceShot","AT_DarkMatter","Moonworks:ShieldCounter+1","Moonworks:RagingMadness","Moonworks:BigMagnum","Injury","Moonworks:SweetBattle","Moonworks:WindyEnchantment","Moonworks:AwakeningOfTalent","Moonworks:ForcedRevival","Moonworks:BigBangBell","Moonworks:JonathanRush","Moonworks:PlushieMaster","Moonworks:CloudOfSeagulls","Clumsy","Moonworks:Dinner+1","Moonworks:SealedMemories+1","Moonworks:CloudOfSeagulls+1","Moonworks:BindingChains+1","Moonworks:CloudOfSeagulls+1","Sadistic Nature","REME_FirmDetermination+1","Finesse","Moonworks:EvilSpyWorkPreparation+1","Moonworks:GoAway+1","Moonworks:Dash+1","Moonworks:Flamethrower","Moonworks:Assault","Moonworks:JonathanRush","Moonworks:NicePresent","Moonworks:NicePresent+1","Moonworks:Bloodlust+1","Moonworks:NicePresent+1","Moonworks:DeployBits","Moonworks:JonathanRush+1","Moonworks:BigMagnum+1"],"relics":["Moonworks:BrokenBomb","Moonworks:Homemark","REME_ComplimentaryCards","AT_ATBox","Akabeko","ReplayTheSpireMod:TigerMarble","Darkstone Periapt","Mango","Garlic","REME_ChargedStone","AT_BellDemon","Medical Kit","AT_Manta","AT_SilvercatRing","Torii","Letter Opener","ReplayTheSpireMod:Lightbulb","HornCleat","AT_ImmortalShieldbow","ZombieArmy","ReplayTheSpireMod:ShopPack","AT_EbonyIvory","AT_SeraphEmbrace","Lantern","SlaversCollar","REME_IWantAll","AT_BladeRuinedKing","Oddly Smooth Stone","GodSword5","Pen Nib","AT_SunfireAegis","AT_ChloranthyRing","Boot","REME_LimitBreaker","CaptainsWheel","Ice Cream","Bag of Marbles","Toolbox","AT_TimeSand","ReplayTheSpireMod:CursedCoin","REME_HandOfSuture","Kunai"],"acts_visited":["Exordium","TheCity","TheBeyond","TheEnding"],"potions_floor_usage":[13,16,16,23,23,50,50,50],"damage_taken":[{"damage":0,"enemies":"Small Slimes","floor":1,"turns":2},{"damage":5,"enemies":"Jaw Worm","floor":2,"turns":2},{"damage":5,"enemies":"Cultist","floor":4,"turns":3},{"damage":5,"enemies":"Exordium Thugs","floor":5,"turns":2},{"damage":10,"enemies":"Lagavulin","floor":6,"turns":5},{"damage":7,"enemies":"3 Sentries","floor":8,"turns":6},{"damage":0,"enemies":"3 Louse","floor":10,"turns":2},{"damage":0,"enemies":"Gremlin Gang","floor":12,"turns":3},{"damage":0,"enemies":"Gremlin Nob","floor":13,"turns":3},{"damage":0,"enemies":"2 Fungi Beasts","floor":14,"turns":2},{"damage":10,"enemies":"Hexaghost","floor":16,"turns":7},{"damage":0,"enemies":"Spheric Guardian","floor":18,"turns":2},{"damage":4,"enemies":"3 Byrds","floor":21,"turns":4},{"damage":14,"enemies":"Slavers","floor":23,"turns":2},{"damage":2,"enemies":"Gremlin Leader","floor":27,"turns":5},{"damage":10,"enemies":"Snake Plant","floor":28,"turns":3},{"damage":12,"enemies":"Cultist and Chosen","floor":29,"turns":3},{"damage":22,"enemies":"Book of Stabbing","floor":31,"turns":3},{"damage":70,"enemies":"Automaton","floor":33,"turns":5},{"damage":4,"enemies":"Orb Walker","floor":35,"turns":2},{"damage":9,"enemies":"3 Darklings","floor":37,"turns":4},{"damage":0,"enemies":"Writhing Mass","floor":39,"turns":3},{"damage":0,"enemies":"Reptomancer","floor":40,"turns":3},{"damage":9,"enemies":"4 Shapes","floor":41,"turns":2},{"damage":0,"enemies":"Transient","floor":44,"turns":4},{"damage":0,"enemies":"3 Darklings","floor":46,"turns":1},{"damage":1,"enemies":"Spire Growth","floor":47,"turns":3},{"damage":0,"enemies":"R_Hoarder","floor":48,"turns":3},{"damage":56,"enemies":"Replay:Hell Engine","floor":50,"turns":4},{"damage":0,"enemies":"Shield and Spear","floor":54,"turns":2},{"damage":34,"enemies":"The Heart","floor":55,"turns":4}],"seed_played":"5647496892941292668","potions_obtained":[{"floor":4,"key":"Swift Potion"},{"floor":6,"key":"LiquidMemories"},{"floor":8,"key":"SpeedPotion"},{"floor":13,"key":"SpeedPotion"},{"floor":14,"key":"AttackPotion"},{"floor":21,"key":"Moonworks:OneHundredPercentOrangeJuicePotion"},{"floor":22,"key":"ColorlessPotion"},{"floor":22,"key":"FairyPotion"},{"floor":28,"key":"Reflective Coating"},{"floor":29,"key":"Venom Potion"},{"floor":31,"key":"Ancient Potion"},{"floor":35,"key":"DuplicationPotion"}],"is_trial":false,"path_per_floor":["M","M","?","M","M","E","R","E","T","M","T","M","E","M","R","B",null,"M","?","$","M","?","E","R","$","T","E","M","M","$","E","R","B",null,"M","?","M","$","M","E","M","?","T","M","?","M","M","E","R","B",null,"R","$","E","B",null],"character_chosen":"THE_STARBREAKER","items_purchased":["Moonworks:RagingMadness","AT_BellDemon","Medical Kit","ReplayTheSpireMod:ShopPack","Oddly Smooth Stone","Toolbox","AT_TimeSand","ReplayTheSpireMod:CursedCoin"],"campfire_rested":0,"item_purchase_floors":[0,20,20,30,38,49,49,53],"current_hp_per_floor":[41,36,36,31,26,20,20,17,17,17,31,36,45,53,53,47,74,74,74,80,76,76,70,70,70,70,80,80,78,78,68,68,41,80,76,76,67,67,70,75,78,78,78,83,83,86,85,86,86,52,86,86,92,92,80],"gold":99,"neow_bonus":"","is_daily":false,"chose_seed":false,"campfire_upgraded":4,"win_rate":0.0,"timestamp":1610815205,"path_taken":["M","M","?","M","M","E","R","E","T","M","?","M","E","M","R","BOSS","M","?","$","M","?","E","R","$","T","E","M","?","?","E","R","BOSS","M","?","M","?","M","E","?","?","T","M","?","M","M","E","R","BOSS","R","$","E","BOSS"],"items_purchased_type":["Card","Relic","Relic","Relic","Relic","Relic","Relic","Relic"],"build_version":"2020-12-22","purchased_purges":4,"victory":true,"max_hp_per_floor":[60,60,60,60,60,60,60,60,60,60,74,74,74,74,74,74,74,74,74,80,80,80,80,80,80,80,80,80,80,80,80,80,80,80,80,80,80,80,83,83,83,83,83,83,83,86,86,86,86,86,86,86,92,92,92],"card_choices":[{"not_picked":["Moonworks:Dinner","Moonworks:Assault"],"picked":"Moonworks:BigMagnum","floor":1},{"not_picked":["Moonworks:Assault","Moonworks:IndiscriminateFireSupport","Moonworks:ImOnFire"],"picked":"SKIP","floor":2},{"not_picked":["Moonworks:EvilSpyWorkPreparation","Moonworks:UnluckyCharm"],"picked":"Moonworks:SweetBattle","floor":4},{"not_picked":["Moonworks:DeployBits","Moonworks:Assault"],"picked":"Moonworks:WindyEnchantment","floor":5},{"not_picked":["Moonworks:NicePresent","Moonworks:OutOfAmmo"],"picked":"Moonworks:AwakeningOfTalent","floor":6},{"not_picked":["Moonworks:SakisCookie","Moonworks:OutOfAmmo"],"picked":"Moonworks:ForcedRevival","floor":8},{"not_picked":["Moonworks:EvilSpyWorkPreparation","Moonworks:ImOnFire","Moonworks:IndiscriminateFireSupport"],"picked":"SKIP","floor":10},{"not_picked":["Moonworks:DeployBits","Moonworks:x16BigRocket","Moonworks:LulusLuckyEgg"],"picked":"SKIP","floor":12},{"not_picked":["Moonworks:Gamble","Moonworks:IntelligenceOfficer"],"picked":"Moonworks:BigBangBell","floor":13},{"not_picked":["Moonworks:BigMagnum","Moonworks:ForcedRevival"],"picked":"Moonworks:JonathanRush","floor":14},{"not_picked":["Moonworks:HolyNight","Moonworks:ReflectiveShell"],"picked":"Moonworks:PlushieMaster","floor":16},{"not_picked":["Moonworks:RagingMadness","Moonworks:IndiscriminateFireSupport"],"picked":"Moonworks:CloudOfSeagulls","floor":18},{"not_picked":["Moonworks:Assault","Moonworks:AngelHand"],"picked":"Moonworks:Dinner+1","floor":21},{"not_picked":["Moonworks:LulusLuckyEgg+1","Moonworks:EvilSpyWorkPreparation"],"picked":"Moonworks:SealedMemories","floor":23},{"not_picked":["Moonworks:JonathanRush","Moonworks:SakisCookie+1"],"picked":"Moonworks:CloudOfSeagulls+1","floor":27},{"not_picked":["Moonworks:LulusLuckyEgg","Moonworks:SakisCookie+1"],"picked":"Moonworks:BindingChains+1","floor":28},{"not_picked":["Moonworks:ImOnFire","Moonworks:RagingMadness"],"picked":"Moonworks:CloudOfSeagulls+1","floor":29},{"not_picked":["Panache","Transmutation"],"picked":"Sadistic Nature","floor":30},{"not_picked":["Bandage Up","Replay:Parry"],"picked":"REME_FirmDetermination","floor":30},{"not_picked":["Bandage Up","REME_WheelOfFate"],"picked":"Finesse","floor":30},{"not_picked":["Moonworks:IndiscriminateFireSupport","Moonworks:FinalBattle"],"picked":"Moonworks:EvilSpyWorkPreparation","floor":31},{"not_picked":["Moonworks:MeltingMemories","Moonworks:LeapThroughSpace"],"picked":"Moonworks:GoAway","floor":33},{"not_picked":["Moonworks:SakisCookie+1","Moonworks:x16BigRocket+1"],"picked":"Moonworks:Dash+1","floor":35},{"not_picked":["Moonworks:LulusLuckyEgg+1","Moonworks:SelfDestruct"],"picked":"Moonworks:Flamethrower","floor":37},{"not_picked":["Moonworks:Assault","Moonworks:JonathanRush","Moonworks:NicePresent"],"picked":"Singing Bowl","floor":39},{"not_picked":["Moonworks:ImOnFire+1","Moonworks:OutOfAmmo","Moonworks:DeployBits"],"picked":"SKIP","floor":40},{"not_picked":["Moonworks:DeployBits","Moonworks:UnluckyCharm+1","Moonworks:Assault+1"],"picked":"SKIP","floor":41},{"not_picked":["Moonworks:EvilSpyWorkPreparation","Moonworks:SakisCookie"],"picked":"Moonworks:NicePresent+1","floor":44},{"not_picked":["Moonworks:Bloodlust+1","Moonworks:NicePresent+1","Moonworks:DeployBits"],"picked":"Singing Bowl","floor":46},{"not_picked":["Moonworks:CastOff+1","Moonworks:DeployBits+1"],"picked":"Moonworks:JonathanRush+1","floor":47},{"not_picked":["Moonworks:DeployBits","Moonworks:NicePresent"],"picked":"Moonworks:BigMagnum+1","floor":48},{"not_picked":["Moonworks:JonathanRush+1","Moonworks:LulusLuckyEgg+1","Moonworks:SubspaceTunnel"],"picked":"SKIP","floor":54}],"player_experience":171777,"relics_obtained":[{"floor":6,"key":"Akabeko"},{"floor":8,"key":"ReplayTheSpireMod:TigerMarble"},{"floor":9,"key":"Darkstone Periapt"},{"floor":11,"key":"Mango"},{"floor":13,"key":"Garlic"},{"floor":21,"key":"AT_Manta"},{"floor":23,"key":"AT_SilvercatRing"},{"floor":23,"key":"Torii"},{"floor":26,"key":"Letter Opener"},{"floor":27,"key":"ReplayTheSpireMod:Lightbulb"},{"floor":27,"key":"HornCleat"},{"floor":28,"key":"AT_ImmortalShieldbow"},{"floor":29,"key":"ZombieArmy"},{"floor":31,"key":"AT_EbonyIvory"},{"floor":31,"key":"AT_ArchangelStaff"},{"floor":33,"key":"Lantern"},{"floor":35,"key":"REME_IWantAll"},{"floor":37,"key":"AT_BladeRuinedKing"},{"floor":39,"key":"GodSword5"},{"floor":40,"key":"Pen Nib"},{"floor":40,"key":"AT_SunfireAegis"},{"floor":41,"key":"AT_ChloranthyRing"},{"floor":44,"key":"Boot"},{"floor":46,"key":"REME_LimitBreaker"},{"floor":47,"key":"CaptainsWheel"},{"floor":48,"key":"Ice Cream"},{"floor":48,"key":"Bag of Marbles"},{"floor":54,"key":"REME_HandOfSuture"},{"floor":54,"key":"Kunai"}],"event_choices":[{"damage_healed":0,"gold_gain":0,"player_choice":"Take Wound","damage_taken":0,"relics_obtained":["Golden Idol"],"max_hp_gain":0,"max_hp_loss":0,"event_name":"Golden Idol","floor":3,"gold_loss":0,"cards_obtained":["Injury"]},{"cards_removed":["Moonworks:Strike"],"damage_healed":0,"gold_gain":0,"player_choice":"Gave Gold","damage_taken":0,"max_hp_gain":0,"max_hp_loss":0,"event_name":"Beggar","floor":19,"gold_loss":75},{"damage_healed":0,"gold_gain":0,"player_choice":"Got Potions","damage_taken":0,"max_hp_gain":0,"max_hp_loss":0,"event_name":"Lab","floor":22,"gold_loss":0},{"damage_healed":0,"gold_gain":0,"player_choice":"Forge","damage_taken":0,"max_hp_gain":0,"max_hp_loss":0,"event_name":"Accursed Blacksmith","floor":36,"gold_loss":0,"cards_upgraded":["Moonworks:GoAway"]},{"damage_healed":0,"gold_gain":333,"player_choice":"Gave Idol","damage_taken":0,"max_hp_gain":0,"max_hp_loss":0,"event_name":"The Moai Head","floor":42,"relics_lost":["Golden Idol"],"gold_loss":0}],"is_beta":false,"boss_relics":[{"not_picked":["REME_DemonsWealth","Fusion Hammer"],"picked":"REME_ChargedStone"},{"not_picked":["Tiny House","SacredBark"],"picked":"SlaversCollar"}],"items_purged_floors":[20,20,49,53],"is_endless":false,"potions_floor_spawned":[4,6,8,13,14,21,28,29,31,33,35,41,44,47],"ascension_level":0}}