{"host":"6mgmpue98l61x61q","time":1610785456,"event":{"mods":["BaseMod","Colored Map","Minty Spire (QoL Compilation)","Relic Stats"],"gold_per_floor":[109,119,119,119,136,169,169,180,180,209,65,140,157,173,173,276,276,287,298,298,3,93,93,123,137,163,177,177,276,276,304,304,409,409,422,435,179,179,35,35,62,79,79,79,79,79,79,96,96,96,96],"floor_reached":50,"language":"ENG","playtime":3550,"items_purged":["Defend_P"],"score":648,"play_id":"38550b51-3370-4bd7-925f-020c4b494b74","local_time":"20210116022416","is_ascension_mode":true,"campfire_choices":[{"data":"ClearTheMind","floor":7,"key":"SMITH"},{"floor":15,"key":"REST"},{"floor":23,"key":"REST"},{"floor":28,"key":"REST"},{"floor":30,"key":"REST"},{"data":"Vault","floor":32,"key":"SMITH"},{"floor":40,"key":"REST"},{"data":"Wish","floor":44,"key":"SMITH"},{"floor":46,"key":"REST"},{"data":"Establishment","floor":49,"key":"SMITH"}],"circlet_count":0,"master_deck":["Strike_P","Strike_P+1","Strike_P+1","Defend_P+1","Defend_P+1","Defend_P+1","Eruption","Vigilance+1","SandsOfTime","Protect","ClearTheMind+1","EmptyFist","Conclude","ReachHeaven+1","TalkToTheHand+1","MentalFortress","TalkToTheHand+1","Vault+1","Tantrum+1","Perseverance","WaveOfTheHand+1","Halt+1","Wish+1","SandsOfTime+1","Ragnarok+1","Establishment+1","LikeWater+1"],"relics":["HolyWater","Smiling Mask","Whetstone","Dream Catcher","Orichalcum","Molten Egg 2","War Paint","Enchiridion","Shuriken","Centennial Puzzle","Bag of Preparation","Pear","Snecko Eye","Letter Opener","Frozen Eye","Blood Vial","Toxic Egg 2"],"acts_visited":["Exordium","TheCity","TheBeyond"],"potions_floor_usage":[6,13,24,25,27,36,36,50,50],"damage_taken":[{"damage":0,"enemies":"2 Louse","floor":1,"turns":3},{"damage":0,"enemies":"Jaw Worm","floor":2,"turns":2},{"damage":0,"enemies":"Cultist","floor":5,"turns":4},{"damage":2,"enemies":"3 Sentries","floor":6,"turns":5},{"damage":0,"enemies":"Exordium Wildlife","floor":8,"turns":3},{"damage":2,"enemies":"Gremlin Nob","floor":10,"turns":3},{"damage":15,"enemies":"Exordium Thugs","floor":13,"turns":4},{"damage":0,"enemies":"2 Fungi Beasts","floor":14,"turns":3},{"damage":4,"enemies":"The Guardian","floor":16,"turns":9},{"damage":5,"enemies":"Chosen","floor":18,"turns":5},{"damage":12,"enemies":"Spheric Guardian","floor":19,"turns":5},{"damage":13,"enemies":"Book of Stabbing","floor":24,"turns":5},{"damage":8,"enemies":"Snecko","floor":25,"turns":7},{"damage":4,"enemies":"Snake Plant","floor":27,"turns":4},{"damage":24,"enemies":"Slavers","floor":31,"turns":6},{"damage":20,"enemies":"Automaton","floor":33,"turns":7},{"damage":5,"enemies":"3 Shapes","floor":35,"turns":5},{"damage":25,"enemies":"3 Darklings","floor":36,"turns":3},{"damage":2,"enemies":"Nemesis","floor":41,"turns":7},{"damage":33,"enemies":"Spire Growth","floor":42,"turns":6},{"damage":0,"enemies":"Sphere and 2 Shapes","floor":48,"turns":3},{"damage":82,"enemies":"Awakened One","floor":50,"turns":7}],"seed_played":"7299802564451946953","potions_obtained":[{"floor":1,"key":"StancePotion"},{"floor":6,"key":"SpeedPotion"},{"floor":10,"key":"Dexterity Potion"},{"floor":16,"key":"Energy Potion"},{"floor":18,"key":"BlessingOfTheForge"},{"floor":24,"key":"LiquidBronze"},{"floor":31,"key":"Strength Potion"},{"floor":33,"key":"DuplicationPotion"},{"floor":35,"key":"Explosive Potion"},{"floor":36,"key":"Regen Potion"},{"floor":42,"key":"Ancient Potion"},{"floor":45,"key":"CultistPotion"}],"is_trial":false,"path_per_floor":["M","M","?","T","M","E","R","M","T","E","$","?","M","M","R","B",null,"M","M","?","$","?","R","E","M","T","M","R","?","R","E","R","B",null,"M","M","$","?","$","R","E","M","T","R","?","R","$","M","R","B"],"character_chosen":"WATCHER","items_purchased":["War Paint","Shuriken","Letter Opener","Frozen Eye"],"campfire_rested":6,"item_purchase_floors":[11,21,37,39],"current_hp_per_floor":[72,72,58,58,58,56,56,56,56,54,54,43,28,28,49,45,65,60,48,32,32,20,41,28,20,20,16,37,37,58,44,44,24,68,63,38,38,38,38,62,60,29,29,29,29,53,53,55,55,0,0],"gold":96,"neow_bonus":"RANDOM_COMMON_RELIC","is_daily":false,"chose_seed":false,"campfire_upgraded":4,"win_rate":0.0,"timestamp":1610785456,"path_taken":["M","M","?","?","M","E","R","M","T","E","$","?","M","M","R","BOSS","M","M","?","$","?","R","E","M","T","?","R","?","R","E","R","BOSS","M","M","$","?","?","R","E","?","T","R","?","R","$","?","R","BOSS"],"items_purchased_type":["Relic","Relic","Relic","Relic"],"build_version":"2020-12-22","purchased_purges":1,"victory":false,"max_hp_per_floor":[72,72,72,72,72,72,72,72,72,72,72,72,72,72,72,72,72,72,72,72,72,72,72,72,72,72,72,72,72,72,82,82,82,82,82,82,82,82,82,82,82,82,82,82,82,82,82,82,82,82,82],"relic_stats":{"counters":[22,106],"Bag of Preparation":[3],"Whetstone":["Strike_P","Strike_P"],"Letter Opener":[50],"Orichalcum":[60],"War Paint":["Defend_P","Defend_P"],"Smiling Mask":25,"Blood Vial":6,"Dream Catcher":6,"Centennial Puzzle":[27],"Shuriken":[19],"Snecko Eye":[43,53,59,52],"obtain_stats":[{"Pear":31,"Enchiridion":20,"Bag of Preparation":26,"Whetstone":4,"Letter Opener":37,"Orichalcum":9,"War Paint":11,"Smiling Mask":0,"Blood Vial":41,"Frozen Eye":39,"Dream Catcher":6,"Centennial Puzzle":24,"Shuriken":21,"HolyWater":17,"Snecko Eye":34,"Molten Egg 2":10,"PureWater":0,"Toxic Egg 2":43},{"Pear":15,"Enchiridion":11,"Bag of Preparation":13,"Whetstone":2,"Letter Opener":18,"Orichalcum":5,"War Paint":6,"Smiling Mask":0,"Blood Vial":19,"Frozen Eye":18,"Dream Catcher":4,"Centennial Puzzle":12,"Shuriken":11,"HolyWater":9,"Snecko Eye":16,"Molten Egg 2":6,"PureWater":0,"Toxic Egg 2":20},{"Pear":68,"Enchiridion":46,"Bag of Preparation":58,"Whetstone":5,"Letter Opener":83,"Orichalcum":17,"War Paint":20,"Smiling Mask":0,"Blood Vial":90,"Frozen Eye":83,"Dream Catcher":14,"Centennial Puzzle":51,"Shuriken":46,"HolyWater":36,"Snecko Eye":75,"Molten Egg 2":20,"PureWater":0,"Toxic Egg 2":96}]},"card_choices":[{"not_picked":["Perseverance","EmptyBody"],"picked":"SandsOfTime","floor":1},{"not_picked":["Conclude","Perseverance"],"picked":"Protect","floor":2},{"not_picked":["FlurryOfBlows","CrushJoints"],"picked":"ClearTheMind","floor":5},{"not_picked":["ThirdEye","FollowUp"],"picked":"EmptyFist","floor":6},{"not_picked":["FollowUp","Prostrate"],"picked":"Conclude","floor":8},{"not_picked":["Perseverance","Crescendo"],"picked":"ReachHeaven+1","floor":10},{"not_picked":["ReachHeaven+1","SignatureMove+1"],"picked":"TalkToTheHand+1","floor":13},{"not_picked":["SpiritShield","WaveOfTheHand"],"picked":"MentalFortress","floor":14},{"not_picked":["Consecrate+1","ClearTheMind"],"picked":"TalkToTheHand+1","floor":15},{"not_picked":["Omniscience","ConjureBlade"],"picked":"Vault","floor":16},{"not_picked":["CutThroughFate+1","FollowUp+1"],"picked":"Tantrum+1","floor":18},{"not_picked":["PathToVictory","ThirdEye"],"picked":"Perseverance","floor":19},{"not_picked":["Conclude+1","Prostrate+1"],"picked":"WaveOfTheHand+1","floor":24},{"not_picked":["Swivel","FollowUp+1"],"picked":"Halt+1","floor":25},{"not_picked":["PathToVictory","Tantrum+1","WheelKick+1"],"picked":"SKIP","floor":27},{"not_picked":["Prostrate","PathToVictory","SashWhip+1"],"picked":"SKIP","floor":31},{"not_picked":["Vault","DevaForm"],"picked":"Wish","floor":33},{"not_picked":["CutThroughFate+1","FlyingSleeves+1","Indignation"],"picked":"SKIP","floor":35},{"not_picked":["ThirdEye+1","Indignation"],"picked":"SandsOfTime+1","floor":36},{"not_picked":["Pray","EmptyBody"],"picked":"Establishment","floor":41},{"not_picked":["FlyingSleeves+1","BattleHymn"],"picked":"LikeWater+1","floor":42},{"not_picked":["ForeignInfluence+1","ClearTheMind+1","Adaptation"],"picked":"SKIP","floor":48}],"player_experience":582062,"relics_obtained":[{"floor":4,"key":"Whetstone"},{"floor":6,"key":"Dream Catcher"},{"floor":9,"key":"Orichalcum"},{"floor":10,"key":"Molten Egg 2"},{"floor":20,"key":"Enchiridion"},{"floor":24,"key":"Centennial Puzzle"},{"floor":26,"key":"Bag of Preparation"},{"floor":31,"key":"Pear"},{"floor":41,"key":"Blood Vial"},{"floor":43,"key":"Toxic Egg 2"}],"event_choices":[{"damage_healed":0,"gold_gain":0,"player_choice":"Entered Light","damage_taken":14,"max_hp_gain":0,"max_hp_loss":0,"event_name":"Shining Light","floor":3,"gold_loss":0,"cards_upgraded":["Vigilance","Defend_P"]},{"damage_healed":0,"gold_gain":75,"player_choice":"Gather Gold","damage_taken":11,"max_hp_gain":0,"max_hp_loss":0,"event_name":"World of Goop","floor":12,"gold_loss":0},{"damage_healed":0,"gold_gain":0,"player_choice":"Obtained Book","damage_taken":16,"max_hp_gain":0,"max_hp_loss":0,"event_name":"Cursed Tome","floor":20,"gold_loss":0},{"damage_healed":0,"gold_gain":90,"player_choice":"GOLD ","damage_taken":12,"max_hp_gain":0,"max_hp_loss":0,"event_name":"Knowing Skull","floor":22,"potions_obtained":[],"gold_loss":0,"cards_obtained":[]},{"damage_healed":0,"gold_gain":99,"player_choice":"Stole From Cult","damage_taken":0,"max_hp_gain":0,"max_hp_loss":0,"event_name":"Nest","floor":29,"gold_loss":0},{"damage_healed":0,"gold_gain":0,"cards_transformed":["Strike_P"],"player_choice":"Transformed","damage_taken":0,"max_hp_gain":0,"max_hp_loss":0,"event_name":"Transmorgrifier","floor":38,"gold_loss":0,"cards_obtained":["Ragnarok"]},{"damage_healed":0,"gold_gain":0,"player_choice":"Got Potions","damage_taken":0,"max_hp_gain":0,"max_hp_loss":0,"event_name":"Lab","floor":45,"gold_loss":0}],"is_beta":false,"boss_relics":[{"not_picked":["Runic Dome","Tiny House"],"picked":"HolyWater"},{"not_picked":["Astrolabe","SacredBark"],"picked":"Snecko Eye"}],"items_purged_floors":[21],"is_endless":false,"potions_floor_spawned":[1,6,10,16,18,24,31,33,35,36,42],"killed_by":"Awakened One","ascension_level":5}}