{"host":"bb5r3ba2ig485dr2","time":1610835571,"event":{"mods":["Act Like it!","BaseMod","CapriCore","Chen","Curses Come First","Gensokyo","Hallownest","Koishi","Lobotomy","LobotomyExtend","Marisa（霧雨　魔理沙）","Minty Spire (QoL Compilation)","Random Character Button","Rare Cards Sparkle","Reimu（博??梦）","StSLib","Td1madao Mod","The Administrix","The Bug Knight","The Immortal","The Servant 0.9.4","The Wild Card"],"gold_per_floor":[109,119,138,52,64,98,98,98,152,181,181,225,225,235,235,235,235],"floor_reached":16,"language":"ENG","playtime":1076,"items_purged":[],"score":112,"play_id":"4cf69280-5c9f-4b70-ba77-01c1c3e77f58","local_time":"20210116231931","is_ascension_mode":false,"campfire_choices":[{"floor":7,"key":"REST"},{"data":"HollowMod:MidwifesHunger","floor":11,"key":"SMITH"},{"floor":15,"key":"REST"}],"circlet_count":0,"master_deck":["HollowMod:NailStrikeStart","HollowMod:NailStrikeStart","HollowMod:QuickDashStart","HollowMod:QuickDashStart","HollowMod:QuickDashStart","HollowMod:FocusHealStart","HollowMod:PogoStrike","HollowMod:MidwifesHunger+1","HollowMod:ElderbugsWisdom","HollowMod:NewLittleFool","HollowMod:CycloneSlash","Flash of Steel","HollowMod:LuriensSpire","HollowMod:FallenFury","HollowMod:DreamGate","HollowMod:NewJinnsSoul"],"relics":["HollowMod:VesselMask","LetterFromLob","The Courier","CeramicFish","Bag of Marbles"],"acts_visited":["Exordium"],"potions_floor_usage":[5,6,10,12],"damage_taken":[{"damage":2,"enemies":"Small Slimes","floor":1,"turns":4},{"damage":3,"enemies":"Jaw Worm","floor":2,"turns":5},{"damage":0,"enemies":"2 Louse","floor":3,"turns":3},{"damage":4,"enemies":"Exordium Thugs","floor":5,"turns":5},{"damage":46,"enemies":"Gremlin Nob","floor":6,"turns":5},{"damage":11,"enemies":"Gremlin Gang","floor":10,"turns":4},{"damage":21,"enemies":"3 Sentries","floor":12,"turns":5},{"damage":3,"enemies":"2 Fungi Beasts","floor":14,"turns":3},{"damage":40,"enemies":"The Guardian","floor":16,"turns":7}],"seed_played":"414022162447223592","potions_obtained":[{"floor":1,"key":"AttackPotion"},{"floor":2,"key":"CultistPotion"},{"floor":3,"key":"MagicPotion:ReiMu"},{"floor":6,"key":"DistilledChaos"}],"is_trial":false,"path_per_floor":["M","M","M","$","M","E","R","?","T","M","R","E","?","M","R","B"],"character_chosen":"THE_BUGKNIGHT","items_purchased":["Flash of Steel"],"campfire_rested":2,"item_purchase_floors":[4],"current_hp_per_floor":[68,65,65,65,67,21,41,46,46,35,35,20,13,10,31,0,0],"gold":235,"neow_bonus":"TRANSFORM_TWO_CARDS","is_daily":false,"chose_seed":false,"campfire_upgraded":1,"win_rate":0.0,"timestamp":1610835571,"path_taken":["M","M","M","$","M","E","R","?","T","M","R","E","?","?","R","BOSS"],"items_purchased_type":["Card"],"build_version":"2020-12-22","purchased_purges":0,"victory":false,"max_hp_per_floor":[68,68,68,68,68,68,68,73,73,73,73,73,73,73,73,73,73],"card_choices":[{"not_picked":["HollowMod:ShapeofUnn","HollowMod:GoodIntentions"],"picked":"HollowMod:NewLittleFool","floor":1},{"not_picked":["HollowMod:HeavyBlow","HollowMod:TaintedHusks","HollowMod:ShadowDash"],"picked":"SKIP","floor":2},{"not_picked":["HollowMod:HowlingWraiths","HollowMod:GoodIntentions"],"picked":"HollowMod:CycloneSlash","floor":3},{"not_picked":["HollowMod:SoulSplash","HollowMod:InfectedAttack"],"picked":"HollowMod:LuriensSpire","floor":5},{"not_picked":["HollowMod:HuntersJournal","HollowMod:SoulSplash"],"picked":"HollowMod:FallenFury","floor":6},{"not_picked":["HollowMod:FallenFury","HollowMod:ShadowDash"],"picked":"HollowMod:DreamGate","floor":10},{"not_picked":["HollowMod:PureNailStrike","HollowMod:BlackTendrils"],"picked":"HollowMod:NewJinnsSoul","floor":12},{"not_picked":["HollowMod:CycloneSlash","HollowMod:GreatSlash","HollowMod:DreamGate"],"picked":"SKIP","floor":14}],"player_experience":240030,"relics_obtained":[{"floor":1,"key":"LetterFromLob"},{"floor":6,"key":"The Courier"},{"floor":9,"key":"CeramicFish"},{"floor":12,"key":"Bag of Marbles"}],"event_choices":[{"damage_healed":0,"gold_gain":0,"player_choice":"Donut","damage_taken":0,"max_hp_gain":5,"max_hp_loss":0,"event_name":"Big Fish","floor":8,"gold_loss":0},{"cards_removed":["HollowMod:QuickDashStart"],"damage_healed":0,"gold_gain":0,"player_choice":"Card Removal","damage_taken":7,"max_hp_gain":0,"max_hp_loss":0,"event_name":"Golden Wing","floor":13,"gold_loss":0}],"is_beta":false,"boss_relics":[],"items_purged_floors":[],"is_endless":false,"potions_floor_spawned":[1,2,3,6],"killed_by":"The Guardian","ascension_level":0}}