{"host":"51fyd6gkml7xavq8","time":1610827044,"event":{"mods":["BaseMod","BetterRewards","Colored Map","Energized Spire","Infinite Spire","Minty Spire (QoL Compilation)","Replay The Spire","Shop Mod","Spicy Shops","StSLib","The Blue Laboratory","[IsaacMod]????"],"gold_per_floor":[114,147,197,225,312,324,417,453,465,477,26,43,43,43,43,142,192,231,231,330,340,30,30,63,83,107,127,127,146,107,126,126,26,26],"floor_reached":33,"language":"ENG","playtime":1418,"items_purged":["Normality","Hallucinations","Looming Evil"],"score":354,"play_id":"dda8d4ad-9d04-42ee-adf8-dcccc8c342d4","local_time":"20210116165724","is_ascension_mode":true,"campfire_choices":[{"data":"BettingIsNotGood","floor":6,"key":"SMITH"},{"data":"Neutralize","floor":10,"key":"SMITH"},{"data":"Noxious Fumes","floor":15,"key":"SMITH"},{"data":"Survivor","floor":23,"key":"SMITH"},{"data":"A Thousand Cuts","floor":32,"key":"SMITH"}],"circlet_count":0,"master_deck":["Defend_G","Defend_G","Defend_G","Defend_G","Defend_G","Survivor+1","Neutralize+1","BettingIsNotGood+1","Sickly","Decay","Noxious Fumes+1","Terror+1","Bite","Bite","Bite","Bite","Bite","Spreading Infection","A Thousand Cuts+1"],"relics":["Ring of the Snake","HushsDoor","Leech","Ring of Misfortune","Ring of Greed","Tiny Chest","PillsDrop","Odd Mushroom","infinitespire:Lucky Rock","infinitespire:Bottled Soul","Replay:Bottled Flurry","Membership Card","MerchantsRug","Bottled Tornado","Du-Vu Doll","Art of War","DeathBook"],"acts_visited":["Exordium","TheCity"],"potions_floor_usage":[16],"damage_taken":[{"damage":1,"enemies":"2 Louse","floor":1,"turns":2},{"damage":0,"enemies":"Small Slimes","floor":2,"turns":3},{"damage":5,"enemies":"Jaw Worm","floor":4,"turns":3},{"damage":37,"enemies":"The Mushroom Lair","floor":8,"turns":6},{"damage":0,"enemies":"2 Fungi Beasts","floor":12,"turns":1},{"damage":7,"enemies":"Hexaghost","floor":16,"turns":9},{"damage":13,"enemies":"Shell Parasite","floor":18,"turns":5},{"damage":12,"enemies":"Chosen","floor":21,"turns":5},{"damage":5,"enemies":"Sentry and Sphere","floor":25,"turns":6},{"damage":0,"enemies":"Centurion and Healer","floor":27,"turns":4},{"damage":0,"enemies":"Snecko","floor":29,"turns":3},{"damage":0,"enemies":"3 Cultists","floor":31,"turns":2},{"damage":50,"enemies":"Champ","floor":33,"turns":8}],"seed_played":"5331398727305561861","potions_obtained":[{"floor":4,"key":"SpeedPotion"},{"floor":12,"key":"Swift Potion"},{"floor":17,"key":"blueLaboratory:SuffocatingSmog"},{"floor":18,"key":"blueLaboratory:BottleOfVodka"},{"floor":29,"key":"blueLaboratory:Virophage"}],"is_trial":false,"path_per_floor":["M","M","?","M","?","R","T","?","T","R","$","M","$","T","R","B",null,"M","?","?","M","$","R","?","M","T","M","T","M","$","M","R","B"],"character_chosen":"THE_SILENT","items_purchased":["infinitespire:Bottled Soul","Noxious Fumes","Membership Card","MerchantsRug","Bottled Tornado"],"campfire_rested":0,"item_purchase_floors":[11,11,22,22,22],"current_hp_per_floor":[68,70,70,67,56,56,56,24,24,24,24,24,24,24,24,43,65,57,45,45,36,36,36,25,39,39,48,48,48,48,48,48,0,0],"gold":26,"neow_bonus":"","is_daily":false,"chose_seed":false,"campfire_upgraded":5,"win_rate":0.0,"timestamp":1610827044,"path_taken":["M","M","?","M","?","R","?","?","T","R","$","M","$","?","R","BOSS","M","?","?","M","$","R","?","M","T","M","?","M","$","M","R","BOSS"],"items_purchased_type":["Relic","Card","Relic","Relic","Relic"],"build_version":"2020-12-22","purchased_purges":3,"victory":false,"max_hp_per_floor":[70,70,70,70,70,70,70,70,70,70,70,70,70,70,70,65,70,65,45,45,45,45,45,45,45,45,48,48,48,48,48,48,48,48],"card_choices":[{"not_picked":[],"picked":"BettingIsNotGood","floor":0},{"not_picked":["Dodge and Roll","Dagger Throw","Deflect"],"picked":"SKIP","floor":1},{"not_picked":["Dodge and Roll","Dagger Throw","Deflect"],"picked":"SKIP","floor":1},{"not_picked":["Deflect","Dodge and Roll","Blade Dance"],"picked":"SKIP","floor":2},{"not_picked":["ReplayTheSpireMod:The Works","Dodge and Roll","Backflip"],"picked":"SKIP","floor":4},{"not_picked":["Outmaneuver","Underhanded Strike"],"picked":"Bomb","floor":8},{"not_picked":["Dagger Throw","Underhanded Strike","Backflip"],"picked":"SKIP","floor":12},{"not_picked":["Underhanded Strike","Well Laid Plans"],"picked":"Bomb","floor":17},{"not_picked":["Quick Slash","Backflip+1"],"picked":"Terror+1","floor":18},{"not_picked":["Outmaneuver","Prepared","PiercingWail"],"picked":"SKIP","floor":21},{"not_picked":["Bane","Sucker Punch","Acrobatics+1"],"picked":"SKIP","floor":25},{"not_picked":["Expertise+1","Outmaneuver"],"picked":"A Thousand Cuts","floor":27},{"not_picked":["Backflip","Dodge and Roll+1","Quick Slash"],"picked":"SKIP","floor":29},{"not_picked":["Choke","Dagger Throw+1","ReplayTheSpireMod:The Works"],"picked":"SKIP","floor":31}],"player_experience":564648,"relics_obtained":[{"floor":3,"key":"Ring of Misfortune"},{"floor":3,"key":"Ring of Greed"},{"floor":3,"key":"Tiny Chest"},{"floor":3,"key":"MawBank"},{"floor":7,"key":"PillsDrop"},{"floor":8,"key":"Odd Mushroom"},{"floor":9,"key":"infinitespire:Lucky Rock"},{"floor":14,"key":"Replay:Bottled Flurry"},{"floor":24,"key":"Du-Vu Doll"},{"floor":26,"key":"Art of War"},{"floor":28,"key":"DeathBook"}],"event_choices":[{"damage_healed":0,"gold_gain":75,"player_choice":"Gather Gold","damage_taken":11,"max_hp_gain":0,"max_hp_loss":0,"event_name":"World of Goop","floor":5,"gold_loss":0},{"damage_healed":0,"gold_gain":0,"player_choice":"Fought Mushrooms","damage_taken":0,"max_hp_gain":0,"max_hp_loss":0,"event_name":"Mushrooms","floor":8,"gold_loss":0},{"damage_healed":0,"gold_gain":0,"player_choice":"Became a vampire","damage_taken":0,"max_hp_gain":0,"max_hp_loss":20,"event_name":"Vampires","floor":19,"gold_loss":0,"cards_obtained":["Bite","Bite","Bite","Bite","Bite"]},{"damage_healed":0,"gold_gain":99,"player_choice":"Stole From Cult","damage_taken":0,"max_hp_gain":0,"max_hp_loss":0,"event_name":"Nest","floor":20,"gold_loss":0}],"is_beta":false,"boss_relics":[{"not_picked":["HoveringKite","Sozu"],"picked":"Tiny House"},{"not_picked":[]}],"items_purged_floors":[22,22,30],"is_endless":false,"potions_floor_spawned":[4,12,18,29],"killed_by":"Champ","ascension_level":8}}