{"host":"u7y6mp3waw4jt65j","time":1610762149,"event":{"mods":["ATMod(阿瑾Mod)","Aspiration","BaseMod","Dota2Spire","Minty Spire (QoL Compilation)","Replay The Spire","StSLib","【功能Mod】聪明的最终Boss","【遗物卡牌】REMEMod"],"gold_per_floor":[115,115,115,133,133,165,179,204,228,228,239,314,314,333,333,434,434,449,449,449,449,449,374,404,404,431,466,483,533,565,664,664,761,761,777,469,480,440,239,239,257,65,90,134,184,184,184,243,243,243,243],"floor_reached":50,"language":"ZHS","playtime":2952,"items_purged":["Pain"],"score":1188,"play_id":"f37b83ef-1d8e-443a-9d6d-fef72486db31","local_time":"20210116095549","is_ascension_mode":true,"campfire_choices":[{"data":"Judgement","floor":10,"key":"SMITH"},{"floor":15,"key":"REST"},{"data":"Brutality","floor":22,"key":"SMITH"},{"data":"Seeing Red","floor":25,"key":"SMITH"},{"floor":32,"key":"REST"},{"data":"Armaments","floor":40,"key":"SMITH"},{"data":"AT_DiedThrough","floor":46,"key":"SMITH"},{"data":"ReplayTheSpireMod:Limb From Limb","floor":49,"key":"SMITH"}],"circlet_count":0,"master_deck":["AscendersBane","Strike_R","Strike_R","Strike_R","Strike_R","Strike_R","Defend_R","Defend_R","Defend_R+1","Defend_R","Bash","Judgement+1","AT_FamilyPortrait+1","Anger","Hemokinesis","Flame Barrier","AT_ShrugMaster","AT_IchimonjiDouble","AT_DiedThrough+1","Seeing Red+1","Brutality+1","Perfected Strike","AT_IchimonjiDouble+1","Rupture+1","Flex","ReplayTheSpireMod:Stacked","Twin Strike","Thunderclap","Armaments+1","Power Through","AT_DiedThrough","ReplayTheSpireMod:Limb From Limb+1","Pommel Strike+1","Hemokinesis","AT_FamilyPortrait","Anger+1"],"relics":["Burning Blood","AT_ATBox","REME_ComplimentaryCards","Ring of Fury","Ring of Hypnosis","Happy Flower","MealTicket","WarpedTongs","Mark of Pain","MutagenicStrength","Bag of Marbles","Dota2Spire:ShadowBlade","AT_RedTearstoneRing","Dota2Spire:PowerTreads","Centennial Puzzle","Runic Cube","Dota2Spire:Butterfly","Regal Pillow","DollysMirror","Dota2Spire:HandOfMidas","Durian","AT_BellDemon"],"acts_visited":["Exordium","TheCity","TheBeyond"],"potions_floor_usage":[8,16,16,50,50],"damage_taken":[{"damage":6,"enemies":"Cultist","floor":1,"turns":3},{"damage":0,"enemies":"2 Louse","floor":4,"turns":2},{"damage":28,"enemies":"3 Sentries","floor":6,"turns":3},{"damage":0,"enemies":"Jaw Worm","floor":7,"turns":1},{"damage":20,"enemies":"Gremlin Nob","floor":8,"turns":4},{"damage":8,"enemies":"2 Fungi Beasts","floor":11,"turns":2},{"damage":5,"enemies":"Large Slime","floor":14,"turns":4},{"damage":32,"enemies":"The Guardian","floor":16,"turns":8},{"damage":7,"enemies":"Chosen","floor":18,"turns":4},{"damage":17,"enemies":"Shell Parasite","floor":21,"turns":3},{"damage":32,"enemies":"Book of Stabbing","floor":24,"turns":3},{"damage":30,"enemies":"Slavers","floor":27,"turns":4},{"damage":4,"enemies":"Shelled Parasite and Fungi","floor":28,"turns":2},{"damage":29,"enemies":"Book of Stabbing","floor":30,"turns":3},{"damage":19,"enemies":"Pondfish","floor":33,"turns":5},{"damage":33,"enemies":"3 Darklings","floor":35,"turns":3},{"damage":4,"enemies":"Orb Walker","floor":37,"turns":3},{"damage":2,"enemies":"Sphere and 2 Shapes","floor":41,"turns":3},{"damage":1,"enemies":"3 Darklings","floor":44,"turns":2},{"damage":2,"enemies":"Mind Bloom Boss Battle","floor":45,"turns":3},{"damage":12,"enemies":"R_Hoarder","floor":48,"turns":5},{"damage":93,"enemies":"Awakened One","floor":50,"turns":17}],"seed_played":"-2388393238434526056","potions_obtained":[{"floor":6,"key":"Weak Potion"},{"floor":7,"key":"Weak Potion"},{"floor":8,"key":"Strength Potion"},{"floor":27,"key":"ElixirPotion"},{"floor":30,"key":"SneckoOil"},{"floor":33,"key":"PowerPotion"},{"floor":37,"key":"Strength Potion"}],"is_trial":false,"path_per_floor":["M","?","?","M","?","E","M","E","T","R","M","?","?","M","R","B",null,"M","?","?","M","R","$","E","R","T","E","M","T","E","?","R","B",null,"M","$","M","?","$","R","M","$","T","M","?","R","?","E","R","B"],"character_chosen":"IRONCLAD","items_purchased":["Dota2Spire:Butterfly","Regal Pillow","Armaments","DollysMirror","ReplayTheSpireMod:Limb From Limb"],"campfire_rested":2,"item_purchase_floors":[36,39,39,42,42],"current_hp_per_floor":[80,80,62,68,68,46,52,38,38,38,36,25,25,26,52,26,73,72,81,81,70,70,85,59,59,59,35,37,37,14,14,40,27,73,46,61,63,63,78,78,82,88,88,88,93,93,93,93,93,0,0],"gold":243,"neow_bonus":"TEN_PERCENT_HP_BONUS","is_daily":false,"chose_seed":false,"campfire_upgraded":6,"win_rate":0.0,"timestamp":1610762149,"path_taken":["M","?","?","M","?","E","?","E","T","R","M","?","?","?","R","BOSS","M","?","?","M","M","$","E","R","T","E","M","?","E","?","R","BOSS","M","$","M","?","?","R","M","$","T","M","?","R","?","E","R","BOSS"],"items_purchased_type":["Relic","Relic","Card","Relic","Card"],"build_version":"2020-12-22","purchased_purges":1,"victory":false,"max_hp_per_floor":[88,88,88,88,88,88,88,88,88,88,88,88,88,88,88,88,88,88,88,88,88,88,88,88,88,88,88,88,88,88,88,88,88,88,88,88,88,88,88,88,88,88,88,88,93,93,93,93,93,93,93],"card_choices":[{"not_picked":["Heavy Blade","Headbutt"],"picked":"Anger","floor":1},{"not_picked":["Heavy Blade","Body Slam"],"picked":"Hemokinesis","floor":4},{"not_picked":["REME_FearOfPain","Clothesline"],"picked":"Flame Barrier","floor":6},{"not_picked":["Clothesline","Heavy Blade"],"picked":"AT_ShrugMaster","floor":7},{"not_picked":["Shrug It Off","ReplayTheSpireMod:Strike From Hell"],"picked":"AT_IchimonjiDouble","floor":8},{"not_picked":["Rage","Heavy Blade"],"picked":"AT_DiedThrough","floor":11},{"not_picked":["AT_IchimonjiDouble","Inflame"],"picked":"Seeing Red","floor":14},{"not_picked":["Juggernaut","Limit Break"],"picked":"Brutality","floor":16},{"not_picked":["Replay:Undeath\u0027s Touch","Anger"],"picked":"Perfected Strike","floor":18},{"not_picked":["Anger","Juggernaut"],"picked":"AT_IchimonjiDouble+1","floor":24},{"not_picked":["AT_IchimonjiDouble","ReplayTheSpireMod:Stacked"],"picked":"Rupture","floor":27},{"not_picked":["Defy Death","AT_ShrugMaster+1"],"picked":"Flex","floor":28},{"not_picked":["REME_Scribble+1","Life Link+1"],"picked":"ReplayTheSpireMod:Stacked","floor":30},{"not_picked":["AT_IchimonjiDouble+1","AT_ManFootWork+1"],"picked":"Twin Strike","floor":35},{"not_picked":["True Grit","Shrug It Off+1"],"picked":"Thunderclap","floor":37},{"not_picked":["Shockwave","Replay:Undeath\u0027s Touch+1"],"picked":"Power Through","floor":41},{"not_picked":["Anger","Clothesline+1"],"picked":"Pommel Strike+1","floor":44},{"not_picked":["Havoc","Heavy Blade"],"picked":"Hemokinesis","floor":45},{"not_picked":["ReplayTheSpireMod:Uncanny Aura","Trip"],"picked":"AT_FamilyPortrait","floor":47},{"not_picked":["Havoc","Heavy Blade"],"picked":"Anger+1","floor":48}],"player_experience":122267,"relics_obtained":[{"floor":5,"key":"Ring of Fury"},{"floor":5,"key":"Ring of Hypnosis"},{"floor":8,"key":"Happy Flower"},{"floor":9,"key":"MealTicket"},{"floor":24,"key":"Bag of Marbles"},{"floor":26,"key":"Dota2Spire:ShadowBlade"},{"floor":27,"key":"AT_RedTearstoneRing"},{"floor":29,"key":"Dota2Spire:PowerTreads"},{"floor":30,"key":"Centennial Puzzle"},{"floor":43,"key":"Dota2Spire:HandOfMidas"},{"floor":45,"key":"Durian"},{"floor":48,"key":"AT_BellDemon"}],"event_choices":[{"damage_healed":0,"gold_gain":0,"player_choice":"Leave","damage_taken":0,"max_hp_gain":0,"max_hp_loss":0,"event_name":"The Cleric","floor":2,"gold_loss":0},{"damage_healed":0,"gold_gain":0,"player_choice":"Entered Light","damage_taken":18,"max_hp_gain":0,"max_hp_loss":0,"event_name":"Shining Light","floor":3,"gold_loss":0,"cards_upgraded":["Defend_R","AT_FamilyPortrait"]},{"damage_healed":0,"gold_gain":75,"player_choice":"Gather Gold","damage_taken":11,"max_hp_gain":0,"max_hp_loss":0,"event_name":"World of Goop","floor":12,"gold_loss":0},{"damage_healed":0,"gold_gain":0,"player_choice":"Rummage","damage_taken":0,"relics_obtained":["WarpedTongs"],"max_hp_gain":0,"max_hp_loss":0,"event_name":"Accursed Blacksmith","floor":13,"gold_loss":0,"cards_obtained":["Pain"]},{"damage_healed":0,"gold_gain":0,"player_choice":"Inject Mutagens","damage_taken":0,"relics_obtained":["MutagenicStrength"],"max_hp_gain":0,"max_hp_loss":0,"event_name":"Drug Dealer","floor":20,"gold_loss":0},{"damage_healed":0,"gold_gain":99,"player_choice":"Stole From Cult","damage_taken":0,"max_hp_gain":0,"max_hp_loss":0,"event_name":"Nest","floor":31,"gold_loss":0},{"damage_healed":0,"gold_gain":0,"player_choice":"Upgrade","damage_taken":0,"max_hp_gain":0,"max_hp_loss":0,"event_name":"Designer","floor":38,"gold_loss":40,"cards_upgraded":["Rupture"]},{"damage_healed":0,"gold_gain":0,"player_choice":"Fight","damage_taken":0,"max_hp_gain":0,"max_hp_loss":0,"event_name":"MindBloom","floor":45,"gold_loss":0},{"damage_healed":0,"gold_gain":0,"player_choice":"Memory 1","damage_taken":0,"max_hp_gain":0,"max_hp_loss":0,"event_name":"SensoryStone","floor":47,"gold_loss":0}],"is_beta":false,"boss_relics":[{"not_picked":["Electric Blood","aspiration:RunicSpoon"],"picked":"Mark of Pain"},{"not_picked":["Coffee Dripper","Busted Crown"],"picked":"Runic Cube"}],"items_purged_floors":[23],"is_endless":false,"potions_floor_spawned":[6,7,8,11,14,27,30,33,35,37,45],"killed_by":"Awakened One","ascension_level":11}}