{"host":"mgwrmgf4x3air4cr","time":1610807704,"event":{"mods":["ATMod(阿瑾Mod)","Act Like it!","BaseMod","Downfall","HololiveMod","KinomotoSakuraMod(木之本樱)","Minty Spire (QoL Compilation)","RumiaBox-露米娅的神秘盒子","Shop Mod","StSLib","TestMod","The Animator","Waifu the Spire","WarShipGirlsR/战舰少女R mod","Youmu（魂魄妖梦）","noobMod","【功能Mod】混沌之环修复补丁","篝火指南"],"gold_per_floor":[115,134,534,534,534,32,32,32],"floor_reached":7,"language":"ZHS","playtime":1266,"items_purged":["Hololive_RevenueRecovery"],"score":39,"play_id":"dddef497-784a-46f8-84ec-d142f98d0e5f","local_time":"20210116223504","is_ascension_mode":false,"campfire_choices":[],"circlet_count":0,"master_deck":["ClowCardTheSword","ClowCardTheSword","ClowCardTheSword","ClowCardTheSword","ClowCardTheShield+1","ClowCardTheShield","ClowCardTheShield","ClowCardTheShield","SpellCardSeal+1","SpellCardRelease","AT_KingSlayer","ClowCardTheCloud","ClowCardTheCloud","Impatience","ClowCardTheArrow"],"relics":["KSMOD_SealedBook","KSMOD_SealedWand","AT_ATBox","ice","testmod-ArcanaOfDestiny","MerchantsRug","FossilizedHelix"],"acts_visited":["Exordium"],"potions_floor_usage":[],"damage_taken":[{"damage":0,"enemies":"Small Slimes","floor":1,"turns":3},{"damage":0,"enemies":"Jaw Worm","floor":2,"turns":3},{"damage":0,"enemies":"3 Sentries","floor":7,"turns":3}],"seed_played":"-1277754675733403267","potions_obtained":[{"floor":1,"key":"Slimebound:ThreeZeroPotion"}],"is_trial":false,"path_per_floor":["M","M","?","?","?","R","E"],"character_chosen":"KINOMOTOSAKURA","items_purchased":["MerchantsRug","FossilizedHelix"],"campfire_rested":0,"item_purchase_floors":[6,6],"current_hp_per_floor":[77,77,77,62,62,62,62,62],"gold":32,"neow_bonus":"TEN_PERCENT_HP_BONUS","is_daily":false,"chose_seed":false,"campfire_upgraded":0,"win_rate":0.0,"timestamp":1610807704,"path_taken":["M","M","?","?","?","R","E"],"items_purchased_type":["Relic","Relic"],"build_version":"2020-12-22","purchased_purges":1,"victory":false,"max_hp_per_floor":[77,77,77,77,77,77,77,77],"card_choices":[{"not_picked":["ClowCardTheSweet","ClowCardTheFirey"],"picked":"ClowCardTheCloud","floor":1},{"not_picked":["ClowCardTheBig","ClowCardThePower"],"picked":"ClowCardTheCloud","floor":2}],"player_experience":44166,"relics_obtained":[],"event_choices":[{"damage_healed":0,"gold_gain":400,"player_choice":"Sell","damage_taken":0,"max_hp_gain":0,"max_hp_loss":0,"event_name":"恩洛斯的盘子","floor":3,"relics_lost":["testmod-TestBox"],"gold_loss":0},{"damage_healed":0,"gold_gain":0,"player_choice":"Entered Light","damage_taken":15,"max_hp_gain":0,"max_hp_loss":0,"event_name":"Shining Light","floor":4,"gold_loss":0,"cards_upgraded":["ClowCardTheShield","SpellCardSeal"]},{"damage_healed":0,"gold_gain":0,"player_choice":"3 cards matched","damage_taken":0,"max_hp_gain":0,"max_hp_loss":0,"event_name":"Match and Keep!","floor":5,"gold_loss":0,"cards_obtained":["Hololive_RevenueRecovery","Impatience","ClowCardTheArrow"]},{"damage_healed":0,"gold_gain":0,"player_choice":"3 cards matched","damage_taken":0,"max_hp_gain":0,"max_hp_loss":0,"event_name":"Match and Keep!","floor":5,"gold_loss":0,"cards_obtained":["Hololive_RevenueRecovery","Impatience","ClowCardTheArrow"]}],"is_beta":false,"boss_relics":[],"items_purged_floors":[6],"is_endless":false,"potions_floor_spawned":[1],"killed_by":"3 Sentries","ascension_level":0}}