{"host":"zo11xg047bk5gu2l","time":1610811085,"event":{"mods":["BaseMod","Colored Powertips","Minty Spire (QoL Compilation)","Replay The Spire","StSLib"],"gold_per_floor":[113,4,4,4,15,43,63,81,128,154,173,207,207,227,137,233,233,250,525,540,540,557,585,585,616,616,616,634,634,667,679,679,679,679],"floor_reached":33,"language":"ZHS","playtime":1456,"items_purged":["Defend_R"],"score":422,"play_id":"851576c8-4b0f-47a4-a77c-a36ac45e129a","local_time":"20210116233125","is_ascension_mode":true,"campfire_choices":[{"floor":27.0,"key":"RECALL"},{"floor":32.0,"key":"DIG"}],"circlet_count":0,"master_deck":["Strike_R","Strike_R","Defend_R","Defend_R","Defend_R","Bash","Cleave+1","Inflame+1","Inflame+1","Battle Trance","Pummel","Hemogenesis","Flex","Replay:Many Hands","Pummel+1","Limit Break","Armaments+1"],"relics":["Astrolabe","WarpedTongs","Mummified Hand","Centennial Puzzle","Boot","Letter Opener","SacredBark","CeramicFish","Kunai","Bottled Tornado","Nilry\u0027s Codex","Du-Vu Doll","Akabeko"],"acts_visited":["TheCity"],"potions_floor_usage":[33],"damage_taken":[{"damage":5.0,"enemies":"Small Slimes","floor":1.0,"turns":2.0},{"damage":3.0,"enemies":"Cultist","floor":5.0,"turns":2.0},{"damage":10.0,"enemies":"Gremlin Nob","floor":6.0,"turns":3.0},{"damage":3.0,"enemies":"Jaw Worm","floor":7.0,"turns":1.0},{"damage":4.0,"enemies":"Red Slaver","floor":8.0,"turns":1.0},{"damage":6.0,"enemies":"3 Sentries","floor":10.0,"turns":4.0},{"damage":11.0,"enemies":"Looter","floor":11.0,"turns":3.0},{"damage":14.0,"enemies":"Gremlin Nob","floor":12.0,"turns":3.0},{"damage":0.0,"enemies":"Blue Slaver","floor":14.0,"turns":1.0},{"damage":21.0,"enemies":"The Guardian","floor":16.0,"turns":3.0},{"damage":7.0,"enemies":"2 Thieves","floor":18.0,"turns":2.0},{"damage":2.0,"enemies":"Chosen","floor":20.0,"turns":3.0},{"damage":0.0,"enemies":"Snake Plant","floor":22.0,"turns":2.0},{"damage":32.0,"enemies":"Book of Stabbing","floor":23.0,"turns":4.0},{"damage":0.0,"enemies":"Gremlin Leader","floor":25.0,"turns":3.0},{"damage":0.0,"enemies":"3 Cultists","floor":28.0,"turns":2.0},{"damage":0.0,"enemies":"Book of Stabbing","floor":30.0,"turns":3.0},{"damage":6.0,"enemies":"Shelled Parasite and Fungi","floor":31.0,"turns":2.0},{"damage":24,"enemies":"Pondfish","floor":33,"turns":3}],"seed_played":"-4153532393664101380","potions_obtained":[{"floor":7.0,"key":"EntropicBrew"},{"floor":10.0,"key":"Death Potion"},{"floor":11.0,"key":"Energy Potion"},{"floor":12.0,"key":"Weak Potion"},{"floor":16.0,"key":"BlessingOfTheForge"},{"floor":18.0,"key":"EssenceOfSteel"},{"floor":22.0,"key":"Reflective Coating"}],"is_trial":false,"path_per_floor":["M","$","?","$","M","E","M","M","T","E","M","E","T","M","R","B",null,"M","?","M","?","M","E","?","E","T","R","M","?","E","M","R","B"],"character_chosen":"IRONCLAD","items_purchased":["Pummel"],"campfire_rested":0,"item_purchase_floors":[2],"current_hp_per_floor":[75,75,75,75,72,62,59,55,55,54,48,43,43,43,43,22,80,73,73,76,76,76,44,44,44,44,44,44,28,28,22,22,0,0],"gold":679,"neow_bonus":"BOSS_RELIC","is_daily":false,"chose_seed":false,"campfire_upgraded":0,"win_rate":0.0,"timestamp":1610811085,"path_taken":["M","$","?","$","M","E","M","?","T","E","?","E","?","M","R","BOSS","M","?","?","?","M","E","?","E","T","R","?","?","E","M","R","BOSS"],"items_purchased_type":["Card"],"build_version":"2020-12-22","purchased_purges":1,"victory":false,"max_hp_per_floor":[80,80,80,80,80,80,80,80,80,80,80,80,80,80,80,80,80,80,80,80,80,80,80,80,80,80,80,80,80,80,80,80,80,80],"card_choices":[{"not_picked":["Thunderclap","Perfected Strike"],"picked":"Battle Trance","floor":1.0},{"not_picked":["Disarm","Run Through","Wild Strike"],"picked":"SKIP","floor":5.0},{"not_picked":["Massacre","Twin Strike","Combust"],"picked":"SKIP","floor":6.0},{"not_picked":["Abandon","Headbutt"],"picked":"Hemogenesis","floor":7.0},{"not_picked":["Run Through","Warcry"],"picked":"Flex","floor":8.0},{"not_picked":["Warcry","Shrug It Off","Clash"],"picked":"SKIP","floor":10.0},{"not_picked":["Run Through","Dropkick"],"picked":"Replay:Many Hands","floor":11.0},{"not_picked":["Feel No Pain","Clothesline","Perfected Strike"],"picked":"SKIP","floor":12.0},{"not_picked":["Sever Soul","Life Link"],"picked":"Pummel","floor":14.0},{"not_picked":["Replay:Many Hands","Bludgeon"],"picked":"Limit Break","floor":16.0},{"not_picked":["Inflame","Replay:Undeath\u0027s Touch"],"picked":"Armaments+1","floor":18.0},{"not_picked":["True Grit","Reckless Charge","Power Through"],"picked":"SKIP","floor":20.0},{"not_picked":["Warcry+1","Seeing Red+1","ReplayTheSpireMod:Strike From Hell"],"picked":"SKIP","floor":22.0},{"not_picked":["Bloodletting","Juggernaut","Twin Strike"],"picked":"SKIP","floor":23.0},{"not_picked":["Metallicize+1","Bloodletting+1","Infernal Blade"],"picked":"SKIP","floor":25.0},{"not_picked":["Heavy Blade","Sever Soul","ReplayTheSpireMod:Stacked"],"picked":"SKIP","floor":28.0},{"not_picked":["Entrench","Sentinel","Twin Strike+1"],"picked":"SKIP","floor":30.0},{"not_picked":["Sword Boomerang+1","Iron Wave","Flex"],"picked":"SKIP","floor":31.0}],"player_experience":215188,"relics_obtained":[{"floor":6.0,"key":"Mummified Hand"},{"floor":10.0,"key":"Centennial Puzzle"},{"floor":12.0,"key":"Boot"},{"floor":13.0,"key":"Letter Opener"},{"floor":23.0,"key":"CeramicFish"},{"floor":25.0,"key":"Kunai"},{"floor":26.0,"key":"Bottled Tornado"},{"floor":29.0,"key":"Nilry\u0027s Codex"},{"floor":30.0,"key":"Du-Vu Doll"},{"floor":32.0,"key":"Akabeko"}],"event_choices":[{"damage_healed":0.0,"max_hp_gain":0.0,"max_hp_loss":0.0,"gold_gain":0.0,"event_name":"Accursed Blacksmith","player_choice":"Rummage","floor":3.0,"gold_loss":0.0,"damage_taken":0.0,"relics_obtained":["WarpedTongs"],"cards_obtained":["Pain"]},{"cards_removed":["Pain"],"damage_healed":0.0,"max_hp_gain":0.0,"max_hp_loss":0.0,"gold_gain":0.0,"event_name":"Designer","player_choice":"Upgrade and Remove","floor":15.0,"gold_loss":90.0,"damage_taken":0.0,"cards_upgraded":["Pummel"]},{"damage_healed":0.0,"max_hp_gain":0.0,"max_hp_loss":0.0,"gold_gain":275.0,"event_name":"Golden Shrine","player_choice":"Desecrate","floor":19.0,"gold_loss":0.0,"damage_taken":0.0,"cards_obtained":["Regret"]},{"cards_removed":["Regret"],"damage_healed":0.0,"max_hp_gain":0.0,"max_hp_loss":0.0,"gold_gain":0.0,"event_name":"Purifier","player_choice":"Purged","floor":24.0,"gold_loss":0.0,"damage_taken":0.0},{"damage_healed":0.0,"max_hp_gain":0.0,"max_hp_loss":0.0,"gold_gain":0.0,"event_name":"Cursed Tome","player_choice":"Obtained Book","floor":29.0,"gold_loss":0.0,"damage_taken":16.0}],"is_beta":false,"boss_relics":[{"not_picked":["Velvet Choker","Cursed Key"],"picked":"SacredBark"}],"items_purged_floors":[2],"is_endless":false,"potions_floor_spawned":[7,10,11,12,16,18,20,22],"killed_by":"Pondfish","ascension_level":1}}