{"host":"b3acx0fd85ri4t7i","time":1610798004,"event":{"mods":["BaseMod","Colored Powertips","Minty Spire (QoL Compilation)","Quick Restart","Relic Stats","StSLib","[功能]功能增强和修复MOD"],"gold_per_floor":[109,127,127,277,109,144,144,171,198,74,74,74,74,83,83,755,755,791,800,809,733,756,756,796,796,842,885,906,949,864,889,889,1592,1592,1615,1633,1633,1633,1633,1633,1593,1924,1950,1950,1986,1966,2001,2001,2001,2001,2001,2001,2001,1972,2005,2005,2005],"floor_reached":56,"language":"ZHS","playtime":1646,"items_purged":["Doubt","Strike_P","Strike_P","Defend_P","Defend_P","Defend_P","Strike_P","Eruption","Defend_P","Strike_P+1","Injury","Writhe","Vigilance+1","Indignation+1","Halt+1","J.A.X.+1","Evaluate+1"],"score":2410,"play_id":"da774c82-ac7d-462e-95b2-3bd8e20c48ce","local_time":"20210116195324","is_ascension_mode":true,"campfire_choices":[{"floor":7.0,"key":"RECALL"},{"floor":12.0,"key":"REST"},{"floor":15.0,"key":"REST"},{"floor":23.0,"key":"REST"},{"data":"DeusExMachina","floor":25.0,"key":"SMITH"},{"floor":32.0,"key":"DIG"},{"floor":40.0,"key":"DIG"},{"floor":44.0,"key":"DIG"},{"data":"Worship","floor":49.0,"key":"SMITH"},{"floor":53.0,"key":"DIG"}],"circlet_count":0,"master_deck":["AscendersBane","Brilliance+1","Worship+1","Brilliance+1","LessonLearned+1","DeusExMachina+1","Worship+1","Brilliance+1","DevaForm+1","Brilliance+1","Madness","Madness+1","Worship+1"],"relics":["Philosopher\u0027s Stone","Bag of Preparation","ClockworkSouvenir","StoneCalendar","CeramicFish","Anchor","Matryoshka","PreservedInsect","Whetstone","DollysMirror","Toy Ornithopter","Juzu Bracelet","Bronze Scales","Golden Idol","Ice Cream","Bag of Marbles","Black Star","War Paint","Membership Card","Oddly Smooth Stone","Boot","Frozen Egg 2","Blood Vial","Potion Belt","Thread and Needle","White Beast Statue","MawBank","Shovel","Centennial Puzzle","Lee\u0027s Waffle","Molten Egg 2","Blue Candle","Bottled Flame","Happy Flower","Damaru","VioletLotus","Pen Nib","Lantern","Frozen Eye","Old Coin","Akabeko","Nunchaku","Vajra","Pantograph","Regal Pillow","Gremlin Horn","Kunai","Strawberry","Shuriken","StrikeDummy"],"acts_visited":["Exordium","TheCity","TheBeyond","TheEnding"],"potions_floor_usage":[56],"damage_taken":[{"damage":11.0,"enemies":"Small Slimes","floor":1.0,"turns":4.0},{"damage":3.0,"enemies":"Jaw Worm","floor":2.0,"turns":3.0},{"damage":25.0,"enemies":"Lagavulin","floor":6.0,"turns":3.0},{"damage":0.0,"enemies":"Gremlin Nob","floor":8.0,"turns":2.0},{"damage":0.0,"enemies":"Slime Boss","floor":16.0,"turns":3.0},{"damage":12.0,"enemies":"2 Thieves","floor":18.0,"turns":2.0},{"damage":4.0,"enemies":"Book of Stabbing","floor":24.0,"turns":2.0},{"damage":6.0,"enemies":"Slavers","floor":27.0,"turns":4.0},{"damage":3.0,"enemies":"Book of Stabbing","floor":29.0,"turns":2.0},{"damage":0.0,"enemies":"Chosen","floor":31.0,"turns":1.0},{"damage":8.0,"enemies":"Champ","floor":33.0,"turns":2.0},{"damage":16.0,"enemies":"3 Shapes","floor":35.0,"turns":3.0},{"damage":0.0,"enemies":"Mind Bloom Boss Battle","floor":42.0,"turns":5.0},{"damage":0.0,"enemies":"Giant Head","floor":45.0,"turns":1.0},{"damage":0.0,"enemies":"Nemesis","floor":47.0,"turns":1.0},{"damage":28.0,"enemies":"Donu and Deca","floor":50.0,"turns":3.0},{"damage":19.0,"enemies":"Time Eater","floor":51.0,"turns":3.0},{"damage":0.0,"enemies":"Shield and Spear","floor":55.0,"turns":1.0},{"damage":101,"enemies":"The Heart","floor":56,"turns":3}],"seed_played":"8904153136247220915","potions_obtained":[{"floor":1.0,"key":"Weak Potion"},{"floor":1.0,"key":"ColorlessPotion"},{"floor":2.0,"key":"FairyPotion"},{"floor":6.0,"key":"Ancient Potion"},{"floor":8.0,"key":"BlessingOfTheForge"},{"floor":16.0,"key":"Energy Potion"},{"floor":18.0,"key":"DuplicationPotion"},{"floor":24.0,"key":"Energy Potion"},{"floor":29.0,"key":"StancePotion"},{"floor":35.0,"key":"PowerPotion"},{"floor":35.0,"key":"Ambrosia"},{"floor":42.0,"key":"Ancient Potion"},{"floor":45.0,"key":"EssenceOfSteel"},{"floor":45.0,"key":"LiquidMemories"},{"floor":47.0,"key":"AttackPotion"},{"floor":55.0,"key":"BlessingOfTheForge"}],"is_trial":false,"path_per_floor":["M","M","?","?","$","E","R","E","T","$","?","R","?","?","R","B",null,"M","?","?","$","T","R","E","R","T","E","?","E","$","M","R","B",null,"M","?","?","?","?","R","$","?","T","R","E","?","E","?","R","B","B",null,"R","$","E","B"],"character_chosen":"WATCHER","items_purchased":["ClockworkSouvenir","StoneCalendar","CeramicFish","DollysMirror","Toy Ornithopter","Juzu Bracelet","LessonLearned","Membership Card","Oddly Smooth Stone","Boot","Lee\u0027s Waffle","Molten Egg 2","Blue Candle","Regen Potion","Lantern","Frozen Eye","Worship","Strawberry","DuplicationPotion","Swift Potion"],"campfire_rested":3,"item_purchase_floors":[5,5,5,10,10,10,10,21,21,21,30,30,30,30,41,41,41,54,54,54],"current_hp_per_floor":[50,47,2,2,2,20,20,20,20,20,20,40,20,20,40,45,62,50,50,50,50,50,68,64,64,64,60,60,59,75,75,75,67,73,59,45,45,45,45,45,45,52,52,52,59,59,66,66,66,47,55,70,70,77,79,0,0],"gold":2005,"neow_bonus":"BOSS_RELIC","is_daily":false,"chose_seed":false,"campfire_upgraded":2,"win_rate":0.0,"timestamp":1610798004,"path_taken":["M","M","?","?","$","E","R","E","T","?","?","R","?","?","R","BOSS","M","?","?","$","?","R","E","R","T","E","?","E","$","M","R","BOSS","M","?","?","?","?","R","$","?","T","R","E","?","E","?","R","BOSS","BOSS","R","$","E","BOSS"],"items_purchased_type":["Relic","Relic","Relic","Relic","Relic","Relic","Card","Relic","Relic","Relic","Relic","Relic","Relic","Potion","Relic","Relic","Card","Relic","Potion","Potion"],"build_version":"2020-12-22","purchased_purges":17,"victory":false,"max_hp_per_floor":[68,68,68,68,68,68,68,68,68,68,68,68,68,68,68,68,68,68,68,68,68,68,68,68,68,68,68,68,68,75,75,75,75,75,75,75,75,75,75,75,75,75,75,75,75,75,75,75,75,75,75,75,75,82,82,82,82],"relic_stats":{"Regal Pillow":0,"Gremlin Horn":[2,2],"CeramicFish":144,"StoneCalendar":[0],"Bag of Preparation":[38],"Juzu Bracelet":6,"Whetstone":["Brilliance","Strike_P"],"Boot":[0],"Blood Vial":16,"Centennial Puzzle":[17],"Nunchaku":[2],"Shovel":4,"Pantograph":37,"VioletLotus":[0],"Kunai":[1],"Lee\u0027s Waffle":16,"Happy Flower":[6],"counters":[19,48],"Golden Idol":404,"Blue Candle":[1],"PreservedInsect":384,"Pen Nib":[2],"War Paint":["Indignation","Worship"],"MawBank":36,"Shuriken":[0],"Bronze Scales":[93],"Black Star":6,"obtain_stats":[{"Ice Cream":16,"Gremlin Horn":47,"CeramicFish":5,"Vajra":45,"Whetstone":9,"Boot":21,"Old Coin":42,"Blood Vial":22,"Centennial Puzzle":29,"DollysMirror":10,"Strawberry":54,"Philosopher\u0027s Stone":0,"VioletLotus":34,"Kunai":53,"Happy Flower":33,"Blue Candle":30,"Oddly Smooth Stone":21,"Pen Nib":40,"War Paint":19,"Akabeko":43,"Bottled Flame":32,"Shuriken":55,"Bronze Scales":11,"Molten Egg 2":30,"Black Star":17,"StrikeDummy":55,"Lantern":41,"Regal Pillow":47,"StoneCalendar":5,"Bag of Preparation":3,"Juzu Bracelet":10,"ClockworkSouvenir":5,"Frozen Eye":41,"Nunchaku":44,"Matryoshka":8,"Shovel":29,"Pantograph":45,"Potion Belt":24,"Lee\u0027s Waffle":30,"Golden Idol":14,"Damaru":33,"Thread and Needle":24,"PreservedInsect":9,"Frozen Egg 2":22,"MawBank":27,"White Beast Statue":27,"Anchor":6,"Bag of Marbles":16,"Membership Card":21,"PureWater":0,"Toy Ornithopter":10},{"Ice Cream":5,"Gremlin Horn":15,"CeramicFish":2,"Vajra":14,"Whetstone":4,"Boot":6,"Old Coin":13,"Blood Vial":6,"Centennial Puzzle":9,"DollysMirror":4,"Strawberry":17,"Philosopher\u0027s Stone":0,"VioletLotus":11,"Kunai":17,"Happy Flower":11,"Blue Candle":9,"Oddly Smooth Stone":6,"Pen Nib":12,"War Paint":6,"Akabeko":13,"Bottled Flame":10,"Shuriken":18,"Bronze Scales":4,"Molten Egg 2":9,"Black Star":5,"StrikeDummy":18,"Lantern":12,"Regal Pillow":15,"StoneCalendar":2,"Bag of Preparation":2,"Juzu Bracelet":4,"ClockworkSouvenir":2,"Frozen Eye":12,"Nunchaku":13,"Matryoshka":4,"Shovel":9,"Pantograph":14,"Potion Belt":7,"Lee\u0027s Waffle":9,"Golden Idol":4,"Damaru":11,"Thread and Needle":7,"PreservedInsect":4,"Frozen Egg 2":6,"MawBank":8,"White Beast Statue":8,"Anchor":3,"Bag of Marbles":5,"Membership Card":6,"PureWater":0,"Toy Ornithopter":4},{"Ice Cream":15,"Gremlin Horn":38,"CeramicFish":7,"Vajra":37,"Whetstone":12,"Boot":17,"Old Coin":36,"Blood Vial":17,"Centennial Puzzle":25,"DollysMirror":12,"Strawberry":44,"Philosopher\u0027s Stone":0,"VioletLotus":28,"Kunai":44,"Happy Flower":28,"Blue Candle":25,"Oddly Smooth Stone":17,"Pen Nib":31,"War Paint":17,"Akabeko":36,"Bottled Flame":26,"Shuriken":45,"Bronze Scales":12,"Molten Egg 2":25,"Black Star":15,"StrikeDummy":45,"Lantern":31,"Regal Pillow":38,"StoneCalendar":7,"Bag of Preparation":7,"Juzu Bracelet":12,"ClockworkSouvenir":7,"Frozen Eye":31,"Nunchaku":36,"Matryoshka":12,"Shovel":25,"Pantograph":37,"Potion Belt":19,"Lee\u0027s Waffle":25,"Golden Idol":12,"Damaru":28,"Thread and Needle":19,"PreservedInsect":12,"Frozen Egg 2":17,"MawBank":23,"White Beast Statue":23,"Anchor":10,"Bag of Marbles":15,"Membership Card":17,"PureWater":0,"Toy Ornithopter":12}],"Toy Ornithopter":20},"card_choices":[{"not_picked":["SignatureMove","CrushJoints"],"picked":"Brilliance","floor":1.0},{"not_picked":["EmptyBody","EmptyFist"],"picked":"Worship","floor":1.0},{"not_picked":["SandsOfTime","JustLucky","Fasting2"],"picked":"SKIP","floor":1.0},{"not_picked":["BowlingBash","Crescendo"],"picked":"Indignation","floor":2.0},{"not_picked":["Fasting2","FlurryOfBlows"],"picked":"Halt","floor":2.0},{"not_picked":["Sanctity","Consecrate","Collect"],"picked":"SKIP","floor":2.0},{"not_picked":["ThirdEye","WreathOfFlame","Conclude"],"picked":"SKIP","floor":6.0},{"not_picked":["Swivel","Adaptation","CutThroughFate"],"picked":"SKIP","floor":8.0},{"not_picked":["Scrawl","MasterReality"],"picked":"DeusExMachina","floor":16.0},{"not_picked":["CrushJoints","Wallop+1"],"picked":"Worship","floor":18.0},{"not_picked":["Crescendo+1","FollowUp"],"picked":"Evaluate","floor":18.0},{"not_picked":["CrushJoints","Protect","EmptyFist+1"],"picked":"SKIP","floor":18.0},{"not_picked":["FearNoEvil+1","EmptyFist","Conclude"],"picked":"SKIP","floor":24.0},{"not_picked":["Evaluate","CarveReality","Perseverance+1"],"picked":"SKIP","floor":27.0},{"not_picked":["Sanctity+1","FlyingSleeves","Fasting2+1"],"picked":"SKIP","floor":29.0},{"not_picked":["Evaluate","WaveOfTheHand"],"picked":"Crescendo+1","floor":31.0},{"not_picked":["DeceiveReality","Alpha","EmptyBody"],"picked":"SKIP","floor":31.0},{"not_picked":["BowlingBash+1","Halt","Wallop+1"],"picked":"SKIP","floor":31.0},{"not_picked":["Alpha","Scrawl"],"picked":"DevaForm+1","floor":33.0},{"not_picked":["Blasphemy","Devotion+1"],"picked":"Brilliance+1","floor":33.0},{"not_picked":["Wish","Alpha"],"picked":"Establishment+1","floor":33.0},{"not_picked":["FollowUp+1","BowlingBash+1","PathToVictory"],"picked":"SKIP","floor":35.0},{"not_picked":["Weave+1","PathToVictory","Adaptation+1"],"picked":"SKIP","floor":35.0},{"not_picked":["Evaluate","MentalFortress+1","Tantrum+1"],"picked":"SKIP","floor":35.0},{"not_picked":["ClearTheMind","FlurryOfBlows+1","EmptyBody"],"picked":"SKIP","floor":45.0},{"not_picked":["Conclude+1","EmptyBody","FearNoEvil+1"],"picked":"SKIP","floor":47.0},{"not_picked":["CutThroughFate+1","EmptyMind","MentalFortress+1"],"picked":"SKIP","floor":55.0}],"player_experience":304241,"relics_obtained":[{"floor":6.0,"key":"Anchor"},{"floor":8.0,"key":"Matryoshka"},{"floor":9.0,"key":"PreservedInsect"},{"floor":9.0,"key":"Whetstone"},{"floor":16.0,"key":"Ice Cream"},{"floor":16.0,"key":"Bag of Marbles"},{"floor":22.0,"key":"Frozen Egg 2"},{"floor":22.0,"key":"Blood Vial"},{"floor":24.0,"key":"Potion Belt"},{"floor":24.0,"key":"Thread and Needle"},{"floor":27.0,"key":"White Beast Statue"},{"floor":27.0,"key":"MawBank"},{"floor":29.0,"key":"Shovel"},{"floor":29.0,"key":"Centennial Puzzle"},{"floor":32.0,"key":"Bottled Flame"},{"floor":33.0,"key":"Happy Flower"},{"floor":33.0,"key":"Damaru"},{"floor":40.0,"key":"Pen Nib"},{"floor":42.0,"key":"Old Coin"},{"floor":43.0,"key":"Akabeko"},{"floor":44.0,"key":"Nunchaku"},{"floor":45.0,"key":"Vajra"},{"floor":45.0,"key":"Pantograph"},{"floor":47.0,"key":"Regal Pillow"},{"floor":47.0,"key":"Gremlin Horn"},{"floor":53.0,"key":"Kunai"},{"floor":55.0,"key":"Shuriken"},{"floor":55.0,"key":"StrikeDummy"}],"event_choices":[{"damage_healed":0.0,"max_hp_gain":0.0,"max_hp_loss":0.0,"gold_gain":0.0,"event_name":"Scrap Ooze","player_choice":"Success","floor":3.0,"gold_loss":0.0,"damage_taken":45.0,"relics_obtained":["Bag of Preparation"]},{"damage_healed":0.0,"max_hp_gain":0.0,"max_hp_loss":0.0,"gold_gain":150.0,"event_name":"Liars Game","player_choice":"AGREE","floor":4.0,"gold_loss":0.0,"damage_taken":0.0,"cards_obtained":["Doubt"]},{"damage_healed":0.0,"max_hp_gain":0.0,"max_hp_loss":0.0,"gold_gain":0.0,"event_name":"WeMeetAgain","player_choice":"Gave Potion","floor":11.0,"gold_loss":0.0,"damage_taken":0.0,"relics_obtained":["Bronze Scales"]},{"damage_healed":0.0,"max_hp_gain":0.0,"max_hp_loss":0.0,"gold_gain":0.0,"event_name":"Shining Light","player_choice":"Entered Light","floor":13.0,"gold_loss":0.0,"damage_taken":20.0,"cards_upgraded":["LessonLearned","Vigilance"]},{"damage_healed":0.0,"max_hp_gain":0.0,"max_hp_loss":0.0,"gold_gain":0.0,"event_name":"Golden Idol","player_choice":"Take Wound","floor":14.0,"gold_loss":0.0,"damage_taken":0.0,"relics_obtained":["Golden Idol"],"cards_obtained":["Injury"]},{"damage_healed":0.0,"max_hp_gain":0.0,"max_hp_loss":0.0,"gold_gain":0.0,"event_name":"The Mausoleum","player_choice":"Opened","floor":19.0,"gold_loss":0.0,"damage_taken":0.0,"relics_obtained":["War Paint"],"cards_obtained":["Writhe"]},{"damage_healed":0.0,"max_hp_gain":0.0,"max_hp_loss":0.0,"gold_gain":0.0,"event_name":"Drug Dealer","player_choice":"Obtain J.A.X.","floor":20.0,"gold_loss":0.0,"damage_taken":0.0,"cards_obtained":["J.A.X."]},{"damage_healed":0.0,"max_hp_gain":0.0,"max_hp_loss":0.0,"gold_gain":0.0,"event_name":"Duplicator","player_choice":"Copied","floor":28.0,"gold_loss":0.0,"damage_taken":0.0,"cards_obtained":["Brilliance"]},{"damage_healed":0.0,"max_hp_gain":0.0,"max_hp_loss":0.0,"gold_gain":0.0,"event_name":"Winding Halls","player_choice":"Embrace Madness","floor":36.0,"gold_loss":0.0,"damage_taken":14.0,"cards_obtained":["Madness","Madness"]},{"cards_removed":["Crescendo"],"damage_healed":0.0,"max_hp_gain":0.0,"max_hp_loss":0.0,"gold_gain":0.0,"event_name":"Purifier","player_choice":"Purged","floor":37.0,"gold_loss":0.0,"damage_taken":0.0},{"damage_healed":0.0,"max_hp_gain":0.0,"max_hp_loss":0.0,"gold_gain":0.0,"event_name":"Tomb of Lord Red Mask","player_choice":"Ignored","floor":38.0,"gold_loss":0.0,"damage_taken":0.0},{"damage_healed":0.0,"max_hp_gain":0.0,"max_hp_loss":0.0,"gold_gain":0.0,"event_name":"SecretPortal","player_choice":"Ignored","floor":39.0,"gold_loss":0.0,"damage_taken":0.0},{"damage_healed":0.0,"max_hp_gain":0.0,"max_hp_loss":0.0,"gold_gain":0.0,"event_name":"MindBloom","player_choice":"Fight","floor":42.0,"gold_loss":0.0,"damage_taken":0.0},{"damage_healed":0.0,"max_hp_gain":0.0,"max_hp_loss":0.0,"gold_gain":0.0,"event_name":"The Woman in Blue","player_choice":"Bought 1 Potion","floor":46.0,"gold_loss":0.0,"damage_taken":0.0},{"cards_removed":["Establishment"],"damage_healed":0.0,"max_hp_gain":0.0,"max_hp_loss":0.0,"gold_gain":0.0,"event_name":"Falling","player_choice":"Removed Power","floor":48.0,"gold_loss":0.0,"damage_taken":0.0}],"is_beta":false,"boss_relics":[{"not_picked":["Pandora\u0027s Box","EctoplasmExtend"],"picked":"Black Star"},{"not_picked":["Calling Bell","Astrolabe"],"picked":"VioletLotus"}],"items_purged_floors":[5,5,5,5,5,5,5,5,10,10,21,21,30,30,30,41,41],"is_endless":false,"potions_floor_spawned":[1,1,2,6,8,16,18,24,29,29,31,31,31,33,33,35,35,35,42,45,45,45,47,55,55,55,55],"killed_by":"The Heart","ascension_level":20}}