{"host":"pno9h1fupbyz205f","time":1610838027,"event":{"mods":["Aspiration","BaseMod","Better Altar","Better Match","Better Note","Better Sensory Stone","Better Skull","Better Third Choice","Colored Map","Colored Powertips","Hermit","Highlight Path","Hubris","Infinite Spire","Jedi Mod","Mad Scientist","Marisa????????","Minty Spire (QoL Compilation)","Permanent Neow","Potionbrewer","Prisma Mod","Replay The Spire","Robot Space Explorer","Shop Mod","Spicy Shops","StSLib","Td1madao Mod","The Blackbeard","The Gatherer","The Hierophant","The Marked","The Poker Player","The Runesmith","The Servant 0.9.4","The Spell Scribe","The Vixen","thorton","vexMod"],"gold_per_floor":[112,131,131,131,243,278,278,305,328,328,328,27,27,27,27,127,127,145,145,165,90,36,36,62,62,62,62,62,62,89,106,106,204,204,223,198,217,217,302,302,313,313,313,159,179,195,2,31,31,126,126,126],"floor_reached":51,"language":"ENG","playtime":1592,"items_purged":["theScribe:ArcaneBarrier","ReplayTheSpireMod:Chaos Vortex"],"score":800,"play_id":"7221a38b-507d-4a21-b1a7-ca4d43fa18cd","local_time":"20210116150026","daily_mods":["Draft","Heirloom","Time Dilation","Flight"],"is_ascension_mode":false,"campfire_choices":[{"data":"theScribe:QuickStudy","floor":7,"key":"SMITH"},{"data":"theScribe:QuickStudy","floor":10,"key":"SMITH"},{"data":"theScribe:GatherComponents","floor":13,"key":"SMITH"},{"data":"theScribe:GatherComponents","floor":15,"key":"SMITH"},{"data":"theScribe:BlankScroll","floor":23,"key":"SMITH"},{"data":"theScribe:GatherComponents+1","floor":25,"key":"PURGE"},{"data":"theScribe:GatherComponents+1","floor":27,"key":"PURGE"},{"data":"theScribe:Echo","floor":28,"key":"SMITH"},{"data":"theScribe:ScrollOfChaining","floor":29,"key":"SMITH"},{"data":"Pain","floor":40,"key":"PURGE"},{"floor":49,"key":"REST"}],"circlet_count":0,"master_deck":["theScribe:TelumSpellstone","theScribe:StaticCage+1","theScribe:GlaciesSpellstone","theScribe:TelumSpellstone","theScribe:Thunder","theScribe:LightningBolt+1","theScribe:Frost","theScribe:LightningBolt","theScribe:FocusingBarrier","theScribe:Overcharge","theScribe:QuickStudy+1","theScribe:Focused","theScribe:ToxicSpellstone","theScribe:QuickStudy+1","theScribe:ScrollOfChaining+1","theScribe:GlaciesSpellstone","theScribe:BlankScroll+1","theScribe:LightningBolt","theScribe:Echo+1","theScribe:FocusingBlow","theScribe:Frost","theScribe:Overcharge+1","theScribe:StaticSeries","theScribe:TimeDilation","Apotheosis","theScribe:AmplifyingSpellstone","theScribe:AmplifyingSpellstone","theScribe:QuickStudy","theScribe:FocusingBarrier","theScribe:FocusedBolt","theScribe:ToxicSpellstone","theScribe:MirrorImage+1","theScribe:TelumSpellstone+1","theScribe:Clarity+1","hubris:Rewind","theScribe:WeirdBlast+1","theScribe:LightningBolt","theScribe:ToxicSpellstone","theScribe:LightningBolt","theScribe:ScrollOfChaining","theScribe:Echo"],"relics":["Burning Blood","Peace Pipe","hubris:Icosahedron","infinitespire:FocusingShard","infinitespire:Lychee Nut","Bronze Scales","BargainBundle","infinitespire:Cubic Diamond","hubris:BlackHole","Ornamental Fan","hubris:CrystalStatue","Red Mask","vexMod:MysteryBossChallenge","Fusion Hammer","Happy Flower","Ring of Fury","ReplayTheSpireMod:TigerMarble","hubris:ToyBattleship","hubris:Potato","vexMod:FocusSash","theScribe:StormScale","Blue Doll","Quantum Egg","jedi:hotpepper"],"acts_visited":["Exordium","TheCity","TheBeyond"],"potions_floor_usage":[6,16,16,24,24,30,33,33,41,41,41,50],"damage_taken":[{"damage":4,"enemies":"Jaw Worm","floor":1,"turns":2},{"damage":4,"enemies":"2 Louse","floor":2,"turns":3},{"damage":0,"enemies":"Small Slimes","floor":5,"turns":2},{"damage":0,"enemies":"3 Sentries","floor":6,"turns":5},{"damage":19,"enemies":"Gremlin Nob","floor":8,"turns":5},{"damage":0,"enemies":"The Guardian","floor":16,"turns":6},{"damage":0,"enemies":"Shell Parasite","floor":18,"turns":2},{"damage":0,"enemies":"Spheric Guardian","floor":20,"turns":3},{"damage":7,"enemies":"Nightmare","floor":24,"turns":4},{"damage":6,"enemies":"Masked Bandits","floor":30,"turns":2},{"damage":0,"enemies":"Chosen and Byrds","floor":31,"turns":2},{"damage":3,"enemies":"hubris:MusketHawk","floor":33,"turns":2},{"damage":6,"enemies":"Orb Walker","floor":35,"turns":1},{"damage":2,"enemies":"3 Darklings","floor":37,"turns":2},{"damage":0,"enemies":"Nightmare","floor":41,"turns":1},{"damage":0,"enemies":"4 Shapes","floor":45,"turns":3},{"damage":0,"enemies":"Maw","floor":46,"turns":3},{"damage":0,"enemies":"Reptomancer","floor":48,"turns":1},{"damage":0,"enemies":"Replay:Hell Engine","floor":50,"turns":1}],"seed_played":"5821338542481623781","potions_obtained":[{"floor":1,"key":"infinitespire:BlackPotion"},{"floor":16,"key":"potionbrewer:StunPotion"},{"floor":30,"key":"potionbrewer:BlacksmithPotion"},{"floor":31,"key":"DuplicationPotion"},{"floor":41,"key":"jedi:StrikingPotion"},{"floor":50,"key":"Dexterity Potion"}],"is_trial":true,"path_per_floor":["M","M","?","?","M","E","R","E","T","R","?","$","R","?","R","B",null,"M","?","M","?","$","R","NM","R","T","R","R","R","?","M","R_BF","B",null,"M","?","M","?","?","R","NM","AVR","T","$","M","M","$","E","R","B",null],"character_chosen":"THE_SCRIBE","items_purchased":["theScribe:BlankScroll","BargainBundle","theScribe:LightningBolt","Adrenaline Potion","potionbrewer:ToxicPotion","DuplicationPotion","theScribe:AmplifyingSpellstone","theScribe:StormScale","theScribe:ToxicSpellstone","theScribe:LightningBolt","Blue Doll"],"campfire_rested":1,"item_purchase_floors":[12,12,12,12,12,12,22,44,47,47,47],"current_hp_per_floor":[71,67,50,50,50,50,50,31,31,31,31,31,31,31,31,43,56,56,56,56,56,56,56,55,55,55,55,55,55,56,56,56,56,56,56,56,56,56,42,42,48,48,48,48,56,56,56,56,56,56,42,42],"gold":126,"neow_bonus":"","is_daily":false,"chose_seed":false,"campfire_upgraded":7,"win_rate":0.0,"timestamp":1610838026,"path_taken":["M","M","?","?","?","E","R","E","T","R","?","$","R","?","R","BOSS","M","?","?","?","$","R","NM","R","T","R","R","R","?","M","R_BF","BOSS","M","?","M","?","?","R","NM","AVR","T","$","?","?","$","E","R","BOSS"],"items_purchased_type":["Card","Relic","Card","Potion","Potion","Potion","Card","Relic","Card","Card","Relic"],"build_version":"2020-12-22","purchased_purges":2,"victory":false,"max_hp_per_floor":[75,75,75,75,75,75,75,56,56,56,56,56,56,56,56,56,56,56,56,56,56,56,56,56,56,56,56,56,56,56,56,56,56,56,56,56,56,56,56,56,56,56,56,56,56,56,56,56,56,56,42,42],"card_choices":[{"not_picked":["theScribe:ToxicSpellstone","theScribe:GatherComponents"],"picked":"theScribe:TelumSpellstone","floor":0},{"not_picked":["theScribe:RecklessResponse","theScribe:MagicMissiles"],"picked":"theScribe:StaticCage","floor":0},{"not_picked":["theScribe:Divination","theScribe:Overcharge"],"picked":"theScribe:GlaciesSpellstone","floor":0},{"not_picked":["theScribe:ScrollOfScrying","theScribe:Overcharge"],"picked":"theScribe:TelumSpellstone","floor":0},{"not_picked":["theScribe:IcicleBlast","theScribe:Meditate"],"picked":"theScribe:ArcaneBarrier","floor":0},{"not_picked":["theScribe:ArcaneBarrier","theScribe:Insight"],"picked":"theScribe:Thunder","floor":0},{"not_picked":["theScribe:EnchantedStrike","theScribe:Incendio"],"picked":"theScribe:LightningBolt","floor":0},{"not_picked":["theScribe:TelumSpellstone","theScribe:MagicMissiles"],"picked":"theScribe:Frost","floor":0},{"not_picked":["theScribe:CripplingCharge","theScribe:ScrollOfPoison"],"picked":"theScribe:LightningBolt","floor":0},{"not_picked":["theScribe:ThrownScroll","theScribe:InvigoratingStrike"],"picked":"theScribe:GatherComponents","floor":0},{"not_picked":["theScribe:FranticSearch","theScribe:StaticSeries"],"picked":"theScribe:FocusingBarrier","floor":0},{"not_picked":["theScribe:FranticSearch","theScribe:Divination"],"picked":"theScribe:Overcharge","floor":0},{"not_picked":["theScribe:ScrollOfScrying","theScribe:InvigoratingStrike"],"picked":"theScribe:QuickStudy","floor":0},{"not_picked":["theScribe:WeirdBlast","theScribe:EnchantedStrike"],"picked":"theScribe:CripplingCharge","floor":0},{"not_picked":["theScribe:FocusingBlow","theScribe:ScrollOfPoison"],"picked":"theScribe:Focused","floor":0},{"not_picked":["theScribe:WeirdShield","theScribe:SanguineSurge"],"picked":"theScribe:GatherComponents","floor":1},{"not_picked":["theScribe:StaticSeries","theScribe:ThrownScroll"],"picked":"theScribe:ToxicSpellstone","floor":2},{"not_picked":["infinitespire:TheBestDefense","infinitespire:SevenWalls"],"picked":"ReplayTheSpireMod:Chaos Vortex","floor":3},{"not_picked":["theScribe:MagicMissiles","theScribe:LightningBolt"],"picked":"theScribe:QuickStudy","floor":5},{"not_picked":["theScribe:FranticSearch","theScribe:FalseLife"],"picked":"theScribe:ScrollOfChaining","floor":6},{"not_picked":["theScribe:BluntWeapons","theScribe:Conflagrate"],"picked":"theScribe:GlaciesSpellstone","floor":8},{"not_picked":["theScribe:ScriptedStarfall","theScribe:Conflagrate"],"picked":"theScribe:Echo","floor":16},{"not_picked":["theScribe:GlaciesSpellstone+1","theScribe:BluntWeapons"],"picked":"theScribe:FocusingBlow","floor":18},{"not_picked":["theScribe:Thwack","theScribe:FocusingBlow"],"picked":"theScribe:Frost","floor":20},{"not_picked":["theScribe:RecklessResponse","theScribe:Divination"],"picked":"theScribe:Overcharge+1","floor":21},{"not_picked":["theScribe:ScrollOfPoison","theScribe:ScrollOfScrying"],"picked":"theScribe:StaticSeries","floor":21},{"not_picked":["theScribe:ForkedBolt","theScribe:StemTheFlow"],"picked":"theScribe:TimeDilation","floor":21},{"not_picked":["Chrysalis","Replay:Dark Deal"],"picked":"Apotheosis","floor":21},{"not_picked":["theScribe:GatherComponents","theScribe:CripplingCharge"],"picked":"theScribe:AmplifyingSpellstone","floor":24},{"not_picked":["theScribe:MagicMissiles+1","theScribe:Dark"],"picked":"theScribe:QuickStudy","floor":30},{"not_picked":["theScribe:IcicleBlast+1","theScribe:GatherComponents+1"],"picked":"theScribe:FocusingBarrier","floor":31},{"not_picked":["theScribe:ForkedBolt","theScribe:StemTheFlow"],"picked":"theScribe:FocusedBolt","floor":33},{"not_picked":["theScribe:MirrorImage","theScribe:EnchantedStrike"],"picked":"theScribe:ToxicSpellstone","floor":35},{"not_picked":["theScribe:InvigoratingStrike","theScribe:CrystalShield"],"picked":"theScribe:MirrorImage+1","floor":37},{"not_picked":["theScribe:WeirdToxin","theScribe:Divination+1"],"picked":"theScribe:TelumSpellstone+1","floor":39},{"not_picked":["theScribe:Overcharge+1","theScribe:RecurringRime"],"picked":"theScribe:Clarity+1","floor":41},{"not_picked":["infinitespire:FinalStrike","hubris:Fate"],"picked":"hubris:Rewind","floor":41},{"not_picked":["theScribe:MirrorImage","theScribe:GatherComponents+1"],"picked":"theScribe:WeirdBlast+1","floor":45},{"not_picked":["theScribe:EnchantedStrike","theScribe:PiercingBolts+1"],"picked":"theScribe:LightningBolt","floor":46},{"not_picked":["theScribe:SanguineSurge","theScribe:ScrollOfPoison"],"picked":"theScribe:ScrollOfChaining","floor":48},{"not_picked":["theScribe:Overexert","theScribe:Escalation"],"picked":"theScribe:Echo","floor":50}],"player_experience":189246,"relics_obtained":[{"floor":6,"key":"infinitespire:FocusingShard"},{"floor":8,"key":"infinitespire:Lychee Nut"},{"floor":9,"key":"Bronze Scales"},{"floor":24,"key":"Ornamental Fan"},{"floor":26,"key":"hubris:CrystalStatue"},{"floor":30,"key":"Red Mask"},{"floor":38,"key":"Ring of Fury"},{"floor":39,"key":"ReplayTheSpireMod:TigerMarble"},{"floor":41,"key":"hubris:ToyBattleship"},{"floor":43,"key":"vexMod:FocusSash"},{"floor":48,"key":"Quantum Egg"}],"event_choices":[{"damage_healed":0,"gold_gain":0,"player_choice":"Ignored","damage_taken":0,"max_hp_gain":0,"max_hp_loss":0,"event_name":"betterNote:BetterNote","floor":19,"gold_loss":0,"cards_obtained":["PrismaMod:ChloeAnyPowerTrace"]},{"damage_healed":0,"gold_gain":0,"player_choice":"1","damage_taken":0,"max_hp_gain":0,"max_hp_loss":0,"event_name":"betterMatch:BetterMatch","floor":21,"gold_loss":0,"cards_obtained":["betterMatch:CommonCard","betterMatch:UncommonCard","betterMatch:RareCard","betterMatch:ColorlessRareCard"]},{"damage_healed":0,"gold_gain":0,"player_choice":"Fought Bandits","damage_taken":0,"max_hp_gain":0,"max_hp_loss":0,"event_name":"Masked Bandits","floor":30,"gold_loss":0}],"is_beta":false,"boss_relics":[{"not_picked":["theScribe:MeditationCircle","SacredBark"],"picked":"hubris:BlackHole"},{"not_picked":["vexMod:CursedCompass","hubris:GrandSneckoEye"],"picked":"vexMod:MysteryBossChallenge"},{"not_picked":["Replay:Bronze Core","aspiration:FutureDiary"],"picked":"jedi:hotpepper"}],"items_purged_floors":[12,42],"is_endless":true,"potions_floor_spawned":[1,16,20,30,31,41,45,50],"ascension_level":0}}