{"host":"whyfdmrq1ty0e9zp","time":1610779720,"event":{"mods":["Act Like it!","BaseMod","Colored Map","Colored Powertips","Conspire","Energized Spire","Gensokyo","Marisa£¨ìFÓê¡¡Ä§ÀíÉ³£©","Minty Spire (QoL Compilation)","MostiFishMod","Prisma Mod","Quick Restart","Relic Stats","Remilia£¨ÀÙÃ×ÀòÑÇ£©","Replay The Spire","StSLib","TestMod","The Servant 0.9.4","vexMod","¡¾ÒÅÎï¿¨ÅÆ¡¿REMEMod"],"gold_per_floor":[118,18,49,67,83,83,83,107,107,118,118,118,118,118,118,221,221,234,234,234,253,253,253,264,264,264,264,298,298,298,314,314,417,417,433,447,846,846,855,855,866,898,973,973,973,973,973,998,998,998],"floor_reached":51,"language":"ZHS","playtime":1781,"items_purged":["Strike_P","Strike_P","Strike_P+1","Defend_P","Thinking Ahead+1","REME_HeartOfCthun"],"score":1247,"play_id":"0621da7d-378d-4a17-a0e3-8d8358a3003d","local_time":"20210116144840","is_ascension_mode":true,"campfire_choices":[{"data":"Eruption","floor":6.0,"key":"SMITH"},{"data":"Strike_P","floor":12,"key":"PURGE"},{"data":"conspire:Blindness","floor":15,"key":"PURGE"},{"data":"Defend_P","floor":23,"key":"PURGE"},{"data":"LessonLearned","floor":25,"key":"SMITH"},{"data":"FlurryOfBlows","floor":27,"key":"SMITH"},{"data":"CutThroughFate","floor":29,"key":"SMITH"},{"data":"CutThroughFate","floor":32,"key":"SMITH"},{"data":"LikeWater","floor":40,"key":"SMITH"},{"data":"MostiFishMod:Disappear","floor":47,"key":"SMITH"},{"data":"SandsOfTime","floor":49,"key":"SMITH"}],"circlet_count":0,"master_deck":["Defend_P","Defend_P","Eruption+1","Vigilance+1","TreasureHunter","Protect+1","Ghostly+1","CutThroughFate+1","Replay:LoomingThreat+1","TalkToTheHand+1","SandsOfTime+1","BowlingBash","LessonLearned+1","LightFlow+1","Replay:ManipulateFuture+1","Adaptation+1","Nirvana+1","DeceiveReality+1","FearNoEvil","FlurryOfBlows+1","Meditate+1","REME_Whirling+1","WaveOfTheHand+1","CutThroughFate+1","MostiFishMod:Adaptation","FlurryOfBlows+1","WindmillStrike+1","LikeWater+1","CutThroughFate+1","WheelKick+1","Hologram+1","MostiFishMod:Disappear+1","Acceleration+1","MostiFishMod:CyberBuddha+1"],"relics":["PureWater","testmod-TestBox","DaveBox","DiscerningMonocle","testmod-Charity","NeowsBlessing","SynthV:TestCard","Durian","Peace Pipe","conspire:Flyswatter","vexMod:Cooldron","testmod-OneHitWonder","testmod-HeartOfDaVinci","Replay:Bottled Steam","Ying","conspire:BottledYoYo","Onion Ring","ReplayTheSpireMod:Ring of Exchange","Ring of Hypnosis","testmod-TheFather","MysterySword","Chemical X","vexMod:FocusSash","Pen Nib","Toxic Egg 2","testmod-LifeArmor","ShadowXiaoBlade","ImprovedEquipment","Snack Pack","DataDisk","Lantern","Ring of Chaos","Anchor","JellyFishMachine","Bag of Marbles","testmod-AssaultLearning","StrikeDummy","Carrot","testmod-ArcanaOfDestiny","conspire:SlowCooker","PreservedInsect","Ornamental Fan","MiniHakkero"],"acts_visited":["Exordium","TheCity","TheBeyond"],"potions_floor_usage":[10,16,16,16,18,24,28,28,28,36,39,39,39,41,41,50,50,50],"damage_taken":[{"damage":0.0,"enemies":"Cultist","floor":1.0,"turns":1.0},{"damage":0.0,"enemies":"conspire:MimicChest","floor":3.0,"turns":1.0},{"damage":0.0,"enemies":"Jaw Worm","floor":4.0,"turns":1.0},{"damage":1.0,"enemies":"Small Slimes","floor":5.0,"turns":5.0},{"damage":34,"enemies":"Gremlin Nob","floor":8,"turns":5},{"damage":0,"enemies":"2 Fungi Beasts","floor":10,"turns":3},{"damage":0,"enemies":"Slime Boss","floor":16,"turns":5},{"damage":0,"enemies":"Chosen","floor":18,"turns":5},{"damage":30,"enemies":"Shell Parasite","floor":21,"turns":4},{"damage":17,"enemies":"Shelled Parasite and Fungi","floor":24,"turns":6},{"damage":5,"enemies":"conspire:SneckoGhost","floor":28,"turns":4},{"damage":0,"enemies":"Cultist and Chosen","floor":31,"turns":3},{"damage":13,"enemies":"Collector","floor":33,"turns":3},{"damage":0,"enemies":"3 Shapes","floor":35,"turns":1},{"damage":0,"enemies":"3 Darklings","floor":36,"turns":3},{"damage":3,"enemies":"Maw","floor":39,"turns":4},{"damage":0,"enemies":"Jaw Worm Horde","floor":41,"turns":1},{"damage":0,"enemies":"R_Hoarder","floor":42,"turns":2},{"damage":0,"enemies":"Nemesis","floor":48,"turns":1},{"damage":26,"enemies":"Time Eater","floor":50,"turns":3}],"seed_played":"-4880683989073732974","potions_obtained":[{"floor":1.0,"key":"testmod-TimePotion"},{"floor":5.0,"key":"SmokeBomb"},{"floor":16,"key":"EntropicBrew"},{"floor":20,"key":"DistilledChaos"},{"floor":20,"key":"testmod-TimePotion"},{"floor":42,"key":"EntropicBrew"}],"is_trial":false,"path_per_floor":["M","?","?","M","M","R","$","E","T","M","?","R","$","?","R","B",null,"M","$","?","M","$","R","M","R","T","R","E","R","$","M","R","B",null,"M","M","?","T","M","R","M","E","T","?","T","$","R","E","R","B",null],"character_chosen":"WATCHER","items_purchased":["TalkToTheHand","SandsOfTime","Peace Pipe","conspire:Flyswatter","vexMod:Cooldron","LiquidMemories","Ying","conspire:BottledYoYo","Onion Ring","REME_HeartOfCthun","EntropicBrew","Chemical X","vexMod:FocusSash","Pen Nib","Replay:ManipulateFuture+1","EntropicBrew","Adaptation","Toxic Egg 2","testmod-LifeArmor","ShadowXiaoBlade","Thinking Ahead+1","DeceiveReality+1","FearNoEvil","Lantern","Ring of Chaos","Anchor","EntropicBrew","EntropicBrew","WaveOfTheHand+1","conspire:SlowCooker","PreservedInsect","Ornamental Fan","MostiFishMod:Disappear","EntropicBrew","EntropicBrew"],"campfire_rested":0,"item_purchase_floors":[7,7,7,7,7,7,13,13,13,13,13,19,19,19,19,19,19,22,22,22,22,22,22,30,30,30,30,30,30,46,46,46,46,46,46],"current_hp_per_floor":[66,66,72,73,73,73,73,40,40,41,24,24,24,24,24,25,69,76,76,76,49,49,49,37,37,37,37,42,42,42,50,50,53,106,110,123,124,124,127,127,139,150,151,150,150,150,150,151,151,131],"gold":998,"neow_bonus":"THREE_ENEMY_KILL","is_daily":false,"chose_seed":false,"campfire_upgraded":8,"win_rate":0.0,"timestamp":1610779720,"path_taken":["M","?","?","?","M","R","$","E","T","M","?","R","$","?","R","BOSS","M","$","?","?","?","R","M","R","T","R","E","R","$","?","R","BOSS","M","M","?","?","?","R","M","E","T","?","?","$","R","E","R","BOSS"],"items_purchased_type":["Card","Card","Relic","Relic","Relic","Potion","Relic","Relic","Relic","Card","Potion","Relic","Relic","Relic","Card","Potion","Card","Relic","Relic","Relic","Card","Card","Card","Relic","Relic","Relic","Potion","Potion","Card","Relic","Relic","Relic","Card","Potion","Potion"],"build_version":"2020-12-22","purchased_purges":6,"victory":true,"max_hp_per_floor":[73,73,79,80,81,81,81,82,82,83,83,83,83,83,83,84,84,91,91,91,94,94,94,99,99,99,99,104,104,104,110,110,124,124,128,137,138,138,142,142,150,157,158,150,150,150,150,151,151,155],"relic_stats":{"Peace Pipe":4,"counters":[20,61],"Ornamental Fan":[8],"Pen Nib":[7],"PreservedInsect":47,"Chemical X":[1],"obtain_stats":[{"ReplayTheSpireMod:Ring of Exchange":14,"Lantern":30,"Carrot":43,"Ying":13,"DaveBox":0,"DiscerningMonocle":0,"testmod-LifeArmor":22,"testmod-Charity":0,"testmod-TheFather":16,"Chemical X":19,"Toxic Egg 2":22,"testmod-ArcanaOfDestiny":45,"Replay:Bottled Steam":9,"testmod-TestBox":0,"NeowsBlessing":0,"Ring of Hypnosis":14,"JellyFishMachine":34,"ImprovedEquipment":26,"ShadowXiaoBlade":22,"Pen Nib":19,"Ring of Chaos":30,"conspire:SlowCooker":46,"PreservedInsect":46,"vexMod:FocusSash":19,"Peace Pipe":7,"vexMod:Cooldron":7,"DataDisk":28,"Anchor":30,"SynthV:TestCard":1,"Ornamental Fan":46,"MysterySword":17,"testmod-AssaultLearning":42,"Onion Ring":13,"Durian":3,"conspire:BottledYoYo":13,"Snack Pack":28,"Bag of Marbles":38,"MiniHakkero":48,"PureWater":0,"StrikeDummy":42,"testmod-OneHitWonder":8,"REME_ComplimentaryCards":0,"conspire:Flyswatter":7,"testmod-HeartOfDaVinci":8},{"ReplayTheSpireMod:Ring of Exchange":6,"Lantern":11,"Carrot":18,"Ying":6,"DaveBox":0,"DiscerningMonocle":0,"testmod-LifeArmor":9,"testmod-Charity":0,"testmod-TheFather":7,"Chemical X":8,"Toxic Egg 2":9,"testmod-ArcanaOfDestiny":18,"Replay:Bottled Steam":5,"testmod-TestBox":0,"NeowsBlessing":0,"Ring of Hypnosis":6,"JellyFishMachine":13,"ImprovedEquipment":10,"ShadowXiaoBlade":9,"Pen Nib":8,"Ring of Chaos":11,"conspire:SlowCooker":18,"PreservedInsect":18,"vexMod:FocusSash":8,"Peace Pipe":4,"vexMod:Cooldron":4,"DataDisk":11,"Anchor":11,"SynthV:TestCard":1,"Ornamental Fan":18,"MysterySword":7,"testmod-AssaultLearning":18,"Onion Ring":6,"Durian":2,"conspire:BottledYoYo":6,"Snack Pack":11,"Bag of Marbles":15,"MiniHakkero":19,"PureWater":0,"StrikeDummy":18,"testmod-OneHitWonder":5,"REME_ComplimentaryCards":0,"conspire:Flyswatter":4,"testmod-HeartOfDaVinci":5},{"ReplayTheSpireMod:Ring of Exchange":16,"Lantern":40,"Carrot":57,"Ying":16,"DaveBox":0,"DiscerningMonocle":0,"testmod-LifeArmor":30,"testmod-Charity":0,"testmod-TheFather":21,"Chemical X":26,"Toxic Egg 2":30,"testmod-ArcanaOfDestiny":57,"Replay:Bottled Steam":13,"testmod-TestBox":0,"NeowsBlessing":0,"Ring of Hypnosis":16,"JellyFishMachine":46,"ImprovedEquipment":36,"ShadowXiaoBlade":30,"Pen Nib":26,"Ring of Chaos":40,"conspire:SlowCooker":57,"PreservedInsect":57,"vexMod:FocusSash":26,"Peace Pipe":8,"vexMod:Cooldron":8,"DataDisk":40,"Anchor":40,"SynthV:TestCard":1,"Ornamental Fan":57,"MysterySword":21,"testmod-AssaultLearning":57,"Onion Ring":16,"Durian":2,"conspire:BottledYoYo":16,"Snack Pack":40,"Bag of Marbles":50,"MiniHakkero":58,"PureWater":0,"StrikeDummy":57,"testmod-OneHitWonder":13,"REME_ComplimentaryCards":0,"conspire:Flyswatter":8,"testmod-HeartOfDaVinci":13}]},"card_choices":[{"not_picked":["Replay:AtTheReady","EmptyBody"],"picked":"Protect","floor":1.0},{"not_picked":["Crescendo","PathToVictory","Halt","ClearTheMind"],"picked":"CutThroughFate","floor":3.0},{"not_picked":["Prostrate","FollowUp","Indignation","Collect","CarveReality"],"picked":"SKIP","floor":4.0},{"not_picked":["ClearTheMind","Replay:AtTheReady","ReachHeaven","Replay:DivineShield"],"picked":"Replay:LoomingThreat","floor":5.0},{"not_picked":["MostiFishMod:StarHerder","Collect","Evaluate","REME_Repentance"],"picked":"BowlingBash","floor":8},{"not_picked":["ClearTheMind","LikeWater","CrushJoints","Crescendo","WreathOfFlame"],"picked":"SKIP","floor":10},{"not_picked":["SpiritShield","Replay:LoomingThreat","MostiFishMod:StarOceanP","MostiFishMod:Moonprays"],"picked":"LessonLearned","floor":16},{"not_picked":["SashWhip","Collect","CutThroughFate","Replay:Vibes","Crescendo"],"picked":"SKIP","floor":18},{"not_picked":["PathToVictory","Conclude","ClearTheMind","CarveReality+1"],"picked":"Nirvana+1","floor":21},{"not_picked":["Replay:ManipulateFuture+1","WheelKick","EmptyBody+1","REME_Repentance+1"],"picked":"FlurryOfBlows","floor":24},{"not_picked":["Protect+1","SignatureMove","Replay:Vibes+1","WheelKick"],"picked":"Meditate+1","floor":28},{"not_picked":["FollowUp","PathToVictory+1","Wireheading","Meditate+1"],"picked":"CutThroughFate","floor":31},{"not_picked":["MostiFishMod:CyberBuddha+1","MasterReality","Replay:LoomingThreat","Judgement+1"],"picked":"MostiFishMod:Adaptation","floor":33},{"not_picked":["EmptyFist+1","REME_Repentance+1","Sanctity+1","ClearTheMind+1"],"picked":"FlurryOfBlows+1","floor":35},{"not_picked":["Pray+1","MostiFishMod:PathToVictory+1","FlyingSleeves+1","Replay:BluntJabs"],"picked":"WindmillStrike+1","floor":36},{"not_picked":["Perseverance+1","Replay:Vibes+1","Worship+1","PathToVictory+1"],"picked":"LikeWater","floor":39},{"not_picked":["Meditate+1","Collect+1","CrushJoints+1","Fasting2"],"picked":"CutThroughFate+1","floor":41},{"not_picked":["Consecrate","Halt+1","JustLucky+1","CrushJoints+1"],"picked":"WheelKick+1","floor":42},{"not_picked":["SashWhip+1","FearNoEvil","ThirdEye+1","MostiFishMod:LegendTransform+1"],"picked":"MostiFishMod:CyberBuddha+1","floor":48}],"player_experience":469361,"relics_obtained":[{"floor":1.0,"key":"SynthV:TestCard"},{"floor":3.0,"key":"Durian"},{"floor":8,"key":"testmod-OneHitWonder"},{"floor":8,"key":"testmod-HeartOfDaVinci"},{"floor":9,"key":"Replay:Bottled Steam"},{"floor":14,"key":"ReplayTheSpireMod:Ring of Exchange"},{"floor":14,"key":"Ring of Hypnosis"},{"floor":16,"key":"testmod-TheFather"},{"floor":26,"key":"ImprovedEquipment"},{"floor":28,"key":"Snack Pack"},{"floor":28,"key":"DataDisk"},{"floor":38,"key":"Bag of Marbles"},{"floor":42,"key":"testmod-AssaultLearning"},{"floor":42,"key":"StrikeDummy"},{"floor":43,"key":"Carrot"},{"floor":45,"key":"testmod-ArcanaOfDestiny"},{"floor":48,"key":"MiniHakkero"}],"event_choices":[{"damage_healed":0.0,"max_hp_gain":0.0,"max_hp_loss":0.0,"gold_gain":0.0,"event_name":"conspire:LoneGhost","player_choice":"Argue","floor":2.0,"gold_loss":0.0,"damage_taken":0.0},{"damage_healed":0,"gold_gain":0,"player_choice":"Entered Light","damage_taken":17,"max_hp_gain":0,"max_hp_loss":0,"event_name":"Shining Light","floor":11,"gold_loss":0,"cards_upgraded":["Strike_P","Ghostly"]},{"damage_healed":0,"gold_gain":0,"player_choice":"Got Potions","damage_taken":0,"max_hp_gain":0,"max_hp_loss":0,"event_name":"Lab","floor":20,"gold_loss":0},{"damage_healed":0,"gold_gain":400,"player_choice":"Sell","damage_taken":0,"max_hp_gain":0,"max_hp_loss":0,"event_name":"¶÷ÂåË¹µÄÅÌ×Ó","floor":37,"relics_lost":["REME_ComplimentaryCards"],"gold_loss":0},{"damage_healed":0,"gold_gain":0,"player_choice":"Max HP","damage_taken":0,"max_hp_gain":0,"max_hp_loss":8,"event_name":"Winding Halls","floor":44,"gold_loss":0}],"is_beta":false,"boss_relics":[{"not_picked":["testmod-TimeTraveler","MoonlightInvasionPlan"],"picked":"MysterySword"},{"not_picked":["energizedSpire:DeadBattery","Abe\u0027s Treasure"],"picked":"JellyFishMachine"}],"items_purged_floors":[7,13,19,22,30,46],"is_endless":false,"potions_floor_spawned":[1,5,16,21,24,31,33,35,42],"ascension_level":7}}