{"host":"cvgulky4xr711dtb","time":1610823765,"event":{"mods":["AchievementEnabler","BaseMod","Highlight Path","Minty Spire (QoL Compilation)"],"gold_per_floor":[111,111,186,63,75,75,75,75,75,96,50,66,90,134,134,260,260,255,255,280,61,61,61],"floor_reached":22,"language":"ENG","playtime":808,"items_purged":[],"score":184,"play_id":"bc121da7-cea3-40b8-9eb5-d6f1ef4994a5","local_time":"20210116190245","is_ascension_mode":false,"campfire_choices":[{"data":"Bloodletting","floor":6,"key":"SMITH"},{"floor":8,"key":"REST"},{"floor":15,"key":"REST"}],"circlet_count":0,"master_deck":["Strike_R","Strike_R+1","Strike_R","Strike_R+1","Strike_R","Defend_R","Defend_R","Defend_R","Defend_R","Bash","Entrench","Bloodletting+1","Pommel Strike","Flame Barrier","Thunderclap","Searing Blow","Barricade","Armaments+1","Impervious","Shrug It Off"],"relics":["Black Blood","NeowsBlessing","Golden Idol","Gambling Chip","Bag of Marbles"],"acts_visited":["Exordium","TheCity"],"potions_floor_usage":[14,14,16,16,22],"damage_taken":[{"damage":0,"enemies":"2 Louse","floor":1,"turns":1},{"damage":0,"enemies":"Jaw Worm","floor":5,"turns":1},{"damage":0,"enemies":"Small Slimes","floor":10,"turns":1},{"damage":15,"enemies":"Exordium Wildlife","floor":12,"turns":5},{"damage":12,"enemies":"Blue Slaver","floor":13,"turns":5},{"damage":19,"enemies":"Lagavulin","floor":14,"turns":5},{"damage":64,"enemies":"The Guardian","floor":16,"turns":10},{"damage":32,"enemies":"2 Thieves","floor":18,"turns":5},{"damage":12,"enemies":"3 Byrds","floor":20,"turns":5},{"damage":68,"enemies":"3 Cultists","floor":22,"turns":6}],"seed_played":"8039731335544647810","potions_obtained":[{"floor":1,"key":"SpeedPotion"},{"floor":5,"key":"AttackPotion"},{"floor":14,"key":"LiquidMemories"},{"floor":16,"key":"Swift Potion"},{"floor":20,"key":"BloodPotion"}],"is_trial":false,"path_per_floor":["M","?","?","$","M","R","?","R","T","M","$","M","M","E","R","B",null,"M","?","M","$","M"],"character_chosen":"IRONCLAD","items_purchased":["Entrench","PowerPotion","Pommel Strike","Impervious","Shrug It Off","Block Potion"],"campfire_rested":2,"item_purchase_floors":[4,4,11,21,21,21],"current_hp_per_floor":[80,64,53,53,59,59,39,63,63,69,69,60,54,41,65,7,80,60,60,60,60,0,0],"gold":61,"neow_bonus":"THREE_ENEMY_KILL","is_daily":false,"chose_seed":false,"campfire_upgraded":1,"win_rate":0.0,"timestamp":1610823765,"path_taken":["M","?","?","$","M","R","?","R","T","M","$","?","M","E","R","BOSS","M","?","M","$","M"],"items_purchased_type":["Card","Potion","Card","Card","Card","Potion"],"build_version":"2020-12-22","purchased_purges":0,"victory":false,"max_hp_per_floor":[80,80,80,80,80,80,80,80,80,80,80,80,80,80,80,80,80,80,80,80,80,80,80],"card_choices":[{"not_picked":["Spot Weakness","Clash","Reckless Charge"],"picked":"SKIP","floor":1},{"not_picked":["Dropkick","Shrug It Off"],"picked":"Bloodletting","floor":5},{"not_picked":["Intimidate","Clash","Thunderclap"],"picked":"SKIP","floor":10},{"not_picked":["Armaments","True Grit"],"picked":"Flame Barrier","floor":12},{"not_picked":["Ghostly Armor","Sever Soul"],"picked":"Thunderclap","floor":13},{"not_picked":["Sentinel","Brutality"],"picked":"Searing Blow","floor":14},{"not_picked":["Immolate","Bludgeon"],"picked":"Barricade","floor":16},{"not_picked":["Heavy Blade+1","Reckless Charge","Clash"],"picked":"SKIP","floor":18},{"not_picked":["Blood for Blood+1","Bloodletting"],"picked":"Armaments+1","floor":20}],"player_experience":190237,"relics_obtained":[{"floor":9,"key":"Gambling Chip"},{"floor":14,"key":"Bag of Marbles"}],"event_choices":[{"damage_healed":0,"gold_gain":0,"player_choice":"Entered Light","damage_taken":16,"max_hp_gain":0,"max_hp_loss":0,"event_name":"Shining Light","floor":2,"gold_loss":0,"cards_upgraded":["Strike_R","Strike_R"]},{"damage_healed":0,"gold_gain":75,"player_choice":"Gather Gold","damage_taken":11,"max_hp_gain":0,"max_hp_loss":0,"event_name":"World of Goop","floor":3,"gold_loss":0},{"damage_healed":0,"gold_gain":0,"player_choice":"Take Damage","damage_taken":20,"relics_obtained":["Golden Idol"],"max_hp_gain":0,"max_hp_loss":0,"event_name":"Golden Idol","floor":7,"gold_loss":0},{"damage_healed":0,"gold_gain":0,"player_choice":"Ignored","damage_taken":0,"max_hp_gain":0,"max_hp_loss":0,"event_name":"Vampires","floor":19,"gold_loss":0}],"is_beta":false,"boss_relics":[{"not_picked":["SlaversCollar","Velvet Choker"],"picked":"Black Blood"}],"items_purged_floors":[],"is_endless":false,"potions_floor_spawned":[1,5,14,16,20],"killed_by":"3 Cultists","ascension_level":0}}