{"host":"b7j598ve05halrwk","time":1610781515,"event":{"mods":["2.2 Compatiblity","BaseMod","Block Reminder","DeckTracker","Minty Spire (QoL Compilation)","Relic Stats","Slay the Relics Exporter","StSLib","ojb\u0027s Better Paths Mod","ojb\u0027s Info Mod"],"gold_per_floor":[362,379,379,379,17,17,45,45,45,71,89,109,109,137,137,213,213,189,189,459,85,85,85,143,187,187,227,261,273,355,396,396,499,499,518,88,88,129,129,160,160,382,382,419,451,466,16,35,35,60,60,60,60,23,23,23],"floor_reached":55,"language":"ENG","playtime":4650,"items_purged":["Injury"],"score":1991,"play_id":"7dd686de-a0d1-47f7-9353-fc1b3f414038","local_time":"20210116021835","is_ascension_mode":true,"campfire_choices":[{"data":"Doom and Gloom","floor":6.0,"key":"SMITH"},{"data":"Zap","floor":15.0,"key":"SMITH"},{"data":"HandOfGreed","floor":23.0,"key":"SMITH"},{"data":"Coolheaded","floor":32.0,"key":"SMITH"},{"data":"Coolheaded","floor":41.0,"key":"SMITH"},{"floor":49,"key":"RECALL"},{"data":"Panacea","floor":53,"key":"SMITH"}],"circlet_count":0,"master_deck":["AscendersBane","Defend_B+1","Defend_B+1","Defend_B+1","Defend_B+1","Zap+1","Dualcast+1","Self Repair","Doom and Gloom+1","Glacier","Coolheaded","Self Repair+1","Leap","Reinforced Body","Leap","Core Surge","HandOfGreed+1","Rainbow","Coolheaded+1","Coolheaded+1","Defragment+1","Loop+1","Aggregate+1","Biased Cognition+1","Auto Shields+1","Thunder Strike+1","Tempest+1","Coolheaded+1","Capacitor+1","Self Repair+1","Panacea+1","The Bomb","Static Discharge+1","Echo Form+1","Double Energy","Coolheaded+1","Master of Strategy","Force Field","Aggregate","Double Energy"],"relics":["Cracked Core","DataDisk","Juzu Bracelet","Strawberry","Frozen Egg 2","Ginger","Runic Dome","Happy Flower","Pantograph","Ornamental Fan","Red Mask","Astrolabe","Mango","Nunchaku","Torii","StoneCalendar","Orrery"],"acts_visited":["Exordium","TheCity","TheBeyond","TheEnding"],"potions_floor_usage":[],"damage_taken":[{"damage":9.0,"enemies":"Jaw Worm","floor":1.0,"turns":4.0},{"damage":6.0,"enemies":"2 Louse","floor":2.0,"turns":2.0},{"damage":4.0,"enemies":"3 Sentries","floor":7.0,"turns":6.0},{"damage":4.0,"enemies":"Lagavulin","floor":10.0,"turns":7.0},{"damage":0.0,"enemies":"Small Slimes","floor":11.0,"turns":4.0},{"damage":0.0,"enemies":"Blue Slaver","floor":12.0,"turns":6.0},{"damage":31.0,"enemies":"Gremlin Nob","floor":14.0,"turns":6.0},{"damage":47.0,"enemies":"Slime Boss","floor":16.0,"turns":8.0},{"damage":18.0,"enemies":"2 Thieves","floor":18.0,"turns":4.0},{"damage":28.0,"enemies":"Slavers","floor":24.0,"turns":8.0},{"damage":0.0,"enemies":"Chosen","floor":25.0,"turns":4.0},{"damage":0.0,"enemies":"Snecko","floor":27.0,"turns":4.0},{"damage":40.0,"enemies":"Gremlin Leader","floor":28.0,"turns":8.0},{"damage":14.0,"enemies":"Cultist and Chosen","floor":29.0,"turns":10.0},{"damage":23.0,"enemies":"Masked Bandits","floor":30.0,"turns":8.0},{"damage":3.0,"enemies":"Centurion and Healer","floor":31.0,"turns":20.0},{"damage":46.0,"enemies":"Champ","floor":33.0,"turns":20.0},{"damage":1.0,"enemies":"Orb Walker","floor":35.0,"turns":3.0},{"damage":16.0,"enemies":"3 Darklings","floor":38.0,"turns":9.0},{"damage":11.0,"enemies":"Reptomancer","floor":40.0,"turns":5.0},{"damage":20.0,"enemies":"Maw","floor":44.0,"turns":8.0},{"damage":35.0,"enemies":"Nemesis","floor":45.0,"turns":21.0},{"damage":34,"enemies":"Writhing Mass","floor":46,"turns":6},{"damage":1,"enemies":"3 Darklings","floor":48,"turns":7},{"damage":31,"enemies":"Awakened One","floor":50,"turns":26},{"damage":59,"enemies":"Time Eater","floor":51,"turns":50},{"damage":82,"enemies":"Shield and Spear","floor":55,"turns":3}],"seed_played":"9099575720532561916","potions_obtained":[{"floor":10.0,"key":"Ancient Potion"},{"floor":11.0,"key":"PotionOfCapacity"},{"floor":16.0,"key":"Swift Potion"},{"floor":18.0,"key":"DuplicationPotion"},{"floor":25.0,"key":"DuplicationPotion"},{"floor":27.0,"key":"BlessingOfTheForge"},{"floor":28.0,"key":"PowerPotion"},{"floor":31.0,"key":"Weak Potion"},{"floor":40.0,"key":"BlessingOfTheForge"}],"is_trial":false,"path_per_floor":["M","M","?","?","$","R","E","?","T","E","M","M","?","E","R","B",null,"M","?","?","$","?","R","E","M","T","M","E","M","?","M","R","B",null,"M","$","?","M","?","E","R","?","T","M","E","M","$","M","R","B","B",null,"R","$","E"],"character_chosen":"DEFECT","items_purchased":["Doom and Gloom","Glacier","DataDisk","Happy Flower","HandOfGreed","Capacitor+1","Mango","Orrery","Master of Strategy","Force Field","FocusPotion","Double Energy"],"campfire_rested":0,"item_purchase_floors":[5,5,5,21,21,36,36,47,47,47,47,54],"current_hp_per_floor":[55,49,28,28,28,28,31,31,38,41,58,75,75,61,61,31,66,65,65,38,38,38,38,27,44,44,51,28,48,42,56,56,49,71,70,84,84,85,75,87,87,87,87,87,79,72,72,87,87,87,48,77,77,77,0,0],"gold":23,"neow_bonus":"TWO_FIFTY_GOLD","is_daily":false,"chose_seed":false,"campfire_upgraded":6,"win_rate":0.0,"timestamp":1610781515,"path_taken":["M","M","?","?","$","R","E","?","T","E","M","M","?","E","R","BOSS","M","?","?","$","?","R","E","M","T","M","E","M","?","M","R","BOSS","M","$","?","M","?","E","R","?","T","M","E","M","$","M","R","BOSS","BOSS","R","$","E"],"items_purchased_type":["Card","Card","Relic","Relic","Card","Card","Relic","Relic","Card","Card","Potion","Card"],"build_version":"2020-12-22","purchased_purges":1,"victory":false,"max_hp_per_floor":[71,71,71,71,71,71,71,71,78,78,78,78,78,78,78,78,78,78,78,78,78,78,78,78,78,78,78,78,78,78,78,78,78,78,78,92,87,87,87,87,87,87,87,87,87,87,87,87,87,87,87,87,87,87,87,87],"relic_stats":{"Nunchaku":[3],"Happy Flower":[73],"Torii":24,"counters":[27,266],"Ornamental Fan":[4],"Pantograph":22,"Astrolabe":["Auto Shields","Thunder Strike","Tempest"],"StoneCalendar":[121],"Juzu Bracelet":1,"Ginger":[33],"obtain_stats":[{"Happy Flower":21,"Torii":43,"Astrolabe":34,"Mango":36,"StoneCalendar":45,"Juzu Bracelet":7,"Ginger":14,"Frozen Egg 2":10,"Runic Dome":17,"DataDisk":5,"Nunchaku":40,"Ornamental Fan":28,"Strawberry":9,"Pantograph":24,"Orrery":47,"Red Mask":30,"Cracked Core":0},{"Happy Flower":9,"Torii":20,"Astrolabe":17,"Mango":18,"StoneCalendar":22,"Juzu Bracelet":3,"Ginger":7,"Frozen Egg 2":4,"Runic Dome":8,"DataDisk":2,"Nunchaku":20,"Ornamental Fan":13,"Strawberry":3,"Pantograph":10,"Orrery":23,"Red Mask":15,"Cracked Core":0},{"Happy Flower":47,"Torii":146,"Astrolabe":129,"Mango":132,"StoneCalendar":175,"Juzu Bracelet":12,"Ginger":35,"Frozen Egg 2":19,"Runic Dome":43,"DataDisk":6,"Nunchaku":146,"Ornamental Fan":71,"Strawberry":12,"Pantograph":55,"Orrery":180,"Red Mask":89,"Cracked Core":0}]},"card_choices":[{"not_picked":["Gash","Reinforced Body"],"picked":"Scrape","floor":1.0},{"not_picked":["Capacitor","Leap"],"picked":"Self Repair","floor":2.0},{"not_picked":["All For One","Tempest"],"picked":"Coolheaded","floor":7.0},{"not_picked":["Steam","Conserve Battery"],"picked":"Self Repair+1","floor":10.0},{"not_picked":["Compile Driver","Lockon"],"picked":"Leap","floor":11.0},{"not_picked":["Go for the Eyes","Barrage"],"picked":"Reinforced Body","floor":12.0},{"not_picked":["Self Repair+1","Compile Driver"],"picked":"Fusion","floor":14.0},{"not_picked":["Rainbow","Reboot"],"picked":"Core Surge","floor":16.0},{"not_picked":["Go for the Eyes","Steam","Gash+1"],"picked":"SKIP","floor":18.0},{"not_picked":["Steam","Stack","Hyperbeam"],"picked":"SKIP","floor":24.0},{"not_picked":["Go for the Eyes","Stack","Tempest"],"picked":"SKIP","floor":25.0},{"not_picked":["Turbo","Stack"],"picked":"Coolheaded","floor":27.0},{"not_picked":["Conserve Battery","Turbo"],"picked":"Defragment+1","floor":28.0},{"not_picked":["BootSequence+1","Beam Cell"],"picked":"Loop+1","floor":29.0},{"not_picked":["Multi-Cast","Leap"],"picked":"Aggregate+1","floor":31.0},{"not_picked":["Reboot","Hyperbeam"],"picked":"Biased Cognition+1","floor":33.0},{"not_picked":["Hologram","Gash"],"picked":"Coolheaded+1","floor":35.0},{"not_picked":["Reinforced Body","FTL"],"picked":"Self Repair+1","floor":38.0},{"not_picked":["Chrysalis","Mayhem+1"],"picked":"Panacea","floor":39.0},{"not_picked":["PanicButton","Purity"],"picked":"The Bomb","floor":39.0},{"not_picked":["Go for the Eyes+1","Chaos","Auto Shields"],"picked":"SKIP","floor":40.0},{"not_picked":["Cold Snap","Hello World+1","Beam Cell+1"],"picked":"SKIP","floor":44.0},{"not_picked":["Thunder Strike","Go for the Eyes"],"picked":"Static Discharge+1","floor":45.0},{"not_picked":["Rebound","Rip and Tear","Stack"],"picked":"SKIP","floor":46},{"not_picked":["Static Discharge+1","Lockon"],"picked":"Echo Form+1","floor":47},{"not_picked":["Turbo","Rip and Tear"],"picked":"Double Energy","floor":47},{"not_picked":["Conserve Battery+1","Cold Snap"],"picked":"Coolheaded+1","floor":47},{"not_picked":["Go for the Eyes","Reinforced Body"],"picked":"Aggregate","floor":48}],"player_experience":983001,"relics_obtained":[{"floor":7.0,"key":"Juzu Bracelet"},{"floor":9.0,"key":"Strawberry"},{"floor":10.0,"key":"Frozen Egg 2"},{"floor":14.0,"key":"Ginger"},{"floor":24.0,"key":"Pantograph"},{"floor":28.0,"key":"Ornamental Fan"},{"floor":30.0,"key":"Red Mask"},{"floor":40.0,"key":"Nunchaku"},{"floor":43.0,"key":"Torii"},{"floor":45.0,"key":"StoneCalendar"}],"event_choices":[{"damage_healed":0.0,"max_hp_gain":0.0,"max_hp_loss":0.0,"gold_gain":0.0,"event_name":"Shining Light","player_choice":"Entered Light","floor":3.0,"gold_loss":0.0,"damage_taken":21.0,"cards_upgraded":["Defend_B","Dualcast"]},{"damage_healed":0.0,"max_hp_gain":0.0,"max_hp_loss":0.0,"gold_gain":0.0,"event_name":"Scrap Ooze","player_choice":"Fled","floor":4.0,"gold_loss":0.0,"damage_taken":0.0},{"damage_healed":0.0,"max_hp_gain":0.0,"max_hp_loss":0.0,"gold_gain":0.0,"event_name":"Dead Adventurer","player_choice":"Searched \u00270\u0027 times","floor":8.0,"gold_loss":0.0,"damage_taken":0.0},{"damage_healed":0.0,"max_hp_gain":0.0,"max_hp_loss":0.0,"gold_gain":0.0,"cards_transformed":["Strike_B"],"event_name":"Living Wall","player_choice":"Change","floor":13.0,"gold_loss":0.0,"damage_taken":0.0,"cards_obtained":["Leap"]},{"damage_healed":0.0,"max_hp_gain":0.0,"max_hp_loss":0.0,"gold_gain":0.0,"event_name":"Back to Basics","player_choice":"Simplicity","floor":19.0,"gold_loss":0.0,"damage_taken":0.0,"cards_upgraded":["Strike_B","Strike_B","Strike_B","Defend_B","Defend_B","Defend_B"]},{"damage_healed":0.0,"max_hp_gain":0.0,"max_hp_loss":0.0,"gold_gain":270.0,"event_name":"Knowing Skull","player_choice":"GOLD GOLD GOLD ","floor":20.0,"potions_obtained":[],"gold_loss":0.0,"damage_taken":27.0,"cards_obtained":[]},{"damage_healed":0.0,"max_hp_gain":0.0,"max_hp_loss":0.0,"gold_gain":0.0,"cards_transformed":["Scrape","Fusion"],"event_name":"Drug Dealer","player_choice":"Became Test Subject","floor":22.0,"gold_loss":0.0,"damage_taken":0.0,"cards_obtained":["Rainbow","Coolheaded"]},{"damage_healed":0.0,"max_hp_gain":0.0,"max_hp_loss":0.0,"gold_gain":0.0,"event_name":"Masked Bandits","player_choice":"Fought Bandits","floor":30.0,"gold_loss":0.0,"damage_taken":0.0},{"damage_healed":0.0,"max_hp_gain":0.0,"max_hp_loss":5.0,"gold_gain":0.0,"event_name":"Winding Halls","player_choice":"Max HP","floor":37.0,"gold_loss":0.0,"damage_taken":0.0},{"damage_healed":0.0,"max_hp_gain":0.0,"max_hp_loss":0.0,"gold_gain":0.0,"event_name":"SensoryStone","player_choice":"Memory 3","floor":39.0,"gold_loss":0.0,"damage_taken":10.0},{"damage_healed":0.0,"max_hp_gain":0.0,"max_hp_loss":0.0,"gold_gain":222.0,"event_name":"Tomb of Lord Red Mask","player_choice":"Wore Mask","floor":42.0,"gold_loss":0.0,"damage_taken":0.0}],"is_beta":false,"boss_relics":[{"not_picked":["Velvet Choker","Runic Pyramid"],"picked":"Runic Dome"},{"not_picked":["Busted Crown","Cursed Key"],"picked":"Astrolabe"}],"items_purged_floors":[5],"is_endless":false,"potions_floor_spawned":[10,11,16,18,25,27,28,31,38,40,44,48],"killed_by":"Shield and Spear","ascension_level":20}}