{"host":"9d9dhukr2jywmy0f","time":1610795469,"event":{"mods":["2.2 Compatiblity","Alarm Clock","BaseMod","Bestiary","Block Reminder","Colored Map","Colored Powertips","Curses Come First","DeckTracker","Highlight Path","Key Reminder","Minty Spire (QoL Compilation)","Quick Restart","Rare Cards Sparkle","Relic Sorter","Relic Stats","Spire Birthday Party","StSLib","SuperFastMode","Synergy Search","TestMod","Unceasing Turn Reminder","Unknown Chances"],"gold_per_floor":[16,16,34,57,57,57,96,96,96,96,117,135,61,77,77,77,77],"floor_reached":16,"language":"ZHS","playtime":522,"items_purged":[],"score":204,"play_id":"ceefbb03-b5f8-4973-b603-b30789369641","local_time":"20210116191109","is_ascension_mode":true,"campfire_choices":[{"data":"Neutralize","floor":6.0,"key":"SMITH"},{"data":"Deadly Poison","floor":8.0,"key":"SMITH"},{"floor":10.0,"key":"REST"},{"floor":15.0,"key":"REST"}],"circlet_count":0,"master_deck":["AscendersBane","Strike_G","Strike_G","Strike_G","Strike_G","Strike_G","Defend_G","Defend_G","Defend_G","Defend_G","Defend_G","Survivor","Neutralize+1","Escape Plan","Deadly Poison+1","Blur","Footwork"],"relics":["Ring of the Snake","testmod-TestBox","testmod-BouquetWithThorns","Golden Idol","Letter Opener","keyreminder:keyreminder","Singing Bowl"],"acts_visited":["Exordium"],"potions_floor_usage":[16],"damage_taken":[{"damage":4.0,"enemies":"Jaw Worm","floor":1.0,"turns":6.0},{"damage":8.0,"enemies":"2 Louse","floor":3.0,"turns":3.0},{"damage":1.0,"enemies":"Cultist","floor":4.0,"turns":4.0},{"damage":38.0,"enemies":"Lagavulin","floor":7.0,"turns":9.0},{"damage":9.0,"enemies":"Gremlin Gang","floor":11.0,"turns":3.0},{"damage":4.0,"enemies":"Blue Slaver","floor":12.0,"turns":4.0},{"damage":8.0,"enemies":"3 Louse","floor":14.0,"turns":2.0},{"damage":22,"enemies":"Slime Boss","floor":16,"turns":7}],"seed_played":"6200160214706570239","potions_obtained":[{"floor":3.0,"key":"GamblersBrew"},{"floor":4.0,"key":"PowerPotion"},{"floor":7.0,"key":"SkillPotion"}],"is_trial":false,"path_per_floor":["M","?","M","M","?","R","E","R","T","R","M","M","$","M","R","B"],"character_chosen":"THE_SILENT","items_purchased":["Footwork"],"campfire_rested":2,"item_purchase_floors":[13],"current_hp_per_floor":[55,55,47,46,46,46,8,8,8,26,19,17,17,11,30,8,8],"gold":77,"neow_bonus":"ONE_RARE_RELIC","is_daily":false,"chose_seed":false,"campfire_upgraded":2,"win_rate":0.0,"timestamp":1610795469,"path_taken":["M","?","M","M","?","R","E","R","T","R","?","M","$","M","R","BOSS"],"items_purchased_type":["Card"],"build_version":"2020-11-30","purchased_purges":0,"victory":false,"max_hp_per_floor":[66,60,60,60,60,60,60,60,60,60,62,64,64,66,66,66,66],"relic_stats":{"Singing Bowl":6,"counters":[8,38],"Golden Idol":28,"Letter Opener":[75],"obtain_stats":[{"keyreminder:keyreminder":7,"testmod-TestBox":0,"Singing Bowl":9,"Golden Idol":2,"Letter Opener":7,"testmod-BouquetWithThorns":0,"Ring of the Snake":0},{"keyreminder:keyreminder":4,"testmod-TestBox":0,"Singing Bowl":4,"Golden Idol":1,"Letter Opener":4,"testmod-BouquetWithThorns":0,"Ring of the Snake":0},{"keyreminder:keyreminder":22,"testmod-TestBox":0,"Singing Bowl":22,"Golden Idol":6,"Letter Opener":22,"testmod-BouquetWithThorns":0,"Ring of the Snake":0}],"Ring of the Snake":[16]},"card_choices":[{"not_picked":["Slice","Underhanded Strike","Prepared"],"picked":"SKIP","floor":1.0},{"not_picked":["Backflip","All Out Attack"],"picked":"Escape Plan","floor":3.0},{"not_picked":["Leg Sweep","Dagger Spray"],"picked":"Deadly Poison","floor":4.0},{"not_picked":["Infinite Blades","Deflect"],"picked":"Blur","floor":7.0},{"not_picked":["Flying Knee","All Out Attack","Deflect"],"picked":"Singing Bowl","floor":11.0},{"not_picked":["Tools of the Trade","Quick Slash","Dash"],"picked":"Singing Bowl","floor":12.0},{"not_picked":["Quick Slash","Predator","Prepared"],"picked":"Singing Bowl","floor":14.0}],"player_experience":826065,"relics_obtained":[{"floor":7.0,"key":"Letter Opener"},{"floor":9.0,"key":"Singing Bowl"}],"event_choices":[{"damage_healed":0.0,"max_hp_gain":0.0,"max_hp_loss":6.0,"gold_gain":0.0,"event_name":"Golden Idol","player_choice":"Lose Max HP","floor":2.0,"gold_loss":0.0,"damage_taken":0.0,"relics_obtained":["Golden Idol"]},{"damage_healed":0.0,"max_hp_gain":0.0,"max_hp_loss":0.0,"gold_gain":0.0,"event_name":"Liars Game","player_choice":"Ignored","floor":5.0,"gold_loss":0.0,"damage_taken":0.0}],"is_beta":false,"boss_relics":[],"items_purged_floors":[],"is_endless":false,"potions_floor_spawned":[3,4,7],"killed_by":"Slime Boss","ascension_level":20}}