{"host":"byo4257mpp7krjml","time":1610817418,"event":{"mods":["BaseMod","Beaked The Cultist","Colored Map","Dio Mod","Googly Eyes","Hermit","Infinite Spire","Mad Scientist","Minty Spire (QoL Compilation)","Replay The Spire","StSLib","The Hayseed","The IronCluck","The Mystic"],"gold_per_floor":[111,131,29,29,40,40,73,73,73,88,88,100,52,83,83,180,180,90,109,109,109],"floor_reached":20,"language":"ENG","playtime":2531,"items_purged":[],"score":184,"play_id":"03d6215f-0ffe-4826-a803-9bce407e0c7b","local_time":"20210116121658","is_ascension_mode":false,"campfire_choices":[{"data":"mysticmod:PreparedCaster","floor":6,"key":"SMITH"},{"data":"mysticmod:Natural20","floor":8,"key":"SMITH"},{"data":"mysticmod:LightningBolt","floor":11,"key":"SMITH"},{"floor":15,"key":"REST"}],"circlet_count":0,"master_deck":["mysticmod:Strike_Mystic","mysticmod:Strike_Mystic","mysticmod:Strike_Mystic","mysticmod:Defend_Mystic","mysticmod:Defend_Mystic","mysticmod:Defend_Mystic","mysticmod:Defend_Mystic","mysticmod:ArcaneDodge","mysticmod:ShockingGrasp","mysticmod:PreparedCaster+1","mysticmod:PowerSlash","mysticmod:LightningBolt+1","mysticmod:RapidCaster","mysticmod:Snowball","mysticmod:Natural20+1","mysticmod:PowerSlash","mysticmod:Feint","mysticmod:Discipline","mysticmod:Alacrity","mysticmod:SpontaneousCaster","mysticmod:ComponentsPouch","mysticmod:Disengage"],"relics":["mysticmod:SpellBook","CaptainsWheel","Shuriken","Replay:Wax Seal","Replay:Mystery Machine","Replay:Grab Bag","infinitespire:Cupcake","Coffee Dripper","SlaversCollar"],"acts_visited":["Exordium","TheCity"],"potions_floor_usage":[],"damage_taken":[{"damage":9,"enemies":"Cultist","floor":1,"turns":4},{"damage":2,"enemies":"Jaw Worm","floor":2,"turns":3},{"damage":3,"enemies":"2 Louse","floor":5,"turns":3},{"damage":34,"enemies":"3 Sentries","floor":7,"turns":9},{"damage":0,"enemies":"Lots of Slimes","floor":10,"turns":1},{"damage":0,"enemies":"Gremlin Gang","floor":12,"turns":1},{"damage":27,"enemies":"Lagavulin","floor":14,"turns":7},{"damage":16,"enemies":"Hexaghost","floor":16,"turns":9},{"damage":29,"enemies":"2 Thieves","floor":18,"turns":3},{"damage":21,"enemies":"Shell Parasite","floor":19,"turns":7},{"damage":40,"enemies":"Centurion and Healer","floor":20,"turns":10}],"seed_played":"5579979664620665564","potions_obtained":[{"floor":1,"key":"Strength Potion"},{"floor":2,"key":"Ancient Potion"},{"floor":5,"key":"Swift Potion"},{"floor":12,"key":"PowerPotion"}],"is_trial":false,"path_per_floor":["M","M","$","?","M","R","E","R","T","M","R","M","$","E","R","B",null,"M","M","M"],"character_chosen":"MYSTIC_CLASS","items_purchased":["mysticmod:LightningBolt","mysticmod:RapidCaster","Replay:Wax Seal","mysticmod:Discipline"],"campfire_rested":1,"item_purchase_floors":[3,3,13,13],"current_hp_per_floor":[75,73,73,66,63,63,29,29,29,29,29,29,29,2,27,11,84,55,34,0,0],"gold":109,"neow_bonus":"TEN_PERCENT_HP_BONUS","is_daily":false,"chose_seed":false,"campfire_upgraded":3,"win_rate":0.0,"timestamp":1610817418,"path_taken":["M","?","$","?","M","R","E","R","T","M","R","M","$","E","R","BOSS","M","M","M"],"items_purchased_type":["Card","Card","Relic","Card"],"build_version":"2020-12-22","purchased_purges":0,"victory":false,"max_hp_per_floor":[84,84,84,84,84,84,84,84,84,84,84,84,84,84,84,84,84,84,84,84,84],"card_choices":[{"not_picked":["mysticmod:FiveFootStep","mysticmod:SpellCombat"],"picked":"mysticmod:PreparedCaster","floor":1},{"not_picked":["mysticmod:Probe","mysticmod:EarthenWall"],"picked":"mysticmod:PowerSlash","floor":2},{"not_picked":["mysticmod:VorpalThrust","mysticmod:TomeOfSpells"],"picked":"mysticmod:Snowball","floor":5},{"not_picked":["mysticmod:Flurry","mysticmod:Riposte"],"picked":"mysticmod:Natural20","floor":7},{"not_picked":["mysticmod:Snowball","mysticmod:VorpalThrust"],"picked":"mysticmod:PowerSlash","floor":10},{"not_picked":["mysticmod:IllusionOfCalm","mysticmod:BulkUp"],"picked":"mysticmod:Feint","floor":12},{"not_picked":["mysticmod:Dedication","mysticmod:ObscuringMist"],"picked":"mysticmod:Alacrity","floor":14},{"not_picked":["mysticmod:SpellRecall","mysticmod:ObscuringMist"],"picked":"mysticmod:SpontaneousCaster","floor":16},{"not_picked":["mysticmod:Sideswipe","mysticmod:MightyMagic"],"picked":"mysticmod:ComponentsPouch","floor":18},{"not_picked":["mysticmod:LightningBolt+1","mysticmod:TomeOfSpells"],"picked":"mysticmod:Disengage","floor":19}],"player_experience":106210,"relics_obtained":[{"floor":7,"key":"CaptainsWheel"},{"floor":9,"key":"Shuriken"},{"floor":14,"key":"Replay:Mystery Machine"}],"event_choices":[{"cards_removed":["mysticmod:Strike_Mystic"],"damage_healed":0,"gold_gain":0,"player_choice":"Card Removal","damage_taken":7,"max_hp_gain":0,"max_hp_loss":0,"event_name":"Golden Wing","floor":4,"gold_loss":0}],"is_beta":false,"boss_relics":[{"not_picked":["SacredBark","Calling Bell"],"picked":"Replay:Grab Bag"},{"not_picked":["Philosopher\u0027s Stone","Velvet Choker"],"picked":"infinitespire:Cupcake"},{"not_picked":["Replay:Wanted Poster","ReplayTheSpireMod:DimensionalGlitch"],"picked":"Coffee Dripper"},{"not_picked":["ReplayTheSpireMod:SealedPack","Snecko Eye"],"picked":"SlaversCollar"}],"items_purged_floors":[],"is_endless":false,"potions_floor_spawned":[1,2,5,12,14],"killed_by":"Centurion and Healer","ascension_level":0}}