{"host":"t6r1isv2bex5ovch","time":1610766341,"event":{"mods":["AchievementEnabler","Act Like it!","Aspiration","BaseMod","Better Altar","Better Note","Better Sensory Stone","Better Skull","Better Third Choice","Better Vampires","Colored Powertips","Displayed Cursed Tome","Minty Spire (QoL Compilation)","StSLib","The Bug Knight","The Jungle"],"gold_per_floor":[110,130,130,147,122,147,165,192,204,250,262,274,274],"floor_reached":12,"language":"ENG","playtime":864,"items_purged":[],"score":133,"play_id":"e485f38a-a13a-4e7a-8a9c-cdf05d76734c","local_time":"20210116130541","is_ascension_mode":true,"campfire_choices":[],"circlet_count":0,"master_deck":["HollowMod:NailStrikeStart","HollowMod:NailStrikeStart","HollowMod:NailStrikeStart","HollowMod:NailStrikeStart","HollowMod:QuickDashStart","HollowMod:QuickDashStart","HollowMod:PogoStrike","HollowMod:GreatSlash","Crippling Poison","Phantasmal Killer","HollowMod:CycloneSlash","HollowMod:FallenFury","HollowMod:MantisMark","HollowMod:MawleksShell"],"relics":["HollowMod:VesselMask","betterThird:SlimedRelic","Pear","MawBank","Eternal Feather"],"acts_visited":["Exordium"],"potions_floor_usage":[8,8,12],"damage_taken":[{"damage":8,"enemies":"Jaw Worm","floor":1,"turns":4},{"damage":0,"enemies":"2 Louse","floor":2,"turns":2},{"damage":5,"enemies":"Small Slimes","floor":4,"turns":3},{"damage":21,"enemies":"3 Sentries","floor":6,"turns":6},{"damage":12,"enemies":"Gremlin Gang","floor":7,"turns":3},{"damage":16,"enemies":"Gremlin Nob","floor":8,"turns":4},{"damage":13,"enemies":"3 Sentries","floor":10,"turns":3},{"damage":15,"enemies":"Lagavulin","floor":12,"turns":2}],"seed_played":"5770690044956655201","potions_obtained":[{"floor":1,"key":"CultistPotion"},{"floor":6,"key":"LiquidBronze"},{"floor":10,"key":"Fire Potion"}],"is_trial":false,"path_per_floor":["M","M","?","M","?","E","M","E","T","E","?","E"],"character_chosen":"THE_BUGKNIGHT","items_purchased":[],"campfire_rested":0,"item_purchase_floors":[],"current_hp_per_floor":[80,82,82,77,66,55,43,27,27,14,14,0,0],"gold":274,"neow_bonus":"TEN_PERCENT_HP_BONUS","is_daily":false,"chose_seed":false,"campfire_upgraded":0,"win_rate":0.0,"timestamp":1610766341,"path_taken":["M","M","?","M","?","E","M","E","T","E","?","E"],"items_purchased_type":[],"build_version":"2020-12-22","purchased_purges":0,"victory":false,"max_hp_per_floor":[82,82,82,82,82,92,92,92,92,92,92,92,92],"card_choices":[{"not_picked":["HollowMod:SharpenedNail","HollowMod:SiblingsSouls","HollowMod:InfectedAttack"],"picked":"SKIP","floor":1},{"not_picked":["HollowMod:NewGlowingWomb","HollowMod:CornifersMapStart"],"picked":"HollowMod:GreatSlash","floor":2},{"not_picked":["HollowMod:PureNailStrike","HollowMod:LifebloodCocoon","HollowMod:SoulShaman"],"picked":"SKIP","floor":4},{"not_picked":["HollowMod:CornifersMapStart","HollowMod:TaintedHusks","HollowMod:AbyssShriek"],"picked":"SKIP","floor":6},{"not_picked":["HollowMod:NewJinnsSoul","HollowMod:MothsMistake"],"picked":"HollowMod:CycloneSlash","floor":7},{"not_picked":["HollowMod:HeavyBlow","HollowMod:theNailsmith"],"picked":"HollowMod:FallenFury","floor":8},{"not_picked":["HollowMod:WraithStrike","HollowMod:ShapeofUnn"],"picked":"HollowMod:MantisMark","floor":10}],"player_experience":418102,"relics_obtained":[{"floor":6,"key":"Pear"},{"floor":8,"key":"MawBank"},{"floor":10,"key":"Eternal Feather"}],"event_choices":[{"damage_healed":0,"gold_gain":0,"player_choice":"Slimed","damage_taken":11,"max_hp_gain":0,"max_hp_loss":0,"event_name":"betterThird:BetterGoop","floor":5,"gold_loss":25},{"damage_healed":0,"gold_gain":0,"cards_transformed":["Corpse Explosion"],"player_choice":"Transformed","damage_taken":0,"max_hp_gain":0,"max_hp_loss":0,"event_name":"Transmorgrifier","floor":11,"gold_loss":0,"cards_obtained":["HollowMod:MawleksShell"]}],"is_beta":false,"boss_relics":[],"items_purged_floors":[],"is_endless":false,"potions_floor_spawned":[1,6,10],"killed_by":"Lagavulin","ascension_level":2}}