{"host":"cjhtzh7tp54jdfyv","time":1610806000,"event":{"mods":["AchievementEnabler","BaseMod","Colored Map","Colored Powertips","Curses Come First","DeckTracker","Filter the Spire","Minty Spire (QoL Compilation)","RNG Fix","Relic Sorter","Relic Stats","StSLib","UnlockEverythingMod","ojb\u0027s Better Paths Mod","ojb\u0027s Info Mod"],"gold_per_floor":[114,132,147,167,92,92,124,139,139,139,214,237,271,289,289,289,289],"floor_reached":16,"language":"ENG","playtime":1138,"items_purged":[],"score":224,"play_id":"bc9cddda-b3c5-4d90-abd7-45fc301bbc24","local_time":"20210116090640","is_ascension_mode":true,"campfire_choices":[{"data":"Choke","floor":6.0,"key":"SMITH"},{"data":"Venomology","floor":10.0,"key":"SMITH"},{"data":"Bouncing Flask","floor":15.0,"key":"SMITH"}],"circlet_count":0,"master_deck":["AscendersBane","Strike_G","Strike_G","Strike_G","Strike_G","Strike_G","Defend_G","Defend_G","Defend_G","Defend_G","Survivor","Neutralize","Dagger Throw","Choke+1","Slice","Venomology+1","Slice","Acrobatics","Bouncing Flask+1"],"relics":["Ring of the Snake","Ice Cream","Orichalcum","Bag of Preparation","Toy Ornithopter"],"acts_visited":["Exordium"],"potions_floor_usage":[16,16],"damage_taken":[{"damage":1.0,"enemies":"2 Louse","floor":1.0,"turns":3.0},{"damage":0.0,"enemies":"Jaw Worm","floor":2.0,"turns":3.0},{"damage":0.0,"enemies":"Small Slimes","floor":3.0,"turns":4.0},{"damage":5.0,"enemies":"2 Fungi Beasts","floor":4.0,"turns":4.0},{"damage":25.0,"enemies":"3 Sentries","floor":7.0,"turns":8.0},{"damage":0.0,"enemies":"Blue Slaver","floor":8.0,"turns":2.0},{"damage":7.0,"enemies":"Lagavulin","floor":13.0,"turns":8.0},{"damage":1.0,"enemies":"3 Louse","floor":14.0,"turns":3.0},{"damage":19,"enemies":"Slime Boss","floor":16,"turns":6}],"seed_played":"1588796469345651302","potions_obtained":[{"floor":1.0,"key":"SteroidPotion"},{"floor":4.0,"key":"DuplicationPotion"},{"floor":7.0,"key":"CunningPotion"}],"is_trial":false,"path_per_floor":["M","M","M","M","?","R","E","M","T","R","?","T","E","M","R","B"],"character_chosen":"THE_SILENT","items_purchased":[],"campfire_rested":0,"item_purchase_floors":[],"current_hp_per_floor":[58,58,58,53,53,53,28,28,28,28,17,17,10,9,9,0,0],"gold":289,"neow_bonus":"ONE_RARE_RELIC","is_daily":false,"chose_seed":false,"campfire_upgraded":3,"win_rate":0.0,"timestamp":1610806000,"path_taken":["M","M","M","M","?","R","E","M","T","R","?","?","E","?","R","BOSS"],"items_purchased_type":[],"build_version":"2020-12-22","purchased_purges":0,"victory":false,"max_hp_per_floor":[60,60,60,60,60,60,60,60,60,60,60,60,60,60,60,60,60],"relic_stats":{"counters":[9,41],"Bag of Preparation":[6],"Orichalcum":[66],"obtain_stats":[{"Ice Cream":0,"Bag of Preparation":12,"Orichalcum":7,"Toy Ornithopter":13,"Ring of the Snake":0},{"Ice Cream":0,"Bag of Preparation":6,"Orichalcum":5,"Toy Ornithopter":7,"Ring of the Snake":0},{"Ice Cream":0,"Bag of Preparation":24,"Orichalcum":22,"Toy Ornithopter":32,"Ring of the Snake":0}],"Toy Ornithopter":10,"Ring of the Snake":[18]},"card_choices":[{"not_picked":["Flying Knee","Quick Slash"],"picked":"Dagger Throw","floor":1.0},{"not_picked":["Flying Knee","Expertise"],"picked":"Choke","floor":2.0},{"not_picked":["Outmaneuver","Quick Slash"],"picked":"Slice","floor":3.0},{"not_picked":["Expertise","Heel Hook","PiercingWail"],"picked":"SKIP","floor":4.0},{"not_picked":["Deadly Poison","Underhanded Strike"],"picked":"Venomology","floor":7.0},{"not_picked":["Dagger Spray","Poisoned Stab"],"picked":"Slice","floor":8.0},{"not_picked":["Masterful Stab","Prepared"],"picked":"Acrobatics","floor":13.0},{"not_picked":["Acrobatics","All Out Attack"],"picked":"Bouncing Flask","floor":14.0}],"player_experience":4376286,"relics_obtained":[{"floor":7.0,"key":"Orichalcum"},{"floor":12.0,"key":"Bag of Preparation"},{"floor":13.0,"key":"Toy Ornithopter"}],"event_choices":[{"cards_removed":["Defend_G"],"damage_healed":0.0,"max_hp_gain":0.0,"max_hp_loss":0.0,"gold_gain":0.0,"event_name":"The Cleric","player_choice":"Card Removal","floor":5.0,"gold_loss":75.0,"damage_taken":0.0},{"damage_healed":0.0,"max_hp_gain":0.0,"max_hp_loss":0.0,"gold_gain":75.0,"event_name":"World of Goop","player_choice":"Gather Gold","floor":11.0,"gold_loss":0.0,"damage_taken":11.0}],"is_beta":false,"boss_relics":[],"items_purged_floors":[],"is_endless":false,"potions_floor_spawned":[1,4,7],"killed_by":"Slime Boss","ascension_level":20}}