{"host":"wonp23fsqqcu31ie","time":1610789431,"event":{"mods":["2.2 Compatiblity","AchievementEnabler","Aspiration","BaseMod","Bestiary","Better Altar","Better Match","Better Sensory Stone","Better Skull","Better Third Choice","BetterRewards","Block Reminder","Colored Map","Colored Powertips","Conspire","Curses Come First","DeckTracker","Displayed Cursed Tome","Downfall","Energized Spire","Evolution","Hermit","Highlight Path","Hubris","Infinite Spire","Marisa????????","Minty Spire (QoL Compilation)","Permanent Neow","Prisma Mod","Quick Restart","Rare Cards Sparkle","Relic Stats","Robot Space Explorer","Shade Mod","Shop Mod","StSLib","SuperFastMode","The Animator","The Bug Knight","The Construct","The Cursed","The Disciple","The Dragon Tamer","The Gatherer","The Hierophant","The Marked","The Necromancer","The Poker Player","The Runesmith","The Saiyan","The Servant 0.9.4","TheBandit"],"gold_per_floor":[115,129,146,162,162,189,189,264,264,280,292,33,33,49,49,146,146,159,13,28,42,42,42,42,42],"floor_reached":23,"language":"ENG","playtime":597,"items_purged":[],"score":364,"play_id":"385812b5-5395-4ec2-b32c-95d9f902b27e","local_time":"20210116203031","is_ascension_mode":true,"metric_token":3346,"campfire_choices":[{"floor":15,"key":"REST"}],"circlet_count":0,"master_deck":["PokerPlayerMod:Diamond1","PokerPlayerMod:Diamond2","PokerPlayerMod:Diamond3","PokerPlayerMod:Diamond4","PokerPlayerMod:Diamond5","PokerPlayerMod:Spade1","PokerPlayerMod:Spade2","PokerPlayerMod:Spade3","PokerPlayerMod:Spade4","PokerPlayerMod:Club1","PokerPlayerMod:Club2","PokerPlayerMod:Heart2","PokerPlayerMod:DartThrow","PokerPlayerMod:BadJoker","PokerPlayerMod:Mulligan","PokerPlayerMod:Sharpen","PokerPlayerMod:Club8","PokerPlayerMod:DartThrow","PokerPlayerMod:ChangeRules","PokerPlayerMod:Diamond4","PokerPlayerMod:Trickery","PokerPlayerMod:Diamond4","PokerPlayerMod:Diamond6","PokerPlayerMod:Diamond4","PokerPlayerMod:WildCard","PokerPlayerMod:SpadeStrike"],"relics":["PokerPlayerMod:DeckCase","EVO:Axolotl","hubris:FunFungus","infinitespire:Beetle Shell","HollowMod:QueensCombRelic","hubris:Reverence","Busted Crown","Membership Card","hubris:Icosahedron"],"acts_visited":["Exordium","TheCity"],"potions_floor_usage":[10,16,21],"damage_taken":[{"damage":3,"enemies":"conspire:RoseBush","floor":1,"turns":2},{"damage":0,"enemies":"Small Slimes","floor":2,"turns":1},{"damage":0,"enemies":"Jaw Worm","floor":3,"turns":2},{"damage":16,"enemies":"Looter","floor":4,"turns":3},{"damage":20,"enemies":"Gremlin Nob","floor":6,"turns":4},{"damage":8,"enemies":"Exordium Wildlife","floor":10,"turns":2},{"damage":27,"enemies":"Exordium Thugs","floor":11,"turns":4},{"damage":8,"enemies":"Large Slime","floor":14,"turns":3},{"damage":19,"enemies":"The Guardian","floor":16,"turns":7},{"damage":11,"enemies":"3 Byrds","floor":18,"turns":4},{"damage":13,"enemies":"2 Thieves","floor":20,"turns":4},{"damage":27,"enemies":"Centurion and Healer","floor":21,"turns":6},{"damage":31,"enemies":"Book of Stabbing","floor":23,"turns":3}],"seed_played":"7593463547546855493","potions_obtained":[{"floor":3,"key":"Explosive Potion"},{"floor":4,"key":"Energy Potion"},{"floor":10,"key":"champ:CounterPotion"},{"floor":11,"key":"sneckomod:MuddlingPotion"},{"floor":16,"key":"SkillPotion"},{"floor":21,"key":"AttackPotion"}],"is_trial":false,"path_per_floor":["M","M","M","M","?","E","?","?","T","M","M","$","$","M","R","B",null,"M","$","M","M","?","E"],"character_chosen":"THE_POKER_PLAYER","items_purchased":["hubris:FunFungus","PokerPlayerMod:Sharpen","hubris:Reverence","Membership Card"],"campfire_rested":1,"item_purchase_floors":[0,0,12,19],"current_hp_per_floor":[41,41,42,32,32,20,20,20,20,21,5,5,5,7,17,18,34,27,27,22,21,21,0,0,0],"gold":42,"neow_bonus":"","is_daily":false,"chose_seed":false,"campfire_upgraded":0,"win_rate":0.0,"timestamp":1610789431,"path_taken":["M","?","M","M","?","E","?","?","T","?","M","?","$","?","R","BOSS","M","?","?","M","?","E"],"items_purchased_type":["Relic","Card","Relic","Relic"],"build_version":"2020-12-22","purchased_purges":0,"victory":false,"max_hp_per_floor":[52,52,52,52,52,52,52,52,34,34,34,34,34,34,34,34,34,34,34,34,34,34,34,34,34],"relic_stats":{"Busted Crown":10,"counters":[75,320],"obtain_stats":[{"Calipers":10,"Tiny House":17,"Nilry\u0027s Codex":22,"CeramicFish":26,"infinitespire:Cubic Diamond":2,"EVO:Axolotl":0,"Ginger":19,"Boot":0,"Sling":36,"PrismaMod:PrismaRuby":2,"Lizard Tail":25,"HollowMod:PaleOreRelic":6,"Replay:Wax Seal":53,"conspire:Dentures":0,"MerchantsRug":25,"Girya":0,"HollowMod:QueensCombRelic":9,"hubris:DuctTape":6,"Happy Flower":6,"aspiration:Nostalgia":0,"ReplayTheSpireMod:CursedCoin":14,"Blue Candle":24,"ReplayTheSpireMod:Ring of Addiction":42,"Pen Nib":27,"infinitespire:Beetle Shell":6,"Guardian:PocketSentry":9,"Replay:Ancient Bell":34,"aspiration:SeaSaltIceCream":19,"aspiration:FrozenJewel":25,"Replay:Baseball":34,"ReplayTheSpireMod:Shallot":54,"Bronze Scales":14,"ReplayTheSpireMod:Ring of Collecting":42,"CultistMask":3,"ReplayTheSpireMod:TigerMarble":18,"Black Star":17,"CatCart":45,"Mirror":34,"StrikeDummy":12,"Abe\u0027s Treasure":17,"conspire:Flyswatter":19,"hubris:Reverence":12,"aspiration:Lifesprig":14,"Regal Pillow":5,"Blue Doll":23,"Juzu Bracelet":8,"hubris:EmptyBottle":42,"Cursed Key":17,"Smiling Mask":20,"ClockworkSouvenir":53,"PokerPlayerMod:DeckCase":0,"m_ScarletBlood":0,"Replay:Bandana":22,"Nunchaku":0,"hubris:Icosahedron":19,"Ring of Peace":43,"hubris:CuriousFeather":9,"hubris:FunFungus":0,"Red Mask":21,"Chemical X":0,"Ring of Panic":44,"aspiration:ChemicalBlood":43,"hubris:64BitClover":0,"Guide Book":7,"Thread and Needle":0,"hubris:MedicalManual":2,"aspiration:HummingbirdHeart":31,"infinitespire:CheckeredPen":26,"hubris:Towel":13,"White Beast Statue":42,"PokerPlayerMod:BottledPoker":25,"Pondfish Scales":11,"Busted Crown":17,"PokerPlayerMod:ClubPass":26,"Bottled Lightning":11,"Membership Card":21,"Runesmith:AutoHammer":53,"hexamod:BolsterEngine":44,"Toy Ornithopter":0,"hubris:Potato":34,"TungstenRod":40,"ReplayTheSpireMod:ShopPack":25},{"Calipers":17,"Tiny House":21,"Nilry\u0027s Codex":61,"CeramicFish":9,"infinitespire:Cubic Diamond":53,"EVO:Axolotl":0,"Ginger":36,"Boot":27,"Sling":43,"PrismaMod:PrismaRuby":53,"Lizard Tail":26,"HollowMod:PaleOreRelic":15,"Replay:Wax Seal":50,"conspire:Dentures":52,"MerchantsRug":26,"Girya":52,"HollowMod:QueensCombRelic":67,"hubris:DuctTape":4,"Happy Flower":31,"aspiration:Nostalgia":0,"ReplayTheSpireMod:CursedCoin":5,"Blue Candle":9,"ReplayTheSpireMod:Ring of Addiction":47,"Pen Nib":9,"infinitespire:Beetle Shell":67,"Guardian:PocketSentry":4,"Replay:Ancient Bell":42,"aspiration:SeaSaltIceCream":36,"aspiration:FrozenJewel":26,"Replay:Baseball":42,"ReplayTheSpireMod:Shallot":51,"Bronze Scales":5,"ReplayTheSpireMod:Ring of Collecting":47,"CultistMask":53,"ReplayTheSpireMod:TigerMarble":22,"Black Star":58,"CatCart":48,"Mirror":42,"StrikeDummy":57,"Abe\u0027s Treasure":35,"conspire:Flyswatter":59,"hubris:Reverence":69,"aspiration:Lifesprig":5,"Regal Pillow":30,"Blue Doll":26,"Juzu Bracelet":4,"hubris:EmptyBottle":47,"Cursed Key":6,"Smiling Mask":23,"ClockworkSouvenir":50,"PokerPlayerMod:DeckCase":0,"m_ScarletBlood":0,"Replay:Bandana":8,"Nunchaku":52,"hubris:Icosahedron":7,"Ring of Peace":47,"hubris:CuriousFeather":55,"hubris:FunFungus":62,"Red Mask":61,"Chemical X":52,"Ring of Panic":47,"aspiration:ChemicalBlood":47,"hubris:64BitClover":12,"Guide Book":31,"Thread and Needle":52,"hubris:MedicalManual":1,"aspiration:HummingbirdHeart":41,"infinitespire:CheckeredPen":38,"hubris:Towel":33,"White Beast Statue":47,"PokerPlayerMod:BottledPoker":38,"Pondfish Scales":18,"Busted Crown":71,"PokerPlayerMod:ClubPass":26,"Bottled Lightning":32,"Membership Card":37,"Runesmith:AutoHammer":50,"hexamod:BolsterEngine":47,"Toy Ornithopter":27,"hubris:Potato":42,"TungstenRod":47,"ReplayTheSpireMod:ShopPack":38},{"Calipers":61,"Tiny House":80,"Nilry\u0027s Codex":272,"CeramicFish":32,"infinitespire:Cubic Diamond":221,"EVO:Axolotl":0,"Ginger":139,"Boot":107,"Sling":169,"PrismaMod:PrismaRuby":221,"Lizard Tail":98,"HollowMod:PaleOreRelic":51,"Replay:Wax Seal":203,"conspire:Dentures":218,"MerchantsRug":98,"Girya":218,"HollowMod:QueensCombRelic":287,"hubris:DuctTape":12,"Happy Flower":123,"aspiration:Nostalgia":0,"ReplayTheSpireMod:CursedCoin":13,"Blue Candle":32,"ReplayTheSpireMod:Ring of Addiction":182,"Pen Nib":32,"infinitespire:Beetle Shell":287,"Guardian:PocketSentry":12,"Replay:Ancient Bell":167,"aspiration:SeaSaltIceCream":139,"aspiration:FrozenJewel":98,"Replay:Baseball":167,"ReplayTheSpireMod:Shallot":209,"Bronze Scales":13,"ReplayTheSpireMod:Ring of Collecting":182,"CultistMask":221,"ReplayTheSpireMod:TigerMarble":84,"Black Star":256,"CatCart":187,"Mirror":167,"StrikeDummy":247,"Abe\u0027s Treasure":136,"conspire:Flyswatter":261,"hubris:Reverence":293,"aspiration:Lifesprig":13,"Regal Pillow":119,"Blue Doll":98,"Juzu Bracelet":12,"hubris:EmptyBottle":182,"Cursed Key":20,"Smiling Mask":89,"ClockworkSouvenir":203,"PokerPlayerMod:DeckCase":0,"m_ScarletBlood":0,"Replay:Bandana":28,"Nunchaku":218,"hubris:Icosahedron":24,"Ring of Peace":182,"hubris:CuriousFeather":229,"hubris:FunFungus":275,"Red Mask":272,"Chemical X":218,"Ring of Panic":182,"aspiration:ChemicalBlood":182,"hubris:64BitClover":40,"Guide Book":123,"Thread and Needle":218,"hubris:MedicalManual":3,"aspiration:HummingbirdHeart":161,"infinitespire:CheckeredPen":149,"hubris:Towel":130,"White Beast Statue":182,"PokerPlayerMod:BottledPoker":149,"Pondfish Scales":66,"Busted Crown":303,"PokerPlayerMod:ClubPass":98,"Bottled Lightning":128,"Membership Card":143,"Runesmith:AutoHammer":203,"hexamod:BolsterEngine":182,"Toy Ornithopter":107,"hubris:Potato":167,"TungstenRod":182,"ReplayTheSpireMod:ShopPack":149}]},"card_choices":[{"not_picked":["PokerPlayerMod:MagicTrick","PokerPlayerMod:Spade3"],"picked":"PokerPlayerMod:Club8","floor":1},{"not_picked":["PokerPlayerMod:Overdeal","PokerPlayerMod:MagicTrick"],"picked":"PokerPlayerMod:DartThrow","floor":2},{"not_picked":["PokerPlayerMod:SpadeStrike","PokerPlayerMod:DartThrow"],"picked":"PokerPlayerMod:ChangeRules","floor":3},{"not_picked":["PokerPlayerMod:Spade2","PokerPlayerMod:ClubsClub"],"picked":"PokerPlayerMod:Diamond4","floor":4},{"not_picked":["PokerPlayerMod:SecondChance","PokerPlayerMod:Diamond4"],"picked":"PokerPlayerMod:Trickery","floor":6},{"not_picked":["PokerPlayerMod:Club2","PokerPlayerMod:Spade4"],"picked":"PokerPlayerMod:Diamond4","floor":10},{"not_picked":["PokerPlayerMod:Diamond4","PokerPlayerMod:Diamond1"],"picked":"PokerPlayerMod:Diamond6","floor":11},{"not_picked":["PokerPlayerMod:StackedDeck","PokerPlayerMod:Configure"],"picked":"PokerPlayerMod:Diamond4","floor":14},{"not_picked":["PokerPlayerMod:ItsShowtime","PokerPlayerMod:TheDieIsCast"],"picked":"PokerPlayerMod:WildCard","floor":16},{"not_picked":[],"picked":"PokerPlayerMod:SpadeStrike","floor":18},{"not_picked":["PokerPlayerMod:Heart2"],"picked":"SKIP","floor":20},{"not_picked":["PokerPlayerMod:Heart1"],"picked":"SKIP","floor":21}],"player_experience":539413,"relics_obtained":[{"floor":6,"key":"infinitespire:Beetle Shell"},{"floor":9,"key":"HollowMod:QueensCombRelic"}],"event_choices":[{"damage_healed":0,"gold_gain":0,"player_choice":"Ignored","damage_taken":162,"max_hp_gain":0,"max_hp_loss":0,"event_name":"betterThird:BetterSerpent","floor":5,"gold_loss":0},{"damage_healed":0,"gold_gain":0,"player_choice":"Disagree","damage_taken":0,"max_hp_gain":0,"max_hp_loss":0,"event_name":"conspire:LoneGhost","floor":7,"gold_loss":0},{"damage_healed":0,"gold_gain":75,"player_choice":"Gained Gold","damage_taken":0,"max_hp_gain":0,"max_hp_loss":0,"event_name":"Golden Wing","floor":8,"gold_loss":0}],"is_beta":false,"boss_relics":[{"not_picked":["energizedSpire:MagnifyingGlass","energizedSpire:CursedPentagram"],"picked":"Busted Crown"}],"items_purged_floors":[],"is_endless":false,"potions_floor_spawned":[3,4,10,11,16,21],"killed_by":"Book of Stabbing","ascension_level":3}}