{"host":"mydft8i2zzydgggw","time":1610834476,"event":{"mods":["AchievementEnabler","BaseMod","BetterRewards","Colored Map","Colored Powertips","DeckTracker","Keyboard Shortcuts","Minty Spire (QoL Compilation)","Rare Cards Sparkle","StSLib","SuperFastMode","everything is the same but u backflip on backflip"],"gold_per_floor":[115,115,190,202,213,213,213,213],"floor_reached":7,"language":"KOR","playtime":113,"items_purged":[],"score":59,"play_id":"a0a4aaca-00ce-4dfe-8a17-2f35f418e54f","local_time":"20210117070116","is_ascension_mode":true,"campfire_choices":[{"data":"Recycle","floor":6,"key":"SMITH"}],"circlet_count":0,"master_deck":["Strike_B","Strike_B","Strike_B","Defend_B","Defend_B","Defend_B","Defend_B","Zap","Dualcast","Recycle+1","Streamline"],"relics":["Cracked Core","FossilizedHelix"],"acts_visited":["Exordium"],"potions_floor_usage":[7],"damage_taken":[{"damage":4,"enemies":"Small Slimes","floor":1,"turns":4},{"damage":0,"enemies":"2 Louse","floor":4,"turns":2},{"damage":2,"enemies":"Jaw Worm","floor":5,"turns":4},{"damage":38,"enemies":"Gremlin Nob","floor":7,"turns":4}],"seed_played":"4911158707098530008","potions_obtained":[{"floor":1,"key":"AttackPotion"},{"floor":4,"key":"FearPotion"},{"floor":5,"key":"FearPotion"}],"is_trial":false,"path_per_floor":["M","?","?","M","M","R","E"],"character_chosen":"DEFECT","items_purchased":[],"campfire_rested":0,"item_purchase_floors":[],"current_hp_per_floor":[46,46,35,35,33,33,0,0],"gold":213,"neow_bonus":"ONE_RARE_RELIC","is_daily":false,"chose_seed":false,"campfire_upgraded":1,"win_rate":0.0,"timestamp":1610834476,"path_taken":["M","?","?","M","M","R","E"],"items_purchased_type":[],"build_version":"2020-12-22","purchased_purges":0,"victory":false,"max_hp_per_floor":[75,75,75,75,75,75,75,75],"card_choices":[{"not_picked":["Reprogram","Turbo","Chaos"],"picked":"SKIP","floor":1},{"not_picked":["Beam Cell","Rip and Tear"],"picked":"Recycle","floor":4},{"not_picked":["Reinforced Body","Rip and Tear"],"picked":"Streamline","floor":5}],"player_experience":170927,"relics_obtained":[],"event_choices":[{"cards_removed":["Strike_B"],"damage_healed":0,"gold_gain":0,"player_choice":"Forget","damage_taken":0,"max_hp_gain":0,"max_hp_loss":0,"event_name":"Living Wall","floor":2,"gold_loss":0},{"damage_healed":0,"gold_gain":75,"player_choice":"Gather Gold","damage_taken":11,"max_hp_gain":0,"max_hp_loss":0,"event_name":"World of Goop","floor":3,"gold_loss":0}],"is_beta":false,"boss_relics":[],"items_purged_floors":[],"is_endless":false,"potions_floor_spawned":[1,4,5],"killed_by":"Gremlin Nob","ascension_level":9}}