{"host":"a5lz0e76zb3fcwkm","time":1610821152,"event":{"mods":["AchievementEnabler","BaseMod","Colored Map","Colored Powertips","Minty Spire (QoL Compilation)","StSLib","SuperFastMode"],"gold_per_floor":[109,109,109,259,269,269,294,313,313,238,238,252,272,284,284,356,356,373,288,300,300,312,212,227,102,125,125,225,225,225],"floor_reached":29,"language":"KOR","playtime":747,"items_purged":["Doubt","Strike_G","Strike_G"],"score":500,"play_id":"609b756e-7daf-4567-9667-709e9b3937fe","local_time":"20210117031912","is_ascension_mode":true,"campfire_choices":[{"data":"Terror","floor":6.0,"key":"SMITH"},{"data":"Calculated Gamble","floor":11.0,"key":"SMITH"},{"data":"Blade Dance","floor":15.0,"key":"SMITH"},{"floor":27.0,"key":"REST"}],"circlet_count":0,"master_deck":["AscendersBane","Strike_G+1","Strike_G","Strike_G","Defend_G","Defend_G","Defend_G","Defend_G","Defend_G","Survivor","Neutralize","Reflex+1","Terror+1","Calculated Gamble+1","Blade Dance+1","Blade Dance","Acrobatics+1","Backflip+1","PiercingWail","Blade Dance"],"relics":["Ring of the Snake","NeowsBlessing","Kunai","StrikeDummy","SlaversCollar","Darkstone Periapt","Pen Nib","Pocketwatch","HornCleat"],"acts_visited":["Exordium","TheCity"],"potions_floor_usage":[28,28,29],"damage_taken":[{"damage":0.0,"enemies":"Jaw Worm","floor":1.0,"turns":1.0},{"damage":0.0,"enemies":"Small Slimes","floor":5.0,"turns":1.0},{"damage":0.0,"enemies":"Gremlin Nob","floor":7.0,"turns":1.0},{"damage":1.0,"enemies":"2 Louse","floor":8.0,"turns":3.0},{"damage":1.0,"enemies":"Exordium Wildlife","floor":12.0,"turns":3.0},{"damage":0.0,"enemies":"Lots of Slimes","floor":13.0,"turns":3.0},{"damage":6.0,"enemies":"2 Fungi Beasts","floor":14.0,"turns":5.0},{"damage":19.0,"enemies":"Hexaghost","floor":16.0,"turns":10.0},{"damage":17.0,"enemies":"2 Thieves","floor":18.0,"turns":5.0},{"damage":14.0,"enemies":"Chosen","floor":20.0,"turns":4.0},{"damage":0.0,"enemies":"Centurion and Healer","floor":22.0,"turns":8.0},{"damage":17.0,"enemies":"Snake Plant","floor":24.0,"turns":6.0},{"damage":2,"enemies":"Colosseum Slavers","floor":28,"turns":2},{"damage":7,"enemies":"Colosseum Nobs","floor":28,"turns":5},{"damage":53,"enemies":"Cultist and Chosen","floor":29,"turns":7}],"seed_played":"1445217349742962870","potions_obtained":[{"floor":7.0,"key":"BlessingOfTheForge"},{"floor":12.0,"key":"DistilledChaos"},{"floor":13.0,"key":"SpeedPotion"},{"floor":18.0,"key":"EntropicBrew"},{"floor":22.0,"key":"SteroidPotion"},{"floor":24.0,"key":"Swift Potion"},{"floor":28,"key":"Swift Potion"}],"is_trial":false,"path_per_floor":["M","?","?","?","M","R","E","M","T","$","R","M","M","M","R","B",null,"M","?","M","?","M","$","M","$","T","R","?","M"],"character_chosen":"THE_SILENT","items_purchased":[],"campfire_rested":1,"item_purchase_floors":[],"current_hp_per_floor":[59,64,43,43,43,43,43,42,42,42,42,41,41,35,35,16,57,40,40,26,6,21,21,4,4,4,26,17,0,0],"gold":225,"neow_bonus":"THREE_ENEMY_KILL","is_daily":false,"chose_seed":false,"campfire_upgraded":3,"win_rate":0.0,"timestamp":1610821152,"path_taken":["M","?","?","?","M","R","E","M","T","$","R","M","M","M","R","BOSS","M","?","M","?","?","$","M","$","T","R","?","M"],"items_purchased_type":[],"build_version":"2020-12-22","purchased_purges":3,"victory":false,"max_hp_per_floor":[66,71,71,71,71,71,71,71,71,71,71,71,71,71,71,71,71,71,71,71,76,76,76,76,76,76,76,76,76,76],"card_choices":[{"not_picked":["Deflect","Slice"],"picked":"Reflex","floor":1.0},{"not_picked":["Acrobatics","Dagger Spray"],"picked":"Terror","floor":5.0},{"not_picked":["Deflect","Terror","Underhanded Strike"],"picked":"SKIP","floor":7.0},{"not_picked":["Outmaneuver","Underhanded Strike"],"picked":"Calculated Gamble","floor":8.0},{"not_picked":["Bouncing Flask","Deflect"],"picked":"Blade Dance","floor":12.0},{"not_picked":["Doppelganger","Slice","Bouncing Flask"],"picked":"SKIP","floor":13.0},{"not_picked":["Dagger Throw","Poisoned Stab","Predator"],"picked":"SKIP","floor":14.0},{"not_picked":["Choke","Prepared"],"picked":"Blade Dance","floor":18.0},{"not_picked":["PiercingWail","Dagger Throw"],"picked":"Acrobatics+1","floor":20.0},{"not_picked":["Masterful Stab+1","Setup"],"picked":"Backflip+1","floor":22.0},{"not_picked":["Dagger Throw","Deadly Poison"],"picked":"PiercingWail","floor":24.0},{"not_picked":["Outmaneuver","Slice"],"picked":"Blade Dance","floor":28}],"player_experience":1754214,"relics_obtained":[{"floor":7.0,"key":"Kunai"},{"floor":9.0,"key":"StrikeDummy"},{"floor":26.0,"key":"Pen Nib"},{"floor":28,"key":"Pocketwatch"},{"floor":28,"key":"HornCleat"}],"event_choices":[{"damage_healed":0.0,"max_hp_gain":5.0,"max_hp_loss":0.0,"gold_gain":0.0,"event_name":"Big Fish","player_choice":"Donut","floor":2.0,"gold_loss":0.0,"damage_taken":0.0},{"damage_healed":0.0,"max_hp_gain":0.0,"max_hp_loss":0.0,"gold_gain":0.0,"event_name":"Shining Light","player_choice":"Entered Light","floor":3.0,"gold_loss":0.0,"damage_taken":21.0,"cards_upgraded":["Strike_G","Reflex"]},{"damage_healed":0.0,"max_hp_gain":0.0,"max_hp_loss":0.0,"gold_gain":150.0,"event_name":"Liars Game","player_choice":"AGREE","floor":4.0,"gold_loss":0.0,"damage_taken":0.0,"cards_obtained":["Doubt"]},{"damage_healed":0.0,"max_hp_gain":0.0,"max_hp_loss":0.0,"gold_gain":0.0,"event_name":"Addict","player_choice":"Obtained Relic","floor":19.0,"gold_loss":85.0,"damage_taken":0.0,"relics_obtained":["Darkstone Periapt"]},{"damage_healed":0.0,"max_hp_gain":5.0,"max_hp_loss":0.0,"gold_gain":0.0,"event_name":"Forgotten Altar","player_choice":"Shed Blood","floor":21.0,"gold_loss":0.0,"damage_taken":25.0},{"damage_healed":0,"gold_gain":0,"player_choice":"Fight","damage_taken":0,"max_hp_gain":0,"max_hp_loss":0,"event_name":"Colosseum","floor":28,"gold_loss":0},{"damage_healed":0,"gold_gain":0,"player_choice":"Fought Nobs","damage_taken":0,"max_hp_gain":0,"max_hp_loss":0,"event_name":"Colosseum","floor":28,"gold_loss":0}],"is_beta":false,"boss_relics":[{"not_picked":["Ring of the Serpent","Runic Pyramid"],"picked":"SlaversCollar"}],"items_purged_floors":[10,23,25],"is_endless":false,"potions_floor_spawned":[7,12,13,18,22,24,28],"killed_by":"Cultist and Chosen","ascension_level":20}}