{"host":"37dk0reb6x0du8wx","time":1610776621,"event":{"mods":["BaseMod","Colored Map","DeckTracker","Minty Spire (QoL Compilation)","Quick Restart","StSLib"],"gold_per_floor":[117,117,117,135,4062,4062,3408,3408,3408,3436,3436,3436,3452,3466,3466,3570,3570,3586,3586,2469,2485,2485,2510,1729,1746,1746,1776,1875,1137,1137,1137,1137,1239,1239,1254,762,776,826,381,407,407,423,494,507,507,507,518,518,518,518],"floor_reached":51,"language":"KOR","playtime":1763,"items_purged":["Strike_B","Strike_B+1","Dualcast+1","Defend_B","Defend_B"],"score":1081,"play_id":"17a589aa-8fe5-4c42-9d45-4d537c35fd78","local_time":"20210116145701","is_ascension_mode":true,"campfire_choices":[{"data":"Genetic Algorithm","floor":6,"key":"SMITH"},{"data":"Electrodynamics","floor":11,"key":"SMITH"},{"floor":15,"key":"REST"},{"data":"Auto Shields","floor":30,"key":"SMITH"},{"data":"Capacitor","floor":32,"key":"SMITH"},{"data":"Loop","floor":41,"key":"SMITH"},{"floor":45,"key":"DIG"},{"floor":49,"key":"DIG"}],"circlet_count":0,"master_deck":["Defend_B+1","Auto Shields+1","Genetic Algorithm+1","Leap+1","Electrodynamics+1","Leap+1","Multi-Cast+1","Leap+1","Consume+1","BootSequence+1","Doom and Gloom+1","Darkness+1","Leap+1","Capacitor+1","Leap+1","Multi-Cast+1","Self Repair","Loop+1","Loop+1","Auto Shields+1"],"relics":["Cracked Core","Orichalcum","Eternal Feather","Toxic Egg 2","Orrery","Molten Egg 2","Whetstone","Singing Bowl","Toy Ornithopter","Velvet Choker","Kunai","WingedGreaves","Pear","ClockworkSouvenir","PreservedInsect","Pantograph","Bag of Marbles","Lee\u0027s Waffle","Bottled Flame","Question Card","CaptainsWheel","Strange Spoon","Sozu","Vajra","Shovel","Ginger","Regal Pillow","Lantern","Sling","Art of War","Darkstone Periapt","Cables","Happy Flower"],"acts_visited":["Exordium","TheCity","TheBeyond"],"potions_floor_usage":[5,10,16,33,42,42,50],"damage_taken":[{"damage":2,"enemies":"Jaw Worm","floor":1,"turns":3},{"damage":2,"enemies":"Small Slimes","floor":4,"turns":4},{"damage":31,"enemies":"3 Sentries","floor":10,"turns":6},{"damage":0,"enemies":"Cultist","floor":13,"turns":4},{"damage":8,"enemies":"Exordium Thugs","floor":14,"turns":3},{"damage":29,"enemies":"The Guardian","floor":16,"turns":11},{"damage":0,"enemies":"Shell Parasite","floor":18,"turns":11},{"damage":5,"enemies":"2 Thieves","floor":21,"turns":3},{"damage":0,"enemies":"Slavers","floor":23,"turns":3},{"damage":0,"enemies":"Snake Plant","floor":25,"turns":4},{"damage":0,"enemies":"Book of Stabbing","floor":27,"turns":5},{"damage":52,"enemies":"Automaton","floor":33,"turns":7},{"damage":19,"enemies":"3 Darklings","floor":35,"turns":4},{"damage":6,"enemies":"3 Shapes","floor":37,"turns":5},{"damage":0,"enemies":"Mind Bloom Boss Battle","floor":38,"turns":5},{"damage":23,"enemies":"Nemesis","floor":40,"turns":7},{"damage":24,"enemies":"Transient","floor":42,"turns":5},{"damage":0,"enemies":"Sphere and 2 Shapes","floor":44,"turns":3},{"damage":23,"enemies":"Jaw Worm Horde","floor":47,"turns":5},{"damage":53,"enemies":"Time Eater","floor":50,"turns":6}],"seed_played":"5575252952232154941","potions_obtained":[{"floor":1,"key":"FocusPotion"},{"floor":10,"key":"SteroidPotion"},{"floor":18,"key":"PowerPotion"},{"floor":27,"key":"Fruit Juice"},{"floor":33,"key":"FocusPotion"}],"is_trial":false,"path_per_floor":["M","?","?","M","$","R","$","?","T","E","R","?","M","M","R","B",null,"M","?","$","M","?","E","$","M","T","E","?","$","R","?","R","B",null,"M","$","M","?","$","E","R","M","T","M","R","?","M","?","R","B",null],"character_chosen":"DEFECT","items_purchased":["Eternal Feather","Toxic Egg 2","Orrery","Leap+1","Fruit Juice","Regen Potion","Electrodynamics","Molten Egg 2","Whetstone","Consume+1","BootSequence+1","WingedGreaves","Pear","ClockworkSouvenir","Fire Potion","PotionOfCapacity","Pantograph","Bag of Marbles","Lee\u0027s Waffle","Darkness+1","CaptainsWheel","Strange Spoon","Capacitor","Leap+1","Vajra","Shovel","Self Repair","Regal Pillow","Lantern","Sling"],"campfire_rested":1,"item_purchase_floors":[5,5,5,5,5,5,7,7,7,20,20,20,20,20,20,20,24,24,24,24,29,29,29,29,36,36,36,39,39,39],"current_hp_per_floor":[73,73,73,71,76,80,80,64,64,49,55,48,50,42,73,49,84,84,84,94,89,89,91,103,103,103,105,105,105,105,105,105,58,110,93,93,94,112,112,91,100,93,93,95,107,107,93,93,105,65],"gold":518,"neow_bonus":"RANDOM_COMMON_RELIC","is_daily":false,"chose_seed":false,"campfire_upgraded":5,"win_rate":0.0,"timestamp":1610776621,"path_taken":["M","?","?","?","$","R","$","?","T","E","R","?","M","M","R","BOSS","M","?","$","M","?","E","?","?","T","E","?","$","R","?","R","BOSS","M","$","M","?","$","E","R","M","T","M","R","?","?","?","R","BOSS"],"items_purchased_type":["Relic","Relic","Relic","Card","Potion","Potion","Card","Relic","Relic","Card","Card","Relic","Relic","Relic","Potion","Potion","Relic","Relic","Relic","Card","Relic","Relic","Card","Card","Relic","Relic","Card","Relic","Relic","Relic"],"build_version":"2020-12-22","purchased_purges":5,"victory":true,"max_hp_per_floor":[75,75,75,75,80,80,80,80,80,82,82,82,84,84,84,84,84,84,84,94,94,94,96,103,103,103,105,105,105,105,105,105,110,110,112,112,112,112,112,114,114,114,114,116,116,116,118,118,118,118],"card_choices":[{"not_picked":["Redo","Ball Lightning"],"picked":"Auto Shields","floor":1},{"not_picked":["Hello World","Aggregate"],"picked":"Genetic Algorithm","floor":4},{"not_picked":["Steam+1","Buffer","Turbo+1"],"picked":"Singing Bowl","floor":10},{"not_picked":["Gash+1","Cold Snap+1","Double Energy+1"],"picked":"Singing Bowl","floor":13},{"not_picked":["Hologram+1","Force Field+1"],"picked":"Leap+1","floor":14},{"not_picked":["Thunder Strike+1","Machine Learning"],"picked":"Multi-Cast+1","floor":16},{"not_picked":["Sweeping Beam+1","Go for the Eyes+1"],"picked":"Leap+1","floor":18},{"not_picked":["Coolheaded+1","Compile Driver+1"],"picked":"Doom and Gloom+1","floor":21},{"not_picked":["Hologram+1","Ball Lightning+1","Redo+1"],"picked":"Singing Bowl","floor":23},{"not_picked":["Redo+1","Compile Driver+1"],"picked":"Leap+1","floor":25},{"not_picked":["Redo+1","Conserve Battery+1","Double Energy+1"],"picked":"Singing Bowl","floor":27},{"not_picked":["Fission+1","Biased Cognition","Reboot+1"],"picked":"Multi-Cast+1","floor":33},{"not_picked":["Redo+1","Beam Cell+1","Rebound+1","Doom and Gloom+1"],"picked":"Singing Bowl","floor":35},{"not_picked":["Steam+1","Leap+1","Gash+1"],"picked":"Loop","floor":37},{"not_picked":["Sweeping Beam+1","Cold Snap+1","Darkness+1"],"picked":"Loop+1","floor":38},{"not_picked":["Steam Power+1","Go for the Eyes+1","Skim+1","White Noise+1"],"picked":"Singing Bowl","floor":40},{"not_picked":["Ball Lightning+1","Force Field+1","Streamline+1"],"picked":"Auto Shields+1","floor":42},{"not_picked":["Undo+1","Creative AI","Chill+1","Rip and Tear+1"],"picked":"Singing Bowl","floor":44},{"not_picked":["Aggregate+1","Gash+1","Self Repair","Stack+1"],"picked":"Singing Bowl","floor":47}],"player_experience":194500,"relics_obtained":[{"floor":9,"key":"Singing Bowl"},{"floor":10,"key":"Toy Ornithopter"},{"floor":23,"key":"PreservedInsect"},{"floor":26,"key":"Bottled Flame"},{"floor":27,"key":"Question Card"},{"floor":38,"key":"Ginger"},{"floor":40,"key":"Art of War"},{"floor":43,"key":"Darkstone Periapt"},{"floor":45,"key":"Cables"},{"floor":49,"key":"Happy Flower"}],"event_choices":[{"cards_removed":["Strike_B"],"damage_healed":0,"gold_gain":0,"player_choice":"Forget","damage_taken":0,"max_hp_gain":0,"max_hp_loss":0,"event_name":"Living Wall","floor":2,"gold_loss":0},{"cards_removed":["Strike_B"],"damage_healed":0,"gold_gain":0,"player_choice":"Purged","damage_taken":0,"max_hp_gain":0,"max_hp_loss":0,"event_name":"Purifier","floor":3,"gold_loss":0},{"damage_healed":0,"gold_gain":0,"player_choice":"Entered Light","damage_taken":16,"max_hp_gain":0,"max_hp_loss":0,"event_name":"Shining Light","floor":8,"gold_loss":0,"cards_upgraded":["Defend_B","Dualcast"]},{"cards_removed":["Defend_B"],"damage_healed":0,"gold_gain":0,"player_choice":"Card Removal","damage_taken":7,"max_hp_gain":0,"max_hp_loss":0,"event_name":"Golden Wing","floor":12,"gold_loss":0},{"damage_healed":0,"gold_gain":0,"player_choice":"Opened","damage_taken":0,"relics_obtained":["Kunai"],"max_hp_gain":0,"max_hp_loss":0,"event_name":"The Mausoleum","floor":19,"gold_loss":0},{"damage_healed":0,"gold_gain":0,"player_choice":"Ignored","damage_taken":0,"max_hp_gain":0,"max_hp_loss":0,"event_name":"Ghosts","floor":22,"gold_loss":0},{"damage_healed":0,"gold_gain":99,"player_choice":"Stole From Cult","damage_taken":0,"max_hp_gain":0,"max_hp_loss":0,"event_name":"Nest","floor":28,"gold_loss":0},{"cards_removed":["Zap"],"damage_healed":0,"gold_gain":0,"player_choice":"Elegance","damage_taken":0,"max_hp_gain":0,"max_hp_loss":0,"event_name":"Back to Basics","floor":31,"gold_loss":0},{"damage_healed":0,"gold_gain":0,"player_choice":"Fight","damage_taken":0,"max_hp_gain":0,"max_hp_loss":0,"event_name":"MindBloom","floor":38,"gold_loss":0},{"damage_healed":0,"gold_gain":0,"player_choice":"1 cards matched","damage_taken":0,"max_hp_gain":0,"max_hp_loss":0,"event_name":"Match and Keep!","floor":46,"gold_loss":0,"cards_obtained":["Mind Blast"]},{"cards_removed":["Mind Blast"],"damage_healed":0,"gold_gain":0,"player_choice":"Removed Attack","damage_taken":0,"max_hp_gain":0,"max_hp_loss":0,"event_name":"Falling","floor":48,"gold_loss":0}],"is_beta":false,"boss_relics":[{"not_picked":["Fusion Hammer","Runic Pyramid"],"picked":"Velvet Choker"},{"not_picked":["Tiny House","Nuclear Battery"],"picked":"Sozu"}],"items_purged_floors":[5,7,20,24,29],"is_endless":false,"potions_floor_spawned":[1,10,18,21,27,33,35,42,44,47],"ascension_level":4}}