{"host":"Kid Ruckus","time":1610835070,"event":{"mods":["BaseMod","Colored Map","Filter the Spire","Minty Spire (QoL Compilation)","Permanent Neow","Quick Restart","StSLib"],"gold_per_floor":[119,131,149,149,164,197,197,228,308,343,354,354,383,420,432,523,535,561,593,622,684,708,720,765,629,652,652,686,686,686,717,717,794,794,810,820,97,115,140,167,167,196,196,225,238,252,252,262,262,262,262,262,17,51,51],"floor_reached":56,"language":"ENG","playtime":4501,"items_purged":["Pain","Strike_G"],"score":2738,"play_id":"9f7bf10f-33cd-4dd6-abb0-bb2d3ad129a1","local_time":"20210116171110","is_ascension_mode":true,"campfire_choices":[{"floor":7.0,"key":"REST"},{"floor":12,"key":"REST"},{"data":"Catalyst","floor":15,"key":"SMITH"},{"data":"Catalyst","floor":23,"key":"SMITH"},{"data":"Well Laid Plans","floor":29,"key":"SMITH"},{"data":"Calculated Gamble","floor":32,"key":"SMITH"},{"data":"Wraith Form v2","floor":41,"key":"SMITH"},{"floor":49,"key":"RECALL"},{"data":"Bouncing Flask","floor":52,"key":"SMITH"}],"circlet_count":0,"master_deck":["AscendersBane","Strike_G","Strike_G","Strike_G","Strike_G","Defend_G","Defend_G","Defend_G","Defend_G","Defend_G","Survivor","Neutralize","Bouncing Flask","Leg Sweep","Backflip","Catalyst+1","Bouncing Flask+1","Acrobatics","Glass Knife","Calculated Gamble+1","Night Terror","Catalyst+1","PiercingWail","Acrobatics+1","Tactician","Well Laid Plans+1","Wraith Form v2+1","Outmaneuver+1","Backflip+1","Night Terror+1","Bouncing Flask+1","PiercingWail+1","Acrobatics+1","Doppelganger+1","Bullet Time+1"],"relics":["Black Star","WarpedTongs","Lantern","Mango","Anchor","Strawberry","Blue Candle","Akabeko","Thread and Needle","Omamori","MawBank","Odd Mushroom","Snecko Eye","TungstenRod","Ornamental Fan","Potion Belt","InkBottle","Incense Burner","Toxic Egg 2","Dream Catcher","Oddly Smooth Stone","Sozu","PreservedInsect","Pear","DollysMirror","Du-Vu Doll","StrikeDummy","Toy Ornithopter","Bag of Marbles","FossilizedHelix","Boot","Gremlin Horn","HornCleat","Eternal Feather","Orichalcum"],"acts_visited":["Exordium","TheCity","TheBeyond","TheEnding"],"potions_floor_usage":[8,10,20,35,54,55,55],"damage_taken":[{"damage":0.0,"enemies":"Small Slimes","floor":1.0,"turns":4.0},{"damage":1.0,"enemies":"Cultist","floor":2.0,"turns":3.0},{"damage":7.0,"enemies":"Jaw Worm","floor":3.0,"turns":3.0},{"damage":7.0,"enemies":"Blue Slaver","floor":5.0,"turns":4.0},{"damage":33.0,"enemies":"3 Sentries","floor":6.0,"turns":11.0},{"damage":8,"enemies":"Lagavulin","floor":8,"turns":6},{"damage":33,"enemies":"Gremlin Nob","floor":10,"turns":6},{"damage":0,"enemies":"Looter","floor":11,"turns":2},{"damage":1,"enemies":"Lagavulin","floor":13,"turns":5},{"damage":1,"enemies":"The Mushroom Lair","floor":14,"turns":4},{"damage":1,"enemies":"The Guardian","floor":16,"turns":7},{"damage":1,"enemies":"2 Thieves","floor":18,"turns":3},{"damage":1,"enemies":"Spheric Guardian","floor":19,"turns":3},{"damage":0,"enemies":"Snake Plant","floor":20,"turns":2},{"damage":7,"enemies":"Snecko","floor":22,"turns":3},{"damage":1,"enemies":"Book of Stabbing","floor":24,"turns":3},{"damage":4,"enemies":"Slavers","floor":28,"turns":7},{"damage":13,"enemies":"Book of Stabbing","floor":31,"turns":4},{"damage":0,"enemies":"Collector","floor":33,"turns":3},{"damage":0,"enemies":"3 Darklings","floor":35,"turns":6},{"damage":0,"enemies":"Orb Walker","floor":36,"turns":2},{"damage":0,"enemies":"Sphere and 2 Shapes","floor":38,"turns":5},{"damage":0,"enemies":"Mind Bloom Boss Battle","floor":39,"turns":4},{"damage":0,"enemies":"Reptomancer","floor":40,"turns":4},{"damage":0,"enemies":"Giant Head","floor":42,"turns":4},{"damage":0,"enemies":"Reptomancer","floor":44,"turns":3},{"damage":0,"enemies":"4 Shapes","floor":45,"turns":5},{"damage":0,"enemies":"Writhing Mass","floor":46,"turns":3},{"damage":0,"enemies":"Maw","floor":48,"turns":3},{"damage":0,"enemies":"Time Eater","floor":50,"turns":5},{"damage":6,"enemies":"Shield and Spear","floor":54,"turns":6},{"damage":0,"enemies":"The Heart","floor":55,"turns":7}],"seed_played":"-5988475713918498566","potions_obtained":[{"floor":1.0,"key":"SteroidPotion"},{"floor":6.0,"key":"Weak Potion"},{"floor":10,"key":"Weak Potion"},{"floor":16,"key":"Explosive Potion"},{"floor":22,"key":"ColorlessPotion"},{"floor":28,"key":"AttackPotion"},{"floor":31,"key":"AttackPotion"}],"is_trial":false,"path_per_floor":["M","M","M","?","M","E","R","E","T","E","M","R","E","?","R","B",null,"M","M","M","?","M","R","E","$","T","?","E","R","T","E","R","B",null,"M","M","$","M","?","E","R","E","T","E","M","M","?","M","R","B",null,"R","$","E","B",null],"character_chosen":"THE_SILENT","items_purchased":["Well Laid Plans","PreservedInsect","Pear","DollysMirror","Bouncing Flask+1","HornCleat"],"campfire_rested":2,"item_purchase_floors":[25,37,37,37,37,53],"current_hp_per_floor":[59,58,51,51,44,25,49,48,48,15,15,41,40,39,39,38,75,74,73,73,73,66,66,65,65,65,65,61,61,61,48,48,48,77,77,77,87,87,87,87,87,87,87,87,87,87,97,97,97,97,97,97,97,91,97],"gold":51,"neow_bonus":"BOSS_RELIC","is_daily":false,"chose_seed":false,"campfire_upgraded":6,"win_rate":0.0,"timestamp":1610835070,"path_taken":["M","M","M","?","M","E","R","E","T","E","?","R","E","?","R","BOSS","M","M","M","?","M","R","E","$","T","?","E","R","?","E","R","BOSS","M","M","$","M","?","E","R","E","T","E","M","M","?","M","R","BOSS","R","$","E","BOSS"],"items_purchased_type":["Card","Relic","Relic","Relic","Card","Relic"],"build_version":"2020-12-18","purchased_purges":2,"victory":true,"max_hp_per_floor":[66,66,66,66,66,80,80,87,87,87,87,87,87,87,87,87,87,87,87,87,87,87,87,87,87,87,87,87,87,87,87,87,87,87,87,87,97,97,97,97,97,97,97,97,97,97,97,97,97,97,97,97,97,97,97],"card_choices":[{"not_picked":["Terror","Outmaneuver"],"picked":"Bouncing Flask","floor":1.0},{"not_picked":["Expertise","Quick Slash"],"picked":"Leg Sweep","floor":2.0},{"not_picked":["Distraction","Blade Dance"],"picked":"Backflip","floor":3.0},{"not_picked":["Cloak And Dagger","Dagger Throw","Sucker Punch"],"picked":"SKIP","floor":5.0},{"not_picked":["Heel Hook","Blade Dance"],"picked":"Catalyst","floor":6.0},{"not_picked":["Calculated Gamble","Reflex"],"picked":"Bouncing Flask","floor":8},{"not_picked":["Outmaneuver","Reflex"],"picked":"Acrobatics","floor":10},{"not_picked":["Dagger Throw","Accuracy"],"picked":"Glass Knife","floor":11},{"not_picked":["Heel Hook","Underhanded Strike","Cloak And Dagger"],"picked":"SKIP","floor":13},{"not_picked":["Escape Plan","Outmaneuver"],"picked":"Calculated Gamble","floor":14},{"not_picked":["Grand Finale","Envenom"],"picked":"Night Terror","floor":16},{"not_picked":["Calculated Gamble","Caltrops+1"],"picked":"Catalyst","floor":18},{"not_picked":["Accuracy","Dagger Throw"],"picked":"PiercingWail","floor":19},{"not_picked":["Quick Slash","PiercingWail"],"picked":"Acrobatics+1","floor":20},{"not_picked":["Prepared","Riddle With Holes"],"picked":"Tactician","floor":22},{"not_picked":["Flechettes","Underhanded Strike","Prepared"],"picked":"SKIP","floor":24},{"not_picked":["Terror","Cloak And Dagger","Noxious Fumes"],"picked":"SKIP","floor":28},{"not_picked":["Tactician+1","Dagger Throw","Grand Finale"],"picked":"SKIP","floor":31},{"not_picked":["Die Die Die","Grand Finale"],"picked":"Wraith Form v2","floor":33},{"not_picked":["Bane","Endless Agony"],"picked":"Outmaneuver+1","floor":35},{"not_picked":["Expertise+1","Underhanded Strike"],"picked":"Backflip+1","floor":36},{"not_picked":["Backstab","Blur+1"],"picked":"PiercingWail+1","floor":38},{"not_picked":["All Out Attack","Quick Slash"],"picked":"Acrobatics+1","floor":39},{"not_picked":["Riddle With Holes","Dagger Throw","Finisher"],"picked":"SKIP","floor":40},{"not_picked":["PiercingWail+1","Cloak And Dagger+1"],"picked":"Doppelganger+1","floor":42},{"not_picked":["Catalyst+1","Bane"],"picked":"Bullet Time+1","floor":44},{"not_picked":["Caltrops","Accuracy+1","Finisher"],"picked":"SKIP","floor":45},{"not_picked":["Blade Dance+1","Bane","Poisoned Stab"],"picked":"SKIP","floor":46},{"not_picked":["Deflect+1","Choke","Quick Slash"],"picked":"SKIP","floor":48},{"not_picked":["Noxious Fumes+1","Choke","Cloak And Dagger+1"],"picked":"SKIP","floor":54}],"player_experience":692840,"relics_obtained":[{"floor":6.0,"key":"Lantern"},{"floor":6.0,"key":"Mango"},{"floor":8,"key":"Anchor"},{"floor":8,"key":"Strawberry"},{"floor":9,"key":"Blue Candle"},{"floor":10,"key":"Akabeko"},{"floor":10,"key":"Thread and Needle"},{"floor":13,"key":"Omamori"},{"floor":13,"key":"MawBank"},{"floor":14,"key":"Odd Mushroom"},{"floor":24,"key":"TungstenRod"},{"floor":24,"key":"Ornamental Fan"},{"floor":26,"key":"Potion Belt"},{"floor":28,"key":"InkBottle"},{"floor":28,"key":"Incense Burner"},{"floor":30,"key":"Toxic Egg 2"},{"floor":31,"key":"Dream Catcher"},{"floor":31,"key":"Oddly Smooth Stone"},{"floor":39,"key":"Du-Vu Doll"},{"floor":40,"key":"StrikeDummy"},{"floor":40,"key":"Toy Ornithopter"},{"floor":42,"key":"Bag of Marbles"},{"floor":42,"key":"FossilizedHelix"},{"floor":44,"key":"Boot"},{"floor":44,"key":"Gremlin Horn"},{"floor":54,"key":"Eternal Feather"},{"floor":54,"key":"Orichalcum"}],"event_choices":[{"damage_healed":0.0,"max_hp_gain":0.0,"max_hp_loss":0.0,"gold_gain":0.0,"event_name":"Accursed Blacksmith","player_choice":"Rummage","floor":4.0,"gold_loss":0.0,"damage_taken":0.0,"relics_obtained":["WarpedTongs"],"cards_obtained":["Pain"]},{"damage_healed":0,"gold_gain":0,"player_choice":"Fought Mushrooms","damage_taken":0,"max_hp_gain":0,"max_hp_loss":0,"event_name":"Mushrooms","floor":14,"gold_loss":0},{"damage_healed":0,"gold_gain":50,"player_choice":"Stole From Cult","damage_taken":0,"max_hp_gain":0,"max_hp_loss":0,"event_name":"Nest","floor":21,"gold_loss":0},{"damage_healed":0,"gold_gain":0,"player_choice":"Smashed Altar","damage_taken":0,"max_hp_gain":0,"max_hp_loss":0,"event_name":"Forgotten Altar","floor":27,"gold_loss":0,"cards_obtained":["Decay"]},{"damage_healed":0,"gold_gain":0,"player_choice":"Fight","damage_taken":0,"max_hp_gain":0,"max_hp_loss":0,"event_name":"MindBloom","floor":39,"gold_loss":0},{"damage_healed":19,"gold_gain":0,"player_choice":"Writhe","damage_taken":0,"max_hp_gain":0,"max_hp_loss":0,"event_name":"Winding Halls","floor":47,"gold_loss":0,"cards_obtained":["Writhe"]}],"is_beta":true,"boss_relics":[{"not_picked":["Busted Crown","Pandora\u0027s Box"],"picked":"Snecko Eye"},{"not_picked":["Astrolabe","Coffee Dripper"],"picked":"Sozu"}],"items_purged_floors":[25,37],"is_endless":false,"potions_floor_spawned":[1,6,10,16,22,28,31,38,40,42,45,48],"ascension_level":15}}