{"host":"hgkb2zpbo2dcws21","time":1610785585,"event":{"mods":["AchievementEnabler","BaseMod","Colored Map","Colored Powertips","Custom Start","DeckTracker","KOR Keyword Fix","Keyboard Shortcuts","Minty Spire (QoL Compilation)","Relic Stats","StSLib","SuperFastMode"],"gold_per_floor":[114,128,145,163,163,163,190,190,190,268,268,268],"floor_reached":11,"language":"KOR","playtime":165,"items_purged":[],"score":117,"play_id":"002117cf-f399-476c-9631-b6cd5c8aa9bf","local_time":"20210116172625","is_ascension_mode":true,"campfire_choices":[{"floor":6,"key":"REST"},{"data":"Eruption","floor":8,"key":"SMITH"}],"circlet_count":0,"master_deck":["AscendersBane","Strike_P","Strike_P","Strike_P","Strike_P","Defend_P+1","Defend_P","Defend_P+1","Defend_P","Eruption+1","Vigilance","Brilliance","FollowUp","Pray"],"relics":["PureWater","Odd Mushroom","Bottled Lightning","Singing Bowl"],"acts_visited":["Exordium"],"potions_floor_usage":[],"damage_taken":[{"damage":0,"enemies":"Cultist","floor":1,"turns":3},{"damage":1,"enemies":"Small Slimes","floor":2,"turns":3},{"damage":9,"enemies":"2 Louse","floor":3,"turns":3},{"damage":13,"enemies":"2 Fungi Beasts","floor":4,"turns":4},{"damage":20,"enemies":"The Mushroom Lair","floor":7,"turns":4},{"damage":34,"enemies":"Gremlin Nob","floor":11,"turns":3}],"seed_played":"5189731952566362280","potions_obtained":[{"floor":1,"key":"Strength Potion"},{"floor":4,"key":"Swift Potion"}],"is_trial":false,"path_per_floor":["M","M","M","M","?","R","?","R","T","T","E"],"character_chosen":"WATCHER","items_purchased":[],"campfire_rested":1,"item_purchase_floors":[],"current_hp_per_floor":[61,60,51,38,19,37,17,17,17,17,0,0],"gold":268,"neow_bonus":"THREE_RARE_CARDS","is_daily":false,"chose_seed":false,"campfire_upgraded":1,"win_rate":0.0,"timestamp":1610785585,"path_taken":["M","M","?","?","?","R","?","R","T","T","E"],"items_purchased_type":[],"build_version":"2020-12-22","purchased_purges":0,"victory":false,"max_hp_per_floor":[62,62,62,62,62,62,62,62,62,62,62,62],"relic_stats":{"Singing Bowl":0,"counters":[6,20],"obtain_stats":[{"Singing Bowl":10,"Bottled Lightning":9,"PureWater":0,"Odd Mushroom":7},{"Singing Bowl":5,"Bottled Lightning":5,"PureWater":0,"Odd Mushroom":5},{"Singing Bowl":17,"Bottled Lightning":17,"PureWater":0,"Odd Mushroom":17}]},"card_choices":[{"not_picked":["Judgement","Establishment"],"picked":"Brilliance","floor":0},{"not_picked":["Crescendo","SignatureMove"],"picked":"FollowUp","floor":1},{"not_picked":["Crescendo","ThirdEye","LikeWater"],"picked":"SKIP","floor":2},{"not_picked":["JustLucky","Crescendo","Consecrate"],"picked":"SKIP","floor":3},{"not_picked":["FlurryOfBlows","PathToVictory"],"picked":"Pray","floor":4}],"player_experience":1142948,"relics_obtained":[{"floor":7,"key":"Odd Mushroom"},{"floor":9,"key":"Bottled Lightning"},{"floor":10,"key":"Singing Bowl"}],"event_choices":[{"damage_healed":0,"gold_gain":0,"player_choice":"Entered Light","damage_taken":19,"max_hp_gain":0,"max_hp_loss":0,"event_name":"Shining Light","floor":5,"gold_loss":0,"cards_upgraded":["Defend_P","Defend_P"]},{"damage_healed":0,"gold_gain":0,"player_choice":"Fought Mushrooms","damage_taken":0,"max_hp_gain":0,"max_hp_loss":0,"event_name":"Mushrooms","floor":7,"gold_loss":0}],"is_beta":false,"boss_relics":[],"items_purged_floors":[],"is_endless":false,"potions_floor_spawned":[1,4],"killed_by":"Gremlin Nob","ascension_level":17}}