{"host":"jksa5rawk3m4gilz","time":1610811419,"event":{"mods":["BaseMod","Colored Map","Highlight Path","Minty Spire (QoL Compilation)","Quick Restart"],"gold_per_floor":[119,129,79,91,91,91,126,126,173,187,222,238,254,281,281,281,281],"floor_reached":16,"language":"ENG","playtime":519,"items_purged":[],"score":243,"play_id":"3c25a00b-a802-4f4f-9d8c-5c2c363cdef8","local_time":"20210116163659","is_ascension_mode":true,"campfire_choices":[{"data":"ForeignInfluence","floor":6,"key":"SMITH"},{"data":"Eruption","floor":8,"key":"SMITH"},{"floor":15,"key":"REST"}],"circlet_count":0,"master_deck":["AscendersBane","Strike_P","Strike_P","Strike_P","Defend_P","Defend_P+1","Defend_P","Defend_P","Eruption+1","Vigilance+1","BowlingBash","LikeWater","ForeignInfluence+1","Vengeance","DevaForm"],"relics":["PureWater","NeowsBlessing","Smiling Mask","Strawberry","Dead Branch","Shovel"],"acts_visited":["Exordium"],"potions_floor_usage":[7,11],"damage_taken":[{"damage":0,"enemies":"2 Louse","floor":1,"turns":1},{"damage":0,"enemies":"Jaw Worm","floor":2,"turns":1},{"damage":0,"enemies":"Small Slimes","floor":4,"turns":2},{"damage":0,"enemies":"Gremlin Nob","floor":7,"turns":2},{"damage":1,"enemies":"Red Slaver","floor":10,"turns":2},{"damage":25,"enemies":"3 Sentries","floor":11,"turns":10},{"damage":2,"enemies":"Large Slime","floor":12,"turns":4},{"damage":0,"enemies":"Blue Slaver","floor":13,"turns":4},{"damage":31,"enemies":"Lagavulin","floor":14,"turns":7},{"damage":42,"enemies":"The Guardian","floor":16,"turns":4}],"seed_played":"-3371060934723836949","potions_obtained":[{"floor":1,"key":"SkillPotion"},{"floor":7,"key":"Fruit Juice"},{"floor":12,"key":"BlessingOfTheForge"}],"is_trial":false,"path_per_floor":["M","M","?","M","?","R","E","R","T","M","E","M","M","E","R","B"],"character_chosen":"WATCHER","items_purchased":[],"campfire_rested":1,"item_purchase_floors":[],"current_hp_per_floor":[65,65,65,65,51,51,56,56,63,62,37,35,35,4,29,0,0],"gold":281,"neow_bonus":"THREE_ENEMY_KILL","is_daily":false,"chose_seed":false,"campfire_upgraded":2,"win_rate":0.0,"timestamp":1610811419,"path_taken":["M","M","?","M","?","R","E","R","T","M","E","M","M","E","R","BOSS"],"items_purchased_type":[],"build_version":"2020-12-22","purchased_purges":0,"victory":false,"max_hp_per_floor":[72,72,72,72,72,72,77,77,84,84,84,84,84,84,84,84,84],"card_choices":[{"not_picked":["Tantrum","ClearTheMind"],"picked":"BowlingBash","floor":1},{"not_picked":["FlyingSleeves","SashWhip"],"picked":"LikeWater","floor":2},{"not_picked":["Halt","CarveReality"],"picked":"ForeignInfluence","floor":4},{"not_picked":["FlyingSleeves","FollowUp"],"picked":"Vengeance","floor":7},{"not_picked":["ClearTheMind","BowlingBash","Crescendo"],"picked":"SKIP","floor":10},{"not_picked":["Protect","SignatureMove"],"picked":"DevaForm","floor":11},{"not_picked":["Vengeance","ClearTheMind","DeceiveReality"],"picked":"SKIP","floor":12},{"not_picked":["Pray","FollowUp","WaveOfTheHand"],"picked":"SKIP","floor":13},{"not_picked":["Crescendo","BowlingBash","Establishment"],"picked":"SKIP","floor":14}],"player_experience":2127302,"relics_obtained":[{"floor":7,"key":"Smiling Mask"},{"floor":9,"key":"Strawberry"},{"floor":11,"key":"Dead Branch"},{"floor":14,"key":"Shovel"}],"event_choices":[{"cards_removed":["Strike_P"],"damage_healed":0,"gold_gain":0,"player_choice":"Card Removal","damage_taken":0,"max_hp_gain":0,"max_hp_loss":0,"event_name":"The Cleric","floor":3,"gold_loss":50},{"damage_healed":0,"gold_gain":0,"player_choice":"Entered Light","damage_taken":14,"max_hp_gain":0,"max_hp_loss":0,"event_name":"Shining Light","floor":5,"gold_loss":0,"cards_upgraded":["Vigilance","Defend_P"]}],"is_beta":false,"boss_relics":[],"items_purged_floors":[],"is_endless":false,"potions_floor_spawned":[1,7,12],"killed_by":"The Guardian","ascension_level":13}}