{"host":"yttw759xqm3gosmj","time":1610813215,"event":{"mods":["AchievementEnabler","Aspiration","Bartender","BaseMod","Bestiary","Better Note","Better Third Choice","BetterRewards","Clockwork Mod","Colored Map","Colorless Booster Pack","Conspire","Custom Start","Dark Map","Dio Mod","Energized Spire","Fiend Mod","GifTheSpireLib","Glutton Mod","Googly Eyes","Hermit","Hubris","Infinite Spire","Ironclad Rager","Mimic Mod","Minty Spire (QoL Compilation)","MostiFishMod","Rare Cards Sparkle","RatMod","Replay The Spire","Retaliation","Shade Mod","Shop Mod","Somnambulant","Spicy Shops","Spikes Relics","Spire Birthday Party","StSLib","Stuff the Spire","The Alterego","The Animator","The Bladedancer","The Cursed","The Edgeheg","The Forsaken","The Hierophant","The Judge","The Jungle","The Marked","The Necromancer","The Poker Player","The Servant 0.9.4","The Trickster","TheSwordswoman","TheVacant","Trackpad","Unceasing Turn Reminder","Useless Jewels Mod","Waifu the Spire","WarShipGirlsR/????R mod","egg","slay the spire mod where everything is the same but ironclad has a cowboy hat","thorton","vexMod","??????REMEMod"],"gold_per_floor":[112,112,18,0,17,17,30,65,98,112,112,127,50,60,60,159,159,159,159,159,11,11,11,11],"floor_reached":23,"language":"ENG","playtime":1315,"items_purged":[],"score":189,"play_id":"9ca5efbd-51aa-48f2-bbfe-01fec78dbf74","local_time":"20210116110655","is_ascension_mode":false,"campfire_choices":[{"floor":6,"key":"REST"},{"floor":11,"key":"RECALL"},{"floor":15,"key":"REST"}],"circlet_count":0,"master_deck":["Bash","ICR:RageStrike","ICR:RageStrike","ICR:RageStrike","ICR:RageStrike","ICR:RageStrike","ICR:ShieldBash","ICR:ShieldBash","ICR:ShieldBash","ICR:ShieldBash","theMarked:ComboAttacks+1","StuffTheSpire:Pyroclast","DDmod:EasePowerCard","DDmod:SpikedSkill","DDmod:PokeAttack","StuffTheSpire:RagingBull","ReplayTheSpireMod:LeadingStrike","Uppercut","DDmod:SpikedSkill","Anger","Reaper","REME_BattleFury","Riddle With Holes","ReplayTheSpireMod:Scrap Shanks","Tools of the Trade"],"relics":["Burning Blood","REME_ComplimentaryCards","DaveBox","Sling","SynthV:TestCard","StuffTheSpire:Experiment12","aspiration:SilentSkillbook","MerchantsRug","DDmod:BarbedSlagRelic"],"acts_visited":["Exordium","TheCity"],"potions_floor_usage":[16,16,18],"damage_taken":[{"damage":4,"enemies":"2 Louse","floor":1,"turns":4},{"damage":12,"enemies":"Small Slimes","floor":5,"turns":4},{"damage":2,"enemies":"Cultist","floor":7,"turns":3},{"damage":31,"enemies":"3 Sentries","floor":8,"turns":5},{"damage":7,"enemies":"3 Louse","floor":9,"turns":7},{"damage":12,"enemies":"3 Louse","floor":10,"turns":3},{"damage":17,"enemies":"Red Slaver","floor":12,"turns":3},{"damage":17,"enemies":"Large Slime","floor":14,"turns":6},{"damage":18,"enemies":"Hexaghost","floor":16,"turns":6},{"damage":33,"enemies":"conspire:FuzzyDice","floor":18,"turns":4},{"damage":66,"enemies":"REME_1_Revenger","floor":23,"turns":4}],"seed_played":"-2302164732874412424","potions_obtained":[{"floor":1,"key":"Weak Potion"},{"floor":7,"key":"SmokeBomb"},{"floor":10,"key":"PowerPotion"}],"is_trial":false,"path_per_floor":["M","?","$","?","M","R","M","E","MIM","M","R","M","$","M","R","B",null,"M","?","?","$","?","E"],"character_chosen":"IRONCLAD","items_purchased":["DDmod:EasePowerCard","DDmod:SpikedSkill","DDmod:SpikedSkill","DDmod:EasePowerCard","MerchantsRug"],"campfire_rested":2,"item_purchase_floors":[3,3,13,13,21],"current_hp_per_floor":[80,80,80,80,74,80,80,56,55,49,49,38,38,27,51,39,80,53,53,53,53,53,0,0],"gold":11,"neow_bonus":"IRONCLAD_RAGER","is_daily":false,"chose_seed":false,"campfire_upgraded":0,"win_rate":0.0,"timestamp":1610813215,"path_taken":["M","?","$","?","M","R","M","E","MIM","M","R","M","$","M","R","BOSS","M","?","?","?","?","E"],"items_purchased_type":["Card","Card","Card","Card","Relic"],"build_version":"2020-12-22","purchased_purges":0,"victory":false,"max_hp_per_floor":[80,80,80,80,80,80,80,80,80,80,80,80,80,80,80,80,80,80,80,80,80,80,80,80],"card_choices":[{"not_picked":["Clash","Iron Wave"],"picked":"StuffTheSpire:Pyroclast","floor":1},{"not_picked":["Flex","True Grit","Thunderclap","Armaments"],"picked":"DDmod:PokeAttack","floor":5},{"not_picked":["Anger","StuffTheSpire:RockThrow","Twin Strike","Clash"],"picked":"StuffTheSpire:RagingBull","floor":7},{"not_picked":["Flex","Blood for Blood","MostiFishMod:ChineseTea","Armaments"],"picked":"StuffTheSpire:RagingBull","floor":8},{"not_picked":["Replay:Undeath\u0027s Touch","ReplayTheSpireMod:Stacked","DDmod:SpikedSkill","Clothesline"],"picked":"REME_FearOfPain","floor":9},{"not_picked":["DDmod:CallousedSkill","Replay:Undeath\u0027s Touch","Cleave","DDmod:SpikedSkill"],"picked":"ReplayTheSpireMod:LeadingStrike","floor":10},{"not_picked":["Clash","Perfected Strike","REME_SingleHolding","ReplayTheSpireMod:LeadingStrike"],"picked":"Uppercut","floor":12},{"not_picked":["DDmod:EasePowerCard","Invigoration","Seeing Red","Shrug It Off"],"picked":"Anger","floor":14},{"not_picked":["Demonic Infusion","Replay:Many Hands","DDmod:PlatedThornsSkill","Hemogenesis"],"picked":"Reaper","floor":16}],"player_experience":97230,"relics_obtained":[{"floor":1,"key":"SynthV:TestCard"},{"floor":8,"key":"StuffTheSpire:Experiment12"}],"event_choices":[{"cards_removed":["Reaper"],"damage_healed":0,"gold_gain":0,"player_choice":"Take \u0026 Give","damage_taken":0,"max_hp_gain":0,"max_hp_loss":0,"event_name":"betterNote:BetterNote","floor":19,"gold_loss":0,"cards_obtained":["REME_BattleFury"]}],"is_beta":false,"boss_relics":[{"not_picked":["aspiration:SecretTechniqueScroll","Ectoplasm"],"picked":"aspiration:SilentSkillbook"}],"items_purged_floors":[],"is_endless":false,"potions_floor_spawned":[1,7,10,18],"killed_by":"REME_1_Revenger","ascension_level":0}}