{"host":"90jl2h70xtuoeg0i","time":1610770367,"event":{"mods":["AchievementEnabler","BaseMod","Colored Map","Colored Powertips","Minty Spire (QoL Compilation)","Relic Stats","ojb\u0027s Better Paths Mod","ojb\u0027s Info Mod"],"gold_per_floor":[109,127,146,221,34,34,62,82,107,117,135,135,145,21,21,122,122,133,133,133,165,90,90],"floor_reached":22,"language":"ENG","playtime":6249,"items_purged":["Strike_B"],"score":242,"play_id":"ff6a6452-448c-4c7c-978d-9ab3acfdf364","local_time":"20210115231247","is_ascension_mode":true,"campfire_choices":[{"data":"Defragment","floor":6.0,"key":"SMITH"},{"floor":12.0,"key":"REST"},{"data":"Defragment","floor":15.0,"key":"SMITH"}],"circlet_count":0,"master_deck":["Strike_B","Defend_B","Defend_B","Defend_B","Defend_B","Zap","Dualcast","Compile Driver","Ball Lightning","Defragment+1","Glacier","Lockon","Seek","Barrage","Defragment+1","Coolheaded","Echo Form","Melter","Core Surge","Loop","Genetic Algorithm","Undo+1"],"relics":["SacredBark","Membership Card","Smiling Mask","Oddly Smooth Stone","Orrery","Inserter","Red Mask"],"acts_visited":["Exordium","TheCity"],"potions_floor_usage":[21,22],"damage_taken":[{"damage":8.0,"enemies":"Jaw Worm","floor":1.0,"turns":4.0},{"damage":12.0,"enemies":"2 Louse","floor":2.0,"turns":3.0},{"damage":0.0,"enemies":"Small Slimes","floor":3.0,"turns":3.0},{"damage":11.0,"enemies":"Gremlin Nob","floor":7.0,"turns":4.0},{"damage":3.0,"enemies":"Looter","floor":8.0,"turns":3.0},{"damage":12.0,"enemies":"Exordium Wildlife","floor":10.0,"turns":4.0},{"damage":4.0,"enemies":"2 Fungi Beasts","floor":11.0,"turns":4.0},{"damage":0.0,"enemies":"Looter","floor":13.0,"turns":3.0},{"damage":7.0,"enemies":"The Guardian","floor":16.0,"turns":11.0},{"damage":17.0,"enemies":"3 Byrds","floor":18.0,"turns":5.0},{"damage":39,"enemies":"Masked Bandits","floor":21,"turns":6},{"damage":12,"enemies":"2 Thieves","floor":22,"turns":3}],"seed_played":"7462219694195244793","potions_obtained":[{"floor":2.0,"key":"DistilledChaos"},{"floor":8.0,"key":"Strength Potion"},{"floor":10.0,"key":"DuplicationPotion"},{"floor":11.0,"key":"DistilledChaos"},{"floor":13.0,"key":"AttackPotion"}],"is_trial":false,"path_per_floor":["M","M","M","?","$","R","E","M","T","M","M","R","M","$","R","B",null,"M","?","?","?","M"],"character_chosen":"DEFECT","items_purchased":["Membership Card","Glacier","Orrery"],"campfire_rested":1,"item_purchase_floors":[5,5,14],"current_hp_per_floor":[60,48,48,37,37,37,26,23,23,11,7,29,29,29,29,22,62,45,45,45,6,0,0],"gold":90,"neow_bonus":"BOSS_RELIC","is_daily":false,"chose_seed":false,"campfire_upgraded":2,"win_rate":0.0,"timestamp":1610770367,"path_taken":["M","M","M","?","$","R","E","M","T","M","M","R","M","$","R","BOSS","M","?","?","?","M"],"items_purchased_type":["Relic","Card","Relic"],"build_version":"2020-12-22","purchased_purges":1,"victory":false,"max_hp_per_floor":[75,75,75,75,75,75,75,75,75,75,75,75,75,75,75,75,75,75,75,75,75,75,75],"relic_stats":{"Inserter":[7],"counters":[12,53],"Smiling Mask":-12,"obtain_stats":[{"Inserter":17,"SacredBark":0,"Oddly Smooth Stone":9,"Orrery":14,"Red Mask":21,"Membership Card":5,"Cracked Core":0,"Smiling Mask":7},{"Inserter":9,"SacredBark":0,"Oddly Smooth Stone":5,"Orrery":8,"Red Mask":11,"Membership Card":3,"Cracked Core":0,"Smiling Mask":4},{"Inserter":39,"SacredBark":0,"Oddly Smooth Stone":17,"Orrery":28,"Red Mask":50,"Membership Card":10,"Cracked Core":0,"Smiling Mask":14}]},"card_choices":[{"not_picked":["Conserve Battery","Beam Cell"],"picked":"Compile Driver","floor":1.0},{"not_picked":["Stack","Auto Shields"],"picked":"Ball Lightning","floor":2.0},{"not_picked":["Stack","Ball Lightning"],"picked":"Defragment","floor":3.0},{"not_picked":["Steam","Turbo"],"picked":"Lockon","floor":7.0},{"not_picked":["Storm","Steam Power","Glacier"],"picked":"SKIP","floor":8.0},{"not_picked":["Beam Cell","White Noise","Leap"],"picked":"SKIP","floor":10.0},{"not_picked":["Go for the Eyes","Lockon"],"picked":"Seek","floor":11.0},{"not_picked":["Leap","Stack"],"picked":"Barrage","floor":13.0},{"not_picked":["Undo","Leap"],"picked":"Defragment","floor":14.0},{"not_picked":["Stack","Redo"],"picked":"Coolheaded","floor":14.0},{"not_picked":["Go for the Eyes","Rip and Tear"],"picked":"Echo Form","floor":14.0},{"not_picked":["Go for the Eyes","Auto Shields"],"picked":"Melter","floor":14.0},{"not_picked":["All For One","Biased Cognition"],"picked":"Core Surge","floor":16.0},{"not_picked":["Coolheaded","Beam Cell","Heatsinks"],"picked":"SKIP","floor":18.0},{"not_picked":["Barrage","White Noise"],"picked":"Undo+1","floor":21}],"player_experience":1428267,"relics_obtained":[{"floor":7.0,"key":"Smiling Mask"},{"floor":9.0,"key":"Oddly Smooth Stone"},{"floor":21,"key":"Red Mask"}],"event_choices":[{"damage_healed":0.0,"max_hp_gain":0.0,"max_hp_loss":0.0,"gold_gain":75.0,"event_name":"World of Goop","player_choice":"Gather Gold","floor":4.0,"gold_loss":0.0,"damage_taken":11.0},{"damage_healed":0.0,"max_hp_gain":0.0,"max_hp_loss":0.0,"gold_gain":0.0,"cards_transformed":["Strike_B","Strike_B"],"event_name":"Drug Dealer","player_choice":"Became Test Subject","floor":19.0,"gold_loss":0.0,"damage_taken":0.0,"cards_obtained":["Loop","Genetic Algorithm"]},{"damage_healed":0.0,"max_hp_gain":0.0,"max_hp_loss":0.0,"gold_gain":0.0,"event_name":"Vampires","player_choice":"Ignored","floor":20.0,"gold_loss":0.0,"damage_taken":0.0},{"damage_healed":0,"gold_gain":0,"player_choice":"Fought Bandits","damage_taken":0,"max_hp_gain":0,"max_hp_loss":0,"event_name":"Masked Bandits","floor":21,"gold_loss":0}],"is_beta":false,"boss_relics":[{"not_picked":["Black Star","Snecko Eye"],"picked":"Inserter"}],"items_purged_floors":[14],"is_endless":false,"potions_floor_spawned":[2,8,10,11,13],"killed_by":"2 Thieves","ascension_level":6}}