{"host":"7yxt37kap0q16lk4","time":1610837982,"event":{"mods":["2.2 Compatiblity","Act Like it!","BaseMod","Better Third Choice","Better-Laid Plans","Colored Map","Custom Start","Highlight Path","Keyboard Shortcuts","Minty Spire (QoL Compilation)","Quick Restart","Rare Cards Sparkle","Relic Stats","Shop Mod","Slay the Relics Exporter","StSLib","SuperFastMode"],"gold_per_floor":[118,118,135,145,156,156,166,192,192,223,246,258,258],"floor_reached":12,"language":"KOR","playtime":268,"items_purged":[],"score":184,"play_id":"4bf92bc5-412a-469c-bd96-faab815db20b","local_time":"20210117075942","is_ascension_mode":true,"campfire_choices":[{"data":"Defragment","floor":6.0,"key":"SMITH"}],"circlet_count":0,"master_deck":["AscendersBane","Strike_B","Strike_B","Strike_B","Defend_B","Defend_B","Defend_B","Defend_B","Zap+1","Dualcast","Defragment+1","Ball Lightning","Recycle","Consume","Sunder","White Noise","Coolheaded","Skim","Creative AI"],"relics":["Cracked Core","Omamori","Prayer Wheel","Centennial Puzzle","MawBank"],"acts_visited":["Exordium"],"potions_floor_usage":[12],"damage_taken":[{"damage":0.0,"enemies":"Jaw Worm","floor":1.0,"turns":3.0},{"damage":0.0,"enemies":"2 Louse","floor":3.0,"turns":1.0},{"damage":1.0,"enemies":"Cultist","floor":4.0,"turns":3.0},{"damage":4.0,"enemies":"2 Fungi Beasts","floor":5.0,"turns":3.0},{"damage":7.0,"enemies":"Looter","floor":7.0,"turns":3.0},{"damage":15.0,"enemies":"3 Sentries","floor":8.0,"turns":5.0},{"damage":15,"enemies":"Lagavulin","floor":10,"turns":5},{"damage":6,"enemies":"Large Slime","floor":11,"turns":5},{"damage":15,"enemies":"3 Sentries","floor":12,"turns":2}],"seed_played":"-2296072969764863800","potions_obtained":[{"floor":5.0,"key":"Dexterity Potion"},{"floor":8.0,"key":"Explosive Potion"},{"floor":11,"key":"FearPotion"}],"is_trial":false,"path_per_floor":["M","?","M","M","M","R","M","E","T","E","M","E"],"character_chosen":"DEFECT","items_purchased":[],"campfire_rested":0,"item_purchase_floors":[],"current_hp_per_floor":[64,57,57,56,52,52,45,30,30,15,9,0,0],"gold":258,"neow_bonus":"UPGRADE_CARD","is_daily":false,"chose_seed":false,"campfire_upgraded":1,"win_rate":0.0,"timestamp":1610837982,"path_taken":["M","?","M","M","M","R","M","E","T","E","M","E"],"items_purchased_type":[],"build_version":"2020-12-22","purchased_purges":0,"victory":false,"max_hp_per_floor":[71,71,71,71,71,71,71,71,71,71,71,71,71],"relic_stats":{"Centennial Puzzle":[9],"counters":[9,30],"Prayer Wheel":1,"MawBank":24,"obtain_stats":[{"Centennial Puzzle":9,"Prayer Wheel":8,"Omamori":0,"Cracked Core":0,"MawBank":10},{"Centennial Puzzle":6,"Prayer Wheel":6,"Omamori":0,"Cracked Core":0,"MawBank":7},{"Centennial Puzzle":18,"Prayer Wheel":18,"Omamori":0,"Cracked Core":0,"MawBank":23}]},"card_choices":[{"not_picked":["Streamline","Compile Driver"],"picked":"Defragment","floor":1.0},{"not_picked":["Storm","Steam Power"],"picked":"Ball Lightning","floor":3.0},{"not_picked":["Melter","Hologram"],"picked":"Recycle","floor":4.0},{"not_picked":["Consume","Gash","Steam"],"picked":"SKIP","floor":5.0},{"not_picked":["Gash","Steam"],"picked":"Consume","floor":5.0},{"not_picked":["Rebound","Sweeping Beam"],"picked":"Sunder","floor":7.0},{"not_picked":["Gash","Streamline"],"picked":"White Noise","floor":8.0},{"not_picked":["Sweeping Beam","Cold Snap"],"picked":"Coolheaded","floor":10},{"not_picked":["Aggregate","Rebound"],"picked":"Skim","floor":11},{"not_picked":["Conserve Battery","Auto Shields"],"picked":"Creative AI","floor":11}],"player_experience":1049335,"relics_obtained":[{"floor":8.0,"key":"Prayer Wheel"},{"floor":9.0,"key":"Centennial Puzzle"},{"floor":10,"key":"MawBank"}],"event_choices":[{"cards_removed":["Strike_B"],"damage_healed":0.0,"max_hp_gain":0.0,"max_hp_loss":0.0,"gold_gain":0.0,"event_name":"Golden Wing","player_choice":"Card Removal","floor":2.0,"gold_loss":0.0,"damage_taken":7.0}],"is_beta":false,"boss_relics":[],"items_purged_floors":[],"is_endless":false,"potions_floor_spawned":[5,8,11],"killed_by":"3 Sentries","ascension_level":20}}