{"host":"i4eavuqabbk5mi94","time":1610828908,"event":{"mods":["BaseMod","Googly Eyes","Minty Spire (QoL Compilation)"],"gold_per_floor":[119,74,24,24,35,66,78,103,156,167,167,12,29,40,40,138,138,153,252,268,268,119,119,119],"floor_reached":23,"language":"ENG","playtime":933,"items_purged":["Defend_G"],"score":283,"play_id":"89a35eb9-c17e-4be2-b3d4-f99d9eaa94f5","local_time":"20210116202828","is_ascension_mode":true,"campfire_choices":[{"floor":11,"key":"REST"},{"floor":15,"key":"REST"}],"circlet_count":0,"master_deck":["Strike_G","Strike_G","Strike_G","Strike_G","Defend_G","Defend_G","Defend_G","Survivor+1","Neutralize","Poisoned Stab","Cloak And Dagger","Night Terror","Catalyst","Accuracy","Blade Dance+1","PiercingWail","Backflip","Crippling Poison","Storm of Steel","Tactician+1","Catalyst","Footwork"],"relics":["Ring of the Snake","NeowsBlessing","Pear","Art of War","War Paint","Snake Skull","Fusion Hammer"],"acts_visited":["Exordium","TheCity"],"potions_floor_usage":[10,10,16,16],"damage_taken":[{"damage":0,"enemies":"2 Louse","floor":1,"turns":1},{"damage":0,"enemies":"Small Slimes","floor":5,"turns":1},{"damage":0,"enemies":"Lagavulin","floor":6,"turns":1},{"damage":0,"enemies":"Cultist","floor":7,"turns":4},{"damage":40,"enemies":"3 Sentries","floor":8,"turns":13},{"damage":0,"enemies":"Lots of Slimes","floor":10,"turns":4},{"damage":7,"enemies":"Exordium Thugs","floor":13,"turns":4},{"damage":0,"enemies":"2 Fungi Beasts","floor":14,"turns":4},{"damage":16,"enemies":"Slime Boss","floor":16,"turns":11},{"damage":13,"enemies":"Shell Parasite","floor":18,"turns":6},{"damage":0,"enemies":"Chosen","floor":20,"turns":4},{"damage":63,"enemies":"Gremlin Leader","floor":23,"turns":5}],"seed_played":"8334753546966602096","potions_obtained":[{"floor":1,"key":"Fire Potion"},{"floor":7,"key":"Dexterity Potion"},{"floor":8,"key":"GamblersBrew"},{"floor":14,"key":"SneckoOil"}],"is_trial":false,"path_per_floor":["M","$","?","?","M","E","M","E","T","M","R","$","M","M","R","B",null,"M","?","M","?","$","E"],"character_chosen":"THE_SILENT","items_purchased":["Cloak And Dagger","Snake Skull","Footwork"],"campfire_rested":2,"item_purchase_floors":[2,12,22],"current_hp_per_floor":[70,70,70,70,70,80,80,40,40,40,64,64,57,57,80,64,76,63,63,63,63,63,0,0],"gold":119,"neow_bonus":"THREE_ENEMY_KILL","is_daily":false,"chose_seed":false,"campfire_upgraded":0,"win_rate":0.0,"timestamp":1610828908,"path_taken":["M","$","?","?","M","E","?","E","T","M","R","?","M","M","R","BOSS","M","?","M","?","?","E"],"items_purchased_type":["Card","Relic","Card"],"build_version":"2020-12-22","purchased_purges":1,"victory":false,"max_hp_per_floor":[70,70,70,70,70,80,80,80,80,80,80,80,80,80,80,80,80,80,80,80,80,80,80,80],"card_choices":[{"not_picked":["Backstab","Underhanded Strike"],"picked":"Poisoned Stab","floor":1},{"not_picked":["Slice","Dash"],"picked":"Catalyst","floor":5},{"not_picked":["Heel Hook","Flying Knee","Sucker Punch"],"picked":"SKIP","floor":6},{"not_picked":["Outmaneuver","Dagger Spray"],"picked":"Accuracy","floor":7},{"not_picked":["Die Die Die","Concentrate"],"picked":"Blade Dance","floor":8},{"not_picked":["Cloak And Dagger","All Out Attack"],"picked":"PiercingWail","floor":10},{"not_picked":["Slice","Dash"],"picked":"Backflip","floor":13},{"not_picked":["Acrobatics","Catalyst"],"picked":"Crippling Poison","floor":14},{"not_picked":["Die Die Die","Unload"],"picked":"Storm of Steel","floor":16},{"not_picked":["Deadly Poison","Dagger Throw"],"picked":"Tactician+1","floor":18},{"not_picked":["Dagger Spray","Dash"],"picked":"Catalyst","floor":20}],"player_experience":397958,"relics_obtained":[{"floor":6,"key":"Pear"},{"floor":8,"key":"Art of War"},{"floor":9,"key":"War Paint"}],"event_choices":[{"cards_removed":["Strike_G"],"damage_healed":0,"gold_gain":0,"player_choice":"Card Removal","damage_taken":0,"max_hp_gain":0,"max_hp_loss":0,"event_name":"The Cleric","floor":3,"gold_loss":50},{"damage_healed":0,"gold_gain":0,"cards_transformed":["Defend_G"],"player_choice":"Transformed","damage_taken":0,"max_hp_gain":0,"max_hp_loss":0,"event_name":"Transmorgrifier","floor":4,"gold_loss":0,"cards_obtained":["Night Terror"]},{"damage_healed":0,"gold_gain":99,"player_choice":"Stole From Cult","damage_taken":0,"max_hp_gain":0,"max_hp_loss":0,"event_name":"Nest","floor":19,"gold_loss":0},{"damage_healed":0,"gold_gain":0,"player_choice":"Ignored","damage_taken":0,"max_hp_gain":0,"max_hp_loss":0,"event_name":"Vampires","floor":21,"gold_loss":0}],"is_beta":false,"boss_relics":[{"not_picked":["Cursed Key","Runic Dome"],"picked":"Fusion Hammer"}],"items_purged_floors":[22],"is_endless":false,"potions_floor_spawned":[1,7,8,14],"killed_by":"Gremlin Leader","ascension_level":5}}