{"host":"r53pw7z744tg3fxg","time":1610804904,"event":{"mods":["AchievementEnabler","BaseMod","Colored Map","Colored Powertips","Highlight Path","Minty Spire (QoL Compilation)","Quick Restart","Transform Curses"],"gold_per_floor":[117,128,143,0,14,14,44,58,128,128,128,128,159,171,171,243,243,263,41,61,77,77,77,108,123,149,149,149],"floor_reached":27,"language":"ENG","playtime":1088,"items_purged":[],"score":516,"play_id":"162d7c3c-0072-4c67-ae48-e556c6f84677","local_time":"20210116064824","is_ascension_mode":true,"campfire_choices":[{"floor":6,"key":"REST"},{"floor":10,"key":"REST"},{"data":"Eruption","floor":12,"key":"SMITH"},{"floor":15,"key":"REST"},{"floor":23,"key":"REST"}],"circlet_count":0,"master_deck":["AscendersBane","Strike_P","Strike_P","Strike_P","Strike_P","Defend_P","Defend_P","Defend_P","Defend_P","Eruption+1","Vigilance","Swivel","ReachHeaven","Prostrate","Thunderclap","White Noise","Sucker Punch","Establishment","Armaments","Chrysalis","Protect+1","BattleHymn","Deflect+1","Deflect+1","RitualDagger","Dagger Throw"],"relics":["PureWater","PrismaticShard","Centennial Puzzle","StrikeDummy","Pocketwatch","Toy Ornithopter","VioletLotus","Happy Flower","Du-Vu Doll","Dream Catcher"],"acts_visited":["Exordium","TheCity"],"potions_floor_usage":[7,13,21,21,21,24,25],"damage_taken":[{"damage":19,"enemies":"Cultist","floor":1,"turns":6},{"damage":0,"enemies":"Small Slimes","floor":2,"turns":2},{"damage":0,"enemies":"2 Louse","floor":3,"turns":2},{"damage":11,"enemies":"Exordium Thugs","floor":5,"turns":3},{"damage":29,"enemies":"Gremlin Nob","floor":7,"turns":4},{"damage":0,"enemies":"Blue Slaver","floor":8,"turns":3},{"damage":20,"enemies":"3 Sentries","floor":13,"turns":5},{"damage":0,"enemies":"2 Fungi Beasts","floor":14,"turns":2},{"damage":0,"enemies":"Slime Boss","floor":16,"turns":5},{"damage":14,"enemies":"Chosen","floor":18,"turns":5},{"damage":16,"enemies":"Shell Parasite","floor":20,"turns":4},{"damage":23,"enemies":"Snake Plant","floor":21,"turns":6},{"damage":50,"enemies":"Slavers","floor":24,"turns":10},{"damage":5,"enemies":"3 Cultists","floor":25,"turns":4},{"damage":5,"enemies":"Book of Stabbing","floor":27,"turns":1}],"seed_played":"8360382647409215794","potions_obtained":[{"floor":1,"key":"CultistPotion"},{"floor":2,"key":"LiquidBronze"},{"floor":8,"key":"Swift Potion"},{"floor":14,"key":"Weak Potion"},{"floor":18,"key":"StancePotion"},{"floor":20,"key":"EntropicBrew"},{"floor":24,"key":"ColorlessPotion"}],"is_trial":false,"path_per_floor":["M","M","M","$","M","R","E","M","T","R","?","R","E","M","R","B",null,"M","$","M","M","?","R","E","M","T","E"],"character_chosen":"WATCHER","items_purchased":["PrismaticShard","Happy Flower","BattleHymn"],"campfire_rested":4,"item_purchase_floors":[4,19,19],"current_hp_per_floor":[48,48,48,48,37,59,30,30,30,52,52,52,32,32,54,54,69,55,55,39,31,25,47,2,2,2,0,0],"gold":149,"neow_bonus":"TEN_PERCENT_HP_BONUS","is_daily":false,"chose_seed":false,"campfire_upgraded":1,"win_rate":0.0,"timestamp":1610804904,"path_taken":["M","M","M","$","M","R","E","M","T","R","?","R","E","M","R","BOSS","M","$","M","M","?","R","E","M","T","E"],"items_purchased_type":["Relic","Relic","Card"],"build_version":"2020-12-22","purchased_purges":0,"victory":false,"max_hp_per_floor":[74,74,74,74,74,74,74,74,74,74,74,74,74,74,74,74,74,74,74,74,74,74,74,74,74,74,74,74],"card_choices":[{"not_picked":["Weave","Tantrum"],"picked":"Swivel","floor":1},{"not_picked":["FlurryOfBlows","SandsOfTime"],"picked":"ReachHeaven","floor":2},{"not_picked":["Crescendo","Indignation"],"picked":"Prostrate","floor":3},{"not_picked":["Weave","Sanctity"],"picked":"Thunderclap","floor":5},{"not_picked":["WaveOfTheHand","Accuracy"],"picked":"White Noise","floor":7},{"not_picked":["FlyingSleeves","EmptyFist"],"picked":"Sucker Punch","floor":8},{"not_picked":["SignatureMove","Sucker Punch"],"picked":"Establishment","floor":13},{"not_picked":["Infinite Blades","CutThroughFate"],"picked":"Armaments","floor":14},{"not_picked":["Barricade","Die Die Die"],"picked":"Chrysalis","floor":16},{"not_picked":["Dagger Throw","Blizzard"],"picked":"Protect+1","floor":18},{"not_picked":["Power Through","Heavy Blade"],"picked":"Deflect+1","floor":20},{"not_picked":["Perseverance","Sword Boomerang"],"picked":"Deflect+1","floor":21},{"not_picked":["Warcry","Double Energy+1","Omniscience"],"picked":"SKIP","floor":24},{"not_picked":["Turbo","Eviscerate"],"picked":"Dagger Throw","floor":25}],"player_experience":1274563,"relics_obtained":[{"floor":7,"key":"Centennial Puzzle"},{"floor":9,"key":"StrikeDummy"},{"floor":13,"key":"Toy Ornithopter"},{"floor":24,"key":"Du-Vu Doll"},{"floor":26,"key":"Dream Catcher"}],"event_choices":[{"damage_healed":0,"gold_gain":0,"player_choice":"Gave Potion","damage_taken":0,"relics_obtained":["Pocketwatch"],"max_hp_gain":0,"max_hp_loss":0,"event_name":"WeMeetAgain","floor":11,"gold_loss":0},{"damage_healed":0,"gold_gain":0,"player_choice":"Joined the Cult","damage_taken":6,"max_hp_gain":0,"max_hp_loss":0,"event_name":"Nest","floor":22,"gold_loss":0,"cards_obtained":["RitualDagger"]}],"is_beta":false,"boss_relics":[{"not_picked":["Empty Cage","Velvet Choker"],"picked":"VioletLotus"}],"items_purged_floors":[],"is_endless":false,"potions_floor_spawned":[1,2,8,14,18,20,24],"killed_by":"Book of Stabbing","ascension_level":15}}