{"host":"t7rtdu4954o308h4","time":1610793694,"event":{"mods":["100% Spire Juice","ATMod(°¢èªMod)","BaseMod","Conspire","Downfall","Highlight Path","Hubris","Infinite Spire","Minty Spire (QoL Compilation)","MostiFishMod","StSLib","TestMod","Waifu the Spire","¡¾ÒÅÎï¿¨ÅÆ¡¿REMEMod"],"gold_per_floor":[99,99,117,63,63,81,81,81,27,27,27,39,24,24,55,55,55,55],"floor_reached":16,"language":"ZHS","playtime":1414,"items_purged":[],"score":88,"play_id":"f3435981-18c8-4b43-8bc7-7067b3cbcaef","local_time":"20210116184134","is_ascension_mode":false,"campfire_choices":[{"data":"AT_FamilyPortrait","floor":1,"key":"SMITH"},{"data":"hexamod:SwordOfDarkness","floor":8,"key":"SMITH"},{"data":"hexamod:Rewind","floor":11,"key":"SMITH"}],"circlet_count":0,"master_deck":["hubris:Hubris","hexamod:Strike","hexamod:Strike+1","hexamod:Strike","hexamod:Strike","hexamod:Defend","hexamod:Defend+1","hexamod:Defend","hexamod:Defend","hexamod:Sear+1","hexamod:Float","Immolate","AT_FamilyPortrait+1","hexamod:FourthSeal","hexamod:StepThrough","hexamod:HeatCrush","hexamod:SwordOfDarkness+1","hexamod:RainOfEmbers","hexamod:Rewind+1","hexamod:ExtraCrispy+1","hexamod:RetreatToShadows","hexamod:SpectralAdrenaline"],"relics":["hexamod:SpiritBrand","AT_ATBox","DaveBox","testmod-TestBox","REME_ComplimentaryCards","testmod-IWantAll","ChiXiaoBlade","infinitespire:EmpoweringShard"],"acts_visited":["Exordium"],"potions_floor_usage":[9,13,16,16],"damage_taken":[{"damage":0,"enemies":"conspire:RoseBush","floor":3,"turns":3},{"damage":0,"enemies":"downfall:FleeingMerchant","floor":4,"turns":4},{"damage":8,"enemies":"Small Slimes","floor":6,"turns":2},{"damage":15,"enemies":"downfall:FleeingMerchant","floor":9,"turns":4},{"damage":0,"enemies":"Cultist","floor":12,"turns":2},{"damage":10,"enemies":"downfall:FleeingMerchant","floor":13,"turns":4},{"damage":23,"enemies":"Large Slime","floor":15,"turns":6},{"damage":23,"enemies":"WA_ARCHETYPE_RETAIN","floor":16,"turns":6}],"seed_played":"-186599511761126503","potions_obtained":[{"floor":4,"key":"Ancient Potion"},{"floor":6,"key":"Energy Potion"},{"floor":6,"key":"Fire Potion"},{"floor":9,"key":"CultistPotion"},{"floor":13,"key":"REME_GoldPotion"},{"floor":15,"key":"hexamod:EctoCoolerPotion"}],"is_trial":false,"path_per_floor":["R","?","M","$","?","M","T","R","$","?","R","M","$","?","M","B"],"character_chosen":"THE_SPIRIT","items_purchased":["hexamod:HeatCrush","hexamod:Rewind"],"campfire_rested":0,"item_purchase_floors":[4,9],"current_hp_per_floor":[77,77,77,77,77,69,69,69,54,54,54,54,44,44,21,0,0,0],"gold":55,"neow_bonus":"TEN_PERCENT_HP_BONUS","is_daily":false,"chose_seed":false,"campfire_upgraded":3,"win_rate":0.0,"timestamp":1610793694,"path_taken":["R","?","M","$","?","?","T","R","$","?","R","M","?","?","M","BOSS"],"items_purchased_type":["Card","Card"],"build_version":"2020-12-22","purchased_purges":0,"victory":false,"max_hp_per_floor":[77,77,77,77,77,77,77,77,77,77,77,77,77,77,77,77,77,77],"card_choices":[{"not_picked":["hexamod:SuperheatedStrike","hexamod:BacktrackSmack"],"picked":"hexamod:FourthSeal","floor":3},{"not_picked":["hexamod:NecessarySacrifice","hexamod:Firestarter"],"picked":"hexamod:StepThrough","floor":4},{"not_picked":["hexamod:Again","hexamod:SpectralSpark"],"picked":"hexamod:SwordOfDarkness","floor":6},{"not_picked":["hexamod:AdvancingGuard","hexamod:SwordOfDarkness"],"picked":"hexamod:RainOfEmbers","floor":9},{"not_picked":["hexamod:RetreatToShadows","hexamod:BurningTouch"],"picked":"hexamod:ExtraCrispy","floor":12},{"not_picked":["hexamod:EmpoweredFlame","hexamod:Firestarter"],"picked":"hexamod:RetreatToShadows","floor":13},{"not_picked":["hexamod:InspiringFlames","hexamod:HauntingEcho"],"picked":"hexamod:SpectralAdrenaline","floor":15}],"player_experience":104306,"relics_obtained":[{"floor":7,"key":"infinitespire:EmpoweringShard"}],"event_choices":[{"cards_removed":["downfall:Malfunctioning"],"damage_healed":0,"gold_gain":0,"player_choice":"Card Removal","damage_taken":0,"max_hp_gain":0,"max_hp_loss":0,"event_name":"The Cleric","floor":10,"gold_loss":0},{"damage_healed":0,"gold_gain":0,"player_choice":"Forge","damage_taken":0,"max_hp_gain":0,"max_hp_loss":0,"event_name":"Accursed Blacksmith","floor":14,"gold_loss":0,"cards_upgraded":["hexamod:ExtraCrispy"]}],"is_beta":false,"boss_relics":[],"items_purged_floors":[],"is_endless":false,"potions_floor_spawned":[6,15],"killed_by":"WA_ARCHETYPE_RETAIN","ascension_level":0}}