{"host":"yvb207ks1sg3cxef","time":1610799623,"event":{"mods":["2.2 Compatiblity","BaseMod","Bestiary","Colored Powertips","Minty Spire (QoL Compilation)","Permanent Neow","Quick Restart","Relic Stats","StSLib"],"gold_per_floor":[118,118,70,87,97,97,124,124,178,103,103,117,135,163,163,163,163],"floor_reached":16,"language":"ENG","playtime":553,"items_purged":[],"score":220,"play_id":"4f2e660a-f8b3-43c4-99ec-98326cd21c52","local_time":"20210116175023","is_ascension_mode":true,"campfire_choices":[{"data":"Quick Slash","floor":6,"key":"SMITH"},{"floor":8,"key":"REST"},{"data":"Corpse Explosion","floor":15,"key":"SMITH"}],"circlet_count":0,"master_deck":["AscendersBane","Strike_G","Strike_G","Strike_G","Strike_G","Defend_G","Defend_G","Defend_G","Defend_G","Defend_G","Survivor","Neutralize","Blade Dance+1","Quick Slash+1","Corpse Explosion+1","Footwork","Dodge and Roll"],"relics":["Black Star","Regal Pillow","Lantern","Dream Catcher","Nunchaku","Blood Vial","InkBottle"],"acts_visited":["Exordium"],"potions_floor_usage":[7,16],"damage_taken":[{"damage":4,"enemies":"Small Slimes","floor":1,"turns":5},{"damage":4,"enemies":"2 Louse","floor":4,"turns":4},{"damage":3,"enemies":"Cultist","floor":5,"turns":4},{"damage":36,"enemies":"Gremlin Nob","floor":7,"turns":4},{"damage":0,"enemies":"3 Louse","floor":12,"turns":4},{"damage":1,"enemies":"Looter","floor":13,"turns":4},{"damage":13,"enemies":"3 Sentries","floor":14,"turns":3},{"damage":41,"enemies":"Hexaghost","floor":16,"turns":12}],"seed_played":"-1524905474142329602","potions_obtained":[{"floor":1,"key":"Poison Potion"},{"floor":7,"key":"Dexterity Potion"},{"floor":14,"key":"PowerPotion"}],"is_trial":false,"path_per_floor":["M","?","?","M","M","R","E","R","T","?","T","M","M","E","R","B"],"character_chosen":"THE_SILENT","items_purchased":[],"campfire_rested":1,"item_purchase_floors":[],"current_hp_per_floor":[55,55,55,51,48,48,12,46,46,46,46,46,45,32,32,0,0],"gold":163,"neow_bonus":"BOSS_RELIC","is_daily":false,"chose_seed":false,"campfire_upgraded":2,"win_rate":0.0,"timestamp":1610799623,"path_taken":["M","?","?","M","M","R","E","R","T","?","?","M","M","E","R","BOSS"],"items_purchased_type":[],"build_version":"2020-12-22","purchased_purges":0,"victory":false,"max_hp_per_floor":[66,66,66,66,66,66,66,66,66,66,66,66,66,66,66,66,66],"relic_stats":{"Blood Vial":2,"Regal Pillow":15,"Dream Catcher":0,"Nunchaku":[6],"counters":[8,40],"Black Star":2,"obtain_stats":[{"Blood Vial":14,"Regal Pillow":7,"Lantern":7,"Dream Catcher":9,"Nunchaku":11,"Black Star":0,"InkBottle":14,"Ring of the Snake":0},{"Blood Vial":7,"Regal Pillow":4,"Lantern":4,"Dream Catcher":4,"Nunchaku":4,"Black Star":0,"InkBottle":7,"Ring of the Snake":0},{"Blood Vial":28,"Regal Pillow":17,"Lantern":17,"Dream Catcher":17,"Nunchaku":17,"Black Star":0,"InkBottle":28,"Ring of the Snake":0}],"InkBottle":[5]},"card_choices":[{"not_picked":["Blur","Escape Plan"],"picked":"Blade Dance","floor":1},{"not_picked":["All Out Attack","Backflip"],"picked":"Quick Slash","floor":4},{"not_picked":["All Out Attack","Catalyst","Outmaneuver"],"picked":"SKIP","floor":5},{"not_picked":["Accuracy","Poisoned Stab"],"picked":"Corpse Explosion","floor":7},{"not_picked":["Slice","Quick Slash"],"picked":"Footwork","floor":12},{"not_picked":["Flying Knee","Outmaneuver","All Out Attack"],"picked":"SKIP","floor":13},{"not_picked":["Quick Slash","All Out Attack"],"picked":"Dodge and Roll","floor":14}],"player_experience":360902,"relics_obtained":[{"floor":7,"key":"Regal Pillow"},{"floor":7,"key":"Lantern"},{"floor":9,"key":"Dream Catcher"},{"floor":11,"key":"Nunchaku"},{"floor":14,"key":"Blood Vial"},{"floor":14,"key":"InkBottle"}],"event_choices":[{"damage_healed":0,"gold_gain":0,"player_choice":"Grow","damage_taken":0,"max_hp_gain":0,"max_hp_loss":0,"event_name":"Living Wall","floor":2,"gold_loss":0,"cards_upgraded":["Blade Dance"]},{"damage_healed":0,"gold_gain":0,"player_choice":"Left Gold","damage_taken":0,"max_hp_gain":0,"max_hp_loss":0,"event_name":"World of Goop","floor":3,"gold_loss":48},{"cards_removed":["Strike_G"],"damage_healed":0,"gold_gain":0,"player_choice":"Card Removal","damage_taken":0,"max_hp_gain":0,"max_hp_loss":0,"event_name":"The Cleric","floor":10,"gold_loss":75}],"is_beta":false,"boss_relics":[],"items_purged_floors":[],"is_endless":false,"potions_floor_spawned":[1,7,14],"killed_by":"Hexaghost","ascension_level":20}}