{"host":"x5q8uzeox1qwonhv","time":1610784346,"event":{"mods":["ATMod(阿瑾Mod)","Act Like it!","BaseMod","Better Skull","Better Third Choice","Decade(王小明)","Hallownest","Minty Spire (QoL Compilation)","Quick Restart","Spicy Shops","StSLib","The Alterego","The IronCluck","The Marked","【遗物卡牌】REMEMod"],"gold_per_floor":[114,114,114,127,52,84,100,100,100,100,0,19,36,55,55,159,159,171,189,209,209,224,253,253,253,253,253,253],"floor_reached":27,"language":"ZHS","playtime":2418,"items_purged":["Defend_G","Strike_G"],"score":299,"play_id":"82de9aef-1656-4648-93ae-749e1fbc3e4b","local_time":"20210116160546","is_ascension_mode":true,"campfire_choices":[{"data":"AT_WarpDrive","floor":8.0,"key":"SMITH"},{"data":"Footwork","floor":10.0,"key":"SMITH"},{"data":"Backflip","floor":15.0,"key":"SMITH"},{"floor":25,"key":"REST"}],"circlet_count":0,"master_deck":["Strike_G","Strike_G","Strike_G","Defend_G","Defend_G","Defend_G","Defend_G","Survivor","Neutralize","REME_ShadowForm","AT_WarpDrive+1","Backflip+1","Prepared","Footwork+1","Glass Knife","Cloak And Dagger","Blade Dance+1","Accuracy+1"],"relics":["Ring of the Snake","AT_ATBox","REME_ComplimentaryCards","NeowsBlessing","Kunai","Bottled Tornado","AT_TrinityForce","AT_DeathDance","Calipers"],"acts_visited":["Exordium","TheCity"],"potions_floor_usage":[23,27,27],"damage_taken":[{"damage":0.0,"enemies":"Small Slimes","floor":1.0,"turns":1.0},{"damage":0.0,"enemies":"2 Louse","floor":4.0,"turns":1.0},{"damage":0.0,"enemies":"Gremlin Nob","floor":6.0,"turns":1.0},{"damage":0.0,"enemies":"Cultist","floor":7.0,"turns":4.0},{"damage":14.0,"enemies":"Red Slaver","floor":12.0,"turns":7.0},{"damage":5.0,"enemies":"3 Louse","floor":13.0,"turns":9.0},{"damage":0.0,"enemies":"Lots of Slimes","floor":14.0,"turns":1.0},{"damage":19.0,"enemies":"The Guardian","floor":16.0,"turns":18.0},{"damage":6,"enemies":"3 Byrds","floor":18,"turns":6},{"damage":1,"enemies":"Shell Parasite","floor":19,"turns":5},{"damage":4,"enemies":"Centurion and Healer","floor":20,"turns":8},{"damage":5,"enemies":"Cultist and Chosen","floor":22,"turns":5},{"damage":77,"enemies":"Gremlin Leader","floor":23,"turns":10},{"damage":29,"enemies":"Snecko","floor":27,"turns":7}],"seed_played":"-8851290471703666426","potions_obtained":[{"floor":1.0,"key":"SpeedPotion"},{"floor":4.0,"key":"Explosive Potion"},{"floor":13.0,"key":"FairyPotion"},{"floor":14.0,"key":"SmokeBomb"},{"floor":22,"key":"PowerPotion"},{"floor":23,"key":"AttackPotion"}],"is_trial":false,"path_per_floor":["M","?","?","M","$","E","M","R","T","R","$","M","M","M","R","B",null,"M","M","M","?","M","E","?","R","T","M"],"character_chosen":"THE_SILENT","items_purchased":[],"campfire_rested":1,"item_purchase_floors":[],"current_hp_per_floor":[70,70,70,70,70,70,70,70,70,70,70,56,51,51,51,32,70,64,63,59,59,54,3,3,24,24,0,0],"gold":253,"neow_bonus":"THREE_ENEMY_KILL","is_daily":false,"chose_seed":false,"campfire_upgraded":3,"win_rate":0.0,"timestamp":1610784346,"path_taken":["M","?","?","M","$","E","?","R","T","R","?","?","M","M","R","BOSS","BOSS","M","M","M","?","?","E","?","R","T","M"],"items_purchased_type":[],"build_version":"2020-12-22","purchased_purges":2,"victory":false,"max_hp_per_floor":[70,70,70,70,70,70,70,70,70,70,70,70,70,70,70,70,70,70,70,70,70,70,70,70,70,70,70,70],"card_choices":[{"not_picked":["Dodge and Roll","Dagger Throw"],"picked":"Backflip","floor":1.0},{"not_picked":["Sucker Punch","Dagger Spray","Blade Dance"],"picked":"SKIP","floor":4.0},{"not_picked":["Deflect","Underhanded Strike"],"picked":"Prepared","floor":6.0},{"not_picked":["Quick Slash","Dodge and Roll"],"picked":"Footwork","floor":7.0},{"not_picked":["Setup","Slice","Distraction"],"picked":"SKIP","floor":12.0},{"not_picked":["Leg Sweep","Slice","Poisoned Stab"],"picked":"SKIP","floor":13.0},{"not_picked":["Calculated Gamble","Flying Knee","Underhanded Strike"],"picked":"SKIP","floor":14.0},{"not_picked":["Venomology","REME_LeechingPoison"],"picked":"Glass Knife","floor":16},{"not_picked":["Deflect","Reflex"],"picked":"Cloak And Dagger","floor":18},{"not_picked":["All Out Attack","AT_WindFlip","Choke"],"picked":"SKIP","floor":19},{"not_picked":["Dagger Throw+1","Acrobatics"],"picked":"Blade Dance+1","floor":20},{"not_picked":["Blade Dance","Quick Slash","Crippling Poison+1"],"picked":"SKIP","floor":22},{"not_picked":["Skewer","Outmaneuver"],"picked":"Accuracy+1","floor":23}],"player_experience":231026,"relics_obtained":[{"floor":6.0,"key":"Kunai"},{"floor":9.0,"key":"Bottled Tornado"},{"floor":23,"key":"AT_DeathDance"},{"floor":26,"key":"Calipers"}],"event_choices":[{"damage_healed":0.0,"max_hp_gain":0.0,"max_hp_loss":0.0,"gold_gain":0.0,"event_name":"betterThird:BetterSerpent","player_choice":"Ignored","floor":2.0,"gold_loss":0.0,"damage_taken":114.0},{"cards_removed":["Strike_G"],"damage_healed":0.0,"max_hp_gain":0.0,"max_hp_loss":0.0,"gold_gain":0.0,"event_name":"Bonfire Elementals","player_choice":"Offered Basic","floor":3.0,"gold_loss":0.0,"damage_taken":0.0},{"damage_healed":0,"gold_gain":0,"player_choice":"Bought 0 Potions","damage_taken":0,"max_hp_gain":0,"max_hp_loss":0,"event_name":"The Woman in Blue","floor":21,"gold_loss":0},{"damage_healed":0,"gold_gain":0,"player_choice":"Ignored","damage_taken":0,"max_hp_gain":0,"max_hp_loss":0,"event_name":"Ghosts","floor":24,"gold_loss":0}],"is_beta":false,"boss_relics":[{"not_picked":["Black Star","Runic Pyramid"],"picked":"AT_TrinityForce"}],"items_purged_floors":[5,11],"is_endless":false,"potions_floor_spawned":[1,4,13,14,22,23],"killed_by":"Snecko","ascension_level":3}}