{"host":"bw00wb7p5bw58om7","time":1610806532,"event":{"mods":["Act Like it!","BaseMod","Downfall","Gensokyo","Koishi","KomeijiMod","Marisa????????","Minty Spire (QoL Compilation)","Onozuka Komachi Mod","Permanent Neow","Prisma Mod","Reimu??????","Remilia??????","StSLib","The Senshi","The Servant 0.9.4"],"gold_per_floor":[176,191,210,223,237,268,268,288,288,307,307,339,339,374,374,474,474,488,500,500,500,519,519,519],"floor_reached":23,"language":"ENG","playtime":1210,"items_purged":[],"score":240,"play_id":"1bbb7a50-8d8a-4210-9006-0c98a3d63598","local_time":"20210116141532","is_ascension_mode":false,"campfire_choices":[{"data":"CurseofVladTepes","floor":7,"key":"SMITH"},{"data":"Culling","floor":11,"key":"SMITH"},{"data":"ServantFlier","floor":15,"key":"SMITH"}],"circlet_count":0,"master_deck":["Strike_Remiria","Strike_Remiria","Strike_Remiria","Strike_Remiria","Defend_Remirira","Defend_Remirira","Defend_Remirira","Defend_Remirira","Absorbed","Scratch","VampireClaw","SeparateFleshBlood","Feint","BloodySuit","RocketKickup","CurseofVladTepes+1","ServantFlier+1","Culling+1","CruelSlaughter","Tepes","MiserableFate_Remiria","TricksterDevil+1","Paradox+1","Night Terror","Paradox+1"],"relics":["ThirstyCrossSpe","Regal Pillow","Thread and Needle","Pear","Mango","HornCleat","Runic Pyramid","Gensokyo:DayTheSeaSplit","Frozen Eye"],"acts_visited":["Gensokyo:Gensokyo","Gensokyo:Gensokyoer"],"potions_floor_usage":[],"damage_taken":[{"damage":1,"enemies":"Gensokyo:3_Fairies","floor":1,"turns":5},{"damage":2,"enemies":"Gensokyo:Gryphon","floor":2,"turns":4},{"damage":3,"enemies":"Gensokyo:2_Kodama","floor":3,"turns":3},{"damage":0,"enemies":"Gensokyo:Kitsune","floor":4,"turns":3},{"damage":0,"enemies":"Gensokyo:LivingMonolith","floor":5,"turns":3},{"damage":30,"enemies":"Gensokyo:Cirno","floor":6,"turns":6},{"damage":12,"enemies":"Gensokyo:2_Rabbits","floor":8,"turns":4},{"damage":8,"enemies":"Gensokyo:3_Kodama","floor":10,"turns":4},{"damage":22,"enemies":"Gensokyo:Mamizou","floor":12,"turns":10},{"damage":30,"enemies":"Gensokyo:Aya","floor":14,"turns":5},{"damage":37,"enemies":"Gensokyo:Kokoro","floor":16,"turns":10},{"damage":7,"enemies":"Gensokyo:CosmicMonolith","floor":18,"turns":5},{"damage":0,"enemies":"Gensokyo:2_Gloops","floor":19,"turns":4},{"damage":27,"enemies":"Gensokyo:Wraith","floor":22,"turns":7},{"damage":0,"enemies":"Gensokyo:Koishi","floor":23,"turns":3}],"seed_played":"-3331168879658120863","potions_obtained":[{"floor":2,"key":"LiquidBronze"},{"floor":3,"key":"EntropicBrew"},{"floor":4,"key":"sneckomod:MuddlingPotion"}],"is_trial":false,"path_per_floor":["M","M","M","M","M","E","R","M","T","M","R","E","?","E","R","B",null,"M","M","?","?","M","E"],"character_chosen":"RemiriaScarlet","items_purchased":[],"campfire_rested":0,"item_purchase_floors":[],"current_hp_per_floor":[99,97,94,94,94,64,64,52,62,54,54,46,83,53,53,16,124,117,117,105,105,78,78,78],"gold":519,"neow_bonus":"RANDOM_COMMON_RELIC","is_daily":false,"chose_seed":false,"campfire_upgraded":3,"win_rate":0.0,"timestamp":1610806532,"path_taken":["M","M","M","?","M","E","R","M","T","M","R","E","?","E","R","BOSS","M","M","?","?","M","E"],"items_purchased_type":[],"build_version":"2020-12-22","purchased_purges":0,"victory":false,"max_hp_per_floor":[100,100,100,100,100,100,100,100,110,110,110,124,124,124,124,124,124,124,124,124,124,124,124,124],"card_choices":[{"not_picked":["Cripple","FastHealing"],"picked":"VampireClaw","floor":1},{"not_picked":["TrickFate","DoubleEdge"],"picked":"SeparateFleshBlood","floor":2},{"not_picked":["FastHealing","BloodCleaner"],"picked":"Feint","floor":3},{"not_picked":["Septette","BloodCollect"],"picked":"BloodySuit","floor":4},{"not_picked":["FastHealing","FateCollect"],"picked":"RocketKickup","floor":5},{"not_picked":["Tearing","FierceSweep"],"picked":"CurseofVladTepes","floor":6},{"not_picked":["BloodySuit","TricksterDevil"],"picked":"ServantFlier","floor":8},{"not_picked":["CurseofVladTepes","Tearing"],"picked":"Culling","floor":10},{"not_picked":["RocketKickup","DemonLordWalk"],"picked":"CruelSlaughter","floor":12},{"not_picked":["BloodSurge","BodyStrengthen"],"picked":"Tepes","floor":14},{"not_picked":["BadLadyScramble","Septette"],"picked":"MiserableFate_Remiria","floor":16},{"not_picked":["Cripple","BloodySuit"],"picked":"TricksterDevil+1","floor":18},{"not_picked":["DoubleEdge","ServantFlier"],"picked":"Paradox+1","floor":19},{"not_picked":["DoubleEdge+1","FastHealing"],"picked":"Paradox+1","floor":22}],"player_experience":248135,"relics_obtained":[{"floor":6,"key":"Thread and Needle"},{"floor":9,"key":"Pear"},{"floor":12,"key":"Mango"},{"floor":14,"key":"HornCleat"}],"event_choices":[],"is_beta":false,"boss_relics":[{"not_picked":["SacredBark","Black Star"],"picked":"Runic Pyramid"}],"items_purged_floors":[],"is_endless":false,"potions_floor_spawned":[2,3,4,16,18],"killed_by":"Gensokyo:Koishi","ascension_level":0}}