{"host":"8lgo2trwv2o0qyml","time":1610840655,"event":{"mods":["BaseMod","Colored Map","Colored Powertips","DeckTracker","Highlight Path","Hubris","Infinite Spire","Minty Spire (QoL Compilation)","Quick Restart","Random Character Button","Relic Sorter","Replay The Spire","StSLib","SuperFastMode","Synergy Search"],"gold_per_floor":[116,134,134,149,24,56,76,76,76,110,130,130,130,188,188,292,342,359,359,379,398,418,418,447,447,447,476,476,490,503,503,503,598,598,608,4,4,14,32,59,59,79,150,167,167,194,208,222,222,222,222],"floor_reached":50,"playtime":3243,"items_purged":[],"score":656,"play_id":"0c1ed9c3-e2df-4d65-829e-e15aa256aa12","local_time":"20210116184415","is_ascension_mode":false,"campfire_choices":[{"data":"ReplayTheSpireMod:Omega Cannon","floor":8,"key":"SMITH"},{"floor":13,"key":"REST"},{"floor":15,"key":"REST"},{"data":"Dramatic Entrance","floor":23,"key":"SMITH"},{"data":"infinitespire:Starlight","floor":25,"key":"SMITH"},{"data":"Hello World","floor":28,"key":"SMITH"},{"data":"Conserve Battery","floor":32,"key":"SMITH"},{"data":"Chrysalis","floor":41,"key":"SMITH"},{"data":"Buffer","floor":45,"key":"SMITH"},{"floor":49,"key":"DIG"}],"circlet_count":0,"master_deck":["Strike_B","Strike_B","Strike_B","Defend_B+1","Defend_B+1","Defend_B","Defend_B","Zap","Dualcast","Conserve Battery","Force Field+1","Genetic Algorithm+1","Go for the Eyes","Go for the Eyes","Dramatic Entrance+1","BasicCrystalCard","Beam Cell","Aggregate","Electrodynamics","Leap","BootSequence","infinitespire:Starlight+1","Streamline","Conserve Battery+1","Undo","Hello World+1","Sweeping Beam","Beam Cell","Buffer+1","Loop+1","Chrysalis+1","Capacitor","Redo","Consume","Leap","Beam Cell","Redo+1","Force Field","Reprogram+1","Rainbow","hubris:DuctTapeCard"],"relics":["Cracked Core","hubris:Stopwatch","NeowsBlessing","Replay:Ringing Soul","Quantum Egg","Boot","Pondfish Scales","Tiny House","Blue Doll","War Paint","FossilizedHelix","hubris:Towel","HandDrill","hubris:SlimyHat","Lizard Tail","Shuriken","Happy Flower","hubris:DuctTape"],"acts_visited":["Exordium","TheCity","TheBeyond"],"potions_floor_usage":[14,20,33,33,33,40,44,46,50],"damage_taken":[{"damage":0,"enemies":"2 Louse","floor":1,"turns":1},{"damage":0,"enemies":"Cultist","floor":2,"turns":1},{"damage":0,"enemies":"Small Slimes","floor":4,"turns":1},{"damage":30,"enemies":"Gremlin Nob","floor":6,"turns":5},{"damage":10,"enemies":"Looter","floor":7,"turns":2},{"damage":23,"enemies":"Lagavulin","floor":10,"turns":7},{"damage":5,"enemies":"2 Fungi Beasts","floor":11,"turns":3},{"damage":17,"enemies":"Lagavulin Event","floor":14,"turns":5},{"damage":8,"enemies":"Slime Boss","floor":16,"turns":7},{"damage":0,"enemies":"3 Byrds","floor":18,"turns":2},{"damage":19,"enemies":"Spheric Guardian","floor":20,"turns":4},{"damage":10,"enemies":"Shelled Parasite and Fungi","floor":21,"turns":5},{"damage":25,"enemies":"Chosen and Byrds","floor":22,"turns":6},{"damage":16,"enemies":"Gremlin Leader","floor":24,"turns":6},{"damage":48,"enemies":"Nightmare","floor":27,"turns":11},{"damage":0,"enemies":"Cultist and Chosen","floor":29,"turns":3},{"damage":0,"enemies":"Shelled Parasite and Fungi","floor":30,"turns":5},{"damage":50,"enemies":"hubris:MusketHawk","floor":33,"turns":13},{"damage":8,"enemies":"3 Darklings","floor":35,"turns":3},{"damage":0,"enemies":"3 Shapes","floor":38,"turns":1},{"damage":48,"enemies":"Spire Growth","floor":39,"turns":7},{"damage":45,"enemies":"Reptomancer","floor":40,"turns":8},{"damage":59,"enemies":"Transient","floor":42,"turns":5},{"damage":0,"enemies":"Maw","floor":44,"turns":10},{"damage":95,"enemies":"Giant Head","floor":46,"turns":12},{"damage":10,"enemies":"3 Darklings","floor":47,"turns":3},{"damage":0,"enemies":"Transient","floor":48,"turns":5},{"damage":114,"enemies":"Awakened One","floor":50,"turns":6}],"seed_played":"-7191575351498686537","potions_obtained":[{"floor":2,"key":"Ancient Potion"},{"floor":16,"key":"Milkshake"},{"floor":17,"key":"Explosive Potion"},{"floor":18,"key":"Languid Potion"},{"floor":21,"key":"Reflective Coating"},{"floor":27,"key":"Strength Potion"},{"floor":33,"key":"Doom Potion"},{"floor":39,"key":"AttackPotion"},{"floor":40,"key":"Fire Potion"},{"floor":46,"key":"Weak Potion"},{"floor":48,"key":"GamblersBrew"}],"is_trial":false,"path_per_floor":["M","M","?","M","$","E","M","R","T","E","M","?","R","?","R","B",null,"M","?","M","M","M","R","E","R","T","NM","R","M","M","?","R","B",null,"M","$","?","M","M","E","R","M","T","M","R","E","M","M","R_BF","B"],"character_chosen":"DEFECT","items_purchased":["Go for the Eyes","Dramatic Entrance","Chrysalis","Capacitor","HandDrill","hubris:SlimyHat","SteroidPotion"],"campfire_rested":2,"item_purchase_floors":[5,5,36,36,36,36,36],"current_hp_per_floor":[75,75,75,75,75,48,41,41,41,21,19,19,45,31,58,53,101,104,81,75,78,63,63,60,60,60,30,30,33,51,51,51,19,128,123,126,126,129,99,72,72,31,31,49,49,77,85,88,91,0,0],"gold":222,"neow_bonus":"THREE_ENEMY_KILL","is_daily":false,"chose_seed":false,"campfire_upgraded":7,"win_rate":0.0,"timestamp":1610840655,"path_taken":["M","M","?","?","$","E","M","R","T","E","M","?","R","?","R","BOSS","M","?","M","M","M","R","E","R","T","NM","R","M","M","?","R","BOSS","M","$","?","?","M","E","R","?","T","M","R","E","M","M","R_BF","BOSS"],"items_purchased_type":["Card","Card","Card","Card","Relic","Relic","Potion"],"build_version":"2020-12-22","purchased_purges":0,"victory":false,"max_hp_per_floor":[75,75,75,75,75,78,81,81,81,84,87,87,87,90,90,93,101,104,107,110,113,113,113,116,116,116,119,119,122,125,125,125,128,128,131,134,134,137,140,143,143,146,146,149,149,152,155,158,161,161,161],"card_choices":[{"not_picked":["Cold Snap","Compile Driver"],"picked":"Conserve Battery","floor":1},{"not_picked":["Beam Cell","Steam Power"],"picked":"Force Field","floor":2},{"not_picked":["ReplayTheSpireMod:GoodbyeWorld","ReplaySolidLightProjector"],"picked":"Genetic Algorithm","floor":4},{"not_picked":["Cold Snap","Heatsinks"],"picked":"ReplayTheSpireMod:Omega Cannon","floor":6},{"not_picked":["Static Discharge","Panic Button"],"picked":"BasicCrystalCard","floor":7},{"not_picked":["Lockon","Steam Power"],"picked":"Beam Cell","floor":10},{"not_picked":["Cold Snap","Turbo"],"picked":"Aggregate","floor":11},{"not_picked":["Steam","Leap"],"picked":"ReplayTheSpireMod:Omega Cannon","floor":14},{"not_picked":["Echo Form","All For One"],"picked":"Electrodynamics","floor":16},{"not_picked":["Scrape","Genetic Algorithm"],"picked":"Leap","floor":17},{"not_picked":["Streamline+1","Turbo"],"picked":"BootSequence","floor":18},{"not_picked":["ReplayTheSpireMod:??????????????????????","infinitespire:Execution"],"picked":"infinitespire:Starlight","floor":19},{"not_picked":["Rebound","Darkness+1"],"picked":"Streamline","floor":20},{"not_picked":["Chaos","Streamline+1"],"picked":"Conserve Battery","floor":21},{"not_picked":["ReplayGash","Ball Lightning","Sweeping Beam"],"picked":"SKIP","floor":22},{"not_picked":["Static Discharge","Reinforced Body"],"picked":"Undo","floor":24},{"not_picked":["Steam","hubris:DoWhile"],"picked":"Hello World","floor":27},{"not_picked":["Rebound","ReplayTheSpireMod:GoodbyeWorld+1"],"picked":"Sweeping Beam","floor":29},{"not_picked":["hubris:Ukulele+1","Chaos"],"picked":"Beam Cell","floor":30},{"not_picked":["Thunder Strike","ReplayRNGCard"],"picked":"Buffer","floor":33},{"not_picked":["Recycle+1","Beam Cell"],"picked":"Loop+1","floor":35},{"not_picked":["Reprogram","Panic Button+1"],"picked":"Redo","floor":38},{"not_picked":["Gash+1","Hologram+1"],"picked":"Consume","floor":39},{"not_picked":["Coolheaded+1","BasicCrystalCard"],"picked":"Leap","floor":40},{"not_picked":["Scrape+1","Cold Snap+1"],"picked":"Beam Cell","floor":42},{"not_picked":["Sweeping Beam","Leap"],"picked":"Redo+1","floor":44},{"not_picked":["Rebound+1","Coolheaded+1"],"picked":"Force Field","floor":46},{"not_picked":["Beam Cell+1","Coolheaded"],"picked":"Reprogram+1","floor":47},{"not_picked":["Auto Shields+1","Barrage"],"picked":"Rainbow","floor":48}],"player_experience":73385,"relics_obtained":[{"floor":6,"key":"Replay:Ringing Soul"},{"floor":9,"key":"Quantum Egg"},{"floor":10,"key":"Boot"},{"floor":24,"key":"Blue Doll"},{"floor":26,"key":"War Paint"},{"floor":27,"key":"FossilizedHelix"},{"floor":40,"key":"Lizard Tail"},{"floor":43,"key":"Shuriken"},{"floor":46,"key":"Happy Flower"},{"floor":49,"key":"hubris:DuctTape"}],"event_choices":[{"cards_removed":["Strike_B"],"damage_healed":0,"gold_gain":0,"player_choice":"Purged","damage_taken":0,"max_hp_gain":0,"max_hp_loss":0,"event_name":"Purifier","floor":3,"gold_loss":0},{"damage_healed":0,"gold_gain":0,"player_choice":"Searched \u00273\u0027 times","damage_taken":0,"relics_obtained":["Pondfish Scales"],"max_hp_gain":0,"max_hp_loss":0,"event_name":"Dead Adventurer","floor":14,"gold_loss":0},{"damage_healed":0,"gold_gain":0,"player_choice":"Ignored","damage_taken":0,"max_hp_gain":0,"max_hp_loss":0,"event_name":"NoteForYourself","floor":37,"gold_loss":0}],"is_beta":false,"boss_relics":[{"not_picked":["ReplayTheSpireMod:DimensionalGlitch","Cursed Key"],"picked":"Tiny House"},{"not_picked":["ChewingGum","ReplayTheSpireMod:SealedPack"],"picked":"hubris:Stopwatch"}],"items_purged_floors":[],"is_endless":true,"potions_floor_spawned":[2,16,18,21,27,33,39,40,42,46,48],"killed_by":"Awakened One","ascension_level":0}}