{"host":"t9zjxed0utvsfjwc","time":1610779679,"event":{"mods":["2.2 Compatiblity","Aspiration","BaseMod","Better Altar","Better Match","Better Note","Better Sensory Stone","Better Skull","Better Third Choice","Block Reminder","Colored Map","Colored Powertips","Hermit","Highlight Path","Hubris","Infinite Spire","Ironclad Rager","Minty Spire (QoL Compilation)","Quick Restart","Replay The Spire","StSLib","The Cursed","The Marked","Unceasing Turn Reminder","everything is the same but u backflip on backflip"],"gold_per_floor":[116,291,307,8,8,8,38,51,104,115,126,126,144,144,144,239,239,239],"floor_reached":17,"language":"ENG","playtime":968,"items_purged":[],"score":182,"play_id":"3fd554ea-048b-45dc-8124-971b102bbae0","local_time":"20210116064759","is_ascension_mode":false,"campfire_choices":[{"data":"hermit:Showdown","floor":6,"key":"SMITH"},{"data":"hermit:EternalForm","floor":12,"key":"SMITH"},{"floor":15,"key":"DIG"}],"circlet_count":0,"master_deck":["hermit:Strike_Hermit","hermit:Strike_Hermit","hermit:Strike_Hermit","hermit:Strike_Hermit","hermit:Defend_Hermit","hermit:Defend_Hermit","hermit:Defend_Hermit","hermit:Defend_Hermit","hermit:Snapshot","hermit:Covet","hermit:Quickdraw","Doubt","hermit:Showdown+1","hermit:EternalForm+1","hermit:Enervate","hermit:Snipe"],"relics":["hermit:Momento","NeowsBlessing","Thread and Needle","aspiration:BabyByrd","Regal Pillow","hermit:RyeStalk","Bird Faced Urn"],"acts_visited":["Exordium","TheCity"],"potions_floor_usage":[10,13],"damage_taken":[{"damage":0,"enemies":"Small Slimes","floor":1,"turns":1},{"damage":0,"enemies":"2 Louse","floor":3,"turns":1},{"damage":0,"enemies":"Gremlin Nob","floor":7,"turns":1},{"damage":0,"enemies":"Jaw Worm","floor":8,"turns":3},{"damage":2,"enemies":"3 Louse","floor":10,"turns":3},{"damage":5,"enemies":"Gremlin Gang","floor":11,"turns":4},{"damage":0,"enemies":"Exordium Thugs","floor":13,"turns":4},{"damage":79,"enemies":"Fading Forest","floor":16,"turns":11}],"seed_played":"7281676145454275542","potions_obtained":[{"floor":3,"key":"Fire Potion"},{"floor":10,"key":"Adrenaline Potion"},{"floor":11,"key":"FearPotion"}],"is_trial":false,"path_per_floor":["M","?","M","$","?","R","E","M","T","M","M","R","M","?","R_BF","B",null],"character_chosen":"HERMIT","items_purchased":["Thread and Needle"],"campfire_rested":0,"item_purchase_floors":[4],"current_hp_per_floor":[75,75,75,75,75,75,75,75,75,73,68,68,68,68,68,15,75,75],"gold":239,"neow_bonus":"THREE_ENEMY_KILL","is_daily":false,"chose_seed":false,"campfire_upgraded":2,"win_rate":0.0,"timestamp":1610779679,"path_taken":["M","?","M","$","?","R","E","?","T","M","M","R","M","?","R_BF","BOSS"],"items_purchased_type":["Relic"],"build_version":"2020-12-22","purchased_purges":0,"victory":false,"max_hp_per_floor":[75,75,75,75,75,75,75,75,75,75,75,75,75,75,75,75,75,75],"card_choices":[{"not_picked":["hermit:Maintenance","hermit:LoneWolf"],"picked":"hermit:Quickdraw","floor":1},{"not_picked":["hermit:HoleUp","hermit:FlashPowder"],"picked":"hermit:Showdown","floor":3},{"not_picked":["hermit:Ricochet","hermit:LoneWolf"],"picked":"hermit:EternalForm","floor":7},{"not_picked":["hermit:Quickdraw","hermit:Coalescence"],"picked":"hermit:Enervate","floor":8},{"not_picked":["hermit:Roulette","hermit:Brawl","hermit:Coalescence"],"picked":"SKIP","floor":10},{"not_picked":["hermit:HoleUp","hermit:Misfire","hermit:Feint"],"picked":"SKIP","floor":11},{"not_picked":["hermit:DeadMansHand","hermit:Coalescence"],"picked":"hermit:Snipe","floor":13}],"player_experience":330321,"relics_obtained":[{"floor":7,"key":"Regal Pillow"},{"floor":15,"key":"Bird Faced Urn"}],"event_choices":[{"damage_healed":0,"gold_gain":175,"player_choice":"AGREE","damage_taken":116,"max_hp_gain":0,"max_hp_loss":0,"event_name":"betterThird:BetterSerpent","floor":2,"gold_loss":0},{"damage_healed":0,"gold_gain":0,"player_choice":"Gave Potion","damage_taken":0,"relics_obtained":["hermit:RyeStalk"],"max_hp_gain":0,"max_hp_loss":0,"event_name":"WeMeetAgain","floor":14,"gold_loss":0}],"is_beta":false,"boss_relics":[{"not_picked":["hubris:BlackHole","hubris:VirtuousBlindfold","Busted Crown"]}],"items_purged_floors":[],"is_endless":false,"potions_floor_spawned":[3,10,11],"ascension_level":0}}