{"host":"9l1knhxfturzliqa","time":1610800300,"event":{"mods":["BaseMod","Colored Map","Colored Powertips","DeckTracker","Highlight Path","Keyboard Shortcuts","Minty Spire (QoL Compilation)","Random Character Button"],"gold_per_floor":[117,127,177,194,212,212,227,227,227,239,239],"floor_reached":10,"language":"KOR","playtime":582,"items_purged":[],"score":114,"play_id":"9e569c9f-7b12-4251-af4b-4acb807df4b0","local_time":"20210116213140","is_ascension_mode":true,"campfire_choices":[{"data":"Cloak And Dagger","floor":6.0,"key":"SMITH"},{"data":"Neutralize","floor":8.0,"key":"SMITH"}],"circlet_count":0,"master_deck":["AscendersBane","Strike_G","Strike_G","Strike_G","Strike_G","Strike_G","Defend_G","Defend_G","Defend_G","Defend_G","Defend_G","Survivor","Neutralize+1","Poisoned Stab","Backflip","Cloak And Dagger+1","Leg Sweep"],"relics":["Ring of the Snake","Pocketwatch","MawBank"],"acts_visited":["Exordium"],"potions_floor_usage":[10],"damage_taken":[{"damage":0.0,"enemies":"Cultist","floor":1.0,"turns":4.0},{"damage":1.0,"enemies":"Small Slimes","floor":2.0,"turns":4.0},{"damage":0.0,"enemies":"Jaw Worm","floor":4.0,"turns":4.0},{"damage":13.0,"enemies":"Large Slime","floor":5.0,"turns":8.0},{"damage":5.0,"enemies":"Exordium Thugs","floor":7.0,"turns":6.0},{"damage":34,"enemies":"Lagavulin","floor":10,"turns":8}],"seed_played":"-7165680264941440841","potions_obtained":[{"floor":4.0,"key":"SteroidPotion"},{"floor":5.0,"key":"Energy Potion"},{"floor":7.0,"key":"SneckoOil"}],"is_trial":false,"path_per_floor":["M","M","?","M","M","R","M","R","T","E"],"character_chosen":"THE_SILENT","items_purchased":[],"campfire_rested":0,"item_purchase_floors":[],"current_hp_per_floor":[59,58,52,52,39,39,34,34,34,0,0],"gold":239,"neow_bonus":"ONE_RARE_RELIC","is_daily":false,"chose_seed":false,"campfire_upgraded":2,"win_rate":0.0,"timestamp":1610800300,"path_taken":["M","?","?","M","M","R","M","R","T","E"],"items_purchased_type":[],"build_version":"2020-12-22","purchased_purges":0,"victory":false,"max_hp_per_floor":[60,60,60,60,60,60,60,60,60,60,60],"card_choices":[{"not_picked":["Flying Knee","Cloak And Dagger"],"picked":"Poisoned Stab","floor":1.0},{"not_picked":["Reflex","Poisoned Stab"],"picked":"Backflip","floor":2.0},{"not_picked":["Expertise","Sucker Punch","Riddle With Holes"],"picked":"SKIP","floor":4.0},{"not_picked":["Expertise","Sucker Punch","Riddle With Holes"],"picked":"SKIP","floor":4.0},{"not_picked":["Predator","Sucker Punch"],"picked":"Cloak And Dagger","floor":5.0},{"not_picked":["Skewer","Quick Slash"],"picked":"Leg Sweep","floor":7.0}],"player_experience":474848,"relics_obtained":[{"floor":9.0,"key":"MawBank"}],"event_choices":[{"damage_healed":0.0,"max_hp_gain":0.0,"max_hp_loss":0.0,"gold_gain":50.0,"event_name":"FaceTrader","player_choice":"Touch","floor":3.0,"gold_loss":0.0,"damage_taken":6.0}],"is_beta":false,"boss_relics":[],"items_purged_floors":[],"is_endless":false,"potions_floor_spawned":[4,5,7],"killed_by":"Lagavulin","ascension_level":18}}