{"host":"fxrgx7wt2cpkbhka","time":1610780560,"event":{"mods":["AchievementEnabler","BaseMod","Colored Powertips","Minty Spire (QoL Compilation)","Permanent Neow","Slay-I","StSLib","Waifu the Spire"],"gold_per_floor":[118,67,142,71,89,89,103,103,103,103,122,48,48,66,66,162,162,177,28,127,127,142,142,161,161,161,173,173,173,173,208,208,208,208],"floor_reached":33,"language":"ENG","playtime":612,"items_purged":[],"score":445,"play_id":"71ee0fcf-1722-4a2d-8bc5-836beab622eb","local_time":"20210115230240","is_ascension_mode":true,"campfire_choices":[{"data":"Perfected Strike","floor":6,"key":"SMITH"},{"data":"Uppercut","floor":8,"key":"SMITH"},{"data":"Perfected Strike","floor":10,"key":"SMITH"},{"data":"Clothesline","floor":15,"key":"SMITH"},{"data":"Limit Break","floor":23,"key":"SMITH"},{"data":"Flex","floor":25,"key":"SMITH"},{"data":"J.A.X.","floor":30,"key":"SMITH"},{"data":"Immolate","floor":32,"key":"SMITH"}],"circlet_count":0,"master_deck":["AscendersBane","Strike_R","Strike_R","Strike_R","Strike_R","Strike_R","Defend_R","Defend_R","Defend_R","Defend_R","Bash+1","Perfected Strike+1","Perfected Strike+1","Uppercut+1","Clothesline+1","Limit Break+1","Immolate+1","Writhe","Flex+1","Shame","Armaments+1","J.A.X.+1"],"relics":["Burning Blood","Lantern","Anchor","Cursed Key","Blood Vial","Akabeko","CaptainsWheel","Prayer Wheel"],"acts_visited":["Exordium","TheCity"],"potions_floor_usage":[16,33],"damage_taken":[{"damage":14,"enemies":"2 Louse","floor":1,"turns":4},{"damage":2,"enemies":"Jaw Worm","floor":5,"turns":3},{"damage":5,"enemies":"Small Slimes","floor":7,"turns":3},{"damage":7,"enemies":"Exordium Wildlife","floor":11,"turns":2},{"damage":0,"enemies":"Looter","floor":14,"turns":2},{"damage":23,"enemies":"Slime Boss","floor":16,"turns":8},{"damage":15,"enemies":"Shell Parasite","floor":18,"turns":3},{"damage":6,"enemies":"Spheric Guardian","floor":22,"turns":3},{"damage":7,"enemies":"Centurion and Healer","floor":24,"turns":4},{"damage":13,"enemies":"Snecko","floor":27,"turns":3},{"damage":3,"enemies":"Slavers","floor":31,"turns":3},{"damage":69,"enemies":"Collector","floor":33,"turns":7}],"seed_played":"-7995075652893411413","potions_obtained":[{"floor":5,"key":"FearPotion"},{"floor":7,"key":"Fire Potion"},{"floor":27,"key":"PowerPotion"}],"is_trial":false,"path_per_floor":["M","$","?","$","M","R","M","R","T","R","M","$","?","M","R","B",null,"M","$","?","?","M","R","M","R","T","M","?","?","R","E","R","B"],"character_chosen":"IRONCLAD","items_purchased":["Perfected Strike","Uppercut","Limit Break","Blood Vial"],"campfire_rested":0,"item_purchase_floors":[2,4,12,19],"current_hp_per_floor":[64,64,53,53,57,57,58,58,58,58,57,57,50,56,56,39,70,61,61,61,61,63,63,64,64,64,59,59,59,59,64,64,0,0],"gold":208,"neow_bonus":"UPGRADE_CARD","is_daily":false,"chose_seed":false,"campfire_upgraded":8,"win_rate":0.0,"timestamp":1610780560,"path_taken":["M","$","?","$","M","R","M","R","T","R","M","$","?","M","R","BOSS","M","$","?","?","?","R","M","R","T","M","?","?","R","E","R","BOSS"],"items_purchased_type":["Card","Card","Card","Relic"],"build_version":"2020-12-22","purchased_purges":0,"victory":false,"max_hp_per_floor":[80,80,80,80,80,80,80,80,80,80,80,80,80,80,80,80,80,80,80,80,80,80,80,80,80,80,80,80,80,80,80,80,80,80],"card_choices":[{"not_picked":["Thunderclap","Warcry"],"picked":"Perfected Strike","floor":1},{"not_picked":["Power Through","Uppercut"],"picked":"Clothesline","floor":5},{"not_picked":["Rage","Shrug It Off","Thunderclap"],"picked":"SKIP","floor":7},{"not_picked":["Pommel Strike","Body Slam","Blood for Blood"],"picked":"SKIP","floor":11},{"not_picked":["True Grit","Anger"],"picked":"Immolate","floor":14},{"not_picked":["Thunderclap","Warcry","Whirlwind"],"picked":"SKIP","floor":18},{"not_picked":["Sentinel","Armaments"],"picked":"Flex","floor":22},{"not_picked":["Feel No Pain","Seeing Red","Armaments"],"picked":"SKIP","floor":24},{"not_picked":["True Grit","Havoc+1"],"picked":"Armaments+1","floor":27},{"not_picked":["Armaments","Cleave","Barricade"],"picked":"SKIP","floor":31}],"player_experience":712048,"relics_obtained":[{"floor":9,"key":"Lantern"},{"floor":26,"key":"CaptainsWheel"},{"floor":31,"key":"Prayer Wheel"}],"event_choices":[{"damage_healed":0,"gold_gain":75,"player_choice":"Gather Gold","damage_taken":11,"max_hp_gain":0,"max_hp_loss":0,"event_name":"World of Goop","floor":3,"gold_loss":0},{"damage_healed":0,"gold_gain":0,"player_choice":"Success","damage_taken":7,"relics_obtained":["Anchor"],"max_hp_gain":0,"max_hp_loss":0,"event_name":"Scrap Ooze","floor":13,"gold_loss":0},{"damage_healed":0,"gold_gain":99,"player_choice":"Stole From Cult","damage_taken":0,"max_hp_gain":0,"max_hp_loss":0,"event_name":"Nest","floor":20,"gold_loss":0},{"damage_healed":0,"gold_gain":0,"player_choice":"Opened","damage_taken":0,"relics_obtained":["Akabeko"],"max_hp_gain":0,"max_hp_loss":0,"event_name":"The Mausoleum","floor":21,"gold_loss":0,"cards_obtained":["Writhe"]},{"damage_healed":0,"gold_gain":0,"player_choice":"Obtain J.A.X.","damage_taken":0,"max_hp_gain":0,"max_hp_loss":0,"event_name":"Drug Dealer","floor":28,"gold_loss":0,"cards_obtained":["J.A.X."]},{"damage_healed":0,"gold_gain":0,"player_choice":"Ignored","damage_taken":0,"max_hp_gain":0,"max_hp_loss":0,"event_name":"Cursed Tome","floor":29,"gold_loss":0}],"is_beta":false,"boss_relics":[{"not_picked":["Empty Cage","Tiny House"],"picked":"Cursed Key"}],"items_purged_floors":[],"is_endless":false,"potions_floor_spawned":[5,7,14,27,31],"killed_by":"Collector","ascension_level":12}}