{"host":"w36evy4uyf1bcavi","time":1610812543,"event":{"mods":["Act Like it!","Aspiration","BaseMod","Conspire","Hermit","Jedi Mod","Minty Spire (QoL Compilation)","Replay The Spire","Robot Space Explorer","Spicy Shops","StSLib","The Cursed","The Hierophant"],"gold_per_floor":[111,38,38,51,66,94,94,119,172,185,185,185,185,211,226,258,258,363,363,374,374,314,314,331,331,331,331],"floor_reached":26,"language":"ZHS","playtime":1432,"items_purged":[],"score":246,"play_id":"b5cb0ebe-0c1a-4781-a4a0-7647133ac028","local_time":"20210116235543","is_ascension_mode":true,"campfire_choices":[{"floor":7,"key":"REST"},{"floor":13,"key":"REST"},{"floor":17,"key":"REST"},{"floor":21,"key":"REST"},{"floor":25,"key":"REST"}],"circlet_count":0,"master_deck":["TheCursedMod:Strike_TheCursed","TheCursedMod:Strike_TheCursed","TheCursedMod:Strike_TheCursed","TheCursedMod:Strike_TheCursed","TheCursedMod:Defend_TheCursed","TheCursedMod:Defend_TheCursed","TheCursedMod:Defend_TheCursed","TheCursedMod:Defend_TheCursed","TheCursedMod:CursedWand","TheCursedMod:CleanUpWorkshop","TheCursedMod:Dregs","TheCursedMod:CircleOfCorruption","Injury","TheCursedMod:CircleOfFlame","TheCursedMod:Hemoplague+1","TheCursedMod:OutForBlood+1","TheCursedMod:CursedArmor","TheCursedMod:CursedShiv","TheCursedMod:HellsGateOpen+1","TheCursedMod:CircleOfFlame","TheCursedMod:AntiAging","TheCursedMod:OutForBlood+1","TheCursedMod:WearCloak+1","TheCursedMod:CircleOfFocus+1","Shame","TheCursedMod:CircleOfFocus"],"relics":["TheCursedMod:BlackMagic101","NeowsBlessing","jedi:arcanewood","Frozen Egg 2","Tiny Chest","Sundial","Bag of Marbles","TheCursedMod:Tack","Potion Belt","aspiration:RitualDagger"],"acts_visited":["Exordium","TheCity"],"potions_floor_usage":[16,16,18],"damage_taken":[{"damage":0,"enemies":"Small Slimes","floor":1,"turns":1},{"damage":0,"enemies":"Jaw Worm","floor":4,"turns":1},{"damage":0,"enemies":"Cultist","floor":5,"turns":1},{"damage":48,"enemies":"3 Sentries","floor":6,"turns":11},{"damage":14,"enemies":"Lagavulin","floor":8,"turns":8},{"damage":10,"enemies":"Red Slaver","floor":10,"turns":4},{"damage":25,"enemies":"3 Sentries","floor":14,"turns":10},{"damage":2,"enemies":"Looter","floor":15,"turns":3},{"damage":9,"enemies":"Gremlin Nob","floor":16,"turns":5},{"damage":28,"enemies":"Fading Forest","floor":18,"turns":11},{"damage":41,"enemies":"Shell Parasite","floor":20,"turns":6},{"damage":16,"enemies":"2 Thieves","floor":22,"turns":4},{"damage":39,"enemies":"Chosen and Byrds","floor":24,"turns":6},{"damage":33,"enemies":"Slavers","floor":26,"turns":3}],"seed_played":"6711419198292015971","potions_obtained":[{"floor":4,"key":"AttackPotion"},{"floor":8,"key":"SkillPotion"},{"floor":14,"key":"Venom Potion"},{"floor":18,"key":"Ancient Potion"},{"floor":24,"key":"conspire:TimeTravelPotion"}],"is_trial":false,"path_per_floor":["M","$","?","M","M","E","R","E","T","M","PTL","PTL","R","E","M","E","R","B",null,"M","R","M","?","M","R","E"],"character_chosen":"THE_CURSED","items_purchased":["jedi:arcanewood"],"campfire_rested":5,"item_purchase_floors":[2],"current_hp_per_floor":[75,75,75,75,75,27,49,35,35,25,25,25,47,22,20,11,33,7,77,38,61,47,47,10,34,1,1],"gold":331,"neow_bonus":"THREE_ENEMY_KILL","is_daily":false,"chose_seed":false,"campfire_upgraded":0,"win_rate":0.0,"timestamp":1610812543,"path_taken":["M","$","?","?","?","E","R","E","T","M","PTL","PTL","R","E","M","E","R","BOSS","M","?","M","?","M","R","E"],"items_purchased_type":["Relic"],"build_version":"2020-12-22","purchased_purges":0,"victory":false,"max_hp_per_floor":[75,75,75,75,75,75,75,75,75,75,75,75,75,75,75,75,75,77,77,79,79,81,81,83,83,83,83],"card_choices":[{"not_picked":["TheCursedMod:SpitefulStrike","TheCursedMod:CircleOfFlame"],"picked":"TheCursedMod:CircleOfCorruption","floor":1},{"not_picked":["TheCursedMod:CursedMace","TheCursedMod:SaltUponWound"],"picked":"TheCursedMod:CircleOfFlame","floor":4},{"not_picked":["TheCursedMod:CursedArmor","TheCursedMod:Stretching"],"picked":"TheCursedMod:Hemoplague+1","floor":5},{"not_picked":["TheCursedMod:SpreadPlague","TheCursedMod:TacticalStrike"],"picked":"TheCursedMod:OutForBlood+1","floor":6},{"not_picked":["TheCursedMod:SmokeScreen","TheCursedMod:Obscuration"],"picked":"TheCursedMod:CursedArmor","floor":8},{"not_picked":["TheCursedMod:HellsGateOpen+1","TheCursedMod:CircleOfCorruption"],"picked":"TheCursedMod:CursedShiv","floor":10},{"not_picked":["TheCursedMod:CursedBlade","TheCursedMod:TacticalStrike"],"picked":"TheCursedMod:HellsGateOpen+1","floor":14},{"not_picked":["TheCursedMod:CursedMace","TheCursedMod:Stigma"],"picked":"TheCursedMod:CircleOfFlame","floor":15},{"not_picked":["TheCursedMod:StingEye","TheCursedMod:RapidMovement"],"picked":"TheCursedMod:AntiAging","floor":16},{"not_picked":["TheCursedMod:CircleOfAbyss","TheCursedMod:DemonicPact+1"],"picked":"TheCursedMod:OutForBlood+1","floor":18},{"not_picked":["TheCursedMod:CircleOfFlame+1","TheCursedMod:SpreadPlague"],"picked":"TheCursedMod:WearCloak+1","floor":20},{"not_picked":["TheCursedMod:ManaBullet","TheCursedMod:CircleOfCorruption+1"],"picked":"TheCursedMod:CircleOfFocus+1","floor":22},{"not_picked":["TheCursedMod:CursedAmulet","TheCursedMod:FuryStrike"],"picked":"TheCursedMod:CircleOfFocus","floor":24}],"player_experience":460706,"relics_obtained":[{"floor":6,"key":"Tiny Chest"},{"floor":8,"key":"Sundial"},{"floor":9,"key":"Bag of Marbles"},{"floor":14,"key":"TheCursedMod:Tack"},{"floor":16,"key":"Potion Belt"}],"event_choices":[],"is_beta":false,"boss_relics":[{"not_picked":["TheCursedMod:BlackMagicAdvanced","ReplayTheSpireMod:DimensionalGlitch"],"picked":"aspiration:RitualDagger"}],"items_purged_floors":[],"is_endless":false,"potions_floor_spawned":[4,8,14,18,24],"killed_by":"Slavers","ascension_level":1}}