{"host":"1t0llcfp0lo7rmr4","time":1610822624,"event":{"mods":["AchievementEnabler","Aspiration","BaseMod","Beaked The Cultist","Better Note","Block Reminder","Colored Powertips","GifTheSpireLib","Hermit","Hubris","Jorbs\u0027s Wanderer Trilogy","Minty Spire (QoL Compilation)","Permanent Neow","Potionbrewer","Quick Restart","Relic Filter","Replay The Spire","StSLib","SuperFastMode","The Bladedancer","The Bug Knight","The Cursed","The Death Knight","The Druid","The Elementalist","The Exalted","The Forsaken","The Judge","The Poker Player","The Runesmith","vexMod"],"gold_per_floor":[113,133,183,199,225,225,236,236,236,236,268,268,268,300,300,404,404,421,421,421,421],"floor_reached":20,"language":"ENG","playtime":711,"items_purged":[],"score":190,"play_id":"ca176fa2-dea9-45c3-828d-1f395dcb3e7c","local_time":"20210117054344","is_ascension_mode":false,"campfire_choices":[{"floor":6.0,"key":"REST"},{"floor":12.0,"key":"RECALL"},{"floor":15.0,"key":"REST"}],"circlet_count":0,"master_deck":["HollowMod:NailStrikeStart","HollowMod:NailStrikeStart","HollowMod:NailStrikeStart","HollowMod:NailStrikeStart","HollowMod:QuickDashStart","HollowMod:QuickDashStart","HollowMod:QuickDashStart","HollowMod:QuickDashStart","HollowMod:FocusHealStart","HollowMod:PogoStrike","HollowMod:DescendingDark+1","HollowMod:ShapeofUnn","HollowMod:SiblingsShadow","Regret","HollowMod:theNailsmith","HollowMod:HuntersJournal","HollowMod:ElderbugsWisdom","CurseOfTheBell","HollowMod:SharpenedShadows"],"relics":["beaked:MawFillet","WingedGreaves","Replay:Bottled Eggs","Letter Opener","theForsaken:Lifeblossom","elementalistmod:RedRibbon","Counterbalance","Calling Bell","vexMod:BarristanHead","aspiration:StickyExplosives","Calipers"],"acts_visited":["Exordium","TheCity"],"potions_floor_usage":[],"damage_taken":[{"damage":0.0,"enemies":"Cultist","floor":1.0,"turns":3.0},{"damage":0.0,"enemies":"Small Slimes","floor":2.0,"turns":2.0},{"damage":0.0,"enemies":"2 Louse","floor":4.0,"turns":1.0},{"damage":37.0,"enemies":"Lagavulin","floor":5.0,"turns":9.0},{"damage":3.0,"enemies":"Looter","floor":7.0,"turns":2.0},{"damage":5.0,"enemies":"3 Sentries","floor":11.0,"turns":4.0},{"damage":7.0,"enemies":"Gremlin Nob","floor":14.0,"turns":3.0},{"damage":37.0,"enemies":"Fading Forest","floor":16.0,"turns":11.0},{"damage":10.0,"enemies":"Spheric Guardian","floor":18.0,"turns":3.0},{"damage":110,"enemies":"Gremlin Leader","floor":20,"turns":10}],"seed_played":"5293375965386326067","potions_obtained":[{"floor":2.0,"key":"Explosive Potion"},{"floor":11.0,"key":"FairyPotion"},{"floor":16.0,"key":"DuplicationPotion"}],"is_trial":false,"path_per_floor":["M","M","T","M","E","R","M","R","T","?","E","R","?","E","R","B",null,"M","?","E"],"character_chosen":"THE_BUGKNIGHT","items_purchased":[],"campfire_rested":2,"item_purchase_floors":[],"current_hp_per_floor":[75,75,75,75,38,60,57,57,57,57,52,52,52,50,72,50,75,67,67,0,0],"gold":421,"neow_bonus":"BOSS_RELIC","is_daily":false,"chose_seed":false,"campfire_upgraded":0,"win_rate":0.0,"timestamp":1610822624,"path_taken":["M","?","?","M","E","R","?","R","T","?","E","R","?","E","R","BOSS","M","?","E"],"items_purchased_type":[],"build_version":"2020-12-22","purchased_purges":0,"victory":false,"max_hp_per_floor":[75,75,75,75,75,75,75,75,75,75,75,75,75,75,75,75,75,75,75,75,75],"card_choices":[{"not_picked":["HollowMod:InfectedAttack","HollowMod:LuriensSpire"],"picked":"HollowMod:DescendingDark","floor":1.0},{"not_picked":["HollowMod:GoodIntentions","HollowMod:ChannelNail","HollowMod:NewLittleFool"],"picked":"SKIP","floor":2.0},{"not_picked":["HollowMod:CornifersMapStart","HollowMod:HowlingWraiths"],"picked":"HollowMod:ShapeofUnn","floor":4.0},{"not_picked":["HollowMod:NewInfectedGuardian","HollowMod:GoodIntentions"],"picked":"HollowMod:SiblingsShadow","floor":5.0},{"not_picked":["HollowMod:SoulVessel","HollowMod:HeavyBlow","HollowMod:VengefulSpirit"],"picked":"SKIP","floor":7.0},{"not_picked":["HollowMod:MidwifesHunger","HollowMod:LifebloodCocoon"],"picked":"HollowMod:theNailsmith","floor":11.0},{"not_picked":["HollowMod:SharpenedNail","HollowMod:DreamGate"],"picked":"HollowMod:HuntersJournal","floor":14.0},{"not_picked":["HollowMod:AwokenDreamNail","HollowMod:LifebloodCore"],"picked":"HollowMod:ElderbugsWisdom","floor":16.0},{"not_picked":["HollowMod:HowlingWraiths","HollowMod:LifebloodCocoon"],"picked":"HollowMod:SharpenedShadows","floor":18.0}],"player_experience":860256,"relics_obtained":[{"floor":5.0,"key":"WingedGreaves"},{"floor":9.0,"key":"Replay:Bottled Eggs"},{"floor":11.0,"key":"theForsaken:Lifeblossom"},{"floor":14.0,"key":"Counterbalance"},{"floor":17.0,"key":"vexMod:BarristanHead"},{"floor":17.0,"key":"aspiration:StickyExplosives"},{"floor":17.0,"key":"Calipers"}],"event_choices":[{"damage_healed":0.0,"max_hp_gain":0.0,"max_hp_loss":0.0,"gold_gain":0.0,"event_name":"Big Fish","player_choice":"Box","floor":10.0,"gold_loss":0.0,"damage_taken":0.0,"relics_obtained":["Letter Opener"],"cards_obtained":["Regret"]},{"cards_removed":["HollowMod:FocusHealStart"],"damage_healed":0.0,"max_hp_gain":0.0,"max_hp_loss":0.0,"gold_gain":0.0,"event_name":"betterNote:BetterNote","player_choice":"Give","floor":19.0,"gold_loss":0.0,"damage_taken":0.0,"cards_obtained":["beaked:Strike_Y"]}],"is_beta":false,"boss_relics":[{"not_picked":["vexMod:TanglingVine","theForsaken:PaleLantern"],"picked":"Calling Bell"}],"items_purged_floors":[],"is_endless":false,"potions_floor_spawned":[2,11,16],"killed_by":"Gremlin Leader","ascension_level":0}}