{"host":"kabf61oc9jgfwufg","time":1610820575,"event":{"mods":["AchievementEnabler","Aspiration","BaseMod","Conspire","Energized Spire","GifTheSpireLib","GungeonMod","Halation","HexUI Lib","Hubris","Infinite Spire","Minty Spire (QoL Compilation)","Quick Restart","Rare Cards Sparkle","Replay The Spire","Shop Mod","Small Relic Pack","StSLib"],"gold_per_floor":[110,124,124,124,49,79,95,112,112,124,124,138,171,22,22,122,122,141,152,152,152,172,198,198,198,198],"floor_reached":25,"language":"ENG","playtime":36000,"items_purged":["Strike_P"],"score":376,"play_id":"a01c72bd-618f-45a8-93e6-63686b4c3de4","local_time":"20210116180935","is_ascension_mode":true,"campfire_choices":[{"data":"Eruption","floor":11,"key":"SMITH"},{"data":"Tantrum","floor":15,"key":"SMITH"},{"data":"SashWhip","floor":24,"key":"SMITH"}],"circlet_count":0,"master_deck":["Strike_P","Strike_P","Strike_P","Defend_P","Defend_P","Defend_P","Defend_P","Eruption+1","Vigilance","SashWhip+1","Tantrum+1","Consecrate","Consecrate","SashWhip+1","Ragnarok"],"relics":["HolyWater","Happy Flower","relicPack:DarknessArmor","Gremlin Horn","DemoMod:PoisonVial","PreservedInsect","relicPack:OneForAll","CultistMask","hubris:TenFootPole"],"acts_visited":["Exordium","TheCity"],"potions_floor_usage":[6,13,16,16,22],"damage_taken":[{"damage":0,"enemies":"2 Louse","floor":1,"turns":1},{"damage":10,"enemies":"Jaw Worm","floor":2,"turns":5},{"damage":0,"enemies":"Gremlin Nob","floor":6,"turns":2},{"damage":0,"enemies":"conspire:RoseBush","floor":7,"turns":3},{"damage":0,"enemies":"Blue Slaver","floor":8,"turns":2},{"damage":0,"enemies":"Lots of Slimes","floor":10,"turns":1},{"damage":0,"enemies":"Exordium Wildlife","floor":12,"turns":2},{"damage":0,"enemies":"Lagavulin","floor":13,"turns":3},{"damage":0,"enemies":"Slime Boss","floor":16,"turns":5},{"damage":17,"enemies":"Shell Parasite","floor":18,"turns":3},{"damage":14,"enemies":"Chosen","floor":19,"turns":2},{"damage":31,"enemies":"Centurion and Healer","floor":22,"turns":4},{"damage":0,"enemies":"conspire:SneckoGhost","floor":23,"turns":4},{"damage":11,"enemies":"Replay:Snechameleon","floor":25,"turns":2}],"seed_played":"149284763518183113","potions_obtained":[{"floor":2,"key":"Energy Potion"},{"floor":8,"key":"Explosive Potion"},{"floor":10,"key":"GamblersBrew"},{"floor":12,"key":"Block Potion"},{"floor":19,"key":"Weak Potion"},{"floor":23,"key":"BottledMiracle"}],"is_trial":false,"path_per_floor":["M","M","?","?","$","E","M","M","T","M","R","M","E","$","R","B",null,"M","M","?","?","M","E","R","E"],"character_chosen":"WATCHER","items_purchased":["PreservedInsect"],"campfire_rested":0,"item_purchase_floors":[14],"current_hp_per_floor":[72,62,62,62,62,62,62,62,62,62,62,62,62,62,62,62,72,55,41,41,41,10,10,10,0,0],"gold":198,"neow_bonus":"RANDOM_COMMON_RELIC","is_daily":false,"chose_seed":false,"campfire_upgraded":3,"win_rate":0.0,"timestamp":1610820575,"path_taken":["M","M","?","?","?","E","M","M","T","M","R","M","E","$","R","BOSS","M","M","?","?","?","E","R","E"],"items_purchased_type":["Relic"],"build_version":"2020-12-22","purchased_purges":1,"victory":false,"max_hp_per_floor":[72,72,72,72,72,72,72,72,72,72,72,72,72,72,72,72,72,72,72,72,72,72,72,72,72,72],"card_choices":[{"not_picked":["SandsOfTime","Prostrate"],"picked":"SashWhip","floor":1},{"not_picked":["CrushJoints","ClearTheMind"],"picked":"Tantrum","floor":2},{"not_picked":["Replay:ManipulateFuture","Brilliance","SandsOfTime"],"picked":"SKIP","floor":6},{"not_picked":["FearNoEvil","Meditate"],"picked":"Consecrate","floor":7},{"not_picked":["EmptyFist","SandsOfTime"],"picked":"Consecrate","floor":8},{"not_picked":["ThirdEye","Prostrate","EmptyFist"],"picked":"SKIP","floor":10},{"not_picked":["Replay:LoomingThreat","MentalFortress","Worship"],"picked":"SKIP","floor":12},{"not_picked":["Replay:AtTheReady","ThirdEye","Weave"],"picked":"SKIP","floor":13},{"not_picked":["Prostrate","EmptyFist"],"picked":"SashWhip+1","floor":18},{"not_picked":["CarveReality","SashWhip","Collect+1"],"picked":"SKIP","floor":19},{"not_picked":["Crescendo","Replay:ManipulateFuture+1","Prostrate+1"],"picked":"SKIP","floor":22},{"not_picked":["Pray","FlyingSleeves+1"],"picked":"Ragnarok","floor":23}],"player_experience":114054,"relics_obtained":[{"floor":6,"key":"relicPack:DarknessArmor"},{"floor":9,"key":"Gremlin Horn"},{"floor":13,"key":"DemoMod:PoisonVial"},{"floor":23,"key":"hubris:TenFootPole"}],"event_choices":[{"damage_healed":0,"gold_gain":0,"player_choice":"Disagree","damage_taken":0,"max_hp_gain":0,"max_hp_loss":0,"event_name":"conspire:LoneGhost","floor":3,"gold_loss":0},{"damage_healed":0,"gold_gain":0,"player_choice":"Trade","damage_taken":0,"relics_obtained":["CultistMask"],"max_hp_gain":0,"max_hp_loss":0,"event_name":"FaceTrader","floor":21,"gold_loss":0}],"is_beta":false,"boss_relics":[{"not_picked":["halation:MonkeysPaw","aspiration:PoetsPen_weak"],"picked":"HolyWater"}],"items_purged_floors":[5],"is_endless":false,"potions_floor_spawned":[2,8,10,12,19,23],"killed_by":"Replay:Snechameleon","ascension_level":1}}