{"host":"jtpyuehk51aq1s4a","time":1610809518,"event":{"mods":["BaseMod","Minty Spire (QoL Compilation)"],"gold_per_floor":[113,16,29,45,45,80,80,97,97,115,115,133,133,153,153,258,258,247,247,247],"floor_reached":19,"language":"ZHS","playtime":1094,"items_purged":["Strike_R"],"score":248,"play_id":"438e74f8-325c-4e63-a75e-096816a62611","local_time":"20210116230518","is_ascension_mode":true,"campfire_choices":[{"floor":7.0,"key":"REST"},{"data":"Armaments","floor":11.0,"key":"SMITH"},{"floor":15.0,"key":"REST"}],"circlet_count":0,"master_deck":["Bash","Shrug It Off","Armaments+1","Dropkick","Pain","Havoc","Barricade","Headbutt","Perfected Strike","Offering","Armaments","Demon Form","Armaments","Inflame","Warcry","Rupture","Limit Break"],"relics":["Burning Blood","Vajra","WarpedTongs","Whetstone","StrikeDummy","Pandora\u0027s Box"],"acts_visited":["Exordium","TheCity"],"potions_floor_usage":[],"damage_taken":[{"damage":1.0,"enemies":"2 Louse","floor":1.0,"turns":3.0},{"damage":0.0,"enemies":"Cultist","floor":3.0,"turns":3.0},{"damage":1.0,"enemies":"Small Slimes","floor":4.0,"turns":4.0},{"damage":56.0,"enemies":"Gremlin Nob","floor":6.0,"turns":6.0},{"damage":5.0,"enemies":"2 Fungi Beasts","floor":8.0,"turns":3.0},{"damage":19.0,"enemies":"Looter","floor":10.0,"turns":3.0},{"damage":7.0,"enemies":"Large Slime","floor":12.0,"turns":5.0},{"damage":10.0,"enemies":"Gremlin Gang","floor":14.0,"turns":3.0},{"damage":30.0,"enemies":"Slime Boss","floor":16.0,"turns":11.0},{"damage":22,"enemies":"2 Thieves","floor":18,"turns":4},{"damage":53,"enemies":"Masked Bandits","floor":19,"turns":3}],"seed_played":"-9054232888971594740","potions_obtained":[{"floor":1.0,"key":"SpeedPotion"},{"floor":3.0,"key":"BlessingOfTheForge"},{"floor":4.0,"key":"Explosive Potion"},{"floor":10.0,"key":"EntropicBrew"}],"is_trial":false,"path_per_floor":["M","$","M","M","?","E","R","M","T","M","R","M","?","M","R","B",null,"M","?"],"character_chosen":"IRONCLAD","items_purchased":["Armaments"],"campfire_rested":2,"item_purchase_floors":[2],"current_hp_per_floor":[77,77,80,80,80,30,54,55,55,42,42,41,41,37,61,37,69,53,0,0],"gold":247,"neow_bonus":"RANDOM_COMMON_RELIC","is_daily":false,"chose_seed":false,"campfire_upgraded":1,"win_rate":0.0,"timestamp":1610809518,"path_taken":["M","$","M","M","?","E","R","M","T","?","R","M","?","?","R","BOSS","M","?"],"items_purchased_type":["Card"],"build_version":"2020-12-22","purchased_purges":1,"victory":false,"max_hp_per_floor":[80,80,80,80,80,80,80,80,80,80,80,80,80,80,80,80,80,80,80,80],"card_choices":[{"not_picked":["Spot Weakness","Clash"],"picked":"Shrug It Off","floor":1.0},{"not_picked":["Metallicize","Clothesline"],"picked":"Dropkick","floor":3.0},{"not_picked":["Iron Wave","Twin Strike","Reckless Charge"],"picked":"SKIP","floor":4.0},{"not_picked":["Cleave","Dropkick"],"picked":"Havoc","floor":6.0},{"not_picked":["True Grit","Flame Barrier"],"picked":"Barricade","floor":8.0},{"not_picked":["Anger","Reckless Charge"],"picked":"Headbutt","floor":10.0},{"not_picked":["Entrench","Flame Barrier","Thunderclap"],"picked":"SKIP","floor":12.0},{"not_picked":["Reckless Charge","Anger","Wild Strike"],"picked":"SKIP","floor":14.0},{"not_picked":["Feed","Limit Break"],"picked":"Offering","floor":16.0},{"not_picked":["Cleave","Feel No Pain","Blood for Blood"],"picked":"SKIP","floor":18}],"player_experience":199377,"relics_obtained":[{"floor":6.0,"key":"Whetstone"},{"floor":9.0,"key":"StrikeDummy"}],"event_choices":[{"damage_healed":0.0,"max_hp_gain":0.0,"max_hp_loss":0.0,"gold_gain":0.0,"event_name":"Accursed Blacksmith","player_choice":"Rummage","floor":5.0,"gold_loss":0.0,"damage_taken":0.0,"relics_obtained":["WarpedTongs"],"cards_obtained":["Pain"]},{"damage_healed":0.0,"max_hp_gain":0.0,"max_hp_loss":0.0,"gold_gain":0.0,"cards_transformed":["Strike_R"],"event_name":"Transmorgrifier","player_choice":"Transformed","floor":13.0,"gold_loss":0.0,"damage_taken":0.0,"cards_obtained":["Perfected Strike"]},{"damage_healed":0,"gold_gain":0,"player_choice":"Fought Bandits","damage_taken":0,"max_hp_gain":0,"max_hp_loss":0,"event_name":"Masked Bandits","floor":19,"gold_loss":0}],"is_beta":false,"boss_relics":[{"not_picked":["Snecko Eye","Tiny House"],"picked":"Pandora\u0027s Box"}],"items_purged_floors":[2],"is_endless":false,"potions_floor_spawned":[1,3,4,10],"killed_by":"Masked Bandits","ascension_level":9}}