{"host":"fghh6uc8siqeqraf","time":1610779880,"event":{"mods":["AchievementEnabler","BaseMod","Colored Powertips","Googly Eyes","Hermit","Lobotomy","Minty Spire (QoL Compilation)","Replay The Spire","Shop Mod","StSLib","The Cursed","The Hierophant"],"gold_per_floor":[119,138,153,172,188,188,188,188,213,67,86,96,96,143,143,143,143],"floor_reached":16,"language":"ZHS","playtime":853,"items_purged":[],"score":94,"play_id":"a24295d1-2541-4516-990e-8dd4d7678a14","local_time":"20210116145120","is_ascension_mode":false,"campfire_choices":[{"data":"TheCursedMod:Grudge","floor":7,"key":"SMITH"},{"floor":13,"key":"REST"},{"floor":15,"key":"REST"}],"circlet_count":0,"master_deck":["TheCursedMod:Strike_TheCursed","TheCursedMod:Strike_TheCursed","TheCursedMod:Strike_TheCursed","TheCursedMod:Defend_TheCursed","TheCursedMod:Defend_TheCursed","TheCursedMod:Defend_TheCursed","TheCursedMod:Defend_TheCursed","TheCursedMod:CursedWand","TheCursedMod:CleanUpWorkshop","TheCursedMod:Dregs","TheCursedMod:CursedBlade","PunishingBird","TheCursedMod:Grudge+1","NakedNest","TheCursedMod:SpitefulPlan","TheCursedMod:CursedBoomerang","UniverseFragment","Alriune","Regret","TheCursedMod:SurpriseAttack","Funeral","TheCursedMod:CursedAmulet","SpiderBud","TheCursedMod:HellfireBreathing"],"relics":["TheCursedMod:BlackMagic101","CogitoBucket","Pen Nib","Happy Flower","Lantern","FleshIdol","Dream Catcher"],"acts_visited":["Exordium"],"potions_floor_usage":[11],"damage_taken":[{"damage":0,"enemies":"Small Slimes","floor":1,"turns":4},{"damage":0,"enemies":"2 Louse","floor":2,"turns":2},{"damage":7,"enemies":"Jaw Worm","floor":3,"turns":4},{"damage":12,"enemies":"Looter","floor":4,"turns":3},{"damage":113,"enemies":"Red Slaver","floor":5,"turns":4},{"damage":5,"enemies":"2 Fungi Beasts","floor":11,"turns":4},{"damage":0,"enemies":"Lots of Slimes","floor":12,"turns":2},{"damage":94,"enemies":"Fading Forest","floor":16,"turns":6}],"seed_played":"-1795514213039268392","potions_obtained":[{"floor":3,"key":"LiquidMemories"},{"floor":4,"key":"FairyPotion"},{"floor":5,"key":"Strength Potion"},{"floor":12,"key":"Cursed Concoction"}],"is_trial":false,"path_per_floor":["M","M","M","M","M","?","R","?","T","$","M","M","R","T","R","B"],"character_chosen":"THE_CURSED","items_purchased":["Lantern"],"campfire_rested":2,"item_purchase_floors":[10],"current_hp_per_floor":[75,75,68,56,7,7,7,7,7,7,2,2,24,24,46,0,0],"gold":143,"neow_bonus":"","is_daily":false,"chose_seed":false,"campfire_upgraded":1,"win_rate":0.0,"timestamp":1610779880,"path_taken":["M","M","M","M","M","?","R","?","T","$","M","M","R","?","R","BOSS"],"items_purchased_type":["Card"],"build_version":"2020-12-22","purchased_purges":0,"victory":false,"max_hp_per_floor":[75,75,75,75,75,75,75,75,75,75,75,75,75,75,75,75,75],"card_choices":[{"not_picked":["TheCursedMod:CursedStaff","TheCursedMod:SurpriseAttack"],"picked":"TheCursedMod:CursedBlade","floor":1},{"not_picked":["UniverseFragment","CrumblingArmor"],"picked":"BeautyBeast","floor":1},{"not_picked":["MHz","Scorched"],"picked":"PunishingBird","floor":2},{"not_picked":["TheCursedMod:VitalStrike","TheCursedMod:SaltUponWound"],"picked":"TheCursedMod:Grudge","floor":2},{"not_picked":["WallGazer","VoidDream"],"picked":"NakedNest","floor":3},{"not_picked":["TheCursedMod:CircleOfFocus","TheCursedMod:CircleOfFlame"],"picked":"TheCursedMod:SpitefulPlan","floor":3},{"not_picked":["TheCursedMod:TacticalStrike","TheCursedMod:SpreadPlague"],"picked":"TheCursedMod:CursedBoomerang","floor":4},{"not_picked":["FairyFestival","GreedKing"],"picked":"UniverseFragment","floor":4},{"not_picked":["FairyFestival","MeatLantern"],"picked":"Alriune","floor":5},{"not_picked":["TheCursedMod:Stigma","TheCursedMod:EmpowerCircles","TheCursedMod:ForbiddenAlchemy"],"picked":"SKIP","floor":5},{"not_picked":["TheCursedMod:HellfireBreathing","TheCursedMod:Obscuration"],"picked":"TheCursedMod:SurpriseAttack","floor":11},{"not_picked":["Scorched","CherryBlossoms"],"picked":"Funeral","floor":11},{"not_picked":["TheCursedMod:AbyssShockwave","TheCursedMod:CursedBlade"],"picked":"TheCursedMod:CursedAmulet","floor":12},{"not_picked":["GalaxyChild","Freischutz"],"picked":"SpiderBud","floor":12},{"not_picked":["TheCursedMod:RavingStaff","TheCursedMod:BlessingInDisguise"],"picked":"TheCursedMod:HellfireBreathing","floor":15}],"player_experience":101549,"relics_obtained":[{"floor":9,"key":"Happy Flower"},{"floor":14,"key":"Dream Catcher"}],"event_choices":[{"damage_healed":0,"gold_gain":0,"player_choice":"Box","damage_taken":0,"relics_obtained":["Pen Nib"],"max_hp_gain":0,"max_hp_loss":0,"event_name":"Big Fish","floor":8,"gold_loss":0,"cards_obtained":["Regret"]}],"is_beta":false,"boss_relics":[],"items_purged_floors":[],"is_endless":false,"potions_floor_spawned":[3,4,5,12],"killed_by":"Fading Forest","ascension_level":0}}