{"host":"lnt5dzsuhru0aonl","time":1610811599,"event":{"mods":["2.2 Compatiblity","BaseMod","Colored Map","DeckTracker","Keyboard Shortcuts","Minty Spire (QoL Compilation)","Permanent Neow","StSLib","SuperFastMode","everything is the same but u backflip on backflip"],"gold_per_floor":[119,194,194,215,240,240,280,305,329,329,329],"floor_reached":10,"language":"KOR","playtime":1056,"items_purged":[],"score":119,"play_id":"0d3b9163-50dd-4425-bf1d-e904c2c20b76","local_time":"20210117003959","is_ascension_mode":true,"campfire_choices":[{"floor":6,"key":"REST"}],"circlet_count":0,"master_deck":["AscendersBane","Strike_P","Strike_P","Strike_P","Strike_P","Defend_P","Defend_P","Defend_P","Eruption","Vigilance","Prostrate","FearNoEvil"],"relics":["PureWater","Golden Idol","Omamori","Anchor"],"acts_visited":["Exordium"],"potions_floor_usage":[7,8],"damage_taken":[{"damage":0.0,"enemies":"Small Slimes","floor":1.0,"turns":2.0},{"damage":5,"enemies":"2 Louse","floor":4,"turns":4},{"damage":3,"enemies":"Jaw Worm","floor":5,"turns":3},{"damage":26,"enemies":"Lagavulin","floor":7,"turns":10},{"damage":10,"enemies":"Gremlin Gang","floor":8,"turns":5},{"damage":10,"enemies":"3 Sentries","floor":10,"turns":1}],"seed_played":"7330166227430741310","potions_obtained":[{"floor":5,"key":"AttackPotion"},{"floor":7,"key":"Weak Potion"}],"is_trial":false,"path_per_floor":["M","?","?","M","M","R","E","M","T","E"],"character_chosen":"WATCHER","items_purchased":[],"campfire_rested":1,"item_purchase_floors":[],"current_hp_per_floor":[61,50,27,22,19,39,13,3,3,0,0],"gold":329,"neow_bonus":"REMOVE_CARD","is_daily":false,"chose_seed":false,"campfire_upgraded":0,"win_rate":0.0,"timestamp":1610811599,"path_taken":["M","?","?","M","?","R","E","M","T","E"],"items_purchased_type":[],"build_version":"2020-12-22","purchased_purges":0,"victory":false,"max_hp_per_floor":[68,68,68,68,68,68,68,68,68,68,68],"card_choices":[{"not_picked":["LikeWater","Consecrate"],"picked":"Prostrate","floor":1},{"not_picked":["Consecrate","ThirdEye"],"picked":"FearNoEvil","floor":4},{"not_picked":["WreathOfFlame","FlyingSleeves","Protect"],"picked":"SKIP","floor":5},{"not_picked":["Vengeance","Crescendo","JustLucky"],"picked":"SKIP","floor":7},{"not_picked":["EmptyFist","JustLucky","Sanctity"],"picked":"SKIP","floor":8}],"player_experience":671107,"relics_obtained":[{"floor":7,"key":"Omamori"},{"floor":9,"key":"Anchor"}],"event_choices":[{"damage_healed":0,"gold_gain":75,"player_choice":"Gather Gold","damage_taken":11,"max_hp_gain":0,"max_hp_loss":0,"event_name":"World of Goop","floor":2,"gold_loss":0},{"damage_healed":0,"gold_gain":0,"player_choice":"Take Damage","damage_taken":23,"relics_obtained":["Golden Idol"],"max_hp_gain":0,"max_hp_loss":0,"event_name":"Golden Idol","floor":3,"gold_loss":0}],"is_beta":false,"boss_relics":[],"items_purged_floors":[],"is_endless":false,"potions_floor_spawned":[5,7],"killed_by":"3 Sentries","ascension_level":15}}