{"host":"1x0iiauhsd6tfigj","time":1610780577,"event":{"mods":["AchievementEnabler","BaseMod","Block Reminder","Colored Map","Colored Powertips","DeckTracker","Googly Eyes","Highlight Path","Minty Spire (QoL Compilation)","Permanent Neow","Quick Restart","Relic Sorter","Relic Stats","Slay-I","StSLib"],"gold_per_floor":[114,35,50,65,40,40,70,70,95,125,125,28,43,43,43,143,143,128,143,143,46,46,46,76,0,50,77,89,151,13,112,112,112,112],"floor_reached":33,"language":"ENG","playtime":1324,"items_purged":[],"score":319,"play_id":"199ff784-4395-43c4-974f-1a9d9017d690","local_time":"20210116000257","daily_mods":["Allstar","Flight","Night Terrors"],"is_ascension_mode":false,"campfire_choices":[{"data":"Catalyst","floor":6,"key":"SMITH"},{"floor":8,"key":"REST"},{"floor":15,"key":"REST"},{"floor":23,"key":"REST"},{"floor":32,"key":"REST"}],"circlet_count":0,"master_deck":["Defend_G","Defend_G","Defend_G","Defend_G","Defend_G","Survivor","Neutralize","Impatience","Dark Shackles","Panacea","Mayhem","PanicButton","Noxious Fumes","Endless Agony","Catalyst+1","Poisoned Stab+1","Dodge and Roll","Leg Sweep","Dramatic Entrance","Poisoned Stab","Dagger Spray","Flying Knee","Dramatic Entrance+1","Dramatic Entrance","Dodge and Roll","Bite","Bite","Bite","Bite","Bite"],"relics":["Ring of the Snake","PreservedInsect","Orichalcum","HornCleat","Fusion Hammer","MawBank","Smiling Mask","Whetstone"],"acts_visited":["Exordium","TheCity"],"potions_floor_usage":[7,16,24,33,33],"damage_taken":[{"damage":1,"enemies":"2 Louse","floor":1,"turns":5},{"damage":0,"enemies":"Small Slimes","floor":3,"turns":3},{"damage":0,"enemies":"Jaw Worm","floor":4,"turns":5},{"damage":29,"enemies":"Gremlin Nob","floor":7,"turns":5},{"damage":18,"enemies":"Lagavulin","floor":10,"turns":7},{"damage":4,"enemies":"Large Slime","floor":13,"turns":8},{"damage":51,"enemies":"Slime Boss","floor":16,"turns":11},{"damage":6,"enemies":"2 Thieves","floor":18,"turns":4},{"damage":11,"enemies":"Spheric Guardian","floor":19,"turns":6},{"damage":0,"enemies":"Gremlin Leader","floor":24,"turns":4},{"damage":0,"enemies":"3 Cultists","floor":27,"turns":3},{"damage":60,"enemies":"Collector","floor":33,"turns":5}],"seed_played":"2700428786693623746","potions_obtained":[{"floor":3,"key":"Strength Potion"},{"floor":10,"key":"DistilledChaos"},{"floor":18,"key":"DistilledChaos"},{"floor":19,"key":"LiquidMemories"},{"floor":27,"key":"Poison Potion"}],"is_trial":false,"path_per_floor":["M","$","M","M","?","R","E","R","T","E","?","$","M","?","R","B",null,"M","M","?","$","$","R","E","?","T","M","?","T","$","?","R","B"],"character_chosen":"THE_SILENT","items_purchased":["Endless Agony","Dramatic Entrance","Dramatic Entrance","Whetstone"],"campfire_rested":4,"item_purchase_floors":[2,12,21,30],"current_hp_per_floor":[69,69,69,69,69,69,40,65,65,47,52,52,48,48,65,14,65,59,48,48,48,48,60,60,60,60,60,60,60,60,60,55,0,0],"gold":112,"neow_bonus":"","is_daily":true,"chose_seed":false,"campfire_upgraded":1,"win_rate":0.0,"timestamp":1610780577,"path_taken":["M","$","M","M","?","R","E","R","T","E","?","?","M","?","R","BOSS","M","M","?","?","$","R","E","?","T","M","?","?","$","?","R","BOSS"],"items_purchased_type":["Card","Card","Card","Relic"],"build_version":"2020-12-22","purchased_purges":0,"victory":false,"max_hp_per_floor":[70,70,70,70,70,70,70,65,65,65,70,70,70,70,65,65,65,65,65,65,65,65,60,60,60,60,60,60,60,60,60,55,55,55],"relic_stats":{"counters":[12,66],"PreservedInsect":72,"Whetstone":["Poisoned Stab","Dramatic Entrance"],"Orichalcum":[48],"MawBank":48,"Smiling Mask":0,"obtain_stats":[{"Blood Vial":24,"HornCleat":10,"PreservedInsect":7,"Fusion Hammer":17,"Whetstone":30,"Orichalcum":9,"MawBank":26,"Smiling Mask":29,"Ring of the Snake":0},{"Blood Vial":10,"HornCleat":5,"PreservedInsect":4,"Fusion Hammer":7,"Whetstone":11,"Orichalcum":4,"MawBank":10,"Smiling Mask":11,"Ring of the Snake":0},{"Blood Vial":58,"HornCleat":25,"PreservedInsect":18,"Fusion Hammer":44,"Whetstone":61,"Orichalcum":18,"MawBank":58,"Smiling Mask":61,"Ring of the Snake":0}],"Ring of the Snake":[24]},"card_choices":[{"not_picked":["Deadly Poison","Blade Dance"],"picked":"Noxious Fumes","floor":1},{"not_picked":["Acrobatics","Deflect"],"picked":"Catalyst","floor":3},{"not_picked":["Dodge and Roll","Outmaneuver"],"picked":"Poisoned Stab","floor":4},{"not_picked":["Reflex","Wraith Form v2"],"picked":"Dodge and Roll","floor":7},{"not_picked":["Sucker Punch","Prepared"],"picked":"Leg Sweep","floor":10},{"not_picked":["Outmaneuver","Deadly Poison"],"picked":"Poisoned Stab","floor":13},{"not_picked":["Slice+1","Riddle With Holes"],"picked":"Dagger Spray","floor":18},{"not_picked":["Dagger Throw","Infinite Blades"],"picked":"Flying Knee","floor":19},{"not_picked":["Dagger Throw+1","Tools of the Trade","Flechettes"],"picked":"SKIP","floor":24},{"not_picked":["Blade Dance+1","Prepared"],"picked":"Dodge and Roll","floor":27}],"player_experience":1560640,"relics_obtained":[{"floor":7,"key":"PreservedInsect"},{"floor":9,"key":"Orichalcum"},{"floor":10,"key":"HornCleat"},{"floor":24,"key":"Blood Vial"},{"floor":26,"key":"MawBank"},{"floor":29,"key":"Smiling Mask"}],"event_choices":[{"damage_healed":0,"gold_gain":0,"player_choice":"Left Gold","damage_taken":0,"max_hp_gain":0,"max_hp_loss":0,"event_name":"World of Goop","floor":5,"gold_loss":25},{"damage_healed":0,"gold_gain":0,"player_choice":"Donut","damage_taken":0,"max_hp_gain":5,"max_hp_loss":0,"event_name":"Big Fish","floor":11,"gold_loss":0},{"damage_healed":0,"gold_gain":0,"player_choice":"Ignored","damage_taken":0,"max_hp_gain":0,"max_hp_loss":0,"event_name":"Shining Light","floor":14,"gold_loss":0},{"damage_healed":0,"gold_gain":0,"player_choice":"Copied","damage_taken":0,"max_hp_gain":0,"max_hp_loss":0,"event_name":"Duplicator","floor":20,"gold_loss":0,"cards_obtained":["Dramatic Entrance"]},{"damage_healed":0,"gold_gain":0,"player_choice":"Paid Fearfully","damage_taken":0,"max_hp_gain":0,"max_hp_loss":0,"event_name":"Masked Bandits","floor":25,"gold_loss":76},{"damage_healed":0,"gold_gain":0,"player_choice":"Became a vampire (Vial)","damage_taken":0,"max_hp_gain":0,"max_hp_loss":0,"event_name":"Vampires","floor":28,"relics_lost":["Blood Vial"],"gold_loss":0,"cards_obtained":["Bite","Bite","Bite","Bite","Bite"]},{"damage_healed":0,"gold_gain":99,"player_choice":"Stole From Cult","damage_taken":0,"max_hp_gain":0,"max_hp_loss":0,"event_name":"Nest","floor":31,"gold_loss":0}],"is_beta":false,"boss_relics":[{"not_picked":["Philosopher\u0027s Stone","Runic Dome"],"picked":"Fusion Hammer"}],"items_purged_floors":[],"is_endless":false,"potions_floor_spawned":[3,10,18,19,27],"killed_by":"Collector","ascension_level":0}}