{"host":"660cfmsallpwcpow","time":1610833535,"event":{"mods":["Arknights The Spire","Ascension Reborn","Aspiration","BaseMod","BetterRewards","Colored Map","Colored Powertips","Conspire","Hubris","Infinite Spire","Minty Spire (QoL Compilation)","Replay The Spire","StSLib","The Marked","The Wild Card"],"gold_per_floor":[109,109,109,121,121,121,121,121,139,139,139,151,161,189,189,143,143,241,241,251,237,237,255,268,268,116,116,140,190,200,232,182,182,182],"floor_reached":33,"language":"ENG","playtime":2023,"items_purged":["theMarked:MagicAdept"],"score":265,"play_id":"d1f8108f-32bb-4954-b8b2-1bfef8c38612","local_time":"20210116154535","is_ascension_mode":true,"campfire_choices":[{"floor":15,"key":"REST"},{"floor":17,"key":"REST"},{"floor":25,"key":"REST"},{"data":"infinitespire:SevenWalls","floor":27,"key":"SMITH"}],"circlet_count":0,"master_deck":["theMarked:Strike","theMarked:Strike","theMarked:Strike","theMarked:Strike","theMarked:Strike","theMarked:Defend","theMarked:Defend","theMarked:Defend","theMarked:Defend","theMarked:SoldierOfQuellstein","theMarked:Parkour","theMarked:ParalyzingBlade","theMarked:AttractMetal","theMarked:StartUp","theMarked:TwofoldDefense","theMarked:EmpowerWeapon","CurseOfTheBell","theMarked:Panic","theMarked:StartUp","infinitespire:SevenWalls+1","infinitespire:Collect","theMarked:ReduceFriction+1","theMarked:SwordAndMagic+1","theMarked:RogueSparks","infinitespire:Fortify","theMarked:TwofoldDefense","conspire:SpireCoStock"],"relics":["theMarked:ArtifactOfAir","NeowsBlessing","hubris:64BitClover","Bird Faced Urn","Calling Bell","Boot","theMarked:Gun","Ice Cream","Thread and Needle","FossilizedHelix","hubris:TenFootPole","hubris:ToyBattleship","Calipers"],"acts_visited":["Exordium","TheCity"],"potions_floor_usage":[18,20,23,31,33],"damage_taken":[{"damage":0,"enemies":"conspire:RoseBush","floor":1,"turns":1},{"damage":0,"enemies":"Small Slimes","floor":4,"turns":1},{"damage":0,"enemies":"infinitespire:Voidling","floor":9,"turns":1},{"damage":6,"enemies":"3 Louse","floor":12,"turns":4},{"damage":6,"enemies":"Exordium Thugs","floor":13,"turns":5},{"damage":30,"enemies":"3 Sentries","floor":14,"turns":9},{"damage":62,"enemies":"Fading Forest","floor":18,"turns":11},{"damage":14,"enemies":"Shell Parasite","floor":20,"turns":13},{"damage":28,"enemies":"2 Thieves","floor":21,"turns":4},{"damage":0,"enemies":"Centurion and Healer","floor":23,"turns":8},{"damage":0,"enemies":"Cultist and Chosen","floor":24,"turns":6},{"damage":0,"enemies":"Chosen and Byrds","floor":30,"turns":6},{"damage":41,"enemies":"Nightmare","floor":31,"turns":10},{"damage":25,"enemies":"3 Cultists","floor":33,"turns":6}],"seed_played":"1610975681776767104","potions_obtained":[{"floor":4,"key":"LiquidBronze"},{"floor":12,"key":"PowerPotion"},{"floor":18,"key":"Weak Potion"},{"floor":21,"key":"SpeedPotion"},{"floor":30,"key":"LiquidBronze"},{"floor":31,"key":"Strength Potion"}],"is_trial":false,"path_per_floor":["M","?","?","M","$","PTL","PTL","?","M","?","T","M","M","E","R","$","R","B",null,"M","M","AVR","M","M","R","$","R","T","?","M","NM","?","M"],"character_chosen":"THE_DEFAULT","items_purchased":["theMarked:EmpowerWeapon","hubris:TenFootPole"],"campfire_rested":3,"item_purchase_floors":[16,26],"current_hp_per_floor":[70,70,70,70,70,70,70,70,70,70,70,64,58,28,49,49,70,16,70,56,28,28,28,28,49,49,49,49,49,49,10,10,0,0],"gold":182,"neow_bonus":"THREE_ENEMY_KILL","is_daily":false,"chose_seed":false,"campfire_upgraded":1,"win_rate":0.0,"timestamp":1610833535,"path_taken":["M","?","?","M","$","PTL","PTL","?","?","?","T","M","M","E","R","?","R","BOSS","M","M","AVR","M","M","R","$","R","T","?","?","NM","?","M"],"items_purchased_type":["Card","Relic"],"build_version":"2020-12-22","purchased_purges":1,"victory":false,"max_hp_per_floor":[70,70,70,70,70,70,70,70,70,70,70,70,70,70,70,70,70,70,70,70,70,70,70,70,70,70,70,70,70,70,70,70,70,70],"card_choices":[{"not_picked":["theMarked:WastefulAttack","theMarked:SwordAndMagic"],"picked":"theMarked:Parkour","floor":1},{"not_picked":["theMarked:HeightenedSenses","theMarked:EmpowerWeapon"],"picked":"theMarked:ParalyzingBlade","floor":4},{"not_picked":["theMarked:WastefulDefense","theMarked:SwordAndMagic"],"picked":"theMarked:AttractMetal","floor":9},{"not_picked":["theMarked:WastefulDefense","theMarked:HeightenedSenses","theMarked:Standoff"],"picked":"SKIP","floor":12},{"not_picked":["theMarked:MaelstromOfLightning","theMarked:Frustration"],"picked":"theMarked:StartUp","floor":13},{"not_picked":["theMarked:BanishingStrike","theMarked:WastefulAttack"],"picked":"theMarked:TwofoldDefense","floor":14},{"not_picked":["theMarked:UnarmedFury","theMarked:TurnInvisible"],"picked":"theMarked:MagicAdept","floor":18},{"not_picked":["theMarked:BanishingStrike","theMarked:TwofoldDefense"],"picked":"theMarked:Panic","floor":20},{"not_picked":["theMarked:WastefulAttack","theMarked:Seal+1"],"picked":"theMarked:StartUp","floor":21},{"not_picked":["theMarked:BanishingStrike+1","theMarked:ElectricStrings"],"picked":"theMarked:ReduceFriction+1","floor":23},{"not_picked":["theMarked:DeterminationOfTheMarked+1","theMarked:BanishingStrike"],"picked":"theMarked:SwordAndMagic+1","floor":24},{"not_picked":["theMarked:Static","theMarked:RepellingDischarge"],"picked":"theMarked:RogueSparks","floor":30},{"not_picked":["hubris:InfiniteBlow+7","ReplayTheSpireMod:Chaos Vortex"],"picked":"infinitespire:Fortify","floor":31},{"not_picked":["theMarked:TurnInvisible","theMarked:HeightenedSenses"],"picked":"theMarked:TwofoldDefense","floor":31}],"player_experience":179222,"relics_obtained":[{"floor":14,"key":"Bird Faced Urn"},{"floor":19,"key":"Boot"},{"floor":19,"key":"theMarked:Gun"},{"floor":19,"key":"Ice Cream"},{"floor":24,"key":"FossilizedHelix"},{"floor":28,"key":"hubris:ToyBattleship"},{"floor":31,"key":"Calipers"}],"event_choices":[{"damage_healed":0,"gold_gain":0,"player_choice":"Ignored","damage_taken":0,"max_hp_gain":0,"max_hp_loss":0,"event_name":"Purifier","floor":8,"gold_loss":0},{"damage_healed":0,"gold_gain":0,"player_choice":"Gave Potion","damage_taken":0,"relics_obtained":["hubris:64BitClover"],"max_hp_gain":0,"max_hp_loss":0,"event_name":"WeMeetAgain","floor":10,"gold_loss":0},{"damage_healed":0,"gold_gain":100,"player_choice":"Bet on Murderer","damage_taken":0,"max_hp_gain":0,"max_hp_loss":0,"event_name":"The Joust","floor":29,"gold_loss":50},{"damage_healed":0,"gold_gain":0,"player_choice":"Invest 1","damage_taken":0,"max_hp_gain":0,"max_hp_loss":0,"event_name":"conspire:Investor","floor":32,"gold_loss":0}],"is_beta":false,"boss_relics":[{"not_picked":["aspiration:SilentSkillbook","aspiration:DefectSkillbook"],"picked":"Calling Bell"}],"items_purged_floors":[22],"is_endless":false,"potions_floor_spawned":[4,12,18,21,30,31],"killed_by":"3 Cultists","ascension_level":0}}