{"host":"56d873i5r3uhle0q","time":1610784359,"event":{"mods":["100% Spire Juice","Act Like it!","Aspiration","BaseMod","Block Reminder","Conspire","Gensokyo","Hermit","Jedi Mod","Marisa????????","Marked Mod","Minty Spire (QoL Compilation)","Replay The Spire","StSLib","The Animator","The Bug Knight","The Cursed","The Jungle","The Marked","The Servant 0.9.4","everything is the same but u backflip on backflip","vexMod","??????REMEMod"],"gold_per_floor":[117,117,217,137,151,164,164,175,175,175,175,175,26,55,55,351,351,363,109,120,36,48,48,73,73,73,73,73,73,98,98,98,98,98],"floor_reached":33,"language":"ENG","playtime":1078,"items_purged":["Pain"],"score":259,"play_id":"9f164407-8c37-4d14-bbee-381cc7bf86ef","local_time":"20210116010559","is_ascension_mode":false,"campfire_choices":[{"data":"PathToVictory","floor":7.0,"key":"SMITH"},{"floor":11.0,"key":"REST"},{"floor":15.0,"key":"REST"},{"floor":23.0,"key":"REST"},{"data":"MarkedMod:NorthStar","floor":25.0,"key":"SMITH"},{"data":"MarkedMod:FirstStrike","floor":29.0,"key":"SMITH"}],"circlet_count":0,"master_deck":["Strike_P","Strike_P","Strike_P","Strike_P","Defend_P","Defend_P","Defend_P","Defend_P","Eruption","Vigilance","MarkedMod:FirstStrike+1","PathToVictory+1","MarkedMod:Acupuncture","Replay:Anticipation","Gensokyo:BlemishedSteel","MarkedMod:NorthStar+1","Venomology"],"relics":["PureWater","REME_ComplimentaryCards","NeowsBlessing","Gensokyo:LunaticRedEyes","vexMod:InvisibilityCloak","Gensokyo:OccultBall","MarkedMod:AcupunctureKit","HollowMod:StagPassRelic","Black Star","aspiration:HummingbirdHeart","Calipers","Divine Protection","Replay:Accelerometer","Tiny Chest","Gensokyo:RedStar"],"acts_visited":["Gensokyo:Gensokyo","Gensokyo:Gensokyoer"],"potions_floor_usage":[],"damage_taken":[{"damage":0.0,"enemies":"Gensokyo:2_Kodama","floor":1.0,"turns":1.0},{"damage":0.0,"enemies":"Gensokyo:Python","floor":5.0,"turns":1.0},{"damage":0.0,"enemies":"Gensokyo:Gryphon","floor":6.0,"turns":1.0},{"damage":28.0,"enemies":"Gensokyo:LivingMonolith","floor":8.0,"turns":7.0},{"damage":22.0,"enemies":"Gensokyo:Aya","floor":14.0,"turns":5.0},{"damage":22.0,"enemies":"Gensokyo:Yukari","floor":16.0,"turns":13.0},{"damage":10.0,"enemies":"Gensokyo:3_Dogs","floor":18.0,"turns":4.0},{"damage":21.0,"enemies":"Gensokyo:2_Gloops","floor":20.0,"turns":11.0},{"damage":15.0,"enemies":"Gensokyo:Wraith","floor":22.0,"turns":6.0},{"damage":12.0,"enemies":"Gensokyo:Koishi","floor":24.0,"turns":6.0},{"damage":14.0,"enemies":"conspire:MimicChest","floor":30.0,"turns":5.0},{"damage":47,"enemies":"Gensokyo:3_Gloops","floor":33,"turns":5}],"seed_played":"3520696817836992521","potions_obtained":[{"floor":8.0,"key":"LiquidBronze"},{"floor":14.0,"key":"Dexterity Potion"},{"floor":16.0,"key":"Regen Potion"}],"is_trial":false,"path_per_floor":["M","?","?","COS","M","M","R","M","T","?","R","?","$","E","R","B",null,"M","$","M","COS","M","R","E","R","T","PTL","PTL","R","?","?","?","M"],"character_chosen":"WATCHER","items_purchased":["Replay:Anticipation","aspiration:HummingbirdHeart"],"campfire_rested":3,"item_purchase_floors":[13,19],"current_hp_per_floor":[72,72,72,72,72,72,72,44,44,44,65,65,65,43,64,42,72,62,62,52,52,37,58,61,61,61,61,61,61,47,47,47,0,0],"gold":98,"neow_bonus":"THREE_ENEMY_KILL","is_daily":false,"chose_seed":false,"campfire_upgraded":3,"win_rate":0.0,"timestamp":1610784359,"path_taken":["M","?","?","COS","M","M","R","M","T","?","R","?","$","E","R","BOSS","M","$","M","COS","M","R","E","R","T","PTL","PTL","R","?","?","?","M"],"items_purchased_type":["Card","Relic"],"build_version":"2020-12-22","purchased_purges":1,"victory":false,"max_hp_per_floor":[72,72,72,72,72,72,72,72,72,72,72,72,72,72,72,72,72,72,72,72,72,72,72,72,72,72,72,72,72,72,72,72,72,72],"card_choices":[{"not_picked":["Collect","Adaptation"],"picked":"MarkedMod:FirstStrike","floor":1.0},{"not_picked":["Adaptation","ReachHeaven"],"picked":"PathToVictory","floor":5.0},{"not_picked":["SashWhip","FlurryOfBlows"],"picked":"MarkedMod:Acupuncture","floor":6.0},{"not_picked":["BattleHymn","EmptyFist","Swivel"],"picked":"SKIP","floor":8.0},{"not_picked":["MarkedMod:SlowDance","MarkedMod:Acupuncture","Worship"],"picked":"SKIP","floor":14.0},{"not_picked":["Replay:AllIn","DeusExMachina"],"picked":"jedi:nirvanicrebirth","floor":16.0},{"not_picked":["FlurryOfBlows","CrushJoints","SashWhip"],"picked":"SKIP","floor":18.0},{"not_picked":["DeceiveReality+1","FlyingSleeves","Adaptation"],"picked":"SKIP","floor":20.0},{"not_picked":["Replay:Vibes+1","Prostrate+1"],"picked":"MarkedMod:NorthStar","floor":22.0},{"not_picked":["Replay:Battleflow","REME_Repentance+1","Weave"],"picked":"SKIP","floor":24.0}],"player_experience":537631,"relics_obtained":[{"floor":9.0,"key":"vexMod:InvisibilityCloak"},{"floor":14.0,"key":"MarkedMod:AcupunctureKit"},{"floor":16.0,"key":"Gensokyo:OccultBall"},{"floor":24.0,"key":"Calipers"},{"floor":24.0,"key":"Divine Protection"},{"floor":26.0,"key":"Replay:Accelerometer"},{"floor":30.0,"key":"Tiny Chest"}],"event_choices":[],"is_beta":false,"boss_relics":[{"not_picked":["Busted Crown","aspiration:DefectSkillbook"],"picked":"Black Star"}],"items_purged_floors":[13],"is_endless":false,"potions_floor_spawned":[8,14,16,18],"killed_by":"Gensokyo:3_Gloops","ascension_level":0}}