{"host":"d66n7ln59ex8canu","time":1610828703,"event":{"mods":["AchievementEnabler","BaseMod","Colored Map","Minty Spire (QoL Compilation)","Quick Restart","StSLib"],"gold_per_floor":[115,115,142,161,261,301,315,315,338,353,376,306,306,306,306,431,431,449,70,91,91,6,40,54,20,20,20,20,20,20],"floor_reached":29,"language":"ENG","playtime":685,"items_purged":[],"score":359,"play_id":"cd67dcbf-70ef-4c65-a50c-5817dfb424e4","local_time":"20210116152503","is_ascension_mode":true,"campfire_choices":[{"data":"Fission","floor":8,"key":"SMITH"},{"data":"Static Discharge","floor":15,"key":"SMITH"}],"circlet_count":0,"master_deck":["Strike_B","Strike_B","Strike_B","Strike_B","Defend_B","Defend_B","Defend_B","Defend_B","Zap","Dualcast","Auto Shields","Ball Lightning","Coolheaded","Fission+1","Storm","Sweeping Beam","Static Discharge+1","Core Surge","Loop","Hello World","Chaos+1","Cold Snap","Self Repair"],"relics":["Cracked Core","NeowsBlessing","Golden Idol","Tiny Chest","Bag of Marbles","PreservedInsect","Dead Branch","Vajra","Sozu","Incense Burner","Dream Catcher","Centennial Puzzle","Calipers"],"acts_visited":["Exordium","TheCity"],"potions_floor_usage":[16,29,29],"damage_taken":[{"damage":0,"enemies":"Jaw Worm","floor":1,"turns":1},{"damage":0,"enemies":"Cultist","floor":4,"turns":1},{"damage":0,"enemies":"3 Sentries","floor":6,"turns":1},{"damage":0,"enemies":"Small Slimes","floor":7,"turns":2},{"damage":18,"enemies":"Exordium Thugs","floor":10,"turns":6},{"damage":0,"enemies":"2 Fungi Beasts","floor":11,"turns":2},{"damage":29,"enemies":"Slime Boss","floor":16,"turns":8},{"damage":23,"enemies":"Shell Parasite","floor":18,"turns":4},{"damage":0,"enemies":"Chosen","floor":20,"turns":3},{"damage":27,"enemies":"Slavers","floor":23,"turns":4},{"damage":27,"enemies":"Shelled Parasite and Fungi","floor":24,"turns":2},{"damage":6,"enemies":"Centurion and Healer","floor":29,"turns":1}],"seed_played":"-5252316280845891300","potions_obtained":[{"floor":1,"key":"Swift Potion"},{"floor":6,"key":"SteroidPotion"},{"floor":10,"key":"Strength Potion"},{"floor":16,"key":"BlessingOfTheForge"}],"is_trial":false,"path_per_floor":["M","?","T","M","?","E","M","R","T","M","M","$","T","T","R","B",null,"M","$","M","?","?","E","M","$","T","$","T","M"],"character_chosen":"DEFECT","items_purchased":["Static Discharge","Incense Burner","Hello World","Self Repair"],"campfire_rested":0,"item_purchase_floors":[12,19,19,25],"current_hp_per_floor":[68,50,50,50,50,50,50,50,50,32,32,32,32,32,32,3,57,34,34,34,59,59,32,5,5,5,5,5,0,0],"gold":20,"neow_bonus":"THREE_ENEMY_KILL","is_daily":false,"chose_seed":false,"campfire_upgraded":2,"win_rate":0.0,"timestamp":1610828703,"path_taken":["M","?","?","?","?","E","M","R","T","M","M","$","?","?","R","BOSS","M","$","M","?","?","E","M","$","T","?","?","M"],"items_purchased_type":["Card","Relic","Card","Card"],"build_version":"2020-12-22","purchased_purges":0,"victory":false,"max_hp_per_floor":[75,75,75,75,75,75,75,75,75,75,75,75,75,75,75,75,75,75,75,75,75,75,75,75,75,75,75,75,75,75],"card_choices":[{"not_picked":["Stack","Rebound"],"picked":"Auto Shields","floor":1},{"not_picked":["Streamline","Barrage"],"picked":"Ball Lightning","floor":4},{"not_picked":["Gash","Compile Driver"],"picked":"Coolheaded","floor":6},{"not_picked":["Cold Snap","Hologram"],"picked":"Fission","floor":7},{"not_picked":["Reinforced Body","Cold Snap"],"picked":"Storm","floor":10},{"not_picked":["Melter","Skim"],"picked":"Sweeping Beam","floor":11},{"not_picked":["Multi-Cast","Hyperbeam"],"picked":"Core Surge","floor":16},{"not_picked":["Ball Lightning","Rebound"],"picked":"Loop","floor":18},{"not_picked":["Lockon","Skim"],"picked":"Chaos+1","floor":20},{"not_picked":["Sweeping Beam","Darkness","Cold Snap"],"picked":"SKIP","floor":23},{"not_picked":["Genetic Algorithm","Aggregate"],"picked":"Cold Snap","floor":24}],"player_experience":322169,"relics_obtained":[{"floor":3,"key":"Tiny Chest"},{"floor":6,"key":"Bag of Marbles"},{"floor":9,"key":"PreservedInsect"},{"floor":13,"key":"Dead Branch"},{"floor":14,"key":"Vajra"},{"floor":23,"key":"Centennial Puzzle"},{"floor":26,"key":"Calipers"}],"event_choices":[{"damage_healed":0,"gold_gain":0,"player_choice":"Take Damage","damage_taken":18,"relics_obtained":["Golden Idol"],"max_hp_gain":0,"max_hp_loss":0,"event_name":"Golden Idol","floor":2,"gold_loss":0},{"damage_healed":0,"gold_gain":100,"player_choice":"Pray","damage_taken":0,"max_hp_gain":0,"max_hp_loss":0,"event_name":"Golden Shrine","floor":5,"gold_loss":0},{"damage_healed":25,"gold_gain":0,"player_choice":"Heal","damage_taken":0,"max_hp_gain":0,"max_hp_loss":0,"event_name":"The Library","floor":21,"gold_loss":0},{"damage_healed":0,"gold_gain":0,"player_choice":"Obtained Relic","damage_taken":0,"relics_obtained":["Dream Catcher"],"max_hp_gain":0,"max_hp_loss":0,"event_name":"Addict","floor":22,"gold_loss":85}],"is_beta":false,"boss_relics":[{"not_picked":["Fusion Hammer","FrozenCore"],"picked":"Sozu"}],"items_purged_floors":[],"is_endless":false,"potions_floor_spawned":[1,6,10,16,18,23,24],"killed_by":"Centurion and Healer","ascension_level":7}}