{"host":"mydft8i2zzydgggw","time":1610835218,"event":{"mods":["AchievementEnabler","BaseMod","BetterRewards","Colored Map","Colored Powertips","DeckTracker","Keyboard Shortcuts","Minty Spire (QoL Compilation)","Rare Cards Sparkle","StSLib","SuperFastMode","everything is the same but u backflip on backflip"],"gold_per_floor":[169,186,261,261,280,280,335,335,360,374,48,48,48,12,12,109,109,129,29,29,0,99,99,99,99],"floor_reached":24,"language":"KOR","playtime":417,"items_purged":["Strike_B","Strike_B"],"score":261,"play_id":"a9d7653c-efb6-4009-a37c-74c4fd3e5d1f","local_time":"20210117071338","is_ascension_mode":true,"campfire_choices":[{"data":"Chaos","floor":6,"key":"SMITH"},{"floor":8,"key":"REST"},{"data":"Consume","floor":13,"key":"SMITH"},{"data":"Zap","floor":15,"key":"SMITH"},{"floor":23,"key":"REST"}],"circlet_count":0,"master_deck":["Strike_B+1","Defend_B","Defend_B","Defend_B","Defend_B","Zap+1","Dualcast","Chaos+1","Leap","Redo","Reinforced Body","Creative AI","Consume+1","Defragment","Amplify","Turbo","Necronomicurse","Consume+1"],"relics":["Tiny House","Boot","Regal Pillow","Lantern","Blue Candle","Inserter","Necronomicon"],"acts_visited":["Exordium","TheCity"],"potions_floor_usage":[7,7,16,21],"damage_taken":[{"damage":3,"enemies":"2 Louse","floor":1,"turns":3},{"damage":7,"enemies":"Jaw Worm","floor":2,"turns":6},{"damage":5,"enemies":"Small Slimes","floor":5,"turns":3},{"damage":28,"enemies":"Lagavulin Event","floor":7,"turns":8},{"damage":12,"enemies":"Blue Slaver","floor":10,"turns":7},{"damage":35,"enemies":"Hexaghost","floor":16,"turns":10},{"damage":21,"enemies":"Chosen","floor":18,"turns":5},{"damage":13,"enemies":"2 Thieves","floor":21,"turns":4},{"damage":59,"enemies":"Gremlin Leader","floor":24,"turns":5}],"seed_played":"5036012755493382300","potions_obtained":[{"floor":0,"key":"DistilledChaos"},{"floor":1,"key":"BlessingOfTheForge"},{"floor":2,"key":"Dexterity Potion"},{"floor":18,"key":"AttackPotion"}],"is_trial":false,"path_per_floor":["M","M","?","T","M","R","?","R","T","M","$","?","R","$","R","B",null,"M","$","?","M","?","R","E"],"character_chosen":"DEFECT","items_purchased":["Blue Candle","Defragment"],"campfire_rested":2,"item_purchase_floors":[11,14],"current_hp_per_floor":[70,63,52,52,47,47,19,58,58,46,46,46,46,46,46,11,63,42,42,26,13,13,52,0,0],"gold":99,"neow_bonus":"BOSS_RELIC","is_daily":false,"chose_seed":false,"campfire_upgraded":3,"win_rate":0.0,"timestamp":1610835218,"path_taken":["M","M","?","?","M","R","?","R","T","M","?","?","R","$","R","BOSS","M","$","?","M","?","R","E"],"items_purchased_type":["Relic","Card"],"build_version":"2020-12-22","purchased_purges":2,"victory":false,"max_hp_per_floor":[80,80,80,80,80,80,80,80,80,80,80,80,80,80,80,80,80,80,80,80,80,80,80,80,80],"card_choices":[{"not_picked":["Static Discharge","Conserve Battery"],"picked":"Chaos","floor":0},{"not_picked":["Beam Cell","Stack"],"picked":"Leap","floor":1},{"not_picked":["Aggregate","Hologram"],"picked":"Redo","floor":2},{"not_picked":["Rebound","Reprogram"],"picked":"Reinforced Body","floor":5},{"not_picked":["Conserve Battery","Hologram"],"picked":"Creative AI","floor":7},{"not_picked":["Self Repair","Coolheaded"],"picked":"Consume","floor":10},{"not_picked":["Creative AI","Multi-Cast"],"picked":"Amplify","floor":16},{"not_picked":["Gash","Hologram+1"],"picked":"Turbo","floor":18},{"not_picked":["Sunder+1","Loop+1"],"picked":"Consume+1","floor":21}],"player_experience":171347,"relics_obtained":[{"floor":4,"key":"Boot"},{"floor":7,"key":"Regal Pillow"},{"floor":9,"key":"Lantern"},{"floor":20,"key":"Necronomicon"}],"event_choices":[{"damage_healed":0,"gold_gain":75,"player_choice":"Gather Gold","damage_taken":11,"max_hp_gain":0,"max_hp_loss":0,"event_name":"World of Goop","floor":3,"gold_loss":0},{"damage_healed":0,"gold_gain":0,"player_choice":"Searched \u00271\u0027 times","damage_taken":0,"max_hp_gain":0,"max_hp_loss":0,"event_name":"Dead Adventurer","floor":7,"gold_loss":0},{"cards_removed":["Strike_B"],"damage_healed":0,"gold_gain":0,"player_choice":"Forget","damage_taken":0,"max_hp_gain":0,"max_hp_loss":0,"event_name":"Living Wall","floor":12,"gold_loss":0},{"damage_healed":0,"gold_gain":0,"player_choice":"Obtained Book","damage_taken":16,"max_hp_gain":0,"max_hp_loss":0,"event_name":"Cursed Tome","floor":20,"gold_loss":0},{"damage_healed":0,"gold_gain":99,"player_choice":"Stole From Cult","damage_taken":0,"max_hp_gain":0,"max_hp_loss":0,"event_name":"Nest","floor":22,"gold_loss":0}],"is_beta":false,"boss_relics":[{"not_picked":["SlaversCollar","Black Star"],"picked":"Inserter"}],"items_purged_floors":[11,19],"is_endless":false,"potions_floor_spawned":[1,2,18],"killed_by":"Gremlin Leader","ascension_level":9}}