{"host":"1q02rw1wpi0nrsss","time":1610779856,"event":{"mods":["AchievementEnabler","BaseMod","DeckTracker","Minty Spire (QoL Compilation)","Permanent Neow","Quick Restart","Rare Cards Sparkle"],"gold_per_floor":[215,227,247,247,52,52,13,13,13,13,25,25,25,68,68,187,187,201,196,196,217,242,242,276,276,276,296,320,335,335,366,366,492,492,505,257,273,108,124,124,124,163,163,163,183,183,0,16,16,16],"floor_reached":51,"language":"ENG","playtime":1866,"items_purged":["Defend_G","Strike_G","Strike_G"],"score":1026,"play_id":"02a372be-16a5-417c-9244-6a2179143191","local_time":"20210115225056","is_ascension_mode":true,"campfire_choices":[{"data":"Terror","floor":6,"key":"SMITH"},{"data":"Finisher","floor":12,"key":"SMITH"},{"data":"Blur","floor":15,"key":"SMITH"},{"data":"Footwork","floor":23,"key":"SMITH"},{"data":"Cloak And Dagger","floor":25,"key":"SMITH"},{"floor":32,"key":"REST"},{"floor":41,"key":"REST"},{"floor":44,"key":"REST"},{"floor":46,"key":"REST"},{"floor":49,"key":"RECALL"}],"circlet_count":0,"master_deck":["Strike_G+1","Strike_G","Strike_G+1","Defend_G","Defend_G","Defend_G+1","Survivor+1","Neutralize+1","Acrobatics","Cloak And Dagger+1","Blur+1","Footwork","Terror+1","Footwork+1","Finisher+1","Slice","After Image","PiercingWail","Cloak And Dagger+1","Corpse Explosion","Infinite Blades+1","Blade Dance","Blade Dance+1","After Image","Noxious Fumes+1","Calculated Gamble","Accuracy+1"],"relics":["Ring of the Snake","Blood Vial","Golden Idol","War Paint","WristBlade","Ice Cream","Bottled Lightning","Tingsha","Fusion Hammer","Strawberry","Whetstone","Regal Pillow","Red Mask"],"acts_visited":["Exordium","TheCity","TheBeyond"],"potions_floor_usage":[16,21,24,24,24,28,28,31,33,40,48],"damage_taken":[{"damage":2,"enemies":"Cultist","floor":1,"turns":4},{"damage":3,"enemies":"Small Slimes","floor":2,"turns":4},{"damage":5,"enemies":"2 Louse","floor":3,"turns":5},{"damage":2,"enemies":"Blue Slaver","floor":11,"turns":4},{"damage":17,"enemies":"Gremlin Nob","floor":14,"turns":4},{"damage":8,"enemies":"Hexaghost","floor":16,"turns":8},{"damage":1,"enemies":"Shell Parasite","floor":18,"turns":6},{"damage":9,"enemies":"2 Thieves","floor":19,"turns":4},{"damage":14,"enemies":"Centurion and Healer","floor":21,"turns":7},{"damage":14,"enemies":"Chosen and Byrds","floor":22,"turns":7},{"damage":4,"enemies":"Slavers","floor":24,"turns":8},{"damage":3,"enemies":"Snake Plant","floor":27,"turns":4},{"damage":6,"enemies":"Centurion and Healer","floor":28,"turns":4},{"damage":7,"enemies":"Shelled Parasite and Fungi","floor":29,"turns":4},{"damage":13,"enemies":"Gremlin Leader","floor":31,"turns":7},{"damage":40,"enemies":"Automaton","floor":33,"turns":7},{"damage":11,"enemies":"3 Darklings","floor":35,"turns":4},{"damage":0,"enemies":"Orb Walker","floor":37,"turns":2},{"damage":18,"enemies":"Spire Growth","floor":39,"turns":4},{"damage":0,"enemies":"Reptomancer","floor":40,"turns":1},{"damage":10,"enemies":"Nemesis","floor":42,"turns":5},{"damage":14,"enemies":"Sphere and 2 Shapes","floor":45,"turns":5},{"damage":0,"enemies":"Jaw Worm Horde","floor":48,"turns":4},{"damage":35,"enemies":"Donu and Deca","floor":50,"turns":8}],"seed_played":"-583679584267879433","potions_obtained":[{"floor":11,"key":"EssenceOfSteel"},{"floor":14,"key":"PowerPotion"},{"floor":16,"key":"ColorlessPotion"},{"floor":19,"key":"PowerPotion"},{"floor":21,"key":"SteroidPotion"},{"floor":22,"key":"Poison Potion"},{"floor":24,"key":"EntropicBrew"},{"floor":30,"key":"CunningPotion"},{"floor":39,"key":"SmokeBomb"},{"floor":42,"key":"Block Potion"},{"floor":45,"key":"SkillPotion"},{"floor":48,"key":"DistilledChaos"}],"is_trial":false,"path_per_floor":["M","M","M","?","$","R","$","?","T","?","M","R","?","E","R","B",null,"M","M","?","M","M","R","E","R","T","M","M","M","?","E","R","B",null,"M","$","M","$","M","E","R","E","T","R","M","R","?","M","R","B",null],"character_chosen":"THE_SILENT","items_purchased":["Footwork","Terror","Footwork","Strawberry","Calculated Gamble"],"campfire_rested":4,"item_purchase_floors":[5,5,7,36,38],"current_hp_per_floor":[61,58,53,46,46,46,46,69,69,69,68,68,51,36,36,30,60,61,54,70,56,44,44,42,42,42,41,37,32,32,21,42,4,54,45,52,54,54,38,40,63,55,55,77,63,77,77,77,77,42],"gold":16,"neow_bonus":"HUNDRED_GOLD","is_daily":false,"chose_seed":false,"campfire_upgraded":5,"win_rate":0.0,"timestamp":1610779856,"path_taken":["M","M","?","?","$","R","$","?","T","?","M","R","?","E","R","BOSS","M","M","?","M","M","R","E","R","T","M","M","M","?","E","R","BOSS","M","$","M","$","M","E","R","E","T","R","?","R","?","M","R","BOSS"],"items_purchased_type":["Card","Card","Card","Relic","Card"],"build_version":"2020-12-22","purchased_purges":3,"victory":true,"max_hp_per_floor":[70,70,70,70,70,70,70,70,70,70,70,70,70,70,70,70,70,70,70,70,70,70,70,70,70,70,70,70,70,70,70,70,70,70,70,77,77,77,77,77,77,77,77,77,77,77,77,77,77,77],"card_choices":[{"not_picked":["Deflect","Slice"],"picked":"Acrobatics","floor":1},{"not_picked":["Bane","Slice"],"picked":"Cloak And Dagger","floor":2},{"not_picked":["Dagger Throw","Bouncing Flask"],"picked":"Blur","floor":3},{"not_picked":["Quick Slash","Underhanded Strike"],"picked":"Finisher","floor":11},{"not_picked":["Riddle With Holes","Quick Slash"],"picked":"Slice","floor":14},{"not_picked":["Doppelganger","Night Terror"],"picked":"After Image","floor":16},{"not_picked":["Expertise+1","Dagger Throw+1"],"picked":"PiercingWail","floor":18},{"not_picked":["Footwork","Dodge and Roll"],"picked":"Cloak And Dagger+1","floor":19},{"not_picked":["Concentrate","Prepared","Slice+1"],"picked":"SKIP","floor":21},{"not_picked":["Quick Slash","PiercingWail","Sucker Punch"],"picked":"SKIP","floor":22},{"not_picked":["Quick Slash","Endless Agony"],"picked":"Corpse Explosion","floor":24},{"not_picked":["Backflip+1","Prepared"],"picked":"Infinite Blades+1","floor":27},{"not_picked":["Slice+1","Flying Knee"],"picked":"Blade Dance","floor":28},{"not_picked":["Slice","Reflex","Tactician"],"picked":"SKIP","floor":29},{"not_picked":["Acrobatics","Outmaneuver"],"picked":"Blade Dance+1","floor":31},{"not_picked":["Glass Knife","Adrenaline"],"picked":"After Image","floor":33},{"not_picked":["Escape Plan+1","Setup","Finisher"],"picked":"SKIP","floor":35},{"not_picked":["Setup","Flying Knee+1"],"picked":"Noxious Fumes+1","floor":37},{"not_picked":["Calculated Gamble","Deadly Poison","Dash"],"picked":"SKIP","floor":39},{"not_picked":["Dagger Throw","Skewer+1","Slice"],"picked":"SKIP","floor":42},{"not_picked":["All Out Attack","Dagger Spray","Distraction+1"],"picked":"SKIP","floor":45},{"not_picked":["Reflex","Sucker Punch+1"],"picked":"Accuracy+1","floor":48}],"player_experience":398628,"relics_obtained":[{"floor":9,"key":"Blood Vial"},{"floor":14,"key":"War Paint"},{"floor":24,"key":"Ice Cream"},{"floor":26,"key":"Bottled Lightning"},{"floor":31,"key":"Tingsha"},{"floor":42,"key":"Whetstone"},{"floor":43,"key":"Regal Pillow"}],"event_choices":[{"cards_removed":["Defend_G"],"damage_healed":0,"gold_gain":0,"player_choice":"Card Removal","damage_taken":7,"max_hp_gain":0,"max_hp_loss":0,"event_name":"Golden Wing","floor":4,"gold_loss":0},{"damage_healed":23,"gold_gain":0,"player_choice":"Banana","damage_taken":0,"max_hp_gain":0,"max_hp_loss":0,"event_name":"Big Fish","floor":8,"gold_loss":0},{"damage_healed":0,"gold_gain":0,"player_choice":"Grow","damage_taken":0,"max_hp_gain":0,"max_hp_loss":0,"event_name":"Living Wall","floor":10,"gold_loss":0,"cards_upgraded":["Neutralize"]},{"damage_healed":0,"gold_gain":0,"player_choice":"Take Damage","damage_taken":17,"relics_obtained":["Golden Idol"],"max_hp_gain":0,"max_hp_loss":0,"event_name":"Golden Idol","floor":13,"gold_loss":0},{"damage_healed":23,"gold_gain":0,"player_choice":"Heal","damage_taken":0,"max_hp_gain":0,"max_hp_loss":0,"event_name":"The Library","floor":20,"gold_loss":0},{"damage_healed":0,"gold_gain":0,"player_choice":"Got Potions","damage_taken":0,"max_hp_gain":0,"max_hp_loss":0,"event_name":"Lab","floor":30,"gold_loss":0},{"damage_healed":0,"gold_gain":0,"player_choice":"Paid","damage_taken":0,"relics_obtained":["Red Mask"],"max_hp_gain":0,"max_hp_loss":0,"event_name":"Tomb of Lord Red Mask","floor":47,"gold_loss":183}],"is_beta":false,"boss_relics":[{"not_picked":["SacredBark","Velvet Choker"],"picked":"WristBlade"},{"not_picked":["Snecko Eye","HoveringKite"],"picked":"Fusion Hammer"}],"items_purged_floors":[5,36,38],"is_endless":false,"potions_floor_spawned":[11,14,16,19,21,22,24,39,42,45,48],"ascension_level":8}}