{"host":"0997y4wz57mwz0jp","time":1610806125,"event":{"mods":["2.2 Compatiblity","AchievementEnabler","BaseMod","CapriCore","Hermit","Koishi","Marisa£¨Ùöéë¡¡Øª×âÞÞ£©","Minty Spire (QoL Compilation)","StSLib","The Cursed","The Dragon Tamer","The Gatherer","The Hierophant","The Immortal"],"gold_per_floor":[119,83,158,158,12,38,50,63,116,146,171,201,376,376,376,376,376],"floor_reached":16,"language":"KOR","playtime":1033,"items_purged":[],"score":133,"play_id":"5ff04582-7f33-4115-95b8-9811d119a807","local_time":"20210116230845","is_ascension_mode":false,"campfire_choices":[{"data":"Koishi:Possession","floor":15,"key":"SMITH"}],"circlet_count":0,"master_deck":["Koishi:BasicStrike","Koishi:BasicStrike+1","Koishi:BasicStrike","Koishi:BasicStrike","Koishi:BasicDefend+1","Koishi:BasicDefend+1","Koishi:BasicDefend","Koishi:BasicDefend","Koishi:Provoke","Koishi:HauntingSlash","Koishi:RacingHeart","Koishi:EmbersOfLove","Koishi:PhilosophyOfTheDespised","Koishi:DNAsFlaw","Koishi:GeneticsOfTheUnconscious","Koishi:Possession+1","Koishi:Possession+1","Doubt"],"relics":["Koishi:ImaginaryFriend","NeowsBlessing","Strawberry","Koishi:BloodstainedWhiteRose","Orichalcum","Toy Ornithopter","Pen Nib","War Paint"],"acts_visited":["Exordium"],"potions_floor_usage":[10,10,16],"damage_taken":[{"damage":0,"enemies":"Small Slimes","floor":1,"turns":1},{"damage":0,"enemies":"Lagavulin","floor":6,"turns":1},{"damage":0,"enemies":"Jaw Worm","floor":7,"turns":1},{"damage":0,"enemies":"Cultist","floor":8,"turns":4},{"damage":4,"enemies":"Gremlin Nob","floor":10,"turns":5},{"damage":2,"enemies":"Looter","floor":12,"turns":4},{"damage":64,"enemies":"Hexaghost","floor":16,"turns":14}],"seed_played":"5421666889733505970","potions_obtained":[{"floor":1,"key":"SkillPotion"},{"floor":8,"key":"AttackPotion"},{"floor":12,"key":"EssenceOfSteel"}],"is_trial":false,"path_per_floor":["M","$","?","?","$","E","M","M","T","E","T","M","?","?","R","B"],"character_chosen":"KOISHI","items_purchased":["Koishi:EmbersOfLove","Koishi:BloodstainedWhiteRose"],"campfire_rested":0,"item_purchase_floors":[2,5],"current_hp_per_floor":[60,60,49,38,38,41,44,53,53,67,67,67,67,54,54,0,0],"gold":376,"neow_bonus":"THREE_ENEMY_KILL","is_daily":false,"chose_seed":false,"campfire_upgraded":1,"win_rate":0.0,"timestamp":1610806125,"path_taken":["M","$","?","?","$","E","M","M","T","E","?","?","?","?","R","BOSS"],"items_purchased_type":["Card","Relic"],"build_version":"2020-12-22","purchased_purges":0,"victory":false,"max_hp_per_floor":[60,60,60,67,67,67,67,67,67,67,67,67,67,67,67,67,67],"card_choices":[{"not_picked":["Koishi:ReleaseOfTheId","Koishi:PhantomStrike"],"picked":"Koishi:RacingHeart","floor":1},{"not_picked":["Koishi:FourthEye","Koishi:ReflexRadar"],"picked":"Koishi:PhilosophyOfTheDespised","floor":6},{"not_picked":["Koishi:Prune","Koishi:ReleaseOfTheId"],"picked":"Koishi:DNAsFlaw","floor":7},{"not_picked":["Koishi:ReleaseOfTheId","Koishi:PhilosophyOfTheDespised"],"picked":"Koishi:GeneticsOfTheUnconscious","floor":8},{"not_picked":["Koishi:HeartfeltFancy","Koishi:ParalyzingFear"],"picked":"Koishi:Possession","floor":10},{"not_picked":["Koishi:EmbryosDream","Koishi:SubconsciousSweep"],"picked":"Koishi:Possession","floor":12}],"player_experience":103959,"relics_obtained":[{"floor":6,"key":"Orichalcum"},{"floor":9,"key":"Toy Ornithopter"},{"floor":10,"key":"Pen Nib"},{"floor":11,"key":"War Paint"}],"event_choices":[{"damage_healed":0,"gold_gain":75,"player_choice":"Gather Gold","damage_taken":11,"max_hp_gain":0,"max_hp_loss":0,"event_name":"World of Goop","floor":3,"gold_loss":0},{"damage_healed":0,"gold_gain":0,"player_choice":"Success","damage_taken":18,"relics_obtained":["Strawberry"],"max_hp_gain":0,"max_hp_loss":0,"event_name":"Scrap Ooze","floor":4,"gold_loss":0},{"damage_healed":0,"gold_gain":175,"player_choice":"AGREE","damage_taken":0,"max_hp_gain":0,"max_hp_loss":0,"event_name":"Liars Game","floor":13,"gold_loss":0,"cards_obtained":["Doubt"]},{"damage_healed":0,"gold_gain":0,"player_choice":"Entered Light","damage_taken":13,"max_hp_gain":0,"max_hp_loss":0,"event_name":"Shining Light","floor":14,"gold_loss":0,"cards_upgraded":["Koishi:BasicDefend","Koishi:BasicStrike"]}],"is_beta":false,"boss_relics":[],"items_purged_floors":[],"is_endless":false,"potions_floor_spawned":[1,8,12],"killed_by":"Hexaghost","ascension_level":0}}