{"host":"Rich","time":1610814842,"event":{"mods":["AchievementEnabler","BaseMod","Highlight Path","Minty Spire (QoL Compilation)","Relic Stats"],"gold_per_floor":[119,119,84,98,125,150,167,48,72,84,39,74,89,9,9,81,81,94,11,31,46,61,96,96,96],"floor_reached":24,"language":"ENG","playtime":792,"items_purged":["Strike_G"],"score":506,"play_id":"0443979c-e2eb-466a-9faa-337f81a17da9","local_time":"20210116113402","is_ascension_mode":true,"campfire_choices":[{"floor":15,"key":"REST"}],"circlet_count":0,"master_deck":["AscendersBane","Strike_G","Strike_G","Defend_G","Defend_G","Defend_G","Defend_G","Survivor","Neutralize","Flying Knee","Escape Plan","Envenom+1","Quick Slash+1","Caltrops+1","Acrobatics","Dash","Backstab+1","Die Die Die","Predator+1","Burst+1","Outmaneuver+1","Endless Agony","Bane","Footwork+1","Caltrops+1","Leg Sweep"],"relics":["Ring of the Snake","NeowsBlessing","Darkstone Periapt","Omamori","Frozen Egg 2","Bag of Marbles","Snake Skull","Astrolabe","Lantern","Whetstone"],"acts_visited":["Exordium","TheCity"],"potions_floor_usage":[10,12,21,23,23],"damage_taken":[{"damage":0,"enemies":"2 Louse","floor":1,"turns":1},{"damage":0,"enemies":"Jaw Worm","floor":4,"turns":1},{"damage":0,"enemies":"Lagavulin","floor":6,"turns":1},{"damage":4,"enemies":"Cultist","floor":7,"turns":4},{"damage":2,"enemies":"2 Fungi Beasts","floor":10,"turns":3},{"damage":32,"enemies":"Gremlin Nob","floor":12,"turns":4},{"damage":15,"enemies":"Exordium Wildlife","floor":13,"turns":5},{"damage":16,"enemies":"Hexaghost","floor":16,"turns":8},{"damage":23,"enemies":"Chosen","floor":18,"turns":5},{"damage":0,"enemies":"3 Byrds","floor":20,"turns":3},{"damage":8,"enemies":"Snecko","floor":21,"turns":3},{"damage":3,"enemies":"3 Cultists","floor":22,"turns":5},{"damage":15,"enemies":"Slavers","floor":23,"turns":6},{"damage":11,"enemies":"Sentry and Sphere","floor":24,"turns":3}],"seed_played":"1783777468473023940","potions_obtained":[{"floor":1,"key":"Block Potion"},{"floor":7,"key":"SkillPotion"},{"floor":13,"key":"FearPotion"},{"floor":16,"key":"CunningPotion"},{"floor":22,"key":"PowerPotion"}],"is_trial":false,"path_per_floor":["M","?","?","M","T","E","M","$","T","M","?","E","M","$","R","B",null,"M","?","M","M","M","E","M"],"character_chosen":"THE_SILENT","items_purchased":["Caltrops+1","Backstab"],"campfire_rested":1,"item_purchase_floors":[8,14],"current_hp_per_floor":[59,41,57,57,57,57,53,53,53,51,51,19,4,4,23,7,51,28,28,28,20,17,2,0,0],"gold":96,"neow_bonus":"THREE_ENEMY_KILL","is_daily":false,"chose_seed":false,"campfire_upgraded":0,"win_rate":0.0,"timestamp":1610814842,"path_taken":["M","?","?","M","?","E","?","$","T","M","?","E","M","?","R","BOSS","M","?","?","M","M","E","M"],"items_purchased_type":["Card","Card"],"build_version":"2020-12-18","purchased_purges":1,"victory":false,"max_hp_per_floor":[66,66,66,66,66,66,66,66,66,66,66,66,66,66,66,66,66,66,66,66,66,66,66,66,66],"relic_stats":{"Darkstone Periapt":0,"counters":[14,52],"Astrolabe":["Predator","Burst","Outmaneuver"],"Snake Skull":[53],"Whetstone":["Backstab","Quick Slash"],"obtain_stats":[{"Darkstone Periapt":2,"Lantern":19,"NeowsBlessing":0,"Astrolabe":17,"Snake Skull":12,"Omamori":5,"Bag of Marbles":9,"Whetstone":23,"Frozen Egg 2":6,"Ring of the Snake":0},{"Darkstone Periapt":1,"Lantern":9,"NeowsBlessing":0,"Astrolabe":8,"Snake Skull":6,"Omamori":2,"Bag of Marbles":4,"Whetstone":13,"Frozen Egg 2":3,"Ring of the Snake":0},{"Darkstone Periapt":1,"Lantern":32,"NeowsBlessing":0,"Astrolabe":27,"Snake Skull":14,"Omamori":2,"Bag of Marbles":7,"Whetstone":49,"Frozen Egg 2":3,"Ring of the Snake":0}],"Ring of the Snake":[28]},"card_choices":[{"not_picked":["Expertise","Sucker Punch"],"picked":"Flying Knee","floor":1},{"not_picked":["Deflect","Eviscerate"],"picked":"Escape Plan","floor":4},{"not_picked":["Dodge and Roll","Calculated Gamble"],"picked":"Envenom+1","floor":6},{"not_picked":["Deflect","Outmaneuver"],"picked":"Quick Slash","floor":7},{"not_picked":["Masterful Stab","Underhanded Strike"],"picked":"Acrobatics","floor":10},{"not_picked":["Quick Slash","Deflect","Prepared"],"picked":"SKIP","floor":12},{"not_picked":["Predator","Masterful Stab"],"picked":"Dash","floor":13},{"not_picked":["Venomology","Bullet Time"],"picked":"Die Die Die","floor":16},{"not_picked":["Outmaneuver","Prepared"],"picked":"Endless Agony","floor":18},{"not_picked":["Quick Slash","Outmaneuver"],"picked":"Bane","floor":20},{"not_picked":["Slice","Infinite Blades+1"],"picked":"Footwork+1","floor":21},{"not_picked":["Flechettes","Finisher+1"],"picked":"Caltrops+1","floor":22},{"not_picked":["Dagger Spray","Setup"],"picked":"Leg Sweep","floor":23}],"player_experience":1993049,"relics_obtained":[{"floor":5,"key":"Omamori"},{"floor":6,"key":"Frozen Egg 2"},{"floor":9,"key":"Bag of Marbles"},{"floor":12,"key":"Snake Skull"},{"floor":23,"key":"Whetstone"}],"event_choices":[{"damage_healed":0,"gold_gain":0,"player_choice":"Success","damage_taken":18,"relics_obtained":["Darkstone Periapt"],"max_hp_gain":0,"max_hp_loss":0,"event_name":"Scrap Ooze","floor":2,"gold_loss":0},{"damage_healed":16,"gold_gain":0,"player_choice":"Healed","damage_taken":0,"max_hp_gain":0,"max_hp_loss":0,"event_name":"The Cleric","floor":3,"gold_loss":35},{"damage_healed":0,"gold_gain":0,"player_choice":"Left Gold","damage_taken":0,"max_hp_gain":0,"max_hp_loss":0,"event_name":"World of Goop","floor":11,"gold_loss":45},{"damage_healed":0,"gold_gain":0,"player_choice":"Paid Gold","damage_taken":0,"relics_obtained":["Lantern"],"max_hp_gain":0,"max_hp_loss":0,"event_name":"WeMeetAgain","floor":19,"gold_loss":83}],"is_beta":true,"boss_relics":[{"not_picked":["Fusion Hammer","Coffee Dripper"],"picked":"Astrolabe"}],"items_purged_floors":[8],"is_endless":false,"potions_floor_spawned":[1,7,13,16,18,20,22],"killed_by":"Sentry and Sphere","ascension_level":20}}