{"host":"qqgw5gp46oujbhdl","time":1610756003,"event":{"mods":["Aspiration","BaseMod","BetterRewards","Downfall","Hermit","Infinite Spire","Minty Spire (QoL Compilation)","StSLib","The Death Knight","The Disciple","The Forsaken","The Hierophant","The Servant 0.9.4","The Spell Scribe","The Valiant","TheBandit","TheFirefly","Wandering Minibosses"],"gold_per_floor":[99,109,126,138,138,438,462,562,589,615,30,50,64,79,95,95,95,95],"floor_reached":16,"language":"POL","playtime":1444,"items_purged":["Slimebound:Icky"],"score":104,"play_id":"cecca534-da5d-405e-bd7c-854494094285","local_time":"20210116011323","is_ascension_mode":false,"campfire_choices":[{"data":"Guardian:TwinSlam","floor":1,"key":"SMITH"}],"circlet_count":0,"master_deck":["Guardian:Strike_Guardian","Guardian:Strike_Guardian","Guardian:Strike_Guardian","Guardian:Strike_Guardian","Guardian:Defend_Guardian","Guardian:Defend_Guardian","Guardian:Defend_Guardian","Guardian:Defend_Guardian","Guardian:CurlUp","Guardian:TwinSlam+1","expansioncontent:DecasProtection","Guardian:Gem_Green","Guardian:CrystalBeam","Guardian:TimeBomb","Slimebound:Icky","Guardian:WalkerClaw","Guardian:EvasiveProtocol","Guardian:Gem_White","expansioncontent:StudyTheSpire","Guardian:Gem_Red","Guardian:Gem_Purple","Guardian:ArmoredProtocol","Guardian:Gem_Cyan"],"relics":["Guardian:ModeShifter","downfall:BrokenWingStatue","Happy Flower","Anchor","Bag of Marbles","aspiration:HummingbirdHeart"],"acts_visited":["Exordium"],"potions_floor_usage":[10,11,14,16],"damage_taken":[{"damage":0,"enemies":"Small Slimes","floor":2,"turns":3},{"damage":7,"enemies":"2 Louse","floor":3,"turns":3},{"damage":2,"enemies":"Jaw Worm","floor":4,"turns":5},{"damage":38,"enemies":"Gremlin Nob","floor":10,"turns":5},{"damage":4,"enemies":"downfall:FleeingMerchant","floor":11,"turns":4},{"damage":0,"enemies":"Exordium Thugs","floor":12,"turns":6},{"damage":2,"enemies":"2 Fungi Beasts","floor":13,"turns":3},{"damage":19,"enemies":"Large Slime","floor":14,"turns":7},{"damage":0,"enemies":"Blue Slaver","floor":15,"turns":3},{"damage":9,"enemies":"downfall:Watcher","floor":16,"turns":13}],"seed_played":"-3387881113948717283","potions_obtained":[{"floor":3,"key":"LiquidBronze"},{"floor":4,"key":"ColorlessPotion"},{"floor":10,"key":"LiquidBronze"},{"floor":12,"key":"DistilledChaos"},{"floor":15,"key":"EssenceOfSteel"}],"is_trial":false,"path_per_floor":["R","M","M","M","?","?","T","?","T","E","$","M","M","M","M","B"],"character_chosen":"GUARDIAN","items_purchased":["aspiration:HummingbirdHeart","Guardian:Gem_White","expansioncontent:StudyTheSpire"],"campfire_rested":0,"item_purchase_floors":[11,11,11],"current_hp_per_floor":[80,80,73,71,71,71,71,71,71,33,29,29,27,8,8,0,0,0],"gold":95,"neow_bonus":"RANDOM_COLORLESS","is_daily":false,"chose_seed":false,"campfire_upgraded":1,"win_rate":0.0,"timestamp":1610756003,"path_taken":["R","M","M","M","?","?","T","?","?","E","$","M","M","M","M","BOSS"],"items_purchased_type":["Relic","Card","Card"],"build_version":"2020-12-22","purchased_purges":1,"victory":false,"max_hp_per_floor":[80,80,80,80,80,80,80,80,80,80,80,80,80,80,80,80,80,80],"card_choices":[{"not_picked":["expansioncontent:HyperBeam","expansioncontent:Hexaburn"],"picked":"expansioncontent:DecasProtection","floor":0},{"not_picked":["Guardian:TemporalStrike","Guardian:BronzeOrb"],"picked":"Guardian:Gem_Green","floor":2},{"not_picked":["Guardian:TemporalStrike","Guardian:Recover"],"picked":"Guardian:CrystalBeam","floor":3},{"not_picked":["Guardian:TemporalStrike","Guardian:TimeCapacitor"],"picked":"Guardian:TimeBomb","floor":4},{"not_picked":["Guardian:PrismaticBarrier","Guardian:SentryBeam"],"picked":"Guardian:WalkerClaw","floor":10},{"not_picked":["Guardian:TemporalShield","Guardian:TemporalStrike"],"picked":"Guardian:EvasiveProtocol","floor":11},{"not_picked":["Guardian:DecasProtection","Guardian:BronzeOrb"],"picked":"Guardian:Gem_Red","floor":12},{"not_picked":["Guardian:ShieldCharger","Guardian:TemporalStrike"],"picked":"Guardian:Gem_Purple","floor":13},{"not_picked":["Guardian:Gem_Lightblue","Guardian:Preprogram"],"picked":"Guardian:ArmoredProtocol","floor":14},{"not_picked":["Guardian:SentryBeam","Guardian:RollAttack"],"picked":"Guardian:Gem_Cyan","floor":15}],"player_experience":347824,"relics_obtained":[{"floor":7,"key":"Happy Flower"},{"floor":9,"key":"Anchor"},{"floor":10,"key":"Bag of Marbles"}],"event_choices":[],"is_beta":false,"boss_relics":[],"items_purged_floors":[11],"is_endless":false,"potions_floor_spawned":[3,4,10,12,15],"killed_by":"downfall:Watcher","ascension_level":0}}