{"host":"wonp23fsqqcu31ie","time":1610794368,"event":{"mods":["2.2 Compatiblity","AchievementEnabler","Aspiration","BaseMod","Bestiary","Better Altar","Better Match","Better Sensory Stone","Better Skull","Better Third Choice","BetterRewards","Block Reminder","Colored Map","Colored Powertips","Conspire","Curses Come First","DeckTracker","Displayed Cursed Tome","Downfall","Energized Spire","Evolution","Hermit","Highlight Path","Hubris","Infinite Spire","Marisa????????","Minty Spire (QoL Compilation)","Permanent Neow","Prisma Mod","Quick Restart","Rare Cards Sparkle","Relic Stats","Robot Space Explorer","Shade Mod","Shop Mod","StSLib","SuperFastMode","The Animator","The Bug Knight","The Construct","The Cursed","The Disciple","The Dragon Tamer","The Gatherer","The Hierophant","The Marked","The Necromancer","The Poker Player","The Runesmith","The Saiyan","The Servant 0.9.4","TheBandit"],"gold_per_floor":[111,143,160,160,160,187,187,205,232,265,284,284,296,312,312,414,414,426,426,426,426,441,473,473,490,569,569,579,590,590,615,615,712,712,729,779,779,798,814,841,139,169,243,290,322,322,322,348,348,348,348,348,11,44,44],"floor_reached":56,"language":"ENG","playtime":4051,"items_purged":["hubris:Lust"],"score":1931,"play_id":"6de8d080-0a08-487d-a1d8-c34be8d394cf","local_time":"20210116215248","is_ascension_mode":true,"metric_token":3346,"campfire_choices":[{"floor":7,"key":"REST"},{"data":"PokerPlayerMod:ClubStrike","floor":12,"key":"SMITH"},{"floor":15,"key":"RECALL"},{"floor":24,"key":"REST"},{"data":"PokerPlayerMod:CardPrinter","floor":30,"key":"SMITH"},{"floor":32,"key":"REST"},{"floor":46,"key":"DIG"},{"floor":49,"key":"REST"},{"floor":52,"key":"DIG"}],"circlet_count":0,"master_deck":["PokerPlayerMod:Diamond1","PokerPlayerMod:Diamond2","PokerPlayerMod:Diamond3","PokerPlayerMod:Diamond4","PokerPlayerMod:Diamond5","PokerPlayerMod:Spade1","PokerPlayerMod:Spade2","PokerPlayerMod:Spade3","PokerPlayerMod:Spade4","PokerPlayerMod:Club1","PokerPlayerMod:Club2","PokerPlayerMod:Heart2","PokerPlayerMod:DiamondStrike","PokerPlayerMod:BadJoker","PokerPlayerMod:Mulligan","PokerPlayerMod:CloakAndDiamond","PokerPlayerMod:Spade4","PokerPlayerMod:HiddenCard","PokerPlayerMod:Sharpen","PokerPlayerMod:Raise","PokerPlayerMod:Heart7","PokerPlayerMod:ClubStrike+1","PokerPlayerMod:Spade10+","PokerPlayerMod:Trickery","PokerPlayerMod:Promotion","CurseOfTheBell","PokerPlayerMod:ClubShade","hubris:Sloth","PokerPlayerMod:WildCard","Jack Of All Trades","Chrysalis","PokerPlayerMod:CardPrinter+1","PokerPlayerMod:Diamond5","PokerPlayerMod:DiamondStrike+1","PokerPlayerMod:DartThrow+1","PokerPlayerMod:Spade8","PokerPlayerMod:WasteCollection","PokerPlayerMod:Spade10+","Stack","PokerPlayerMod:Heart8","Barrage","PokerPlayerMod:Spade8","PokerPlayerMod:SpadeStrike","PokerPlayerMod:MagicTrick","Echo Form","PokerPlayerMod:Spade10+","Storm+1","PokerPlayerMod:Club10+","PokerPlayerMod:Diamond10+","PokerPlayerMod:Heart5","Go for the Eyes+1"],"relics":["PokerPlayerMod:DeckCase","EVO:Axolotl","PokerPlayerMod:EnergeticBat","PokerPlayerMod:PendantOfEscape","hubris:Potato","Regal Pillow","aspiration:AnachronicSnailShell","Akabeko","conspire:DeflatedDodgeball","Guardian:PocketSentry","White Beast Statue","conspire:Boomerang","Darkstone Periapt","Boot","Shuriken","aspiration:DefectSkillbook","Shovel","StrikeDummy","MerchantsRug","Mummified Hand","aspiration:HatOfInfinitePower","hubris:MobiusCoin","CatCart","Oddly Smooth Stone","infinitespire:WardingShard","Bloody Idol","Blue Candle","PokerPlayerMod:BrokenClock","Chemical X","PokerPlayerMod:FairLicense","Toy Ornithopter"],"acts_visited":["Exordium","TheCity","TheBeyond","TheEnding"],"potions_floor_usage":[10,18,23,23,23,31,31,33,33,38,40,42,44,44,50,50,50,50,50,50,55],"damage_taken":[{"damage":0,"enemies":"2 Louse","floor":1,"turns":1},{"damage":9,"enemies":"conspire:MimicChest","floor":2,"turns":3},{"damage":8,"enemies":"Jaw Worm","floor":3,"turns":4},{"damage":4,"enemies":"3 Sentries","floor":6,"turns":5},{"damage":0,"enemies":"Cultist","floor":8,"turns":2},{"damage":5,"enemies":"Lagavulin","floor":10,"turns":5},{"damage":0,"enemies":"2 Fungi Beasts","floor":11,"turns":3},{"damage":1,"enemies":"Exordium Thugs","floor":13,"turns":3},{"damage":0,"enemies":"3 Louse","floor":14,"turns":2},{"damage":0,"enemies":"The Guardian","floor":16,"turns":8},{"damage":6,"enemies":"3 Byrds","floor":18,"turns":4},{"damage":7,"enemies":"Shell Parasite","floor":22,"turns":4},{"damage":23,"enemies":"Book of Stabbing","floor":23,"turns":5},{"damage":7,"enemies":"Centurion and Healer","floor":25,"turns":9},{"damage":7,"enemies":"Snake Plant","floor":28,"turns":2},{"damage":6,"enemies":"Sentry and Sphere","floor":29,"turns":4},{"damage":24,"enemies":"Gremlin Leader","floor":31,"turns":6},{"damage":33,"enemies":"Automaton","floor":33,"turns":8},{"damage":0,"enemies":"Orb Walker","floor":35,"turns":3},{"damage":0,"enemies":"Mind Bloom Boss Battle","floor":36,"turns":4},{"damage":15,"enemies":"3 Darklings","floor":38,"turns":7},{"damage":12,"enemies":"Spire Growth","floor":39,"turns":3},{"damage":28,"enemies":"Nemesis","floor":40,"turns":6},{"damage":35,"enemies":"Reptomancer","floor":42,"turns":6},{"damage":0,"enemies":"Orin","floor":44,"turns":8},{"damage":4,"enemies":"HollowMod:StalkingDevout","floor":45,"turns":5},{"damage":26,"enemies":"Nemesis","floor":48,"turns":5},{"damage":64,"enemies":"hubris:GrandSnecko","floor":50,"turns":11},{"damage":9,"enemies":"Shield and Spear","floor":54,"turns":5},{"damage":46,"enemies":"The Heart","floor":55,"turns":9}],"seed_played":"7713213388440601063","potions_obtained":[{"floor":2,"key":"EssenceOfSteel"},{"floor":10,"key":"AttackPotion"},{"floor":14,"key":"LiquidMemories"},{"floor":16,"key":"champ:CounterPotion"},{"floor":18,"key":"Fruit Juice"},{"floor":22,"key":"FearPotion"},{"floor":23,"key":"FearPotion"},{"floor":25,"key":"ColorlessPotion"},{"floor":28,"key":"Slimebound:ThreeZeroPotion"},{"floor":29,"key":"Fire Potion"},{"floor":31,"key":"SteroidPotion"},{"floor":33,"key":"Dexterity Potion"},{"floor":35,"key":"SpeedPotion"},{"floor":36,"key":"SteroidPotion"},{"floor":37,"key":"PowerPotion"},{"floor":37,"key":"EssenceOfSteel"},{"floor":38,"key":"Fruit Juice"},{"floor":39,"key":"FearPotion"},{"floor":40,"key":"Fire Potion"},{"floor":42,"key":"Explosive Potion"},{"floor":44,"key":"SmokeBomb"},{"floor":45,"key":"Dexterity Potion"},{"floor":48,"key":"EntropicBrew"},{"floor":54,"key":"ColorlessPotion"}],"is_trial":false,"path_per_floor":["M","?","M","$","?","E","R","M","T","E","M","R","M","M","R","B",null,"M","?","?","?","M","E","R","M","T","?","M","M","R","E","R","B",null,"M","?","?","M","M","E","$","E","T","?","E","R","?","E","R","B",null,"R","$","E","B",null],"character_chosen":"THE_POKER_PLAYER","items_purchased":["PokerPlayerMod:EnergeticBat","PokerPlayerMod:PendantOfEscape","Regal Pillow","PokerPlayerMod:SpadeStrike","PokerPlayerMod:MagicTrick","MerchantsRug","Mummified Hand","Echo Form","Chemical X","PokerPlayerMod:FairLicense","PokerPlayerMod:Heart5"],"campfire_rested":4,"item_purchase_floors":[0,0,4,41,41,41,41,41,53,53,53],"current_hp_per_floor":[43,37,31,21,21,22,53,54,54,51,54,54,53,54,54,54,54,59,94,94,94,89,66,94,94,94,94,94,94,94,70,94,69,94,94,94,94,98,87,72,72,63,63,97,99,99,49,35,79,36,99,99,99,98,79],"gold":44,"neow_bonus":"","is_daily":false,"chose_seed":false,"campfire_upgraded":2,"win_rate":0.0,"timestamp":1610794368,"path_taken":["M","?","M","?","?","E","R","?","T","E","M","R","M","M","R","BOSS","M","?","?","?","M","E","R","M","T","?","?","M","R","E","R","BOSS","M","?","?","M","?","E","?","E","T","?","E","R","?","E","R","BOSS","R","$","E","BOSS"],"items_purchased_type":["Relic","Relic","Relic","Card","Card","Relic","Relic","Card","Relic","Relic","Card"],"build_version":"2020-12-22","purchased_purges":1,"victory":true,"max_hp_per_floor":[54,54,54,54,54,54,54,54,54,54,54,54,54,54,54,54,54,59,94,94,94,94,94,94,94,94,94,94,94,94,94,94,94,94,94,94,94,99,99,99,99,99,99,99,99,99,99,99,99,99,99,99,99,99,99],"relic_stats":{"Darkstone Periapt":30,"Regal Pillow":30,"Shovel":2,"counters":[120,527],"Shuriken":[18],"Mummified Hand":[40],"Bloody Idol":10,"Blue Candle":[4],"Chemical X":[1],"Boot":[53],"obtain_stats":[{"construct:FoamFinger":26,"infinitespire:Cubic Diamond":2,"Ginger":19,"Boot":0,"Sling":36,"Blood Vial":8,"PrismaMod:PrismaRuby":2,"HollowMod:PaleOreRelic":6,"Replay:Wax Seal":53,"MerchantsRug":25,"HollowMod:QueensCombRelic":9,"hubris:MobiusCoin":43,"Blue Candle":24,"ReplayTheSpireMod:Ring of Addiction":42,"Pen Nib":27,"Guardian:PocketSentry":9,"Replay:Ancient Bell":34,"infinitespire:Magic Flask":0,"aspiration:FrozenJewel":25,"Akabeko":9,"ReplayTheSpireMod:Ring of Collecting":42,"CultistMask":3,"StrikeDummy":12,"Abe\u0027s Treasure":17,"infinitespire:PuzzleCube":21,"conspire:Flyswatter":19,"hubris:Reverence":12,"aspiration:Lifesprig":14,"Regal Pillow":5,"Blue Doll":23,"hubris:EmptyBottle":42,"Cursed Key":17,"Smiling Mask":20,"Shovel":36,"Ring of Peace":43,"aspiration:AnachronicSnailShell":6,"hubris:CuriousFeather":9,"hubris:FunFungus":0,"Chemical X":0,"Ring of Panic":44,"aspiration:ChemicalBlood":43,"Potion Belt":6,"hubris:64BitClover":0,"Thread and Needle":0,"infinitespire:CheckeredPen":26,"hubris:Towel":13,"PokerPlayerMod:BottledPoker":25,"Busted Crown":17,"Bloody Idol":31,"Bottled Lightning":11,"Runesmith:AutoHammer":53,"hexamod:BolsterEngine":44,"conspire:DeflatedDodgeball":10,"Toy Ornithopter":0,"Calipers":10,"Tiny House":17,"Nilry\u0027s Codex":22,"CeramicFish":26,"aspiration:Stabinomicon":30,"EVO:Axolotl":0,"PokerPlayerMod:BrokenClock":52,"Lizard Tail":25,"conspire:Dentures":0,"PokerPlayerMod:PendantOfEscape":0,"Girya":0,"hubris:DuctTape":6,"Happy Flower":6,"aspiration:Nostalgia":0,"ReplayTheSpireMod:CursedCoin":14,"Oddly Smooth Stone":45,"infinitespire:Beetle Shell":6,"conspire:Boomerang":17,"aspiration:SeaSaltIceCream":19,"Replay:Baseball":34,"ReplayTheSpireMod:Shallot":54,"Shuriken":31,"Bronze Scales":14,"ReplayTheSpireMod:TigerMarble":18,"Black Star":17,"CatCart":45,"Mirror":34,"aspiration:HatOfInfinitePower":42,"Meat on the Bone":19,"Darkstone Periapt":19,"Juzu Bracelet":8,"ClockworkSouvenir":53,"PokerPlayerMod:FairLicense":53,"PokerPlayerMod:DeckCase":0,"m_ScarletBlood":0,"Replay:Bandana":22,"Nunchaku":0,"hubris:Icosahedron":19,"aspiration:DefectSkillbook":34,"Mummified Hand":41,"Red Mask":21,"Guide Book":7,"hubris:MedicalManual":2,"aspiration:HummingbirdHeart":31,"Orichalcum":12,"White Beast Statue":42,"Calling Bell":17,"Pondfish Scales":11,"infinitespire:WardingShard":46,"PokerPlayerMod:EnergeticBat":0,"PokerPlayerMod:ClubPass":26,"Membership Card":21,"hubris:Potato":34,"TungstenRod":40,"ReplayTheSpireMod:ShopPack":25},{"construct:FoamFinger":87,"infinitespire:Cubic Diamond":53,"Ginger":36,"Boot":27,"Sling":43,"Blood Vial":81,"PrismaMod:PrismaRuby":53,"HollowMod:PaleOreRelic":15,"Replay:Wax Seal":50,"MerchantsRug":26,"HollowMod:QueensCombRelic":67,"hubris:MobiusCoin":114,"Blue Candle":9,"ReplayTheSpireMod:Ring of Addiction":47,"Pen Nib":9,"Guardian:PocketSentry":4,"Replay:Ancient Bell":42,"infinitespire:Magic Flask":75,"aspiration:FrozenJewel":26,"Akabeko":95,"ReplayTheSpireMod:Ring of Collecting":47,"CultistMask":53,"StrikeDummy":57,"Abe\u0027s Treasure":35,"infinitespire:PuzzleCube":85,"conspire:Flyswatter":59,"hubris:Reverence":69,"aspiration:Lifesprig":5,"Regal Pillow":30,"Blue Doll":26,"hubris:EmptyBottle":47,"Cursed Key":6,"Smiling Mask":23,"Shovel":110,"Ring of Peace":47,"aspiration:AnachronicSnailShell":94,"hubris:CuriousFeather":55,"hubris:FunFungus":62,"Chemical X":52,"Ring of Panic":47,"aspiration:ChemicalBlood":47,"Potion Belt":80,"hubris:64BitClover":12,"Thread and Needle":52,"infinitespire:CheckeredPen":38,"hubris:Towel":33,"PokerPlayerMod:BottledPoker":38,"Busted Crown":71,"Bloody Idol":89,"Bottled Lightning":32,"Runesmith:AutoHammer":50,"hexamod:BolsterEngine":47,"conspire:DeflatedDodgeball":96,"Toy Ornithopter":27,"Calipers":17,"Tiny House":21,"Nilry\u0027s Codex":61,"CeramicFish":9,"aspiration:Stabinomicon":89,"EVO:Axolotl":0,"PokerPlayerMod:BrokenClock":118,"Lizard Tail":26,"conspire:Dentures":52,"PokerPlayerMod:PendantOfEscape":90,"Girya":52,"hubris:DuctTape":4,"Happy Flower":31,"aspiration:Nostalgia":0,"ReplayTheSpireMod:CursedCoin":5,"Oddly Smooth Stone":116,"infinitespire:Beetle Shell":67,"conspire:Boomerang":100,"aspiration:SeaSaltIceCream":36,"Replay:Baseball":42,"ReplayTheSpireMod:Shallot":51,"Shuriken":107,"Bronze Scales":5,"ReplayTheSpireMod:TigerMarble":22,"Black Star":58,"CatCart":48,"Mirror":42,"aspiration:HatOfInfinitePower":114,"Meat on the Bone":85,"Darkstone Periapt":101,"Juzu Bracelet":4,"ClockworkSouvenir":50,"PokerPlayerMod:FairLicense":118,"PokerPlayerMod:DeckCase":0,"m_ScarletBlood":0,"Replay:Bandana":8,"Nunchaku":52,"hubris:Icosahedron":7,"aspiration:DefectSkillbook":108,"Mummified Hand":113,"Red Mask":61,"Guide Book":31,"hubris:MedicalManual":1,"aspiration:HummingbirdHeart":41,"Orichalcum":83,"White Beast Statue":47,"Calling Bell":100,"Pondfish Scales":18,"infinitespire:WardingShard":116,"PokerPlayerMod:EnergeticBat":90,"PokerPlayerMod:ClubPass":26,"Membership Card":37,"hubris:Potato":42,"TungstenRod":47,"ReplayTheSpireMod:ShopPack":38},{"construct:FoamFinger":369,"infinitespire:Cubic Diamond":221,"Ginger":139,"Boot":107,"Sling":169,"Blood Vial":339,"PrismaMod:PrismaRuby":221,"HollowMod:PaleOreRelic":51,"Replay:Wax Seal":203,"MerchantsRug":98,"HollowMod:QueensCombRelic":287,"hubris:MobiusCoin":486,"Blue Candle":32,"ReplayTheSpireMod:Ring of Addiction":182,"Pen Nib":32,"Guardian:PocketSentry":12,"Replay:Ancient Bell":167,"infinitespire:Magic Flask":320,"aspiration:FrozenJewel":98,"Akabeko":395,"ReplayTheSpireMod:Ring of Collecting":182,"CultistMask":221,"StrikeDummy":247,"Abe\u0027s Treasure":136,"infinitespire:PuzzleCube":362,"conspire:Flyswatter":261,"hubris:Reverence":293,"aspiration:Lifesprig":13,"Regal Pillow":119,"Blue Doll":98,"hubris:EmptyBottle":182,"Cursed Key":20,"Smiling Mask":89,"Shovel":464,"Ring of Peace":182,"aspiration:AnachronicSnailShell":393,"hubris:CuriousFeather":229,"hubris:FunFungus":275,"Chemical X":218,"Ring of Panic":182,"aspiration:ChemicalBlood":182,"Potion Belt":335,"hubris:64BitClover":40,"Thread and Needle":218,"infinitespire:CheckeredPen":149,"hubris:Towel":130,"PokerPlayerMod:BottledPoker":149,"Busted Crown":303,"Bloody Idol":374,"Bottled Lightning":128,"Runesmith:AutoHammer":203,"hexamod:BolsterEngine":182,"conspire:DeflatedDodgeball":400,"Toy Ornithopter":107,"Calipers":61,"Tiny House":80,"Nilry\u0027s Codex":272,"CeramicFish":32,"aspiration:Stabinomicon":374,"EVO:Axolotl":0,"PokerPlayerMod:BrokenClock":515,"Lizard Tail":98,"conspire:Dentures":218,"PokerPlayerMod:PendantOfEscape":380,"Girya":218,"hubris:DuctTape":12,"Happy Flower":123,"aspiration:Nostalgia":0,"ReplayTheSpireMod:CursedCoin":13,"Oddly Smooth Stone":499,"infinitespire:Beetle Shell":287,"conspire:Boomerang":416,"aspiration:SeaSaltIceCream":139,"Replay:Baseball":167,"ReplayTheSpireMod:Shallot":209,"Shuriken":449,"Bronze Scales":13,"ReplayTheSpireMod:TigerMarble":84,"Black Star":256,"CatCart":187,"Mirror":167,"aspiration:HatOfInfinitePower":486,"Meat on the Bone":362,"Darkstone Periapt":420,"Juzu Bracelet":12,"ClockworkSouvenir":203,"PokerPlayerMod:FairLicense":515,"PokerPlayerMod:DeckCase":0,"m_ScarletBlood":0,"Replay:Bandana":28,"Nunchaku":218,"hubris:Icosahedron":24,"aspiration:DefectSkillbook":457,"Mummified Hand":480,"Red Mask":272,"Guide Book":123,"hubris:MedicalManual":3,"aspiration:HummingbirdHeart":161,"Orichalcum":347,"White Beast Statue":182,"Calling Bell":416,"Pondfish Scales":66,"infinitespire:WardingShard":499,"PokerPlayerMod:EnergeticBat":380,"PokerPlayerMod:ClubPass":98,"Membership Card":143,"hubris:Potato":167,"TungstenRod":182,"ReplayTheSpireMod:ShopPack":149}],"Toy Ornithopter":21},"card_choices":[{"not_picked":["PokerPlayerMod:Raise","PokerPlayerMod:Club5"],"picked":"PokerPlayerMod:CloakAndDiamond","floor":1},{"not_picked":["PokerPlayerMod:Spade1","PokerPlayerMod:Diamond1"],"picked":"PokerPlayerMod:Spade4","floor":2},{"not_picked":["PokerPlayerMod:FillThePot","PokerPlayerMod:Spade3"],"picked":"PokerPlayerMod:HiddenCard","floor":3},{"not_picked":["PokerPlayerMod:Heart4","PokerPlayerMod:Fold"],"picked":"PokerPlayerMod:Sharpen","floor":6},{"not_picked":["PokerPlayerMod:StackedDeck","PokerPlayerMod:Spade4"],"picked":"PokerPlayerMod:Raise","floor":8},{"not_picked":["PokerPlayerMod:DiamondStrike","PokerPlayerMod:JackOfSpades"],"picked":"PokerPlayerMod:Heart7","floor":10},{"not_picked":["PokerPlayerMod:Club4","PokerPlayerMod:Diamond1"],"picked":"PokerPlayerMod:ClubStrike","floor":11},{"not_picked":["PokerPlayerMod:Spade5","PokerPlayerMod:Diamond5"],"picked":"PokerPlayerMod:Spade10+","floor":13},{"not_picked":["PokerPlayerMod:Diamond3","PokerPlayerMod:ClubsClub"],"picked":"PokerPlayerMod:Trickery","floor":14},{"not_picked":["PokerPlayerMod:Spade7","PokerPlayerMod:Diamond7"],"picked":"PokerPlayerMod:Promotion","floor":16},{"not_picked":["PokerPlayerMod:Spade2","PokerPlayerMod:CloakAndDiamond+1"],"picked":"PokerPlayerMod:ClubShade","floor":18},{"not_picked":["Blind","Mind Blast"],"picked":"Jack Of All Trades","floor":21},{"not_picked":["Flash of Steel","Madness"],"picked":"Chrysalis","floor":21},{"not_picked":["PokerPlayerMod:JackOfSpades","PokerPlayerMod:Club4"],"picked":"PokerPlayerMod:CardPrinter","floor":22},{"not_picked":["PokerPlayerMod:Spade4","PokerPlayerMod:Diamond4"],"picked":"PokerPlayerMod:Diamond5","floor":23},{"not_picked":["PokerPlayerMod:FlyingCard+1","PokerPlayerMod:MagicTrick"],"picked":"PokerPlayerMod:DiamondStrike+1","floor":25},{"not_picked":["PokerPlayerMod:Diamond1","PokerPlayerMod:HeartStrike"],"picked":"PokerPlayerMod:DartThrow+1","floor":28},{"not_picked":["PokerPlayerMod:Configure+1","PokerPlayerMod:Extraction"],"picked":"PokerPlayerMod:Spade8","floor":29},{"not_picked":["PokerPlayerMod:Spade2","PokerPlayerMod:FillThePot"],"picked":"PokerPlayerMod:WasteCollection","floor":31},{"not_picked":["PokerPlayerMod:ItsShowtime","PokerPlayerMod:WasteCollection"],"picked":"PokerPlayerMod:Spade10+","floor":33},{"not_picked":["PokerPlayerMod:HiddenCard","PokerPlayerMod:Spade3","PokerPlayerMod:Spade1","PokerPlayerMod:CardBurn"],"picked":"SKIP","floor":35},{"not_picked":["PokerPlayerMod:Diamond2","Cold Snap","PokerPlayerMod:Spade3"],"picked":"Stack","floor":36},{"not_picked":["PokerPlayerMod:Spade3","PokerPlayerMod:Spade4","PokerPlayerMod:Diamond1"],"picked":"PokerPlayerMod:Heart8","floor":38},{"not_picked":["PokerPlayerMod:Spade5","Compile Driver+1","PokerPlayerMod:Spade2"],"picked":"Barrage","floor":39},{"not_picked":["PokerPlayerMod:Diamond1","PokerPlayerMod:Diamond2","PokerPlayerMod:Spade2"],"picked":"PokerPlayerMod:Spade8","floor":40},{"not_picked":["PokerPlayerMod:Diamond1","Reinforced Body","Blizzard"],"picked":"PokerPlayerMod:Spade10+","floor":42},{"not_picked":["PokerPlayerMod:HiddenCard+1","PokerPlayerMod:Diamond4","Gash+1"],"picked":"Storm+1","floor":44},{"not_picked":["PokerPlayerMod:Spade8","PokerPlayerMod:Diamond4","PokerPlayerMod:Club4"],"picked":"PokerPlayerMod:Club10+","floor":45},{"not_picked":["PokerPlayerMod:RoyalStrike","Undo+1","PokerPlayerMod:Spade7"],"picked":"PokerPlayerMod:Diamond10+","floor":48},{"not_picked":["PokerPlayerMod:Configure","Rebound","Heatsinks+1"],"picked":"Go for the Eyes+1","floor":54}],"player_experience":539413,"relics_obtained":[{"floor":2,"key":"hubris:Potato"},{"floor":6,"key":"aspiration:AnachronicSnailShell"},{"floor":9,"key":"Akabeko"},{"floor":10,"key":"conspire:DeflatedDodgeball"},{"floor":17,"key":"Guardian:PocketSentry"},{"floor":17,"key":"White Beast Statue"},{"floor":17,"key":"conspire:Boomerang"},{"floor":23,"key":"Boot"},{"floor":31,"key":"Shuriken"},{"floor":36,"key":"Shovel"},{"floor":40,"key":"StrikeDummy"},{"floor":42,"key":"aspiration:HatOfInfinitePower"},{"floor":43,"key":"hubris:MobiusCoin"},{"floor":44,"key":"CatCart"},{"floor":45,"key":"Oddly Smooth Stone"},{"floor":46,"key":"infinitespire:WardingShard"},{"floor":48,"key":"Blue Candle"},{"floor":52,"key":"PokerPlayerMod:BrokenClock"},{"floor":54,"key":"Toy Ornithopter"}],"event_choices":[{"damage_healed":0,"gold_gain":0,"player_choice":"Ignored","damage_taken":0,"max_hp_gain":0,"max_hp_loss":0,"event_name":"Purifier","floor":5,"gold_loss":0},{"damage_healed":0,"gold_gain":2,"player_choice":"1","damage_taken":0,"max_hp_gain":0,"max_hp_loss":0,"event_name":"betterStone:BetterStone","floor":21,"gold_loss":0},{"cards_removed":["animator:Curse_GriefSeed","Writhe","downfall:Malfunctioning"],"damage_healed":0,"gold_gain":0,"player_choice":"Removed Curses","damage_taken":0,"max_hp_gain":0,"max_hp_loss":0,"event_name":"Fountain of Cleansing","floor":27,"gold_loss":0},{"damage_healed":0,"gold_gain":0,"player_choice":"Fight","damage_taken":0,"max_hp_gain":0,"max_hp_loss":0,"event_name":"MindBloom","floor":36,"gold_loss":0},{"damage_healed":0,"gold_gain":0,"player_choice":"Got Potions","damage_taken":0,"max_hp_gain":0,"max_hp_loss":0,"event_name":"Lab","floor":37,"gold_loss":0},{"damage_healed":0,"gold_gain":0,"player_choice":"Fight","damage_taken":0,"max_hp_gain":0,"max_hp_loss":0,"event_name":"OrinTheCat","floor":44,"gold_loss":0},{"damage_healed":0,"gold_gain":0,"player_choice":"Random: Violet","damage_taken":0,"max_hp_gain":0,"max_hp_loss":0,"event_name":"betterThird:BetterPortal","floor":47,"gold_loss":0},{"damage_healed":0,"gold_gain":0,"player_choice":" Idol ","damage_taken":50,"relics_obtained":["Bloody Idol"],"max_hp_gain":99,"max_hp_loss":49,"event_name":"betterAltar:BetterAltar","floor":47,"potions_obtained":[],"relics_lost":[],"gold_loss":0}],"is_beta":false,"boss_relics":[{"not_picked":["Runic Dome","Velvet Choker"],"picked":"Calling Bell"},{"not_picked":["Runesmith:UraniumAnvil","hubris:Backtick"],"picked":"aspiration:DefectSkillbook"}],"items_purged_floors":[41],"is_endless":false,"potions_floor_spawned":[2,10,14,16,18,22,23,25,28,29,31,33,35,36,38,39,40,42,44,45,48,54],"ascension_level":3}}