{"host":"fxrgx7wt2cpkbhka","time":1610779937,"event":{"mods":["AchievementEnabler","BaseMod","Colored Powertips","Minty Spire (QoL Compilation)","Permanent Neow","Slay-I","StSLib","Waifu the Spire"],"gold_per_floor":[118,118,134,134,59,59,77,148,148,171,89,104,104,125,125,248,248,273,253,253,253,277,277,298,298,298],"floor_reached":25,"language":"ENG","playtime":588,"items_purged":["Injury"],"score":309,"play_id":"0f4ff835-9848-49ca-adf6-272bc28c9675","local_time":"20210115225217","is_ascension_mode":true,"campfire_choices":[{"data":"Wild Strike","floor":6,"key":"SMITH"},{"data":"Uppercut","floor":13,"key":"SMITH"},{"data":"Perfected Strike","floor":15,"key":"SMITH"},{"data":"Metallicize","floor":23,"key":"SMITH"}],"circlet_count":0,"master_deck":["AscendersBane","Strike_R","Strike_R","Strike_R","Strike_R","Strike_R","Defend_R","Defend_R","Defend_R","Defend_R","Bash","Wild Strike+1","Clash","Perfected Strike+1","Uppercut+1","Metallicize+1","Limit Break","Limit Break","CurseOfTheBell","Dropkick","Metallicize","Perfected Strike"],"relics":["Burning Blood","Golden Idol","Eternal Feather","Potion Belt","Calling Bell","Bag of Marbles","Kunai","Incense Burner"],"acts_visited":["Exordium","TheCity"],"potions_floor_usage":[12,16,25],"damage_taken":[{"damage":5,"enemies":"2 Louse","floor":1,"turns":3},{"damage":6,"enemies":"Cultist","floor":3,"turns":4},{"damage":2,"enemies":"Jaw Worm","floor":7,"turns":3},{"damage":40,"enemies":"Lagavulin Event","floor":8,"turns":5},{"damage":17,"enemies":"Large Slime","floor":10,"turns":5},{"damage":6,"enemies":"Exordium Wildlife","floor":12,"turns":2},{"damage":10,"enemies":"Red Slaver","floor":14,"turns":3},{"damage":44,"enemies":"Hexaghost","floor":16,"turns":11},{"damage":23,"enemies":"2 Thieves","floor":18,"turns":4},{"damage":20,"enemies":"Spheric Guardian","floor":22,"turns":4},{"damage":41,"enemies":"Shelled Parasite and Fungi","floor":24,"turns":7},{"damage":11,"enemies":"Book of Stabbing","floor":25,"turns":2}],"seed_played":"4275483598124669509","potions_obtained":[{"floor":2,"key":"Explosive Potion"},{"floor":2,"key":"Weak Potion"},{"floor":10,"key":"SteroidPotion"},{"floor":12,"key":"Fire Potion"},{"floor":18,"key":"SmokeBomb"},{"floor":19,"key":"PowerPotion"}],"is_trial":false,"path_per_floor":["M","?","M","?","$","R","M","?","T","M","$","M","R","M","R","B",null,"M","?","$","?","M","R","M","E"],"character_chosen":"IRONCLAD","items_purchased":["Uppercut"],"campfire_rested":0,"item_purchase_floors":[11],"current_hp_per_floor":[81,81,81,81,81,81,85,51,51,40,40,40,49,45,54,16,70,53,53,53,47,33,45,10,0,0],"gold":298,"neow_bonus":"TEN_PERCENT_HP_BONUS","is_daily":false,"chose_seed":false,"campfire_upgraded":4,"win_rate":0.0,"timestamp":1610779937,"path_taken":["M","?","?","?","?","R","M","?","T","?","$","M","R","M","R","BOSS","M","?","?","?","M","R","M","E"],"items_purchased_type":["Card"],"build_version":"2020-12-22","purchased_purges":1,"victory":false,"max_hp_per_floor":[88,88,88,88,88,88,88,88,88,88,88,88,88,88,88,88,88,88,88,88,88,88,88,88,88,88],"card_choices":[{"not_picked":["Heavy Blade","Havoc","Twin Strike"],"picked":"SKIP","floor":1},{"not_picked":["Whirlwind","Sword Boomerang"],"picked":"Wild Strike","floor":3},{"not_picked":["Warcry","Body Slam"],"picked":"Clash","floor":7},{"not_picked":["Flex","Clothesline"],"picked":"Perfected Strike","floor":8},{"not_picked":["Rage","Searing Blow","Headbutt"],"picked":"SKIP","floor":10},{"not_picked":["Iron Wave","Cleave"],"picked":"Metallicize","floor":12},{"not_picked":["Havoc","Bloodletting"],"picked":"Limit Break","floor":14},{"not_picked":["Brutality","Demon Form"],"picked":"Limit Break","floor":16},{"not_picked":["Intimidate","Pommel Strike"],"picked":"Dropkick","floor":18},{"not_picked":["Sever Soul","Body Slam+1"],"picked":"Metallicize","floor":22},{"not_picked":["Dual Wield","Combust+1"],"picked":"Perfected Strike","floor":24}],"player_experience":711460,"relics_obtained":[{"floor":8,"key":"Eternal Feather"},{"floor":9,"key":"Potion Belt"},{"floor":17,"key":"Bag of Marbles"},{"floor":17,"key":"Kunai"},{"floor":17,"key":"Incense Burner"}],"event_choices":[{"damage_healed":0,"gold_gain":0,"player_choice":"Got Potions","damage_taken":0,"max_hp_gain":0,"max_hp_loss":0,"event_name":"Lab","floor":2,"gold_loss":0},{"damage_healed":0,"gold_gain":0,"player_choice":"Take Wound","damage_taken":0,"relics_obtained":["Golden Idol"],"max_hp_gain":0,"max_hp_loss":0,"event_name":"Golden Idol","floor":4,"gold_loss":0,"cards_obtained":["Injury"]},{"damage_healed":0,"gold_gain":30,"player_choice":"Searched \u00272\u0027 times","damage_taken":0,"max_hp_gain":0,"max_hp_loss":0,"event_name":"Dead Adventurer","floor":8,"gold_loss":0},{"damage_healed":0,"gold_gain":0,"player_choice":"Bought 1 Potion","damage_taken":0,"max_hp_gain":0,"max_hp_loss":0,"event_name":"The Woman in Blue","floor":19,"gold_loss":0},{"damage_healed":0,"gold_gain":0,"player_choice":"","damage_taken":6,"max_hp_gain":0,"max_hp_loss":0,"event_name":"Knowing Skull","floor":21,"potions_obtained":[],"gold_loss":0,"cards_obtained":[]}],"is_beta":false,"boss_relics":[{"not_picked":["Tiny House","SacredBark"],"picked":"Calling Bell"}],"items_purged_floors":[5],"is_endless":false,"potions_floor_spawned":[7,10,12,18],"killed_by":"Book of Stabbing","ascension_level":12}}