{"host":"xttq6c038pg3qyaq","time":1610798752,"event":{"mods":["BaseMod","Bestiary","Downfall","Hermit","Marisa（霧雨　魔理沙）","Minty Spire (QoL Compilation)","StSLib"],"gold_per_floor":[99,117,117,117,217,242,290,290,290,290,310,310,310,320,332,332,332,332],"floor_reached":16,"language":"ENG","playtime":962,"items_purged":[],"score":98,"play_id":"6ac72759-b384-49e2-b5a5-056bda42f1bc","local_time":"20210116223552","is_ascension_mode":false,"campfire_choices":[{"data":"Guardian:TwinSlam","floor":1,"key":"SMITH"},{"data":"Guardian:Repulse","floor":8,"key":"SMITH"},{"data":"Guardian:ShieldCharger","floor":10,"key":"SMITH"},{"floor":13,"key":"REST"}],"circlet_count":0,"master_deck":["Guardian:Strike_Guardian","Guardian:Strike_Guardian+1","Guardian:Strike_Guardian+1","Guardian:Defend_Guardian","Guardian:Defend_Guardian","Guardian:Defend_Guardian+1","Guardian:Defend_Guardian","Guardian:CurlUp","Guardian:TwinSlam+1","Guardian:ShieldCharger+1","downfall:Malfunctioning","downfall:Bewildered","CurseOfTheBell","Parasite","Guardian:Repulse+1","Guardian:Gem_Purple","Guardian:Reroute","Guardian:Suspension"],"relics":["Guardian:ModeShifter","Calling Bell","Ancient Tea Set","Kunai","TungstenRod","Ornamental Fan","Anchor","Darkstone Periapt"],"acts_visited":["Exordium"],"potions_floor_usage":[16],"damage_taken":[{"damage":0,"enemies":"Small Slimes","floor":2,"turns":4},{"damage":23,"enemies":"3 Sentries","floor":6,"turns":14},{"damage":6,"enemies":"2 Louse","floor":11,"turns":6},{"damage":6,"enemies":"Jaw Worm","floor":14,"turns":4},{"damage":1,"enemies":"Exordium Wildlife","floor":15,"turns":7},{"damage":71,"enemies":"IC_STATUS_ARCHETYPE","floor":16,"turns":13}],"seed_played":"-4103699010026810335","potions_obtained":[{"floor":6,"key":"Fire Potion"}],"is_trial":false,"path_per_floor":["R","M","?","?","?","E","T","R","T","R","M","?","R","M","M","B"],"character_chosen":"GUARDIAN","items_purchased":[],"campfire_rested":1,"item_purchase_floors":[],"current_hp_per_floor":[88,88,88,88,88,65,65,65,65,65,59,44,70,64,63,0,0,0],"gold":332,"neow_bonus":"TEN_PERCENT_HP_BONUS","is_daily":false,"chose_seed":false,"campfire_upgraded":3,"win_rate":0.0,"timestamp":1610798752,"path_taken":["R","M","?","?","?","E","T","R","?","R","?","?","R","M","M","BOSS"],"items_purchased_type":[],"build_version":"2020-12-22","purchased_purges":0,"victory":false,"max_hp_per_floor":[88,88,88,88,88,88,88,88,88,88,88,88,88,88,88,88,88,88],"card_choices":[{"not_picked":["Guardian:Suspension","Guardian:WalkerClaw"],"picked":"Guardian:ShieldCharger","floor":2},{"not_picked":["Guardian:PrismaticBarrier","Guardian:ShieldSpikes"],"picked":"Guardian:Repulse","floor":6},{"not_picked":["Guardian:ShieldSpikes","Guardian:PrimingBeam"],"picked":"Guardian:Gem_Purple","floor":11},{"not_picked":["Guardian:TemporalStrike","Guardian:ChargeCore"],"picked":"Guardian:Reroute","floor":14},{"not_picked":["Guardian:Gem_Cyan","Guardian:PrismaticBarrier"],"picked":"Guardian:Suspension","floor":15}],"player_experience":579459,"relics_obtained":[{"floor":5,"key":"Ancient Tea Set"},{"floor":5,"key":"Kunai"},{"floor":5,"key":"TungstenRod"},{"floor":6,"key":"Ornamental Fan"},{"floor":7,"key":"Anchor"},{"floor":9,"key":"Darkstone Periapt"}],"event_choices":[],"is_beta":false,"boss_relics":[],"items_purged_floors":[],"is_endless":false,"potions_floor_spawned":[6],"killed_by":"IC_STATUS_ARCHETYPE","ascension_level":0}}