{"host":"mytek2nu1hrzdnew","time":1610811273,"event":{"mods":["AchievementEnabler","Aspiration","BaseMod","Conspire","GifTheSpireLib","Gold Saver","Hubris","Minty Spire (QoL Compilation)","Replay The Spire","StSLib","Stuff the Spire","Uncapped"],"gold_per_floor":[12026,11210,11310,11310,11320,11351,10914,10914,10914],"floor_reached":8,"language":"ENG","playtime":374,"items_purged":["Strike_G","Defend_G","Strike_G"],"score":68,"play_id":"f56cae28-c8c7-4143-b76a-9410660f751f","local_time":"20210116103433","is_ascension_mode":true,"campfire_choices":[],"circlet_count":0,"master_deck":["Strike_G","Strike_G","Strike_G","Defend_G","Defend_G","Defend_G","Survivor","Neutralize","StuffTheSpire:Injection","Noxious Fumes","Noxious Fumes","Deflect","Adrenaline","Mayhem"],"relics":["Ring of the Snake","StuffTheSpire:ForceGauntlet","hubris:FunFungus","HandDrill","hubris:EvacipatedBox","Torii","Paper Crane","Replay:Rubber Ducky"],"acts_visited":["Exordium"],"potions_floor_usage":[6],"damage_taken":[{"damage":13,"enemies":"conspire:RoseBush","floor":1,"turns":3},{"damage":1,"enemies":"Jaw Worm","floor":5,"turns":3},{"damage":6,"enemies":"Replay:BlueRogue","floor":6,"turns":6},{"damage":50,"enemies":"Gremlin Nob","floor":8,"turns":5}],"seed_played":"-127601847684523882","potions_obtained":[{"floor":5,"key":"Regen Potion"}],"is_trial":false,"path_per_floor":["M","$","?","$","M","E","$","E"],"character_chosen":"THE_SILENT","items_purchased":["Noxious Fumes","StuffTheSpire:ForceGauntlet","hubris:FunFungus","HandDrill","hubris:EvacipatedBox","Torii","Replay:Rubber Ducky","Mayhem"],"campfire_rested":0,"item_purchase_floors":[2,2,2,2,4,4,7,7],"current_hp_per_floor":[57,57,57,12,11,20,20,0,0],"gold":10914,"neow_bonus":"REMOVE_CARD","is_daily":false,"chose_seed":false,"campfire_upgraded":0,"win_rate":0.0,"timestamp":1610811273,"path_taken":["M","$","?","?","?","E","$","E"],"items_purchased_type":["Card","Relic","Relic","Relic","Relic","Relic","Relic","Card"],"build_version":"2020-12-22","purchased_purges":3,"victory":false,"max_hp_per_floor":[70,70,70,70,70,70,70,70,70],"card_choices":[{"not_picked":["Setup","Terror"],"picked":"StuffTheSpire:Injection","floor":1},{"not_picked":["StuffTheSpire:ReptileScales","hubris:TrickCloak"],"picked":"Deflect","floor":5},{"not_picked":["Dagger Throw","StuffTheSpire:BumpUp"],"picked":"Adrenaline","floor":6}],"player_experience":1055821,"relics_obtained":[{"floor":6,"key":"Paper Crane"}],"event_choices":[{"damage_healed":0,"gold_gain":100,"player_choice":"Pray","damage_taken":0,"max_hp_gain":0,"max_hp_loss":0,"event_name":"Golden Shrine","floor":3,"gold_loss":0}],"is_beta":false,"boss_relics":[],"items_purged_floors":[2,4,7],"is_endless":false,"potions_floor_spawned":[5],"killed_by":"Gremlin Nob","ascension_level":5}}