{"host":"v54ek091sdz7ha6h","time":1610832177,"event":{"mods":["BaseMod","Better Vampires","Colored Map","Colored Powertips","DeckTracker","Highlight Path","KOR Keyword Fix","Minty Spire (QoL Compilation)","Rare Cards Sparkle","Relic Stats","StSLib","SuperFastMode","everything is the same but u backflip on backflip","slay the spire mod where everything is the same but ironclad has a cowboy hat"],"gold_per_floor":[114,114,131,143,156,156,191,191,214,229,243,263,290,290,290,368,368,385,300,320,334,180,205,205,205,258,275,275,275,301,336,336,410,410,420,44,61,76,90,90,134,134,134,134,134,169,188,229,229,229,229,229,229,15,49,49,49],"floor_reached":56,"language":"KOR","playtime":1658,"items_purged":["Strike_G","Defend_G"],"score":2324,"play_id":"28dc3a5a-9c8a-4ad2-96ab-0ab487c5886a","local_time":"20210117062257","is_ascension_mode":true,"campfire_choices":[{"data":"Blade Dance","floor":6.0,"key":"SMITH"},{"data":"Accuracy","floor":8.0,"key":"SMITH"},{"data":"Blade Dance","floor":15.0,"key":"SMITH"},{"data":"Tactician","floor":25.0,"key":"SMITH"},{"data":"Acrobatics","floor":29.0,"key":"SMITH"},{"data":"Accuracy","floor":32.0,"key":"SMITH"},{"data":"Reflex","floor":40.0,"key":"SMITH"},{"data":"Prepared","floor":42.0,"key":"SMITH"},{"data":"Acrobatics","floor":45.0,"key":"SMITH"},{"floor":49.0,"key":"RECALL"},{"data":"Calculated Gamble","floor":53.0,"key":"SMITH"}],"circlet_count":0,"master_deck":["AscendersBane","Strike_G","Strike_G+1","Strike_G","Strike_G","Defend_G","Defend_G","Defend_G","Defend_G","Survivor","Neutralize+1","After Image","Blade Dance+1","Prepared+1","Tactician+1","Finisher","Endless Agony","Accuracy+1","Blade Dance+1","Acrobatics+1","Calculated Gamble+1","After Image","Underhanded Strike+1","Accuracy+1","Reflex+1","Adrenaline","Acrobatics+1","Backflip","Night Terror","Deflect+1"],"relics":["Ring of the Snake","PreservedInsect","Happy Flower","Coffee Dripper","Shuriken","Eternal Feather","Whetstone","Boot","Dream Catcher","Black Star","Mummified Hand","Lantern","CeramicFish","Bottled Flame","Prayer Wheel","HornCleat","White Beast Statue","Calipers","Tingsha","OrangePellets","Bag of Preparation","Ninja Scroll"],"acts_visited":["Exordium","TheCity","TheBeyond","TheEnding"],"potions_floor_usage":[56],"damage_taken":[{"damage":5.0,"enemies":"Jaw Worm","floor":1.0,"turns":6.0},{"damage":0.0,"enemies":"Cultist","floor":3.0,"turns":4.0},{"damage":0.0,"enemies":"2 Louse","floor":4.0,"turns":3.0},{"damage":6.0,"enemies":"Looter","floor":5.0,"turns":2.0},{"damage":17.0,"enemies":"3 Sentries","floor":7.0,"turns":6.0},{"damage":11.0,"enemies":"Gremlin Gang","floor":10.0,"turns":6.0},{"damage":0.0,"enemies":"Exordium Thugs","floor":11.0,"turns":5.0},{"damage":0.0,"enemies":"Blue Slaver","floor":12.0,"turns":1.0},{"damage":9.0,"enemies":"Lagavulin","floor":13.0,"turns":5.0},{"damage":0.0,"enemies":"Hexaghost","floor":16.0,"turns":5.0},{"damage":0.0,"enemies":"Chosen","floor":18.0,"turns":3.0},{"damage":0.0,"enemies":"Spheric Guardian","floor":20.0,"turns":3.0},{"damage":4.0,"enemies":"Centurion and Healer","floor":21.0,"turns":5.0},{"damage":1.0,"enemies":"Gremlin Leader","floor":23.0,"turns":3.0},{"damage":2.0,"enemies":"Cultist and Chosen","floor":27.0,"turns":5.0},{"damage":7.0,"enemies":"Slavers","floor":31.0,"turns":4.0},{"damage":3.0,"enemies":"Champ","floor":33.0,"turns":6.0},{"damage":0.0,"enemies":"3 Darklings","floor":35.0,"turns":2.0},{"damage":9.0,"enemies":"3 Shapes","floor":37.0,"turns":2.0},{"damage":4.0,"enemies":"Sphere and 2 Shapes","floor":38.0,"turns":3.0},{"damage":31.0,"enemies":"3 Darklings","floor":39.0,"turns":5.0},{"damage":0.0,"enemies":"Giant Head","floor":41.0,"turns":3.0},{"damage":0.0,"enemies":"Nemesis","floor":46.0,"turns":1.0},{"damage":13.0,"enemies":"Writhing Mass","floor":47.0,"turns":3.0},{"damage":0.0,"enemies":"Giant Head","floor":48.0,"turns":1.0},{"damage":0.0,"enemies":"Time Eater","floor":50.0,"turns":4.0},{"damage":52.0,"enemies":"Awakened One","floor":51.0,"turns":8.0},{"damage":30.0,"enemies":"Shield and Spear","floor":55.0,"turns":3.0},{"damage":35,"enemies":"The Heart","floor":56,"turns":3}],"seed_played":"-756094448291723459","potions_obtained":[{"floor":3.0,"key":"LiquidBronze"},{"floor":4.0,"key":"SkillPotion"},{"floor":12.0,"key":"Block Potion"},{"floor":13.0,"key":"Weak Potion"},{"floor":20.0,"key":"LiquidBronze"},{"floor":21.0,"key":"EssenceOfSteel"},{"floor":31.0,"key":"Block Potion"},{"floor":33.0,"key":"Dexterity Potion"},{"floor":38.0,"key":"ColorlessPotion"},{"floor":41.0,"key":"Ancient Potion"},{"floor":47.0,"key":"SteroidPotion"},{"floor":55.0,"key":"BlessingOfTheForge"}],"is_trial":false,"path_per_floor":["M","?","M","M","M","R","E","R","T","M","M","M","E","?","R","B",null,"M","?","M","M","$","E","?","R","T","M","?","R","T","E","R","B",null,"M","$","M","M","M","R","E","R","T","T","R","E","M","E","R","B","B",null,"R","$","E","B"],"character_chosen":"THE_SILENT","items_purchased":["CunningPotion","Mummified Hand","OrangePellets","Swift Potion"],"campfire_rested":0,"item_purchase_floors":[22,36,54,54],"current_hp_per_floor":[54,54,54,54,48,48,31,31,31,20,20,20,11,11,11,11,48,48,48,48,44,44,43,43,58,58,56,40,55,55,48,63,60,64,64,64,55,51,20,35,35,50,50,50,65,65,52,52,65,65,13,52,65,65,35,0,0],"gold":49,"neow_bonus":"THREE_RARE_CARDS","is_daily":false,"chose_seed":false,"campfire_upgraded":10,"win_rate":0.0,"timestamp":1610832177,"path_taken":["M","?","M","?","M","R","E","R","T","M","M","M","E","?","R","BOSS","M","?","M","M","$","E","?","R","T","M","?","R","?","E","R","BOSS","M","$","M","?","M","R","E","R","T","?","R","E","M","E","R","BOSS","BOSS","R","$","E","BOSS"],"items_purchased_type":["Potion","Relic","Relic","Potion"],"build_version":"2020-12-22","purchased_purges":2,"victory":false,"max_hp_per_floor":[60,60,60,60,60,60,60,60,60,60,60,60,60,60,60,60,60,60,60,60,60,60,60,60,60,60,60,65,65,65,65,65,65,65,65,65,65,65,65,65,65,65,65,65,65,65,65,65,65,65,65,65,65,65,65,65,65],"relic_stats":{"Happy Flower":[24],"counters":[29,110],"CeramicFish":27,"Eternal Feather":116,"Tingsha":[174],"PreservedInsect":505,"Bag of Preparation":[0],"Whetstone":["Strike_G","Neutralize"],"Boot":[32],"OrangePellets":[3],"Dream Catcher":0,"Shuriken":[81],"Mummified Hand":[42],"Prayer Wheel":1,"Black Star":4,"obtain_stats":[{"Lantern":41,"Calipers":48,"Happy Flower":13,"CeramicFish":41,"Eternal Feather":23,"Tingsha":48,"PreservedInsect":7,"Bag of Preparation":55,"Whetstone":26,"Boot":30,"White Beast Statue":46,"OrangePellets":54,"Dream Catcher":31,"Bottled Flame":43,"HornCleat":46,"Shuriken":19,"Mummified Hand":36,"Ninja Scroll":55,"Prayer Wheel":44,"Coffee Dripper":17,"Black Star":34,"Ring of the Snake":0},{"Lantern":22,"Calipers":25,"Happy Flower":9,"CeramicFish":22,"Eternal Feather":14,"Tingsha":25,"PreservedInsect":5,"Bag of Preparation":28,"Whetstone":14,"Boot":15,"White Beast Statue":23,"OrangePellets":27,"Dream Catcher":16,"Bottled Flame":22,"HornCleat":23,"Shuriken":11,"Mummified Hand":18,"Ninja Scroll":28,"Prayer Wheel":22,"Coffee Dripper":10,"Black Star":17,"Ring of the Snake":0},{"Lantern":87,"Calipers":92,"Happy Flower":38,"CeramicFish":87,"Eternal Feather":57,"Tingsha":92,"PreservedInsect":21,"Bag of Preparation":107,"Whetstone":57,"Boot":62,"White Beast Statue":88,"OrangePellets":104,"Dream Catcher":66,"Bottled Flame":87,"HornCleat":88,"Shuriken":46,"Mummified Hand":74,"Ninja Scroll":107,"Prayer Wheel":87,"Coffee Dripper":43,"Black Star":72,"Ring of the Snake":0}],"Ring of the Snake":[64]},"card_choices":[{"not_picked":["Venomology","Night Terror"],"picked":"After Image","floor":0.0},{"not_picked":["Outmaneuver","Dagger Spray"],"picked":"Blade Dance","floor":1.0},{"not_picked":["Deadly Poison","Blur"],"picked":"Tactician","floor":3.0},{"not_picked":["Deadly Poison","Well Laid Plans"],"picked":"Finisher","floor":4.0},{"not_picked":["Underhanded Strike","Blur"],"picked":"Endless Agony","floor":5.0},{"not_picked":["Dagger Spray","After Image"],"picked":"Accuracy","floor":7.0},{"not_picked":["Backflip","Terror"],"picked":"Blade Dance","floor":10.0},{"not_picked":["Sucker Punch","Bane"],"picked":"Acrobatics","floor":11.0},{"not_picked":["Acrobatics","Distraction"],"picked":"Calculated Gamble","floor":12.0},{"not_picked":["Dodge and Roll","Outmaneuver","Quick Slash"],"picked":"SKIP","floor":13.0},{"not_picked":["Burst","Envenom"],"picked":"After Image","floor":16.0},{"not_picked":["Acrobatics","Masterful Stab"],"picked":"Underhanded Strike+1","floor":18.0},{"not_picked":["Dagger Throw","Heel Hook","Quick Slash"],"picked":"SKIP","floor":20.0},{"not_picked":["Cloak And Dagger","Acrobatics","Distraction"],"picked":"SKIP","floor":21.0},{"not_picked":["Underhanded Strike","Leg Sweep","Deflect"],"picked":"SKIP","floor":23.0},{"not_picked":["Heel Hook","Dodge and Roll"],"picked":"Reflex","floor":27.0},{"not_picked":["Underhanded Strike","Doppelganger","Bane"],"picked":"SKIP","floor":31.0},{"not_picked":["Tools of the Trade","A Thousand Cuts"],"picked":"Adrenaline","floor":33.0},{"not_picked":["Setup","Dagger Throw","Deadly Poison"],"picked":"SKIP","floor":35.0},{"not_picked":["Catalyst","Dagger Throw+1","Deadly Poison"],"picked":"SKIP","floor":37.0},{"not_picked":["Sucker Punch+1","Masterful Stab","Quick Slash"],"picked":"SKIP","floor":38.0},{"not_picked":["Dagger Spray","Deflect+1"],"picked":"Acrobatics","floor":39.0},{"not_picked":["Endless Agony+1","Dodge and Roll"],"picked":"Backflip","floor":41.0},{"not_picked":["Night Terror","Dagger Throw+1","Slice+1"],"picked":"SKIP","floor":46.0},{"not_picked":["Catalyst","Choke","Deadly Poison"],"picked":"SKIP","floor":47.0},{"not_picked":["Bane","Underhanded Strike+1","Quick Slash"],"picked":"SKIP","floor":47.0},{"not_picked":["Deadly Poison","Dagger Spray"],"picked":"Night Terror","floor":48.0},{"not_picked":["Blade Dance","Bouncing Flask"],"picked":"Deflect+1","floor":55.0}],"player_experience":1447847,"relics_obtained":[{"floor":7.0,"key":"PreservedInsect"},{"floor":13.0,"key":"Happy Flower"},{"floor":23.0,"key":"Eternal Feather"},{"floor":26.0,"key":"Whetstone"},{"floor":30.0,"key":"Boot"},{"floor":31.0,"key":"Dream Catcher"},{"floor":41.0,"key":"Lantern"},{"floor":41.0,"key":"CeramicFish"},{"floor":43.0,"key":"Bottled Flame"},{"floor":44.0,"key":"Prayer Wheel"},{"floor":46.0,"key":"HornCleat"},{"floor":46.0,"key":"White Beast Statue"},{"floor":48.0,"key":"Calipers"},{"floor":48.0,"key":"Tingsha"},{"floor":55.0,"key":"Bag of Preparation"},{"floor":55.0,"key":"Ninja Scroll"}],"event_choices":[{"damage_healed":0.0,"max_hp_gain":0.0,"max_hp_loss":0.0,"gold_gain":0.0,"event_name":"Match and Keep!","player_choice":"1 cards matched","floor":2.0,"gold_loss":0.0,"damage_taken":0.0,"cards_obtained":["Prepared"]},{"damage_healed":0.0,"max_hp_gain":0.0,"max_hp_loss":0.0,"gold_gain":0.0,"event_name":"Shining Light","player_choice":"Ignored","floor":14.0,"gold_loss":0.0,"damage_taken":0.0},{"damage_healed":0.0,"max_hp_gain":0.0,"max_hp_loss":0.0,"gold_gain":0.0,"event_name":"Addict","player_choice":"Obtained Relic","floor":19.0,"gold_loss":85.0,"damage_taken":0.0,"relics_obtained":["Shuriken"]},{"damage_healed":0.0,"max_hp_gain":0.0,"max_hp_loss":0.0,"gold_gain":0.0,"event_name":"The Library","player_choice":"Read","floor":24.0,"gold_loss":0.0,"damage_taken":0.0,"cards_obtained":["Accuracy"]},{"damage_healed":0.0,"max_hp_gain":5.0,"max_hp_loss":0.0,"gold_gain":0.0,"event_name":"Forgotten Altar","player_choice":"Shed Blood","floor":28.0,"gold_loss":0.0,"damage_taken":21.0}],"is_beta":false,"boss_relics":[{"not_picked":["Runic Dome","Snecko Eye"],"picked":"Coffee Dripper"},{"not_picked":["Philosopher\u0027s Stone","Runic Pyramid"],"picked":"Black Star"}],"items_purged_floors":[22,36],"is_endless":false,"potions_floor_spawned":[3,4,12,13,20,21,31,33,38,41,46,47,48,55],"killed_by":"The Heart","ascension_level":20}}