{"host":"f5n4tidiz2n5sooh","time":1610788718,"event":{"mods":["BaseMod","Colored Map","Minty Spire (QoL Compilation)","Relic Stats","Slay the Relics Exporter","StSLib"],"gold_per_floor":[119,139,139,156,156,156,190,190,215,244,244,261,261,284,284,383,383,398,398,128,149,149,190,190,216,216,216,216,216,259,283,283,381,381,406,422,441,11,344,376,376,376,376],"floor_reached":42,"language":"ENG","playtime":2855,"items_purged":["Strike_R","Strike_R"],"score":1019,"play_id":"6402cd02-686b-4dfc-84c8-c94a2e35b212","local_time":"20210116031838","is_ascension_mode":true,"campfire_choices":[{"data":"Bash","floor":6.0,"key":"SMITH"},{"data":"Anger","floor":8.0,"key":"SMITH"},{"data":"Disarm","floor":11.0,"key":"SMITH"},{"data":"Ghostly Armor","floor":15,"key":"SMITH"},{"data":"Ghostly","floor":24,"key":"SMITH"},{"data":"Ghostly","floor":27,"key":"SMITH"},{"data":"Battle Trance","floor":32,"key":"SMITH"},{"data":"Ghostly","floor":41,"key":"SMITH"}],"circlet_count":0,"master_deck":["AscendersBane","Strike_R+1","Defend_R","Defend_R","Defend_R","Defend_R","Bash+1","Pommel Strike+1","Anger+1","Ghostly Armor+1","Impervious","Disarm+1","Immolate","Disarm","Ghostly+1","Ghostly+1","Ghostly+1","Apotheosis","Impervious","Sword Boomerang","Double Tap","Pummel","Ghostly+1","Battle Trance+1","Feed"],"relics":["Burning Blood","Omamori","Turnip","Pen Nib","Lizard Tail","SlaversCollar","Potion Belt","Orichalcum","TungstenRod","Mango","Runic Pyramid","Paper Frog","Ornamental Fan"],"acts_visited":["Exordium","TheCity","TheBeyond"],"potions_floor_usage":[18,31,33,37,40,42],"damage_taken":[{"damage":19.0,"enemies":"Jaw Worm","floor":1.0,"turns":4.0},{"damage":12.0,"enemies":"Small Slimes","floor":2.0,"turns":4.0},{"damage":6.0,"enemies":"Cultist","floor":4.0,"turns":3.0},{"damage":16.0,"enemies":"Lagavulin","floor":7.0,"turns":6.0},{"damage":8.0,"enemies":"Gremlin Nob","floor":10.0,"turns":4.0},{"damage":22.0,"enemies":"Exordium Wildlife","floor":12.0,"turns":6.0},{"damage":3,"enemies":"Large Slime","floor":14,"turns":5},{"damage":24,"enemies":"The Guardian","floor":16,"turns":11},{"damage":21,"enemies":"Spheric Guardian","floor":18,"turns":6},{"damage":1,"enemies":"Chosen","floor":21,"turns":7},{"damage":2,"enemies":"Book of Stabbing","floor":23,"turns":8},{"damage":0,"enemies":"Gremlin Leader","floor":30,"turns":8},{"damage":9,"enemies":"Snecko","floor":31,"turns":8},{"damage":43,"enemies":"Champ","floor":33,"turns":17},{"damage":7,"enemies":"Orb Walker","floor":35,"turns":6},{"damage":19,"enemies":"3 Darklings","floor":36,"turns":9},{"damage":9,"enemies":"Spire Growth","floor":37,"turns":9},{"damage":39,"enemies":"Nemesis","floor":40,"turns":19},{"damage":21,"enemies":"Sphere and 2 Shapes","floor":42,"turns":9}],"seed_played":"-2814858392258136816","potions_obtained":[{"floor":4.0,"key":"Weak Potion"},{"floor":7.0,"key":"SneckoOil"},{"floor":14,"key":"BlessingOfTheForge"},{"floor":23,"key":"Energy Potion"},{"floor":31,"key":"EssenceOfSteel"},{"floor":36,"key":"FearPotion"},{"floor":37,"key":"Dexterity Potion"}],"is_trial":false,"path_per_floor":["M","M","?","M","?","R","E","R","T","E","R","M","?","M","R","B",null,"M","?","$","M","?","E","R","T","T","R","?","?","E","M","R","B",null,"M","M","M","$","?","E","R","M"],"character_chosen":"IRONCLAD","items_purchased":["Apotheosis","Paper Frog","SkillPotion"],"campfire_rested":0,"item_purchase_floors":[20,38,38],"current_hp_per_floor":[62,56,31,31,31,31,21,21,21,19,19,47,47,50,50,32,70,55,41,41,41,41,41,41,41,41,41,41,41,55,52,52,15,45,48,39,40,40,40,11,11,0,0],"gold":376,"neow_bonus":"TEN_PERCENT_HP_BONUS","is_daily":false,"chose_seed":false,"campfire_upgraded":8,"win_rate":0.0,"timestamp":1610788718,"path_taken":["M","M","?","M","?","R","E","R","T","E","R","?","?","M","R","BOSS","M","?","$","M","?","E","R","?","T","R","?","?","E","?","R","BOSS","M","?","M","$","?","E","R","M"],"items_purchased_type":["Card","Relic","Potion"],"build_version":"2020-12-22","purchased_purges":2,"victory":false,"max_hp_per_floor":[82,82,82,82,82,82,82,82,82,82,82,82,82,82,82,82,82,82,41,41,41,41,41,41,41,41,41,41,41,55,55,55,55,55,59,63,67,67,67,71,71,74,74],"relic_stats":{"Lizard Tail":41,"counters":[19,149],"Ornamental Fan":[0],"Turnip":[16],"Pen Nib":[21],"Orichalcum":[234],"obtain_stats":[{"Potion Belt":23,"Golden Idol":13,"Mango":30,"Pen Nib":9,"Omamori":5,"Orichalcum":25,"Burning Blood":0,"SlaversCollar":17,"Lizard Tail":10,"Ornamental Fan":40,"Turnip":7,"TungstenRod":26,"Runic Pyramid":34,"Paper Frog":38},{"Potion Belt":11,"Golden Idol":6,"Mango":12,"Pen Nib":4,"Omamori":3,"Orichalcum":11,"Burning Blood":0,"SlaversCollar":8,"Lizard Tail":5,"Ornamental Fan":18,"Turnip":4,"TungstenRod":11,"Runic Pyramid":14,"Paper Frog":17},{"Potion Belt":64,"Golden Idol":27,"Mango":72,"Pen Nib":17,"Omamori":11,"Orichalcum":64,"Burning Blood":0,"SlaversCollar":43,"Lizard Tail":21,"Ornamental Fan":140,"Turnip":17,"TungstenRod":64,"Runic Pyramid":97,"Paper Frog":121}],"Burning Blood":93,"TungstenRod":35},"card_choices":[{"not_picked":["Thunderclap","Armaments"],"picked":"Pommel Strike","floor":1.0},{"not_picked":["True Grit","Searing Blow"],"picked":"Anger","floor":2.0},{"not_picked":["Clash","Combust"],"picked":"Ghostly Armor","floor":4.0},{"not_picked":["Wild Strike","Warcry"],"picked":"Impervious","floor":7.0},{"not_picked":["Iron Wave","Body Slam"],"picked":"Disarm","floor":10.0},{"not_picked":["Infernal Blade","Cleave","Sword Boomerang"],"picked":"SKIP","floor":12.0},{"not_picked":["Clash","Havoc","Armaments"],"picked":"SKIP","floor":14},{"not_picked":["Bludgeon","Reaper"],"picked":"Immolate","floor":16},{"not_picked":["Warcry","Reckless Charge"],"picked":"Disarm","floor":18},{"not_picked":["Rage","Twin Strike","True Grit"],"picked":"SKIP","floor":21},{"not_picked":["Perfected Strike","Heavy Blade"],"picked":"Double Tap","floor":23},{"not_picked":["Sentinel","Clothesline"],"picked":"Battle Trance","floor":30},{"not_picked":["Thunderclap","Uppercut","Pommel Strike"],"picked":"SKIP","floor":31},{"not_picked":["Exhume","Limit Break"],"picked":"Feed","floor":33},{"not_picked":["Twin Strike","Carnage","Iron Wave"],"picked":"SKIP","floor":35},{"not_picked":["Uppercut","Whirlwind","Burning Pact"],"picked":"SKIP","floor":36},{"not_picked":["Armaments+1","Hemokinesis","Thunderclap"],"picked":"SKIP","floor":37},{"not_picked":["Battle Trance","Wild Strike","Rage"],"picked":"SKIP","floor":40}],"player_experience":2012288,"relics_obtained":[{"floor":5.0,"key":"Omamori"},{"floor":7.0,"key":"Turnip"},{"floor":9.0,"key":"Pen Nib"},{"floor":10.0,"key":"Lizard Tail"},{"floor":23,"key":"Potion Belt"},{"floor":25,"key":"Orichalcum"},{"floor":26,"key":"TungstenRod"},{"floor":30,"key":"Mango"},{"floor":40,"key":"Ornamental Fan"}],"event_choices":[{"damage_healed":0.0,"max_hp_gain":0.0,"max_hp_loss":0.0,"gold_gain":0.0,"event_name":"Shining Light","player_choice":"Entered Light","floor":3.0,"gold_loss":0.0,"damage_taken":25.0,"cards_upgraded":["Strike_R","Pommel Strike"]},{"damage_healed":0.0,"max_hp_gain":0.0,"max_hp_loss":0.0,"gold_gain":0.0,"event_name":"Wheel of Change","player_choice":"Relic","floor":5.0,"gold_loss":0.0,"damage_taken":0.0},{"damage_healed":0,"gold_gain":0,"player_choice":"Take Wound","damage_taken":0,"relics_obtained":["Golden Idol"],"max_hp_gain":0,"max_hp_loss":0,"event_name":"Golden Idol","floor":13,"gold_loss":0,"cards_obtained":["Injury"]},{"damage_healed":0,"gold_gain":0,"player_choice":"Became a Ghost","damage_taken":0,"max_hp_gain":0,"max_hp_loss":41,"event_name":"Ghosts","floor":19,"gold_loss":0,"cards_obtained":["Ghostly","Ghostly","Ghostly"]},{"damage_healed":0,"gold_gain":0,"cards_transformed":["Strike_R","Strike_R"],"player_choice":"Became Test Subject","damage_taken":0,"max_hp_gain":0,"max_hp_loss":0,"event_name":"Drug Dealer","floor":22,"gold_loss":0,"cards_obtained":["Impervious","Sword Boomerang"]},{"damage_healed":0,"gold_gain":0,"player_choice":"Read","damage_taken":0,"max_hp_gain":0,"max_hp_loss":0,"event_name":"The Library","floor":28,"gold_loss":0,"cards_obtained":["Pummel"]},{"damage_healed":0,"gold_gain":0,"player_choice":"Copied","damage_taken":0,"max_hp_gain":0,"max_hp_loss":0,"event_name":"Duplicator","floor":29,"gold_loss":0,"cards_obtained":["Ghostly"]},{"damage_healed":0,"gold_gain":333,"player_choice":"Gave Idol","damage_taken":0,"max_hp_gain":0,"max_hp_loss":0,"event_name":"The Moai Head","floor":39,"relics_lost":["Golden Idol"],"gold_loss":0}],"is_beta":false,"boss_relics":[{"not_picked":["Empty Cage","Ectoplasm"],"picked":"SlaversCollar"},{"not_picked":["Busted Crown","Black Blood"],"picked":"Runic Pyramid"}],"items_purged_floors":[20,38],"is_endless":false,"potions_floor_spawned":[4,7,14,23,31,36,37],"killed_by":"Sphere and 2 Shapes","ascension_level":20}}