{"host":"344lv32hnei0mdhu","time":1610764584,"event":{"mods":["Act Like it!","BaseMod","Better Match","Better Sensory Stone","Better Skull","Better Third Choice","Better Vampires","Colored Powertips","Highlight Path","Minty Spire (QoL Compilation)","Quick Restart","Random Character Button","Rare Cards Sparkle","StSLib"],"gold_per_floor":[112,112,112,123,123,156,156,185,185,197,217,217,244,256,256,352,352,368,382,157,167,22,22,52,52,76,101,101,113,63,63,63,63,63],"floor_reached":33,"language":"ENG","playtime":847,"items_purged":["Strike_R","Strike_R"],"score":477,"play_id":"bf29b855-124f-4bd5-8b68-0cf32a54ab3a","local_time":"20210115203624","is_ascension_mode":true,"campfire_choices":[{"data":"DevaForm","floor":7,"key":"SMITH"},{"floor":15,"key":"REST"},{"data":"Disarm","floor":23,"key":"SMITH"},{"floor":25,"key":"RECALL"},{"floor":32,"key":"REST"}],"circlet_count":0,"master_deck":["AscendersBane","Strike_R","Strike_R","Strike_R","Defend_R","Defend_R","Defend_R","Defend_R","Bash","Anger","Shrug It Off","DevaForm+1","Blood for Blood","Anger","Thunderclap+1","Disarm+1","Wild Strike+1","Thunderclap+1","Rampage+1","Intimidate","Bludgeon+1","CurseOfTheBell","Sword Boomerang+1","Disarm","Uppercut+1","Spot Weakness+1","Ghostly Armor","Spot Weakness"],"relics":["Burning Blood","NeowsBlessing","Mercury Hourglass","Prayer Wheel","PreservedInsect","Thread and Needle","Molten Egg 2","Juzu Bracelet","Pen Nib","Calling Bell","Red Skull","Eternal Feather","Peace Pipe","DollysMirror","Membership Card","Oddly Smooth Stone","Calipers"],"acts_visited":["Exordium","TheCity"],"potions_floor_usage":[18,18,24,24,33],"damage_taken":[{"damage":0,"enemies":"Small Slimes","floor":1,"turns":1},{"damage":0,"enemies":"Jaw Worm","floor":4,"turns":1},{"damage":0,"enemies":"Lagavulin","floor":6,"turns":1},{"damage":33,"enemies":"Gremlin Nob","floor":8,"turns":5},{"damage":2,"enemies":"2 Louse","floor":10,"turns":2},{"damage":7,"enemies":"Large Slime","floor":11,"turns":6},{"damage":0,"enemies":"2 Fungi Beasts","floor":14,"turns":2},{"damage":26,"enemies":"The Guardian","floor":16,"turns":10},{"damage":8,"enemies":"2 Thieves","floor":18,"turns":3},{"damage":9,"enemies":"Shell Parasite","floor":19,"turns":4},{"damage":26,"enemies":"Snecko","floor":21,"turns":5},{"damage":7,"enemies":"Gremlin Leader","floor":24,"turns":4},{"damage":42,"enemies":"Slavers","floor":27,"turns":3},{"damage":0,"enemies":"Snake Plant","floor":29,"turns":2},{"damage":73,"enemies":"Collector","floor":33,"turns":6}],"seed_played":"2831834008268425047","potions_obtained":[{"floor":6,"key":"Dexterity Potion"},{"floor":8,"key":"HeartOfIron"},{"floor":11,"key":"SkillPotion"},{"floor":21,"key":"Energy Potion"},{"floor":27,"key":"Dexterity Potion"}],"is_trial":false,"path_per_floor":["M","?","T","M","?","E","R","E","T","M","M","T","T","M","R","B",null,"M","M","$","M","$","R","E","R","T","E","?","M","$","?","R","B"],"character_chosen":"IRONCLAD","items_purchased":["DollysMirror","Membership Card"],"campfire_rested":2,"item_purchase_floors":[20,22],"current_hp_per_floor":[78,78,78,80,57,63,63,36,36,40,39,39,39,45,69,49,72,70,67,67,47,47,62,61,76,76,40,40,46,46,31,71,0,0],"gold":63,"neow_bonus":"THREE_ENEMY_KILL","is_daily":false,"chose_seed":false,"campfire_upgraded":2,"win_rate":0.0,"timestamp":1610764584,"path_taken":["M","?","?","M","?","E","R","E","T","M","M","?","?","M","R","BOSS","M","M","$","M","$","R","E","R","T","E","?","M","$","?","R","BOSS"],"items_purchased_type":["Relic","Relic"],"build_version":"2020-12-22","purchased_purges":2,"victory":false,"max_hp_per_floor":[80,80,80,80,80,80,80,80,80,80,80,80,80,80,80,80,80,80,80,80,80,80,80,80,80,80,80,80,80,80,85,85,85,85],"card_choices":[{"not_picked":["Twin Strike","Seeing Red"],"picked":"Anger","floor":1},{"not_picked":["Perfected Strike","Carnage"],"picked":"Shrug It Off","floor":4},{"not_picked":["Pommel Strike","Fiend Fire"],"picked":"Blood for Blood","floor":6},{"not_picked":["Armaments","Pommel Strike"],"picked":"Anger","floor":8},{"not_picked":["Berserk","Feel No Pain"],"picked":"Thunderclap+1","floor":10},{"not_picked":["Entrench","Heavy Blade+1"],"picked":"Disarm","floor":10},{"not_picked":["Clash+1","Clothesline+1"],"picked":"Wild Strike+1","floor":11},{"not_picked":["Havoc","Sword Boomerang+1"],"picked":"Thunderclap+1","floor":11},{"not_picked":["Dropkick+1","Dual Wield"],"picked":"Rampage+1","floor":14},{"not_picked":["Havoc","Clash+1"],"picked":"Intimidate","floor":14},{"not_picked":["Fiend Fire+1","Offering"],"picked":"Bludgeon+1","floor":16},{"not_picked":["True Grit","Clash+1"],"picked":"Sword Boomerang+1","floor":18},{"not_picked":["Flex+1","Clash+1","Clothesline+1"],"picked":"SKIP","floor":18},{"not_picked":["Combust","Barricade","Twin Strike+1"],"picked":"SKIP","floor":19},{"not_picked":["Second Wind","Warcry","Pommel Strike+1"],"picked":"SKIP","floor":19},{"not_picked":["Anger+1","Sever Soul+1"],"picked":"Uppercut+1","floor":21},{"not_picked":["Hemokinesis+1","Reckless Charge+1"],"picked":"Spot Weakness+1","floor":21},{"not_picked":["Warcry+1","Thunderclap+1","Seeing Red"],"picked":"SKIP","floor":24},{"not_picked":["Wild Strike+1","Anger+1"],"picked":"Ghostly Armor","floor":27},{"not_picked":["Power Through+1","Body Slam+1"],"picked":"Spot Weakness","floor":29},{"not_picked":["Armaments","Dark Embrace","Wild Strike+1"],"picked":"SKIP","floor":29}],"player_experience":339627,"relics_obtained":[{"floor":3,"key":"Mercury Hourglass"},{"floor":6,"key":"PreservedInsect"},{"floor":8,"key":"Thread and Needle"},{"floor":9,"key":"Molten Egg 2"},{"floor":12,"key":"Juzu Bracelet"},{"floor":13,"key":"Pen Nib"},{"floor":17,"key":"Red Skull"},{"floor":17,"key":"Eternal Feather"},{"floor":17,"key":"Peace Pipe"},{"floor":24,"key":"Oddly Smooth Stone"},{"floor":27,"key":"Calipers"}],"event_choices":[{"damage_healed":0,"gold_gain":0,"player_choice":"Leave","damage_taken":0,"max_hp_gain":0,"max_hp_loss":0,"event_name":"The Cleric","floor":2,"gold_loss":0},{"damage_healed":0,"gold_gain":0,"player_choice":"Ignored","damage_taken":0,"max_hp_gain":0,"max_hp_loss":0,"event_name":"Cursed Tome","floor":28,"gold_loss":0},{"damage_healed":0,"gold_gain":0,"player_choice":"Shed Blood","damage_taken":20,"max_hp_gain":5,"max_hp_loss":0,"event_name":"Forgotten Altar","floor":31,"gold_loss":0}],"is_beta":false,"boss_relics":[{"not_picked":["Velvet Choker","Fusion Hammer"],"picked":"Calling Bell"}],"items_purged_floors":[20,30],"is_endless":false,"potions_floor_spawned":[6,8,11,14,21,27],"killed_by":"Collector","ascension_level":10}}