{"host":"gkh5j5k5w4qf7k7n","time":1610785660,"event":{"mods":["2.2 Compatiblity","AchievementEnabler","Arknights The Spire","BaseMod","Colored Map","Colored Powertips","GifTheSpireLib","Hermit","Keyboard Shortcuts","Minty Spire (QoL Compilation)","Quick Restart","StSLib","SuperFastMode","The Druid","The Problem Sleuth","TheBandit","¡¼?Úª?ø«¡½REMEMod"],"gold_per_floor":[111,111,111,127,152,152,152,152],"floor_reached":7,"language":"KOR","playtime":281,"items_purged":[],"score":45,"play_id":"b6197c6f-4326-4fd6-ba6d-1e20858cbf7b","local_time":"20210116172740","is_ascension_mode":true,"campfire_choices":[{"data":"ats:Emotion Absorption","floor":6.0,"key":"SMITH"}],"circlet_count":0,"master_deck":["ats:Strike C","ats:Strike G","ats:Strike S","ats:Strike V","ats:Armor Crushing Shot","ats:Defend","ats:Defend","ats:Defend","ats:Defend","ats:Emotion Absorption+1","Vault","CurseOfTheBell","ats:Composite Medical Shells","ats:Chain Hook"],"relics":["REME_ComplimentaryCards","Calling Bell","Orichalcum","ats:Bonebreaker","ats:Emergency Defibrillator","Golden Idol"],"acts_visited":["Exordium"],"potions_floor_usage":[],"damage_taken":[{"damage":12.0,"enemies":"Jaw Worm","floor":1.0,"turns":5.0},{"damage":6.0,"enemies":"Small Slimes","floor":4.0,"turns":5.0},{"damage":4.0,"enemies":"Cultist","floor":5.0,"turns":4.0},{"damage":62,"enemies":"Lagavulin","floor":7,"turns":11}],"seed_played":"4360791137766304411","potions_obtained":[],"is_trial":false,"path_per_floor":["M","?","?","M","M","R","E"],"character_chosen":"DOCTOR_CLASS","items_purchased":[],"campfire_rested":0,"item_purchase_floors":[],"current_hp_per_floor":[60,42,66,60,56,56,0,0],"gold":152,"neow_bonus":"BOSS_RELIC","is_daily":false,"chose_seed":false,"campfire_upgraded":1,"win_rate":0.0,"timestamp":1610785660,"path_taken":["M","?","?","M","M","R","E"],"items_purchased_type":[],"build_version":"2020-12-22","purchased_purges":0,"victory":false,"max_hp_per_floor":[72,72,72,72,72,72,72,72],"card_choices":[{"not_picked":["ats:Rapid Magazine","ats:Neurotoxin"],"picked":"ats:Composite Medical Shells","floor":1.0},{"not_picked":["ats:Consecutive Shot Auto","ats:Shadow Raid"],"picked":"ats:Chain Hook","floor":4.0},{"not_picked":["ats:Song Of Battle","ats:Neurotoxin","ats:Guardian Obelisk"],"picked":"SKIP","floor":5.0}],"player_experience":807962,"relics_obtained":[{"floor":0.0,"key":"Orichalcum"},{"floor":0.0,"key":"ats:Bonebreaker"},{"floor":0.0,"key":"ats:Emergency Defibrillator"}],"event_choices":[{"damage_healed":0.0,"max_hp_gain":0.0,"max_hp_loss":0.0,"gold_gain":0.0,"event_name":"Golden Idol","player_choice":"Take Damage","floor":2.0,"gold_loss":0.0,"damage_taken":18.0,"relics_obtained":["Golden Idol"]},{"damage_healed":24.0,"max_hp_gain":0.0,"max_hp_loss":0.0,"gold_gain":0.0,"event_name":"Big Fish","player_choice":"Banana","floor":3.0,"gold_loss":0.0,"damage_taken":0.0}],"is_beta":false,"boss_relics":[],"items_purged_floors":[],"is_endless":false,"potions_floor_spawned":[],"killed_by":"Lagavulin","ascension_level":2}}