{"host":"9gwavclf33b2mpxe","time":1610773213,"event":{"mods":["BaseMod","Bestiary","Block Reminder","Colored Map","Colored Powertips","Downfall","Highlight Path","Minty Spire (QoL Compilation)","Permanent Neow","Quick Restart","Relic Stats","StSLib","SuperFastMode"],"gold_per_floor":[149,160,310,326,341,12,12,23,34,69,69,69,84,114,124,124,124,124],"floor_reached":16,"language":"ENG","playtime":2104,"items_purged":["champ:Defend"],"score":114,"play_id":"8eaa6061-704f-489a-85a4-76a07b49b441","local_time":"20210116130013","is_ascension_mode":false,"campfire_choices":[{"floor":1,"key":"RECALL"},{"data":"champ:Taunt","floor":11,"key":"SMITH"}],"circlet_count":0,"master_deck":["champ:Strike","champ:Strike","champ:Strike","champ:Strike+1","champ:Defend","champ:Defend+1","champ:Defend","champ:Execute","champ:Taunt+1","champ:StanceDance","champ:Backstep","downfall:Icky","champ:IronFortress","champ:PreciseThrust","champ:AdrenalArmor","Bandage Up+1","champ:Haymaker","champ:TornadoPunch+1","champ:Encircle","downfall:Malfunctioning","champ:Devastate","champ:HeartStrike","champ:Circumvent"],"relics":["Tiny House","Membership Card","Blood Vial","Gambling Chip","Matryoshka","Meat on the Bone"],"acts_visited":["Exordium"],"potions_floor_usage":[6,14],"damage_taken":[{"damage":13,"enemies":"Small Slimes","floor":2,"turns":4},{"damage":40,"enemies":"Jaw Worm","floor":4,"turns":6},{"damage":15,"enemies":"2 Louse","floor":5,"turns":4},{"damage":10,"enemies":"downfall:FleeingMerchant","floor":6,"turns":4},{"damage":2,"enemies":"2 Fungi Beasts","floor":8,"turns":3},{"damage":34,"enemies":"Gremlin Gang","floor":9,"turns":6},{"damage":28,"enemies":"3 Sentries","floor":10,"turns":8},{"damage":11,"enemies":"Large Slime","floor":13,"turns":9},{"damage":33,"enemies":"Gremlin Nob","floor":14,"turns":5},{"damage":7,"enemies":"Blue Slaver","floor":15,"turns":4},{"damage":75,"enemies":"WA_ARCHETYPE_RETAIN","floor":16,"turns":10}],"seed_played":"6057037453784349839","potions_obtained":[{"floor":0,"key":"DistilledChaos"},{"floor":5,"key":"LiquidBronze"},{"floor":8,"key":"Strength Potion"},{"floor":13,"key":"PowerPotion"},{"floor":14,"key":"Dexterity Potion"}],"is_trial":false,"path_per_floor":["R","M","?","M","M","$","T","M","M","E","R","?","M","E","M","B"],"character_chosen":"THE_CHAMP","items_purchased":["Membership Card","Blood Vial","Bandage Up"],"campfire_rested":0,"item_purchase_floors":[6,6,6],"current_hp_per_floor":[95,92,92,77,72,72,72,76,58,46,46,46,53,33,46,0,0,0],"gold":124,"neow_bonus":"BOSS_RELIC","is_daily":false,"chose_seed":false,"campfire_upgraded":1,"win_rate":0.0,"timestamp":1610773213,"path_taken":["R","M","?","M","M","?","T","M","M","E","R","?","M","E","M","BOSS"],"items_purchased_type":["Relic","Relic","Card"],"build_version":"2020-12-22","purchased_purges":1,"victory":false,"max_hp_per_floor":[95,95,95,95,95,95,95,95,95,95,95,95,95,95,95,95,95,95],"relic_stats":{"Blood Vial":14,"counters":[11,63],"Gambling Chip":[23],"obtain_stats":[{"Blood Vial":6,"Tiny House":0,"Matryoshka":10,"Gambling Chip":7,"champ:ChampionCrown":0,"Membership Card":6,"Meat on the Bone":14},{"Blood Vial":4,"Tiny House":0,"Matryoshka":7,"Gambling Chip":4,"champ:ChampionCrown":0,"Membership Card":4,"Meat on the Bone":9},{"Blood Vial":18,"Tiny House":0,"Matryoshka":35,"Gambling Chip":18,"champ:ChampionCrown":0,"Membership Card":18,"Meat on the Bone":49}],"Meat on the Bone":12},"card_choices":[{"not_picked":["champ:PreemptiveStrike","champ:GutPunch"],"picked":"champ:StanceDance","floor":0},{"not_picked":["champ:FlashCut","champ:CrownThrow"],"picked":"champ:Backstep","floor":2},{"not_picked":["champ:Backstep","champ:CrownThrow"],"picked":"champ:IronFortress","floor":4},{"not_picked":["champ:EnGarde","champ:StanceDance"],"picked":"champ:PreciseThrust","floor":5},{"not_picked":["champ:RisingSlash","champ:Devastate"],"picked":"champ:AdrenalArmor","floor":6},{"not_picked":["champ:StanceDance","champ:AdrenalArmor"],"picked":"champ:Haymaker","floor":8},{"not_picked":["champ:GladiatorStyle","champ:BladeFlurry"],"picked":"champ:TornadoPunch","floor":9},{"not_picked":["champ:SetATrap","champ:IronFortress"],"picked":"champ:Encircle","floor":10},{"not_picked":["champ:Parry","champ:Haymaker"],"picked":"champ:Devastate","floor":13},{"not_picked":["champ:AdrenalArmor","champ:IronFortress"],"picked":"champ:HeartStrike","floor":14},{"not_picked":["champ:RapidStrikes","champ:SkillfulDodge"],"picked":"champ:Circumvent","floor":15}],"player_experience":83002,"relics_obtained":[{"floor":7,"key":"Gambling Chip"},{"floor":10,"key":"Matryoshka"},{"floor":14,"key":"Meat on the Bone"}],"event_choices":[],"is_beta":false,"boss_relics":[],"items_purged_floors":[6],"is_endless":false,"potions_floor_spawned":[5,8,13,14],"killed_by":"WA_ARCHETYPE_RETAIN","ascension_level":0}}