{"host":"Stephanie","time":1610765399,"event":{"mods":["BaseMod","Colored Powertips","Minty Spire (QoL Compilation)","Rare Cards Sparkle","Relic Stats","StSLib","The Marked"],"gold_per_floor":[109,122,133,146,421,421,448,35,62,91,91,425,9,23,23,118,118,128,128,143,18,36,62,62,89,89,108,118,135,145,145,145,145,145],"floor_reached":33,"language":"ENG","playtime":1524,"items_purged":["Regret","theMarked:Strike","Pain"],"score":334,"play_id":"d23da0f9-b6d3-4979-9988-d4d604170dc4","local_time":"20210115214959","is_ascension_mode":false,"campfire_choices":[{"data":"theMarked:ElectricStrings","floor":6,"key":"SMITH"},{"floor":11,"key":"REST"},{"data":"theMarked:Defy","floor":15,"key":"SMITH"},{"data":"theMarked:TakeOffHeels","floor":24,"key":"SMITH"},{"floor":32,"key":"REST"}],"circlet_count":0,"master_deck":["theMarked:Strike","theMarked:Strike","theMarked:Strike","theMarked:Strike","theMarked:Defend","theMarked:Defend","theMarked:Defend","theMarked:Defend","theMarked:SoldierOfQuellstein","theMarked:ElectricStrings+1","theMarked:TunnelVision","theMarked:Static","theMarked:Defy+1","theMarked:BanishingWave","theMarked:EmpowerWeapon","theMarked:TakeOffHeels+1","theMarked:Overcharge","theMarked:EternalStudent","theMarked:ComboAttacks","theMarked:ReduceFriction","theMarked:Aftermath"],"relics":["theMarked:BronzeBlade","WingedGreaves","Orichalcum","Singing Bowl","Pen Nib","Old Coin","Shuriken","WarpedTongs","Eternal Feather","Mummified Hand","Ancient Tea Set","MutagenicStrength"],"acts_visited":["Exordium","TheCity"],"potions_floor_usage":[7,10,12,23],"damage_taken":[{"damage":0,"enemies":"Small Slimes","floor":1,"turns":3},{"damage":2,"enemies":"Cultist","floor":2,"turns":4},{"damage":1,"enemies":"2 Louse","floor":3,"turns":2},{"damage":10,"enemies":"Lots of Slimes","floor":4,"turns":3},{"damage":4,"enemies":"Gremlin Nob","floor":7,"turns":3},{"damage":7,"enemies":"3 Sentries","floor":10,"turns":3},{"damage":6,"enemies":"Gremlin Nob","floor":12,"turns":3},{"damage":6,"enemies":"Large Slime","floor":14,"turns":3},{"damage":17,"enemies":"Slime Boss","floor":16,"turns":4},{"damage":4,"enemies":"Spheric Guardian","floor":18,"turns":3},{"damage":13,"enemies":"Shell Parasite","floor":20,"turns":2},{"damage":4,"enemies":"Chosen and Byrds","floor":22,"turns":3},{"damage":10,"enemies":"Slavers","floor":23,"turns":4},{"damage":19,"enemies":"Book of Stabbing","floor":25,"turns":3},{"damage":13,"enemies":"Centurion and Healer","floor":27,"turns":4},{"damage":8,"enemies":"Cultist and Chosen","floor":28,"turns":2},{"damage":4,"enemies":"Shelled Parasite and Fungi","floor":29,"turns":3},{"damage":0,"enemies":"Centurion and Healer","floor":30,"turns":2},{"damage":64,"enemies":"Champ","floor":33,"turns":5}],"seed_played":"-5164858242403037209","potions_obtained":[{"floor":2,"key":"EntropicBrew"},{"floor":4,"key":"Block Potion"},{"floor":12,"key":"DistilledChaos"},{"floor":14,"key":"Ancient Potion"},{"floor":18,"key":"DistilledChaos"},{"floor":25,"key":"Energy Potion"},{"floor":30,"key":"DuplicationPotion"}],"is_trial":false,"path_per_floor":["M","M","M","M","?","R","E","$","T","E","R","E","$","M","R","B",null,"M","?","M","$","M","E","R","E","T","M","M","M","M","?","R","B"],"character_chosen":"THE_DEFAULT","items_purchased":["Singing Bowl","theMarked:BanishingWave","Shuriken","theMarked:TakeOffHeels"],"campfire_rested":2,"item_purchase_floors":[8,8,13,13],"current_hp_per_floor":[49,47,46,36,36,36,32,32,32,25,46,42,42,36,36,19,72,68,68,55,55,53,43,55,38,38,27,21,19,21,21,58,0,0],"gold":145,"neow_bonus":"ONE_RARE_RELIC","is_daily":false,"chose_seed":false,"campfire_upgraded":3,"win_rate":0.0,"timestamp":1610765399,"path_taken":["M","M","M","M","?","R","E","$","T","E","R","E","?","M","R","BOSS","M","?","?","$","M","E","R","E","T","M","M","M","M","?","R","BOSS"],"items_purchased_type":["Relic","Card","Relic","Card"],"build_version":"2020-12-18","purchased_purges":3,"victory":false,"max_hp_per_floor":[70,70,70,70,70,70,70,70,70,70,70,72,72,72,72,72,72,72,72,72,72,74,74,74,76,76,78,80,82,84,84,84,84,84],"relic_stats":{"Singing Bowl":14,"counters":[19,59],"Shuriken":[10],"Mummified Hand":[1],"Eternal Feather":24,"Pen Nib":[7],"Orichalcum":[138],"obtain_stats":[{"Singing Bowl":8,"Eternal Feather":23,"Pen Nib":10,"Orichalcum":7,"Ancient Tea Set":26,"Old Coin":12,"WarpedTongs":19,"theMarked:ArtifactOfAir":0,"Shuriken":13,"Mummified Hand":25,"MutagenicStrength":31,"WingedGreaves":0,"theMarked:BronzeBlade":17},{"Singing Bowl":5,"Eternal Feather":13,"Pen Nib":6,"Orichalcum":5,"Ancient Tea Set":14,"Old Coin":7,"WarpedTongs":10,"theMarked:ArtifactOfAir":0,"Shuriken":7,"Mummified Hand":14,"MutagenicStrength":18,"WingedGreaves":0,"theMarked:BronzeBlade":9},{"Singing Bowl":15,"Eternal Feather":40,"Pen Nib":18,"Orichalcum":15,"Ancient Tea Set":43,"Old Coin":21,"WarpedTongs":31,"theMarked:ArtifactOfAir":0,"Shuriken":21,"Mummified Hand":43,"MutagenicStrength":54,"WingedGreaves":0,"theMarked:BronzeBlade":28}],"WarpedTongs":[28]},"card_choices":[{"not_picked":["theMarked:RepellingDischarge","theMarked:BanishingStrike"],"picked":"theMarked:ElectricStrings","floor":1},{"not_picked":["theMarked:ElectricStrings","theMarked:TakeCover"],"picked":"theMarked:TunnelVision","floor":2},{"not_picked":["theMarked:HeritageOfTheMarked","theMarked:ResourceFulStrike"],"picked":"theMarked:Static","floor":3},{"not_picked":["theMarked:Standoff","theMarked:TwofoldDefense","theMarked:RepellingDischarge"],"picked":"SKIP","floor":4},{"not_picked":["theMarked:ResourceFulStrike","theMarked:WastefulAttack"],"picked":"theMarked:Defy","floor":7},{"not_picked":["theMarked:WastefulDefense","theMarked:SwordAndMagic"],"picked":"theMarked:EmpowerWeapon","floor":10},{"not_picked":["theMarked:ElectricStrings","theMarked:WastefulAttack","theMarked:DeterminationOfTheMarked"],"picked":"Singing Bowl","floor":12},{"not_picked":["theMarked:Opportunist","theMarked:ContemptForTheProud"],"picked":"theMarked:Overcharge","floor":14},{"not_picked":["theMarked:TakeOffHeels","theMarked:MuscleMemory"],"picked":"theMarked:EternalStudent","floor":16},{"not_picked":["theMarked:BanishingStrike+1","theMarked:WardOff"],"picked":"theMarked:ComboAttacks","floor":18},{"not_picked":["theMarked:ResourceFulStrike","theMarked:Convert"],"picked":"theMarked:ReduceFriction","floor":20},{"not_picked":["theMarked:AttractMetal","theMarked:BanishingStrike","theMarked:WardOff"],"picked":"Singing Bowl","floor":22},{"not_picked":["theMarked:ElectricStrings","theMarked:Standoff"],"picked":"theMarked:Aftermath","floor":23},{"not_picked":["theMarked:Static","theMarked:StartUp+1","theMarked:Polarize"],"picked":"Singing Bowl","floor":25},{"not_picked":["theMarked:RepellingDischarge","theMarked:Improvise","theMarked:SwordAndMagic"],"picked":"Singing Bowl","floor":27},{"not_picked":["theMarked:BanishingStrike","theMarked:SwordAndMagic","theMarked:FavorableWinds"],"picked":"Singing Bowl","floor":28},{"not_picked":["theMarked:WastefulDefense","theMarked:WardOff","theMarked:SwordAndMagic"],"picked":"Singing Bowl","floor":29},{"not_picked":["theMarked:Parkour+1","theMarked:WastefulAttack","theMarked:ElectricStrings"],"picked":"Singing Bowl","floor":30}],"player_experience":860370,"relics_obtained":[{"floor":7,"key":"Orichalcum"},{"floor":10,"key":"Pen Nib"},{"floor":12,"key":"Old Coin"},{"floor":23,"key":"Eternal Feather"},{"floor":25,"key":"Mummified Hand"},{"floor":26,"key":"Ancient Tea Set"}],"event_choices":[{"damage_healed":0,"gold_gain":275,"player_choice":"Desecrate","damage_taken":0,"max_hp_gain":0,"max_hp_loss":0,"event_name":"Golden Shrine","floor":5,"gold_loss":0,"cards_obtained":["Regret"]},{"damage_healed":0,"gold_gain":0,"player_choice":"Rummage","damage_taken":0,"relics_obtained":["WarpedTongs"],"max_hp_gain":0,"max_hp_loss":0,"event_name":"Accursed Blacksmith","floor":19,"gold_loss":0,"cards_obtained":["Pain"]},{"damage_healed":0,"gold_gain":0,"player_choice":"Inject Mutagens","damage_taken":0,"relics_obtained":["MutagenicStrength"],"max_hp_gain":0,"max_hp_loss":0,"event_name":"Drug Dealer","floor":31,"gold_loss":0}],"is_beta":true,"boss_relics":[{"not_picked":["Coffee Dripper","Empty Cage"],"picked":"theMarked:BronzeBlade"}],"items_purged_floors":[8,13,21],"is_endless":false,"potions_floor_spawned":[2,4,12,14,18,25,27,28,30],"killed_by":"Champ","ascension_level":0}}