{"host":"1a3cjta80tad0aqj","time":1610791054,"event":{"mods":["2.2 Compatiblity","AchievementEnabler","BaseMod","Colored Map","DeckTracker","KOR Keyword Fix","Keyboard Shortcuts","Minty Spire (QoL Compilation)","Permanent Neow","Quick Restart","Random Character Button","StSLib","SuperFastMode","everything is the same but u backflip on backflip"],"gold_per_floor":[216,229,243,263,276,48,48,48],"floor_reached":7,"language":"KOR","playtime":358,"items_purged":["Strike_G"],"score":45,"play_id":"c5164eb0-ef7c-4566-a4bf-71226752f917","local_time":"20210116185734","is_ascension_mode":false,"campfire_choices":[],"circlet_count":0,"master_deck":["Strike_G","Strike_G","Strike_G","Strike_G","Defend_G","Defend_G","Defend_G","Defend_G","Defend_G","Survivor","Neutralize","Backflip","Escape Plan","Flying Knee","PiercingWail","Dagger Throw"],"relics":["Ring of the Snake","Orichalcum"],"acts_visited":["Exordium"],"potions_floor_usage":[],"damage_taken":[{"damage":1.0,"enemies":"Cultist","floor":1.0,"turns":4.0},{"damage":0,"enemies":"Jaw Worm","floor":2,"turns":6},{"damage":0,"enemies":"Small Slimes","floor":3,"turns":6},{"damage":0,"enemies":"2 Fungi Beasts","floor":4,"turns":4},{"damage":0,"enemies":"Exordium Wildlife","floor":5,"turns":4},{"damage":12,"enemies":"Lagavulin","floor":7,"turns":4}],"seed_played":"-4202386693110414750","potions_obtained":[{"floor":2,"key":"Swift Potion"},{"floor":3,"key":"Block Potion"}],"is_trial":false,"path_per_floor":["M","M","M","M","M","$","E"],"character_chosen":"THE_SILENT","items_purchased":["Orichalcum"],"campfire_rested":0,"item_purchase_floors":[6],"current_hp_per_floor":[69,69,69,69,69,69,57,57],"gold":48,"neow_bonus":"HUNDRED_GOLD","is_daily":false,"chose_seed":true,"campfire_upgraded":0,"win_rate":0.0,"timestamp":1610791054,"path_taken":["M","?","M","M","M","$","E"],"items_purchased_type":["Relic"],"build_version":"2020-12-22","purchased_purges":1,"victory":false,"max_hp_per_floor":[70,70,70,70,70,70,70,70],"card_choices":[{"not_picked":["Eviscerate","Acrobatics"],"picked":"Backflip","floor":1.0},{"not_picked":["Bane","Flying Knee"],"picked":"Escape Plan","floor":2},{"not_picked":["Bane","Dagger Spray"],"picked":"Flying Knee","floor":3},{"not_picked":["Tools of the Trade","Slice"],"picked":"PiercingWail","floor":4},{"not_picked":["Deflect","Choke"],"picked":"Dagger Throw","floor":5}],"player_experience":661390,"relics_obtained":[],"event_choices":[],"is_beta":false,"boss_relics":[],"items_purged_floors":[6],"is_endless":false,"potions_floor_spawned":[2,3],"killed_by":"Lagavulin","ascension_level":0}}