{"host":"qqgw5gp46oujbhdl","time":1610838449,"event":{"mods":["Aspiration","BaseMod","BetterRewards","Downfall","Hermit","Infinite Spire","Minty Spire (QoL Compilation)","StSLib","The Disciple","The Forsaken","The Hierophant","The Servant 0.9.4","The Spell Scribe","The Valiant","TheBandit","Wandering Minibosses"],"gold_per_floor":[99,118,134,154,170,170,170,170,182,201,212,212,212,212,224,224,224,224],"floor_reached":16,"language":"POL","playtime":1770,"items_purged":[],"score":96,"play_id":"1d561eb5-1b2c-46c3-b784-62c099a8cd3a","local_time":"20210117000729","is_ascension_mode":false,"campfire_choices":[{"data":"Guardian:TwinSlam","floor":1.0,"key":"SMITH"},{"floor":8,"key":"RECALL"}],"circlet_count":0,"master_deck":["Guardian:Strike_Guardian","Guardian:Strike_Guardian","Guardian:Strike_Guardian","Guardian:Strike_Guardian","Guardian:Defend_Guardian","Guardian:Defend_Guardian","Guardian:Defend_Guardian","Guardian:Defend_Guardian","Guardian:CurlUp","Guardian:TwinSlam+1","Guardian:WalkerClaw+1","Guardian:FloatingOrbs","Guardian:Gem_Blue","Guardian:Gem_Green"],"relics":["Guardian:ModeShifter"],"acts_visited":["Exordium"],"potions_floor_usage":[11,11,16],"damage_taken":[{"damage":8.0,"enemies":"Jaw Worm","floor":2.0,"turns":3.0},{"damage":6.0,"enemies":"Cultist","floor":3.0,"turns":4.0},{"damage":3.0,"enemies":"Small Slimes","floor":4.0,"turns":4.0},{"damage":28.0,"enemies":"3 Louse","floor":5.0,"turns":8.0},{"damage":3,"enemies":"2 Fungi Beasts","floor":9,"turns":5},{"damage":13,"enemies":"Large Slime","floor":10,"turns":6},{"damage":23,"enemies":"Gremlin Gang","floor":11,"turns":7},{"damage":8,"enemies":"2 Fungi Beasts","floor":15,"turns":4},{"damage":68,"enemies":"IC_STATUS_ARCHETYPE","floor":16,"turns":13}],"seed_played":"-1040469150386510414","potions_obtained":[{"floor":4.0,"key":"sneckomod:MuddlingPotion"},{"floor":5,"key":"Regen Potion"},{"floor":10,"key":"Fruit Juice"},{"floor":15,"key":"Guardian:BlockOnCardUsePotion"}],"is_trial":false,"path_per_floor":["R","M","M","M","M","?","T","R","M","M","M","?","?","?","M","B"],"character_chosen":"GUARDIAN","items_purchased":[],"campfire_rested":0,"item_purchase_floors":[],"current_hp_per_floor":[88,80,74,71,43,43,43,43,40,27,24,51,51,51,43,0,0,0],"gold":224,"neow_bonus":"TEN_PERCENT_HP_BONUS","is_daily":false,"chose_seed":false,"campfire_upgraded":1,"win_rate":0.0,"timestamp":1610838449,"path_taken":["R","M","M","M","M","?","T","R","M","?","M","?","?","?","M","BOSS"],"items_purchased_type":[],"build_version":"2020-12-22","purchased_purges":0,"victory":false,"max_hp_per_floor":[88,88,88,88,88,88,88,88,88,88,93,93,93,93,93,93,93,93],"card_choices":[{"not_picked":["Guardian:RollAttack","Guardian:Repulse"],"picked":"Guardian:Gem_Green","floor":2.0},{"not_picked":["Guardian:Suspension","Guardian:BronzeArmor"],"picked":"Guardian:Gem_Cyan","floor":3.0},{"not_picked":["Guardian:Reroute","Guardian:VentSteam"],"picked":"Guardian:WalkerClaw","floor":4.0},{"not_picked":["Guardian:TemporalStrike","Guardian:ShieldSpikes"],"picked":"Guardian:Gem_Green","floor":5},{"not_picked":["Guardian:Gem_Lightblue","Guardian:Suspension"],"picked":"Guardian:FloatingOrbs","floor":9},{"not_picked":["Guardian:DecasProtection","Guardian:EvasiveProtocol"],"picked":"Guardian:Gem_Blue","floor":10},{"not_picked":["Guardian:Gem_Lightblue","Guardian:Clone"],"picked":"Guardian:Gem_Green","floor":11},{"not_picked":["Guardian:Emergency","Guardian:Suspension","Guardian:PrimingBeam"],"picked":"SKIP","floor":15}],"player_experience":366768,"relics_obtained":[],"event_choices":[{"damage_healed":0,"gold_gain":0,"player_choice":"Grow","damage_taken":0,"max_hp_gain":0,"max_hp_loss":0,"event_name":"Living Wall","floor":14,"gold_loss":0,"cards_upgraded":["Guardian:WalkerClaw"]}],"is_beta":false,"boss_relics":[],"items_purged_floors":[],"is_endless":false,"potions_floor_spawned":[4,5,10,15],"killed_by":"IC_STATUS_ARCHETYPE","ascension_level":0}}