{"host":"e4wnmsyty9uvvtwf","time":1610776911,"event":{"mods":["Act Like it!","BaseMod","Colored Map","Colored Powertips","Gensokyo","Koishi","Minty Spire (QoL Compilation)","Rare Cards Sparkle","StSLib"],"gold_per_floor":[118,118,135,149,149,149,166,196,220,232,264,264,293,87,87,87,87],"floor_reached":16,"language":"ZHS","playtime":795,"items_purged":[],"score":152,"play_id":"40c792d0-0709-448c-ba20-22e3b047b739","local_time":"20210116140151","is_ascension_mode":true,"campfire_choices":[{"data":"Koishi:HauntingSlash","floor":6,"key":"SMITH"},{"floor":12,"key":"REST"},{"floor":15,"key":"REST"}],"circlet_count":0,"master_deck":["Koishi:BasicStrike","Koishi:BasicStrike","Koishi:BasicStrike","Koishi:BasicStrike","Koishi:BasicDefend","Koishi:BasicDefend","Koishi:BasicDefend","Koishi:BasicDefend","Koishi:Provoke","Koishi:HauntingSlash+1","Koishi:EmbersOfLove","Pain","Koishi:RacingHeart+1","Koishi:BloodcurdlingScream","Koishi:DanmakuParanoia","Koishi:Catatonia+1","Koishi:SpiritedAway","Koishi:YoukaiPolygraph","Gensokyo:TarnishedGold","Gensokyo:Shovel","Gensokyo:BlemishedSteel","Gensokyo:DepletedGenerator"],"relics":["Koishi:ImaginaryFriend","Koishi:AHoleWhereASisterShouldBe","Gensokyo:LunaticRedEyes","Gensokyo:YoukaiFlower","Anchor","Orichalcum","Regal Pillow","Whetstone"],"acts_visited":["Exordium"],"potions_floor_usage":[13],"damage_taken":[{"damage":2,"enemies":"Gensokyo:3_Fairies","floor":1,"turns":7},{"damage":11,"enemies":"Gensokyo:2_Kodama","floor":3,"turns":7},{"damage":3,"enemies":"Gensokyo:Gryphon","floor":4,"turns":3},{"damage":13,"enemies":"Gensokyo:3_Kodama","floor":7,"turns":5},{"damage":15,"enemies":"Gensokyo:Aya","floor":8,"turns":8},{"damage":6,"enemies":"Gensokyo:5_Fairies","floor":10,"turns":4},{"damage":11,"enemies":"Gensokyo:Cirno","floor":11,"turns":7},{"damage":48,"enemies":"Gensokyo:Aya","floor":13,"turns":9},{"damage":52,"enemies":"Gensokyo:Yukari","floor":16,"turns":11}],"seed_played":"-9192593641579504777","potions_obtained":[{"floor":1,"key":"LiquidBronze"},{"floor":8,"key":"ColorlessPotion"}],"is_trial":false,"path_per_floor":["M","?","M","M","?","R","M","E","T","M","E","R","E","COS","R","B"],"character_chosen":"KOISHI","items_purchased":[],"campfire_rested":2,"item_purchase_floors":[],"current_hp_per_floor":[54,54,45,45,45,45,38,35,35,31,24,57,19,19,52,0,0],"gold":87,"neow_bonus":"RANDOM_COMMON_RELIC","is_daily":false,"chose_seed":false,"campfire_upgraded":1,"win_rate":0.0,"timestamp":1610776911,"path_taken":["M","?","M","M","?","R","?","E","T","M","E","R","E","COS","R","BOSS"],"items_purchased_type":[],"build_version":"2020-12-22","purchased_purges":0,"victory":false,"max_hp_per_floor":[60,60,60,60,60,60,60,60,60,60,60,60,60,60,60,60,60],"card_choices":[{"not_picked":["Koishi:ReleaseOfTheId","Koishi:SubterraneanRose"],"picked":"Koishi:EmbersOfLove","floor":1},{"not_picked":["Koishi:FleetingPhantom","Koishi:FadingMemory"],"picked":"Koishi:RacingHeart","floor":3},{"not_picked":["Koishi:ParalyzingFear","Koishi:Prune"],"picked":"Koishi:Catatonia","floor":4},{"not_picked":["Koishi:CatchAndRose","Koishi:FleetingPhantom"],"picked":"Koishi:BloodcurdlingScream","floor":7},{"not_picked":["Koishi:BloodcurdlingScream","Koishi:SubconsciousSweep"],"picked":"Koishi:DanmakuParanoia","floor":8},{"not_picked":["Koishi:BloodcurdlingScream","Koishi:FidgetySnatcher"],"picked":"Koishi:Catatonia","floor":10},{"not_picked":["Koishi:UnansweredLove","Koishi:HeartfeltFancy"],"picked":"Koishi:SpiritedAway","floor":11},{"not_picked":["Koishi:UnansweredLove","Koishi:RuptureMind"],"picked":"Koishi:YoukaiPolygraph","floor":13}],"player_experience":538726,"relics_obtained":[{"floor":8,"key":"Anchor"},{"floor":9,"key":"Orichalcum"},{"floor":11,"key":"Regal Pillow"},{"floor":13,"key":"Whetstone"}],"event_choices":[],"is_beta":false,"boss_relics":[],"items_purged_floors":[],"is_endless":false,"potions_floor_spawned":[1,8],"killed_by":"Gensokyo:Yukari","ascension_level":7}}