{"host":"gg","time":1610785062,"event":{"mods":["BaseMod","Colored Map","Googly Eyes","Minty Spire (QoL Compilation)","Permanent Neow","Relic Stats","The IronCluck"],"gold_per_floor":[119,134,147,147,147,147,178,197,266,300,324,324,324,324,324,422,422,435,450,54,75,75,109,109,148,148,181,206,240,67,90,90,186,186,227,227,241,41,68,139,139,139,163,236,252,318,53,107,107,137,167,167,167,3,42,42,42],"floor_reached":56,"language":"ENG","playtime":4793,"items_purged":["Decay","Defend_P"],"score":2646,"play_id":"24c78eaf-eae6-4eb9-a7e3-870b84542c92","local_time":"20210116001742","is_ascension_mode":true,"campfire_choices":[{"data":"SignatureMove","floor":6.0,"key":"SMITH"},{"data":"CrushJoints","floor":12.0,"key":"SMITH"},{"data":"Eruption","floor":15.0,"key":"SMITH"},{"data":"TalkToTheHand","floor":32.0,"key":"SMITH"},{"data":"TalkToTheHand","floor":42.0,"key":"SMITH"},{"floor":49.0,"key":"RECALL"},{"data":"TalkToTheHand","floor":53.0,"key":"SMITH"}],"circlet_count":0,"master_deck":["AscendersBane","Strike_P","Strike_P","Strike_P","Strike_P","Defend_P","Defend_P","Defend_P","Eruption+1","Vigilance","SignatureMove+1","Consecrate","CrushJoints+1","CutThroughFate","DevaForm","WreathOfFlame","FlurryOfBlows+1","EmptyBody+1","InnerPeace","TalkToTheHand+1","Wallop","TalkToTheHand+1","EmptyFist+1","Wish+1","TalkToTheHand+1","Sanctity","Dark Shackles","Tantrum","Madness","Madness","TalkToTheHand+1","Purity","TalkToTheHand"],"relics":["Coffee Dripper","Golden Idol","WarpedTongs","Pocketwatch","Letter Opener","Pen Nib","Runic Pyramid","Gambling Chip","Gremlin Horn","TungstenRod","Toy Ornithopter","FossilizedHelix","Happy Flower","Philosopher\u0027s Stone","Bronze Scales","Ancient Tea Set","Ornamental Fan","Bag of Preparation","Lee\u0027s Waffle","Lantern"],"acts_visited":["Exordium","TheCity","TheBeyond","TheEnding"],"potions_floor_usage":[56],"damage_taken":[{"damage":0.0,"enemies":"Small Slimes","floor":1.0,"turns":4.0},{"damage":2.0,"enemies":"Cultist","floor":2.0,"turns":3.0},{"damage":2.0,"enemies":"Jaw Worm","floor":3.0,"turns":3.0},{"damage":15.0,"enemies":"3 Sentries","floor":7.0,"turns":4.0},{"damage":2.0,"enemies":"2 Fungi Beasts","floor":8.0,"turns":2.0},{"damage":23.0,"enemies":"Lagavulin","floor":10.0,"turns":4.0},{"damage":3.0,"enemies":"Red Slaver","floor":11.0,"turns":3.0},{"damage":0.0,"enemies":"Slime Boss","floor":16.0,"turns":2.0},{"damage":1.0,"enemies":"3 Byrds","floor":18.0,"turns":3.0},{"damage":12.0,"enemies":"Chosen","floor":19.0,"turns":4.0},{"damage":0.0,"enemies":"Snecko","floor":21.0,"turns":2.0},{"damage":13.0,"enemies":"Slavers","floor":23.0,"turns":5.0},{"damage":15.0,"enemies":"Book of Stabbing","floor":25.0,"turns":3.0},{"damage":11.0,"enemies":"Slavers","floor":27.0,"turns":2.0},{"damage":0.0,"enemies":"Chosen and Byrds","floor":28.0,"turns":6.0},{"damage":0.0,"enemies":"Book of Stabbing","floor":29.0,"turns":3.0},{"damage":0.0,"enemies":"Cultist and Chosen","floor":31.0,"turns":4.0},{"damage":0.0,"enemies":"Collector","floor":33.0,"turns":4.0},{"damage":12.0,"enemies":"3 Darklings","floor":35.0,"turns":4.0},{"damage":0.0,"enemies":"3 Shapes","floor":37.0,"turns":3.0},{"damage":0.0,"enemies":"Nemesis","floor":40.0,"turns":5.0},{"damage":9.0,"enemies":"Reptomancer","floor":44.0,"turns":4.0},{"damage":0.0,"enemies":"Jaw Worm Horde","floor":45.0,"turns":2.0},{"damage":0.0,"enemies":"Nemesis","floor":46.0,"turns":5.0},{"damage":15.0,"enemies":"4 Shapes","floor":48.0,"turns":6.0},{"damage":0.0,"enemies":"Awakened One","floor":50.0,"turns":12.0},{"damage":36.0,"enemies":"Donu and Deca","floor":51.0,"turns":8.0},{"damage":30.0,"enemies":"Shield and Spear","floor":55.0,"turns":5.0},{"damage":89,"enemies":"The Heart","floor":56,"turns":3}],"seed_played":"1743674466557452816","potions_obtained":[{"floor":1.0,"key":"LiquidMemories"},{"floor":8.0,"key":"Explosive Potion"},{"floor":10.0,"key":"AttackPotion"},{"floor":11.0,"key":"Strength Potion"},{"floor":16.0,"key":"DistilledChaos"},{"floor":18.0,"key":"Swift Potion"},{"floor":24.0,"key":"CultistPotion"},{"floor":28.0,"key":"LiquidMemories"},{"floor":33.0,"key":"ColorlessPotion"},{"floor":35.0,"key":"Regen Potion"},{"floor":44.0,"key":"Regen Potion"},{"floor":45.0,"key":"Explosive Potion"},{"floor":46.0,"key":"DuplicationPotion"}],"is_trial":false,"path_per_floor":["M","M","M","?","?","R","E","M","T","E","M","R","?","?","R","B",null,"M","M","$","M","?","E","?","E","T","E","M","E","$","M","R","B",null,"M","?","M","$","T","E","?","R","T","E","M","E","$","M","R","B","B",null,"R","$","E","B"],"character_chosen":"WATCHER","items_purchased":["Gambling Chip","Regen Potion","TalkToTheHand","Dark Shackles","Lee\u0027s Waffle","Purity","TalkToTheHand","DistilledChaos"],"campfire_rested":0,"item_purchase_floors":[20,30,30,38,47,47,54,54],"current_hp_per_floor":[61,59,57,57,57,57,42,40,40,17,14,14,14,14,14,14,50,49,37,37,37,37,24,24,9,9,3,3,8,8,8,8,30,54,42,42,47,47,47,47,37,37,37,28,38,38,69,54,54,54,23,58,58,58,28,0,0],"gold":42,"neow_bonus":"BOSS_RELIC","is_daily":false,"chose_seed":false,"campfire_upgraded":6,"win_rate":0.0,"timestamp":1610785062,"path_taken":["M","M","M","?","?","R","E","?","T","E","M","R","?","?","R","BOSS","M","M","$","M","?","E","?","E","T","E","?","E","$","M","R","BOSS","M","?","M","$","?","E","?","R","T","E","?","E","$","M","R","BOSS","BOSS","R","$","E","BOSS"],"items_purchased_type":["Relic","Potion","Card","Card","Relic","Card","Card","Potion"],"build_version":"2020-12-18","purchased_purges":2,"victory":false,"max_hp_per_floor":[68,68,68,62,62,62,62,62,62,62,62,62,62,62,62,62,62,62,62,62,62,62,62,62,62,62,62,62,62,62,62,62,62,62,62,62,62,62,62,62,62,62,62,62,62,62,69,69,69,69,69,69,69,69,69,69,69],"relic_stats":{"Lee\u0027s Waffle":31,"Gremlin Horn":[23,24],"Happy Flower":[21],"counters":[29,118],"Golden Idol":194,"Pen Nib":[32],"Bag of Preparation":[10],"Letter Opener":[165],"WarpedTongs":[108],"Ornamental Fan":[156],"Gambling Chip":[33],"Bronze Scales":[169],"obtain_stats":[{"Lee\u0027s Waffle":47,"Lantern":55,"Gremlin Horn":23,"Happy Flower":29,"Golden Idol":4,"Pen Nib":10,"Bag of Preparation":46,"Letter Opener":9,"Ancient Tea Set":43,"WarpedTongs":5,"Ornamental Fan":44,"Gambling Chip":20,"Bronze Scales":40,"Philosopher\u0027s Stone":34,"Coffee Dripper":0,"PureWater":0,"TungstenRod":25,"Toy Ornithopter":26,"FossilizedHelix":27,"Pocketwatch":7,"Runic Pyramid":17},{"Lee\u0027s Waffle":24,"Lantern":28,"Gremlin Horn":12,"Happy Flower":16,"Golden Idol":3,"Pen Nib":6,"Bag of Preparation":24,"Letter Opener":5,"Ancient Tea Set":21,"WarpedTongs":3,"Ornamental Fan":22,"Gambling Chip":10,"Bronze Scales":21,"Philosopher\u0027s Stone":18,"Coffee Dripper":0,"PureWater":0,"TungstenRod":13,"Toy Ornithopter":13,"FossilizedHelix":14,"Pocketwatch":4,"Runic Pyramid":8},{"Lee\u0027s Waffle":84,"Lantern":115,"Gremlin Horn":39,"Happy Flower":53,"Golden Idol":10,"Pen Nib":20,"Bag of Preparation":84,"Letter Opener":16,"Ancient Tea Set":73,"WarpedTongs":10,"Ornamental Fan":77,"Gambling Chip":32,"Bronze Scales":73,"Philosopher\u0027s Stone":61,"Coffee Dripper":0,"PureWater":0,"TungstenRod":42,"Toy Ornithopter":42,"FossilizedHelix":44,"Pocketwatch":14,"Runic Pyramid":25}],"TungstenRod":15,"Toy Ornithopter":40,"Pocketwatch":[44]},"card_choices":[{"not_picked":["Consecrate","LikeWater"],"picked":"SignatureMove","floor":1.0},{"not_picked":["Indignation","Study"],"picked":"Consecrate","floor":2.0},{"not_picked":["Worship","Study","Protect"],"picked":"SKIP","floor":3.0},{"not_picked":["ReachHeaven","WindmillStrike","Establishment"],"picked":"SKIP","floor":7.0},{"not_picked":["EmptyMind","MentalFortress","DeceiveReality"],"picked":"SKIP","floor":8.0},{"not_picked":["Halt","BowlingBash"],"picked":"CrushJoints","floor":10.0},{"not_picked":["WheelKick","FlurryOfBlows"],"picked":"CutThroughFate","floor":11.0},{"not_picked":["Alpha","Scrawl"],"picked":"DevaForm","floor":16.0},{"not_picked":["Protect","Collect"],"picked":"WreathOfFlame","floor":18.0},{"not_picked":["CutThroughFate","PathToVictory"],"picked":"FlurryOfBlows+1","floor":19.0},{"not_picked":["CrushJoints","JustLucky"],"picked":"EmptyBody+1","floor":21.0},{"not_picked":["Halt","CutThroughFate"],"picked":"InnerPeace","floor":23.0},{"not_picked":["Vengeance+1","Wireheading"],"picked":"TalkToTheHand","floor":25.0},{"not_picked":["DevaForm","Crescendo"],"picked":"Wallop","floor":27.0},{"not_picked":["Conclude","Halt","BowlingBash"],"picked":"SKIP","floor":28.0},{"not_picked":["WindmillStrike","Nirvana","Pray"],"picked":"SKIP","floor":29.0},{"not_picked":["EmptyBody","Halt"],"picked":"EmptyFist+1","floor":31.0},{"not_picked":["DevaForm","Brilliance"],"picked":"Wish","floor":33.0},{"not_picked":["Consecrate","Meditate"],"picked":"TalkToTheHand+1","floor":35.0},{"not_picked":["Evaluate","Prostrate"],"picked":"Sanctity","floor":37.0},{"not_picked":["Swivel+1","Conclude"],"picked":"Tantrum","floor":40.0},{"not_picked":["Pray+1","WindmillStrike+1"],"picked":"TalkToTheHand","floor":44.0},{"not_picked":["DeceiveReality+1","SandsOfTime","Consecrate"],"picked":"SKIP","floor":45.0},{"not_picked":["Vengeance","Consecrate+1","DeusExMachina"],"picked":"SKIP","floor":46.0},{"not_picked":["Vengeance","Consecrate+1","DeusExMachina"],"picked":"SKIP","floor":46.0},{"not_picked":["Vengeance","Consecrate+1","DeusExMachina"],"picked":"SKIP","floor":46.0},{"not_picked":["Vengeance","Consecrate+1","DeusExMachina"],"picked":"SKIP","floor":46.0},{"not_picked":["Pray","Consecrate","CrushJoints"],"picked":"SKIP","floor":48.0},{"not_picked":["ClearTheMind","Vengeance","BattleHymn"],"picked":"SKIP","floor":55.0}],"player_experience":1199395,"relics_obtained":[{"floor":7.0,"key":"Pocketwatch"},{"floor":9.0,"key":"Letter Opener"},{"floor":10.0,"key":"Pen Nib"},{"floor":23.0,"key":"Gremlin Horn"},{"floor":25.0,"key":"TungstenRod"},{"floor":26.0,"key":"Toy Ornithopter"},{"floor":27.0,"key":"FossilizedHelix"},{"floor":29.0,"key":"Happy Flower"},{"floor":40.0,"key":"Bronze Scales"},{"floor":43.0,"key":"Ancient Tea Set"},{"floor":44.0,"key":"Ornamental Fan"},{"floor":46.0,"key":"Bag of Preparation"},{"floor":55.0,"key":"Lantern"}],"event_choices":[{"damage_healed":0.0,"max_hp_gain":0.0,"max_hp_loss":6.0,"gold_gain":0.0,"event_name":"Golden Idol","player_choice":"Lose Max HP","floor":4.0,"gold_loss":0.0,"damage_taken":0.0,"relics_obtained":["Golden Idol"]},{"damage_healed":0.0,"max_hp_gain":0.0,"max_hp_loss":0.0,"gold_gain":0.0,"event_name":"Accursed Blacksmith","player_choice":"Rummage","floor":5.0,"gold_loss":0.0,"damage_taken":0.0,"relics_obtained":["WarpedTongs"],"cards_obtained":["Pain"]},{"damage_healed":0.0,"max_hp_gain":0.0,"max_hp_loss":0.0,"gold_gain":0.0,"event_name":"Shining Light","player_choice":"Ignored","floor":13.0,"gold_loss":0.0,"damage_taken":0.0},{"damage_healed":0.0,"max_hp_gain":0.0,"max_hp_loss":0.0,"gold_gain":0.0,"cards_transformed":["Pain"],"event_name":"Transmorgrifier","player_choice":"Transformed","floor":14.0,"gold_loss":0.0,"damage_taken":0.0,"cards_obtained":["Decay"]},{"damage_healed":0.0,"max_hp_gain":0.0,"max_hp_loss":0.0,"gold_gain":0.0,"event_name":"The Mausoleum","player_choice":"Ignored","floor":22.0,"gold_loss":0.0,"damage_taken":0.0},{"damage_healed":0.0,"max_hp_gain":0.0,"max_hp_loss":0.0,"gold_gain":0.0,"event_name":"Lab","player_choice":"Got Potions","floor":24.0,"gold_loss":0.0,"damage_taken":0.0},{"damage_healed":0.0,"max_hp_gain":0.0,"max_hp_loss":0.0,"gold_gain":0.0,"event_name":"Upgrade Shrine","player_choice":"Upgraded","floor":36.0,"gold_loss":0.0,"damage_taken":0.0,"cards_upgraded":["Wish"]},{"damage_healed":0.0,"max_hp_gain":0.0,"max_hp_loss":0.0,"gold_gain":0.0,"event_name":"Winding Halls","player_choice":"Embrace Madness","floor":41.0,"gold_loss":0.0,"damage_taken":11.0,"cards_obtained":["Madness","Madness"]}],"is_beta":true,"boss_relics":[{"not_picked":["Runic Dome","SacredBark"],"picked":"Runic Pyramid"},{"not_picked":["Snecko Eye","Fusion Hammer"],"picked":"Philosopher\u0027s Stone"}],"items_purged_floors":[20,38],"is_endless":false,"potions_floor_spawned":[1,8,10,11,16,18,19,28,33,35,44,45,46,48,55],"killed_by":"The Heart","ascension_level":20}}