{"host":"dyggtcpod2kd5hqt","time":1610775774,"event":{"mods":["2.2 Compatiblity","AchievementEnabler","BaseMod","Bestiary","Block Reminder","Colored Map","Colored Powertips","Minty Spire (QoL Compilation)","Quick Restart","Rare Cards Sparkle","Relic Stats","Unknown Chances"],"gold_per_floor":[113,126,146,166,182,213,213,229,229,229,241,258,258,286,286,382,382,396,396,4,4,4,39,55,85,112,112,128,128,160,172,172,267,267,282,282,293,308,47,47,75,91,91,120,133,133,133,144,144,144,144,144,7,39,39],"floor_reached":56,"language":"ENG","playtime":6491,"items_purged":["Writhe"],"score":1354,"play_id":"35483445-d4a8-4d84-9a25-d47128957dc6","local_time":"20210116004254","is_ascension_mode":true,"campfire_choices":[{"data":"Rampage","floor":7.0,"key":"SMITH"},{"data":"Brutality","floor":10.0,"key":"SMITH"},{"floor":13.0,"key":"REST"},{"data":"Battle Trance","floor":15.0,"key":"SMITH"},{"floor":27.0,"key":"REST"},{"data":"Rupture","floor":29.0,"key":"SMITH"},{"floor":32.0,"key":"DIG"},{"floor":40.0,"key":"DIG"},{"floor":46.0,"key":"DIG"},{"floor":49.0,"key":"RECALL"},{"floor":52.0,"key":"DIG"}],"circlet_count":0,"master_deck":["Strike_R","Strike_R","Strike_R","Strike_R","Defend_R","Defend_R","Defend_R","Defend_R","Bash","Brutality+1","Spot Weakness","Dropkick","Cleave","Rage","Battle Trance+1","Rampage+1","Impervious","Ghostly Armor","Flex","Corruption","Bloodletting+1","Limit Break","Infernal Blade","Shame","Heavy Blade","Feel No Pain+1","Shrug It Off","Intimidate","Dual Wield","Rupture+1","Intimidate+1","Body Slam+1","Feel No Pain+1","Juggernaut","Entrench+1","Shockwave+1","Shrug It Off","Combust","Havoc+1","Metallicize+1","Hemokinesis","Shrug It Off","Dual Wield+1","Havoc+1","Double Tap","Warcry"],"relics":["Burning Blood","Ice Cream","TungstenRod","Mercury Hourglass","Sozu","Blue Candle","Prayer Wheel","Incense Burner","Blood Vial","Bag of Preparation","Boot","Shovel","Toy Ornithopter","Busted Crown","InkBottle","Strange Spoon","Letter Opener","Eternal Feather","Lantern","Red Skull","White Beast Statue","Gremlin Horn"],"acts_visited":["Exordium","TheCity","TheBeyond","TheEnding"],"potions_floor_usage":[55],"damage_taken":[{"damage":20.0,"enemies":"Cultist","floor":1.0,"turns":5.0},{"damage":10.0,"enemies":"Small Slimes","floor":2.0,"turns":3.0},{"damage":5.0,"enemies":"Jaw Worm","floor":3.0,"turns":5.0},{"damage":17.0,"enemies":"3 Louse","floor":4.0,"turns":3.0},{"damage":13.0,"enemies":"Red Slaver","floor":5.0,"turns":3.0},{"damage":21.0,"enemies":"Gremlin Nob","floor":6.0,"turns":4.0},{"damage":22.0,"enemies":"Large Slime","floor":8.0,"turns":6.0},{"damage":7.0,"enemies":"2 Fungi Beasts","floor":11.0,"turns":5.0},{"damage":13.0,"enemies":"Blue Slaver","floor":12.0,"turns":3.0},{"damage":9.0,"enemies":"Lagavulin","floor":14.0,"turns":6.0},{"damage":25.0,"enemies":"Hexaghost","floor":16.0,"turns":11.0},{"damage":17.0,"enemies":"Chosen","floor":18.0,"turns":6.0},{"damage":31.0,"enemies":"Book of Stabbing","floor":23.0,"turns":6.0},{"damage":5.0,"enemies":"Spheric Guardian","floor":24.0,"turns":4.0},{"damage":37.0,"enemies":"Slavers","floor":25.0,"turns":5.0},{"damage":20.0,"enemies":"Snake Plant","floor":28.0,"turns":4.0},{"damage":18.0,"enemies":"Gremlin Leader","floor":30.0,"turns":6.0},{"damage":5.0,"enemies":"Shelled Parasite and Fungi","floor":31.0,"turns":5.0},{"damage":13.0,"enemies":"Collector","floor":33.0,"turns":6.0},{"damage":7.0,"enemies":"3 Shapes","floor":35.0,"turns":4.0},{"damage":12.0,"enemies":"Orb Walker","floor":37.0,"turns":4.0},{"damage":2.0,"enemies":"Maw","floor":38.0,"turns":6.0},{"damage":18.0,"enemies":"Reptomancer","floor":41.0,"turns":4.0},{"damage":7.0,"enemies":"4 Shapes","floor":42.0,"turns":4.0},{"damage":2.0,"enemies":"Giant Head","floor":44.0,"turns":6.0},{"damage":4.0,"enemies":"Transient","floor":45.0,"turns":5.0},{"damage":2.0,"enemies":"Jaw Worm Horde","floor":48.0,"turns":3.0},{"damage":40.0,"enemies":"Donu and Deca","floor":50.0,"turns":7.0},{"damage":38.0,"enemies":"Shield and Spear","floor":54.0,"turns":7.0},{"damage":52,"enemies":"The Heart","floor":55,"turns":8}],"seed_played":"-1080635514826490506","potions_obtained":[{"floor":1.0,"key":"Weak Potion"},{"floor":2.0,"key":"Fruit Juice"},{"floor":5.0,"key":"Dexterity Potion"},{"floor":12.0,"key":"Fire Potion"},{"floor":16.0,"key":"Strength Potion"}],"is_trial":false,"path_per_floor":["M","M","M","M","M","E","R","M","T","R","M","M","R","E","R","B",null,"M","?","$","?","?","E","M","E","T","R","M","R","E","M","R","B",null,"M","?","M","M","$","R","E","M","T","E","M","R","?","M","R","B",null,"R","$","E","B",null],"character_chosen":"IRONCLAD","items_purchased":["Prayer Wheel","Limit Break","Combust","Strange Spoon","Double Tap"],"campfire_rested":2,"item_purchase_floors":[20,20,39,39,53],"current_hp_per_floor":[66,62,63,52,45,35,35,19,19,19,18,11,36,33,33,14,85,74,74,74,74,74,49,52,23,23,48,36,36,26,29,29,29,85,84,84,79,85,85,85,73,74,74,80,84,85,85,85,85,51,85,85,85,53,14],"gold":39,"neow_bonus":"ONE_RANDOM_RARE_CARD","is_daily":false,"chose_seed":false,"campfire_upgraded":4,"win_rate":0.0,"timestamp":1610775774,"path_taken":["M","M","M","M","M","E","R","M","T","R","M","?","R","E","R","BOSS","M","?","$","?","?","E","M","E","T","R","?","R","E","M","R","BOSS","M","?","?","M","$","R","E","M","T","E","M","R","?","M","R","BOSS","R","$","E","BOSS"],"items_purchased_type":["Relic","Card","Card","Relic","Card"],"build_version":"2020-12-22","purchased_purges":1,"victory":true,"max_hp_per_floor":[80,80,80,80,80,85,85,85,85,85,85,85,85,85,85,85,85,85,85,85,85,85,85,85,85,85,85,85,85,85,85,85,85,85,85,85,85,85,85,85,85,85,85,85,85,85,85,85,85,85,85,85,85,85,85],"relic_stats":{"Gremlin Horn":[0,0],"counters":[30,152],"Blue Candle":[27],"Eternal Feather":1,"Bag of Preparation":[30],"Letter Opener":[248],"Boot":[20],"Burning Blood":176,"Mercury Hourglass":[403],"Sozu":7,"Blood Vial":23,"Strange Spoon":[71],"Shovel":4,"Busted Crown":30,"Prayer Wheel":9,"obtain_stats":[{"Ice Cream":6,"Lantern":44,"Gremlin Horn":54,"Blue Candle":19,"Eternal Feather":41,"Incense Burner":22,"Bag of Preparation":25,"Letter Opener":40,"Boot":26,"Burning Blood":0,"White Beast Statue":52,"Mercury Hourglass":14,"Sozu":17,"Blood Vial":23,"Strange Spoon":39,"Shovel":30,"Busted Crown":34,"Prayer Wheel":20,"TungstenRod":9,"Toy Ornithopter":32,"InkBottle":36,"Red Skull":46},{"Ice Cream":6,"Lantern":25,"Gremlin Horn":29,"Blue Candle":12,"Eternal Feather":23,"Incense Burner":12,"Bag of Preparation":15,"Letter Opener":22,"Boot":15,"Burning Blood":0,"White Beast Statue":28,"Mercury Hourglass":10,"Sozu":11,"Blood Vial":13,"Strange Spoon":22,"Shovel":17,"Busted Crown":19,"Prayer Wheel":12,"TungstenRod":7,"Toy Ornithopter":18,"InkBottle":20,"Red Skull":26},{"Ice Cream":23,"Lantern":123,"Gremlin Horn":144,"Blue Candle":60,"Eternal Feather":114,"Incense Burner":60,"Bag of Preparation":75,"Letter Opener":110,"Boot":75,"Burning Blood":0,"White Beast Statue":137,"Mercury Hourglass":43,"Sozu":54,"Blood Vial":66,"Strange Spoon":110,"Shovel":85,"Busted Crown":96,"Prayer Wheel":60,"TungstenRod":29,"Toy Ornithopter":90,"InkBottle":100,"Red Skull":128}],"TungstenRod":256,"Toy Ornithopter":10,"InkBottle":[32]},"card_choices":[{"not_picked":["Fire Breathing","Pommel Strike"],"picked":"Spot Weakness","floor":1.0},{"not_picked":["True Grit","Clothesline"],"picked":"Dropkick","floor":2.0},{"not_picked":["Perfected Strike","Second Wind"],"picked":"Cleave","floor":3.0},{"not_picked":["Thunderclap","Dropkick"],"picked":"Rage","floor":4.0},{"not_picked":["Fiend Fire","True Grit"],"picked":"Battle Trance","floor":5.0},{"not_picked":["Rage","Searing Blow"],"picked":"Rampage","floor":6.0},{"not_picked":["Havoc","Armaments","Thunderclap"],"picked":"SKIP","floor":8.0},{"not_picked":["Clash","Shockwave"],"picked":"Impervious","floor":11.0},{"not_picked":["Armaments","Headbutt"],"picked":"Ghostly Armor","floor":12.0},{"not_picked":["Searing Blow","True Grit"],"picked":"Flex","floor":14.0},{"not_picked":["Brutality","Double Tap"],"picked":"Corruption","floor":16.0},{"not_picked":["Flex","Havoc"],"picked":"Bloodletting+1","floor":18.0},{"not_picked":["Feel No Pain","Flex+1"],"picked":"Heavy Blade","floor":23.0},{"not_picked":["Entrench+1","Uppercut"],"picked":"Feel No Pain+1","floor":24.0},{"not_picked":["Pummel","Sword Boomerang+1"],"picked":"Shrug It Off","floor":24.0},{"not_picked":["Shrug It Off","True Grit"],"picked":"Intimidate","floor":25.0},{"not_picked":["Anger","Armaments"],"picked":"Dual Wield","floor":28.0},{"not_picked":["Infernal Blade","Clash"],"picked":"Rupture","floor":28.0},{"not_picked":["Evolve","Entrench"],"picked":"Intimidate+1","floor":30.0},{"not_picked":["Clash","Evolve"],"picked":"Body Slam+1","floor":31.0},{"not_picked":["Rage+1","Heavy Blade"],"picked":"Feel No Pain+1","floor":31.0},{"not_picked":["Bludgeon","Exhume"],"picked":"Juggernaut","floor":33.0},{"not_picked":[],"picked":"Entrench+1","floor":35.0},{"not_picked":["Wild Strike+1"],"picked":"SKIP","floor":35.0},{"not_picked":[],"picked":"Shockwave+1","floor":37.0},{"not_picked":["Power Through+1"],"picked":"SKIP","floor":37.0},{"not_picked":[],"picked":"Shrug It Off","floor":38.0},{"not_picked":["Thunderclap"],"picked":"SKIP","floor":38.0},{"not_picked":["Clothesline"],"picked":"SKIP","floor":41.0},{"not_picked":[],"picked":"Havoc+1","floor":42.0},{"not_picked":[],"picked":"Metallicize+1","floor":42.0},{"not_picked":[],"picked":"Hemokinesis","floor":44.0},{"not_picked":[],"picked":"Shrug It Off","floor":45.0},{"not_picked":["Twin Strike+1"],"picked":"SKIP","floor":45.0},{"not_picked":[],"picked":"Dual Wield+1","floor":48.0},{"not_picked":[],"picked":"Havoc+1","floor":48.0},{"not_picked":[],"picked":"Warcry","floor":54.0}],"player_experience":731368,"relics_obtained":[{"floor":6.0,"key":"Ice Cream"},{"floor":9.0,"key":"TungstenRod"},{"floor":14.0,"key":"Mercury Hourglass"},{"floor":23.0,"key":"Blood Vial"},{"floor":25.0,"key":"Bag of Preparation"},{"floor":26.0,"key":"Boot"},{"floor":30.0,"key":"Shovel"},{"floor":32.0,"key":"Toy Ornithopter"},{"floor":40.0,"key":"Letter Opener"},{"floor":41.0,"key":"Eternal Feather"},{"floor":44.0,"key":"Lantern"},{"floor":46.0,"key":"Red Skull"},{"floor":52.0,"key":"White Beast Statue"},{"floor":54.0,"key":"Gremlin Horn"}],"event_choices":[{"damage_healed":0.0,"max_hp_gain":0.0,"max_hp_loss":0.0,"gold_gain":0.0,"event_name":"The Mausoleum","player_choice":"Opened","floor":19.0,"gold_loss":0.0,"damage_taken":0.0,"relics_obtained":["Blue Candle"],"cards_obtained":["Writhe"]},{"damage_healed":0.0,"max_hp_gain":0.0,"max_hp_loss":0.0,"gold_gain":0.0,"event_name":"The Library","player_choice":"Read","floor":21.0,"gold_loss":0.0,"damage_taken":0.0,"cards_obtained":["Infernal Blade"]},{"damage_healed":0.0,"max_hp_gain":0.0,"max_hp_loss":0.0,"gold_gain":0.0,"event_name":"Addict","player_choice":"Stole Relic","floor":22.0,"gold_loss":0.0,"damage_taken":0.0,"relics_obtained":["Incense Burner"],"cards_obtained":["Shame"]},{"damage_healed":0.0,"max_hp_gain":0.0,"max_hp_loss":0.0,"gold_gain":0.0,"event_name":"WeMeetAgain","player_choice":"Gave Potion","floor":36.0,"gold_loss":0.0,"damage_taken":0.0,"relics_obtained":["InkBottle"]},{"cards_removed":["Strike_R"],"damage_healed":0.0,"max_hp_gain":0.0,"max_hp_loss":0.0,"gold_gain":0.0,"event_name":"Falling","player_choice":"Removed Attack","floor":47.0,"gold_loss":0.0,"damage_taken":0.0}],"is_beta":false,"boss_relics":[{"not_picked":["SlaversCollar","Tiny House"],"picked":"Sozu"},{"not_picked":["Runic Dome","Pandora\u0027s Box"],"picked":"Busted Crown"}],"items_purged_floors":[39],"is_endless":false,"potions_floor_spawned":[1,2,5,12,16,23,30,31,33,37,45,48,54],"ascension_level":2}}