{"host":"npubv26u89aif4fa","time":1610823124,"event":{"mods":["Astrologer","BaseMod","Better Vampires","Better-Laid Plans","Colored Powertips","GifTheSpireLib","GungeonMod","HornydragonMod","Hubris","Jedi Mod","Minty Spire (QoL Compilation)","Quick Restart","Remilia（蕾米莉亚）","Replay The Spire","StSLib","Td1madao Mod","The Administrix","The Alterego","The Bug Knight","The Cursed","The Runesmith","Yuri Mod","残留之物"],"gold_per_floor":[117,117,128,138,151,177,177,189,212,212,245,261,61,76,76,179,179,199,199,179,192,192,220,220,22,22,22,37,3,18,44,44,143,143,159,159,176,203,216,22,36,64,64,64,64,64,64],"floor_reached":46,"language":"ZHS","playtime":3730,"items_purged":["Eruption","Strike_P","Strike_P"],"score":552,"play_id":"abe644eb-489f-4bce-8207-d363ebb5e72f","local_time":"20210117025204","is_ascension_mode":false,"campfire_choices":[{"data":"PathToVictory","floor":7.0,"key":"SMITH"},{"data":"PathToVictory","floor":10.0,"key":"SMITH"},{"floor":15.0,"key":"REST"},{"floor":24.0,"key":"RECALL"},{"floor":32,"key":"REST"},{"floor":45,"key":"REST"}],"circlet_count":0,"master_deck":["Strike_P+1","Defend_P","Defend_P","Defend_P","Defend_P","Vigilance","Defend_G","AdministrixMod:Defend_Administrix","Panache","EmptyFist","PathToVictory+1","Good Instincts","Nirvana","Evaluate","Replay:ManipulateFuture","PathToVictory+1","WaveOfTheHand","DeusExMachina","JustLucky+1","Replay:AtTheReady","Wireheading","Sanctity","Evaluate","PathToVictory+1","DeceiveReality","Protect","ThirdEye+1","Nirvana","PathToVictory","ThirdEye+1","DevaForm","EmptyBody"],"relics":["HolyWater","hubris:DisguiseKit","Regal Pillow","Painkiller Herb","jedi:purplefairy","Membership Card","Sundial","hubris:Potato","Whetstone","Replay:Bottled Steam","Pantograph","Replay:WaspNest"],"acts_visited":["Exordium","TheCity","TheBeyond"],"potions_floor_usage":[31,42],"damage_taken":[{"damage":0.0,"enemies":"Small Slimes","floor":1.0,"turns":2.0},{"damage":6.0,"enemies":"Cultist","floor":3.0,"turns":5.0},{"damage":0.0,"enemies":"2 Louse","floor":4.0,"turns":2.0},{"damage":6.0,"enemies":"Exordium Wildlife","floor":5.0,"turns":4.0},{"damage":16.0,"enemies":"Lagavulin","floor":6.0,"turns":9.0},{"damage":5.0,"enemies":"Red Slaver","floor":8.0,"turns":4.0},{"damage":37.0,"enemies":"Gremlin Nob","floor":11.0,"turns":5.0},{"damage":1.0,"enemies":"Blue Slaver","floor":12.0,"turns":5.0},{"damage":0.0,"enemies":"Exordium Wildlife","floor":14.0,"turns":4.0},{"damage":21.0,"enemies":"The Guardian","floor":16.0,"turns":9.0},{"damage":9.0,"enemies":"Spheric Guardian","floor":18.0,"turns":5.0},{"damage":1.0,"enemies":"2 Thieves","floor":20.0,"turns":4.0},{"damage":2.0,"enemies":"Snake Plant","floor":21.0,"turns":5.0},{"damage":27.0,"enemies":"Slavers","floor":23.0,"turns":6.0},{"damage":8.0,"enemies":"Centurion and Healer","floor":28.0,"turns":6.0},{"damage":4,"enemies":"Cultist and Chosen","floor":30,"turns":14},{"damage":0,"enemies":"Gremlin Leader","floor":31,"turns":6},{"damage":5,"enemies":"Champ","floor":33,"turns":10},{"damage":25,"enemies":"3 Shapes","floor":35,"turns":5},{"damage":0,"enemies":"Orb Walker","floor":37,"turns":4},{"damage":0,"enemies":"Jaw Worm Horde","floor":39,"turns":8},{"damage":0,"enemies":"4 Shapes","floor":41,"turns":5},{"damage":24,"enemies":"Nemesis","floor":42,"turns":9},{"damage":76,"enemies":"Reptomancer","floor":46,"turns":2}],"seed_played":"-6882934583724513888","potions_obtained":[{"floor":1.0,"key":"Weak Potion"},{"floor":6.0,"key":"Explosive Potion"},{"floor":14.0,"key":"Energy Potion"},{"floor":16.0,"key":"Weak Potion"},{"floor":20.0,"key":"Languid Potion"},{"floor":23.0,"key":"AttackPotion"},{"floor":30,"key":"DemoMod:LeadSkinPotion"},{"floor":31,"key":"Ancient Potion"},{"floor":33,"key":"Weak Potion"},{"floor":42,"key":"Ambrosia"}],"is_trial":false,"path_per_floor":["M","?","M","M","M","E","R","M","T","R","E","M","$","M","R","B",null,"?","?","?","?","?","E","T","T","T","T","?","T","?","E","T","B",null,"?","?","?","T","?","T","?","E","T","T","T","E"],"character_chosen":"WATCHER","items_purchased":["Replay:AtTheReady","Wireheading","Membership Card","Nirvana","Replay:Bottled Steam"],"campfire_rested":3,"item_purchase_floors":[13,13,25,29,40],"current_hp_per_floor":[72,72,66,66,60,44,44,39,39,39,2,1,1,1,37,16,72,63,63,62,60,60,33,33,33,33,33,25,25,21,21,57,52,72,47,47,47,47,47,47,47,23,23,23,59,0,0],"gold":64,"neow_bonus":"RANDOM_COLORLESS_2","is_daily":false,"chose_seed":false,"campfire_upgraded":2,"win_rate":0.0,"timestamp":1610823124,"path_taken":["M","?","M","?","M","E","R","M","T","R","E","M","?","M","R","BOSS","?","?","?","?","?","E","T","?","T","T","?","T","?","E","T","BOSS","?","?","?","?","?","T","?","E","T","?","T","E"],"items_purchased_type":["Card","Card","Relic","Card","Relic"],"build_version":"2020-12-22","purchased_purges":3,"victory":false,"max_hp_per_floor":[72,72,72,72,72,72,72,72,72,72,72,72,72,72,72,72,72,72,72,72,72,72,72,72,72,72,72,72,72,72,72,72,72,72,72,72,72,72,72,72,72,72,72,72,72,72,72],"card_choices":[{"not_picked":["Chrysalis","Midas Touch"],"picked":"Panache","floor":0.0},{"not_picked":["CarveReality","Replay:Battleflow"],"picked":"EmptyFist","floor":1.0},{"not_picked":["FlurryOfBlows","SashWhip"],"picked":"Evaluate","floor":3.0},{"not_picked":["JustLucky","EmptyFist"],"picked":"Replay:ManipulateFuture","floor":4.0},{"not_picked":["CrushJoints","Replay:ManipulateFuture"],"picked":"PathToVictory","floor":5.0},{"not_picked":["Swivel","FlyingSleeves","TalkToTheHand"],"picked":"SKIP","floor":6.0},{"not_picked":["Prostrate","MentalFortress","TheCursedMod:BloodBarrier"],"picked":"WaveOfTheHand","floor":8.0},{"not_picked":["JustLucky","Prostrate","TheCursedMod:UltimatePain"],"picked":"DeusExMachina","floor":11.0},{"not_picked":["Replay:Battleflow","Tantrum","TheCursedMod:FuryStrike"],"picked":"JustLucky","floor":12.0},{"not_picked":["Crescendo","Halt","TheCursedMod:WearCloak"],"picked":"Sanctity","floor":14.0},{"not_picked":["Crescendo","Pray+1","TheCursedMod:SpitefulPlan"],"picked":"Evaluate","floor":18.0},{"not_picked":["ClearTheMind","Replay:ManipulateFuture","TheCursedMod:VitalStrike"],"picked":"DeceiveReality","floor":20.0},{"not_picked":["WaveOfTheHand","FlyingSleeves","Replay:Battleflow","TheCursedMod:VitalStrike"],"picked":"SKIP","floor":21.0},{"not_picked":["Weave","CrushJoints","TheCursedMod:OutForBlood"],"picked":"Protect","floor":23.0},{"not_picked":["Replay:Battleflow","ReachHeaven+1","TheCursedMod:RapidMovement"],"picked":"ThirdEye+1","floor":28.0},{"not_picked":["ReachHeaven","CrushJoints+1","TheCursedMod:Hemoplague"],"picked":"PathToVictory","floor":30},{"not_picked":["Scrawl","EmptyFist","TheCursedMod:DoubleShield"],"picked":"ThirdEye+1","floor":31},{"not_picked":["DeusExMachina","Replay:AllIn","TheCursedMod:Neurasthenia"],"picked":"DevaForm","floor":33},{"not_picked":["Indignation","SashWhip","CutThroughFate+1","TheCursedMod:CursedBlade"],"picked":"SKIP","floor":35},{"not_picked":["Consecrate+1","SignatureMove+1","EmptyMind","TheCursedMod:PrepareRite"],"picked":"SKIP","floor":37},{"not_picked":["MasterReality","TalkToTheHand+1","FlyingSleeves+1","TheCursedMod:CursedBlade"],"picked":"SKIP","floor":39},{"not_picked":["Adaptation","JustLucky+1","SashWhip","TheCursedMod:CircleOfCorruption"],"picked":"SKIP","floor":41},{"not_picked":["BowlingBash+1","Halt+1","WindmillStrike","TheCursedMod:CircleOfFlame"],"picked":"SKIP","floor":42}],"player_experience":304239,"relics_obtained":[{"floor":6.0,"key":"hubris:DisguiseKit"},{"floor":11.0,"key":"Regal Pillow"},{"floor":23.0,"key":"jedi:purplefairy"},{"floor":26.0,"key":"Sundial"},{"floor":31,"key":"hubris:Potato"},{"floor":38,"key":"Whetstone"},{"floor":42,"key":"Pantograph"},{"floor":43,"key":"Replay:WaspNest"}],"event_choices":[{"damage_healed":0.0,"max_hp_gain":0.0,"max_hp_loss":0.0,"gold_gain":0.0,"event_name":"Match and Keep!","player_choice":"3 cards matched","floor":2.0,"gold_loss":0.0,"damage_taken":0.0,"cards_obtained":["PathToVictory","Good Instincts","Nirvana"]},{"damage_healed":0.0,"max_hp_gain":0.0,"max_hp_loss":0.0,"gold_gain":0.0,"event_name":"Duplicator","player_choice":"Copied","floor":19.0,"gold_loss":0.0,"damage_taken":0.0,"cards_obtained":["PathToVictory"]},{"damage_healed":0,"gold_gain":0,"cards_transformed":["Strike_P"],"player_choice":"Transformed","damage_taken":0,"max_hp_gain":0,"max_hp_loss":0,"event_name":"Transmorgrifier","floor":36,"gold_loss":0,"cards_obtained":["EmptyBody"]}],"is_beta":false,"boss_relics":[{"not_picked":["hubris:Backtick","Replay:Grab Bag"],"picked":"Painkiller Herb"},{"not_picked":["PlaceholderMod:LiveLive","Replay:Wanted Poster"],"picked":"HolyWater"}],"items_purged_floors":[13,25,40],"is_endless":false,"potions_floor_spawned":[1,6,14,16,20,23,30,31,33,35,42],"killed_by":"Reptomancer","ascension_level":0}}