{"host":"Yuki","time":1610812867,"event":{"mods":["AchievementEnabler","BaseMod","Block Reminder","Colored Map","Colored Powertips","Googly Eyes","Highlight Path","Minty Spire (QoL Compilation)","Permanent Neow","Quick Restart","Random Character Button","Random Character Mod","Relic Stats","StSLib","The Wild Card","everything is the same but u backflip on backflip","slay the spire mod where everything is the same but ironclad has a cowboy hat"],"gold_per_floor":[115,135,150,7,25,25,50,50,118,18,47,47,81,111,111,214,214,233,247,247,247],"floor_reached":20,"language":"ENG","playtime":1336,"items_purged":["Doubt","Strike_B"],"score":315,"play_id":"b0cec48a-153d-411c-9375-74c57553e6f7","local_time":"20210116100107","is_ascension_mode":true,"campfire_choices":[{"data":"Defragment","floor":6,"key":"SMITH"},{"floor":8,"key":"REST"},{"floor":12,"key":"REST"},{"data":"Buffer","floor":15,"key":"SMITH"}],"circlet_count":0,"master_deck":["Strike_B","Strike_B","Strike_B","Defend_B","Defend_B","Defend_B","Defend_B","Zap","Dualcast","Echo Form","Go for the Eyes","Coolheaded","Loop","Defragment+1","Loop","Leap","Buffer+1","Fission","Self Repair","Rebound+1"],"relics":["Cracked Core","Incense Burner","Molten Egg 2","Pen Nib","Eternal Feather","Black Star"],"acts_visited":["Exordium","TheCity"],"potions_floor_usage":[13,19,20],"damage_taken":[{"damage":1,"enemies":"Cultist","floor":1,"turns":3},{"damage":7,"enemies":"Jaw Worm","floor":2,"turns":4},{"damage":8,"enemies":"Small Slimes","floor":3,"turns":4},{"damage":19,"enemies":"3 Louse","floor":5,"turns":6},{"damage":22,"enemies":"Gremlin Nob","floor":7,"turns":4},{"damage":25,"enemies":"3 Sentries","floor":11,"turns":14},{"damage":14,"enemies":"Gremlin Nob","floor":13,"turns":6},{"damage":0,"enemies":"Slime Boss","floor":16,"turns":17},{"damage":12,"enemies":"Chosen","floor":18,"turns":8},{"damage":48,"enemies":"3 Byrds","floor":19,"turns":9},{"damage":17,"enemies":"Centurion and Healer","floor":20,"turns":4}],"seed_played":"-6722671234695929999","potions_obtained":[{"floor":2,"key":"Strength Potion"},{"floor":7,"key":"AttackPotion"},{"floor":13,"key":"LiquidMemories"},{"floor":18,"key":"GamblersBrew"},{"floor":19,"key":"EssenceOfDarkness"}],"is_trial":false,"path_per_floor":["M","M","M","$","M","R","E","R","T","$","E","R","E","?","R","B",null,"M","M","M"],"character_chosen":"DEFECT","items_purchased":["Defragment"],"campfire_rested":2,"item_purchase_floors":[4],"current_hp_per_floor":[67,60,52,52,33,33,11,33,33,33,8,30,16,16,25,25,63,51,3,0,0],"gold":247,"neow_bonus":"THREE_RARE_CARDS","is_daily":false,"chose_seed":false,"campfire_upgraded":2,"win_rate":0.0,"timestamp":1610812867,"path_taken":["M","M","M","?","M","R","E","R","T","$","E","R","E","?","R","BOSS","M","M","M"],"items_purchased_type":["Card"],"build_version":"2020-12-18","purchased_purges":2,"victory":false,"max_hp_per_floor":[75,75,75,75,75,75,75,75,75,75,75,75,75,75,75,75,75,75,75,75,75],"relic_stats":{"counters":[11,78],"Eternal Feather":9,"Pen Nib":[5],"Black Star":0,"obtain_stats":[{"Molten Egg 2":9,"Eternal Feather":13,"Pen Nib":11,"Incense Burner":7,"Black Star":17,"Cracked Core":0},{"Molten Egg 2":5,"Eternal Feather":7,"Pen Nib":6,"Incense Burner":5,"Black Star":8,"Cracked Core":0},{"Molten Egg 2":21,"Eternal Feather":41,"Pen Nib":35,"Incense Burner":21,"Black Star":58,"Cracked Core":0}]},"card_choices":[{"not_picked":["Hyperbeam","Biased Cognition"],"picked":"Echo Form","floor":0},{"not_picked":["Heatsinks","Stack"],"picked":"Go for the Eyes","floor":1},{"not_picked":["Hologram","Chaos"],"picked":"Coolheaded","floor":2},{"not_picked":["Capacitor","Coolheaded"],"picked":"Loop","floor":3},{"not_picked":["Conserve Battery","Rebound"],"picked":"Loop","floor":5},{"not_picked":["Sunder","Blizzard"],"picked":"Leap","floor":7},{"not_picked":["Streamline+1","Turbo","Chaos"],"picked":"SKIP","floor":11},{"not_picked":["Stack","White Noise"],"picked":"Buffer","floor":13},{"not_picked":["Meteor Strike+1","Reboot"],"picked":"Fission","floor":16},{"not_picked":["Aggregate","Skim"],"picked":"Self Repair","floor":18},{"not_picked":["Streamline+1","Barrage+1"],"picked":"Rebound+1","floor":19}],"player_experience":1256918,"relics_obtained":[{"floor":7,"key":"Incense Burner"},{"floor":9,"key":"Molten Egg 2"},{"floor":11,"key":"Pen Nib"},{"floor":13,"key":"Eternal Feather"}],"event_choices":[{"damage_healed":0,"gold_gain":30,"player_choice":"Searched \u00271\u0027 times","damage_taken":0,"max_hp_gain":0,"max_hp_loss":0,"event_name":"Dead Adventurer","floor":14,"gold_loss":0}],"is_beta":true,"boss_relics":[{"not_picked":["Calling Bell","Tiny House"],"picked":"Black Star"}],"items_purged_floors":[4,10],"is_endless":false,"potions_floor_spawned":[2,7,13,18,19],"killed_by":"Centurion and Healer","ascension_level":6}}