{"host":"jexbkylv34f8xu3o","time":1610802396,"event":{"mods":["AchievementEnabler","BaseMod","Colored Map","Colored Powertips","GifTheSpireLib","Highlight Path","Minty Spire (QoL Compilation)","Quick Restart","StSLib"],"gold_per_floor":[365,315,490,195,215,248,248,258,258,258,272,291,346,96,96,96,96],"floor_reached":16,"language":"ENG","playtime":420,"items_purged":["Doubt","Strike_R"],"score":150,"play_id":"5ab445d5-0086-4d3a-a6de-40f0c20d610f","local_time":"20210116100636","is_ascension_mode":true,"campfire_choices":[{"data":"Havoc","floor":7,"key":"SMITH"},{"data":"Havoc","floor":10,"key":"SMITH"},{"data":"Metamorphosis","floor":15,"key":"SMITH"}],"circlet_count":0,"master_deck":["AscendersBane","Strike_R","Strike_R","Strike_R","Defend_R","Defend_R","Defend_R","Defend_R","Bash","Havoc+1","Feel No Pain","Metamorphosis+1","Sentinel","Havoc+1","Intimidate","Sentinel","Dark Embrace+1","Entrench"],"relics":["Burning Blood","Bottled Lightning","Frozen Egg 2","Red Skull"],"acts_visited":["Exordium"],"potions_floor_usage":[6,12,13,16],"damage_taken":[{"damage":8,"enemies":"Small Slimes","floor":1,"turns":4},{"damage":7,"enemies":"Jaw Worm","floor":5,"turns":3},{"damage":33,"enemies":"3 Sentries","floor":6,"turns":7},{"damage":10,"enemies":"2 Louse","floor":8,"turns":4},{"damage":16,"enemies":"Red Slaver","floor":11,"turns":5},{"damage":0,"enemies":"Blue Slaver","floor":12,"turns":3},{"damage":16,"enemies":"3 Sentries","floor":13,"turns":4},{"damage":38,"enemies":"The Guardian","floor":16,"turns":5}],"seed_played":"2065943372338012347","potions_obtained":[{"floor":5,"key":"AttackPotion"},{"floor":8,"key":"Dexterity Potion"},{"floor":11,"key":"DistilledChaos"},{"floor":13,"key":"Block Potion"}],"is_trial":false,"path_per_floor":["M","?","?","$","M","E","R","M","T","R","M","M","?","$","R","B"],"character_chosen":"IRONCLAD","items_purchased":["Feel No Pain","Metamorphosis","Dark Embrace+1","Entrench"],"campfire_rested":0,"item_purchase_floors":[4,4,14,14],"current_hp_per_floor":[70,70,70,70,69,42,42,38,38,38,28,34,24,24,24,0,0],"gold":96,"neow_bonus":"TWO_FIFTY_GOLD","is_daily":false,"chose_seed":false,"campfire_upgraded":3,"win_rate":0.0,"timestamp":1610802396,"path_taken":["M","?","?","$","M","E","R","M","T","R","M","M","?","?","R","BOSS"],"items_purchased_type":["Card","Card","Card","Card"],"build_version":"2020-12-22","purchased_purges":2,"victory":false,"max_hp_per_floor":[72,72,72,72,72,72,72,72,72,72,72,72,72,72,72,72,72],"card_choices":[{"not_picked":["Clothesline","Spot Weakness"],"picked":"Havoc","floor":1},{"not_picked":["Inflame","Headbutt","Sentinel"],"picked":"SKIP","floor":5},{"not_picked":["Inflame","Headbutt"],"picked":"Sentinel","floor":5},{"not_picked":["Rupture","True Grit"],"picked":"Havoc","floor":6},{"not_picked":["Rampage","Anger"],"picked":"Intimidate","floor":8},{"not_picked":["Battle Trance","Blood for Blood","Anger"],"picked":"SKIP","floor":11},{"not_picked":["Flex","Headbutt","Clash"],"picked":"SKIP","floor":12},{"not_picked":["Searing Blow","True Grit"],"picked":"Sentinel","floor":13}],"player_experience":558908,"relics_obtained":[{"floor":6,"key":"Bottled Lightning"},{"floor":9,"key":"Frozen Egg 2"}],"event_choices":[{"cards_removed":["Strike_R"],"damage_healed":0,"gold_gain":0,"player_choice":"Card Removal","damage_taken":0,"max_hp_gain":0,"max_hp_loss":0,"event_name":"The Cleric","floor":2,"gold_loss":50},{"damage_healed":0,"gold_gain":175,"player_choice":"AGREE","damage_taken":0,"max_hp_gain":0,"max_hp_loss":0,"event_name":"Liars Game","floor":3,"gold_loss":0,"cards_obtained":["Doubt"]},{"damage_healed":0,"gold_gain":0,"player_choice":"Searched \u00273\u0027 times","damage_taken":0,"relics_obtained":["Red Skull"],"max_hp_gain":0,"max_hp_loss":0,"event_name":"Dead Adventurer","floor":13,"gold_loss":0}],"is_beta":false,"boss_relics":[],"items_purged_floors":[4,14],"is_endless":false,"potions_floor_spawned":[5,8,11,13],"killed_by":"The Guardian","ascension_level":10}}