{"host":"a70birb7gb03c330","time":1610765096,"event":{"mods":["Act Like it!","Aspiration","BaseMod","Beaked The Cultist","Better Vampires","Clawfect","Conspire","Disable Question Mark Monsters","Displayed Cursed Tome","Downfall","Energized Spire","GungeonMod","Hallownest","Hubris","Infinite Spire","Marked Mod","Minty Spire (QoL Compilation)","Permanent Neow","Replay The Spire","Robot Space Explorer","Spicy Shops","Spikes Relics","StSLib","The Blue Laboratory","The Bug Knight","The Construct","The Jungle","UnlockEverythingMod","Wandering Minibosses"],"gold_per_floor":[10,28,28,28,28,28,54,64,64,64,64,64,64,82,82,182,182,200,212,137,137,253,203,203],"floor_reached":23,"playtime":1101,"items_purged":["beaked:Strike_Y"],"score":189,"play_id":"b422a3d8-edf3-4323-a549-692bde9ea2a7","local_time":"20210115184456","is_ascension_mode":false,"campfire_choices":[{"data":"beaked:Ceremony","floor":6,"key":"SMITH"},{"data":"beaked:Flinch","floor":15,"key":"SMITH"}],"circlet_count":0,"master_deck":["beaked:Strike_Y+1","beaked:Strike_Y+1","beaked:Strike_Y+1","beaked:Strike_Y+1","beaked:Strike_Y+1","beaked:Defend_Y+1","beaked:Defend_Y+1","beaked:Defend_Y+1","beaked:Defend_Y+1","beaked:Ceremony","beaked:Ceremony+1","Poisoned Strike","beaked:Flinch+1","beaked:BraceForImpact+1","Inflame","beaked:AwakenedForm","beaked:Windmill+1"],"relics":["hubris:Icosahedron","Nunchaku","DemoMod:Bottle","m_ByrdBlood","Coffee Dripper"],"acts_visited":["Exordium","TheCity"],"potions_floor_usage":[8,16,16,23,23],"damage_taken":[{"damage":0,"enemies":"conspire:RoseBush","floor":1,"turns":5},{"damage":1,"enemies":"Small Slimes","floor":2,"turns":4},{"damage":22,"enemies":"HollowMod:MossKnight","floor":7,"turns":9},{"damage":11,"enemies":"Cultist","floor":8,"turns":5},{"damage":0,"enemies":"conspire:2 RoseBushes","floor":14,"turns":7},{"damage":35,"enemies":"Slime Boss","floor":16,"turns":10},{"damage":25,"enemies":"Spheric Guardian","floor":18,"turns":5},{"damage":10,"enemies":"Shell Parasite","floor":19,"turns":7},{"damage":23,"enemies":"Snake Plant","floor":22,"turns":5},{"damage":45,"enemies":"Book of Stabbing","floor":23,"turns":6}],"seed_played":"4071074365523460403","potions_obtained":[{"floor":1,"key":"LiquidMemories"},{"floor":14,"key":"FearPotion"},{"floor":16,"key":"blueLaboratory:PhilterOfMotion"},{"floor":19,"key":"blueLaboratory:LouseDecoction"},{"floor":22,"key":"blueLaboratory:LouseDecoction"}],"is_trial":false,"path_per_floor":["M","M","?","?","$","R","E","M","T","$","?","?","$","M","R","B",null,"M","M","$","?","M","E"],"character_chosen":"BEAKED_THE_CULTIST","items_purchased":[],"campfire_rested":0,"item_purchase_floors":[],"current_hp_per_floor":[50,50,50,50,50,50,41,50,50,50,50,50,50,50,50,42,50,43,50,50,50,39,28,28],"gold":203,"neow_bonus":"RANDOM_COLORLESS_2","is_daily":false,"chose_seed":false,"campfire_upgraded":2,"win_rate":0.0,"timestamp":1610765096,"path_taken":["M","M","?","?","$","R","E","M","T","$","?","?","?","M","R","BOSS","M","M","$","?","M","E"],"items_purchased_type":[],"build_version":"2020-12-22","purchased_purges":1,"victory":false,"max_hp_per_floor":[50,50,50,50,50,50,50,50,50,50,50,50,50,50,50,50,50,50,50,50,50,50,40,40],"card_choices":[{"not_picked":["ReplayTheSpireMod:Brewmster","Magnetism"],"picked":"Poisoned Strike","floor":0},{"not_picked":["beaked:MachineSpirit","beaked:Insight","beaked:WindBringer"],"picked":"SKIP","floor":1},{"not_picked":["beaked:Resilience","beaked:Poke","beaked:MaddeningMurmurs"],"picked":"SKIP","floor":2},{"not_picked":["beaked:VolatileMisfortune","beaked:Foresight"],"picked":"beaked:Flinch","floor":7},{"not_picked":["beaked:DigDeep","beaked:Foresight"],"picked":"beaked:BraceForImpact","floor":8},{"not_picked":["beaked:CursingBlood","Heavy Blade","beaked:Insight"],"picked":"SKIP","floor":14},{"not_picked":["ReplayTheSpireMod:Owlgaze","Feed"],"picked":"beaked:AwakenedForm","floor":16},{"not_picked":["beaked:SacrificialDive","beaked:Insight","beaked:Redirect"],"picked":"SKIP","floor":18},{"not_picked":["beaked:CursingBlood+1","beaked:Redirect"],"picked":"beaked:Windmill+1","floor":19},{"not_picked":["beaked:RuinSticks+1","beaked:Cower+1","beaked:Insight+1"],"picked":"SKIP","floor":22}],"player_experience":52662,"relics_obtained":[{"floor":7,"key":"Nunchaku"},{"floor":9,"key":"DemoMod:Bottle"}],"event_choices":[{"damage_healed":0,"gold_gain":0,"player_choice":"Simplicity","damage_taken":0,"max_hp_gain":0,"max_hp_loss":0,"event_name":"Back to Basics","floor":21,"gold_loss":0,"cards_upgraded":["beaked:Strike_Y","beaked:Strike_Y","beaked:Strike_Y","beaked:Strike_Y","beaked:Strike_Y","beaked:Defend_Y","beaked:Defend_Y","beaked:Defend_Y","beaked:Defend_Y"]}],"is_beta":false,"boss_relics":[{"not_picked":["hubris:BlackHole","Pandora\u0027s Box"],"picked":"Coffee Dripper"}],"items_purged_floors":[20],"is_endless":false,"potions_floor_spawned":[1,14,16,19,22],"killed_by":"Book of Stabbing","ascension_level":0}}