{"host":"9tdk3zzhmpo6o3dg","time":1610771401,"event":{"mods":["AchievementEnabler","BaseMod","Downfall","Marisa£®ÏF”Í°°ƒß¿Ì…≥£©","Minty Spire (QoL Compilation)","Shop Mod","StSLib","The Cursed","The Marked","The Servant 0.9.4"],"gold_per_floor":[111,127,127,46,65,91,91,104,104,104,124,141,153,2,2,102,102,115,125,125,44,64,64,64,91,91,111,111,21,21,39,39,138,138,154,169,169,188,31,31,56,56,82,82,131,0,20,39,39,39,39],"floor_reached":50,"language":"ZHS","playtime":2665,"items_purged":["Strike_B"],"score":620,"play_id":"7e955999-a744-4f4f-954a-09479755f118","local_time":"20210116123001","is_ascension_mode":true,"campfire_choices":[{"data":"Darkness","floor":7,"key":"SMITH"},{"floor":15,"key":"REST"},{"floor":23,"key":"REST"},{"data":"Dualcast","floor":28,"key":"SMITH"},{"data":"Redo","floor":30,"key":"SMITH"},{"floor":32,"key":"REST"},{"data":"Defragment","floor":40,"key":"SMITH"},{"data":"Defragment","floor":42,"key":"SMITH"},{"data":"Skim","floor":44,"key":"SMITH"},{"floor":49,"key":"REST"}],"circlet_count":0,"master_deck":["Strike_B","Strike_B","Defend_B","Defend_B","Defend_B","Defend_B","Zap","Dualcast+1","Doom and Gloom","Genetic Algorithm","Core Surge","Darkness+1","Darkness+1","Conserve Battery+1","Skim+1","Redo+1","Skim","Defragment+1","Echo Form","Defragment+1","Turbo+1","Turbo+1","Core Surge","Skim","Coolheaded+1","Redo+1","Buffer","Coolheaded+1","Reinforced Body+1","Dark Shackles+1","White Noise+1","Force Field+1","Defragment"],"relics":["FrozenCore","NeowsBlessing","Gremlin Horn","Mummified Hand","Odd Mushroom","Sozu","Toxic Egg 2","HornCleat","Lantern","Ornamental Fan","Bag of Marbles","TungstenRod","Red Mask"],"acts_visited":["Exordium","TheCity","TheBeyond"],"potions_floor_usage":[11,11,16,16],"damage_taken":[{"damage":0,"enemies":"Small Slimes","floor":1,"turns":1},{"damage":0,"enemies":"Cultist","floor":2,"turns":1},{"damage":0,"enemies":"2 Louse","floor":5,"turns":1},{"damage":30,"enemies":"Lagavulin","floor":6,"turns":7},{"damage":13,"enemies":"Blue Slaver","floor":8,"turns":3},{"damage":7,"enemies":"The Mushroom Lair","floor":11,"turns":4},{"damage":13,"enemies":"Exordium Thugs","floor":12,"turns":4},{"damage":8,"enemies":"3 Louse","floor":13,"turns":3},{"damage":5,"enemies":"Hexaghost","floor":16,"turns":7},{"damage":21,"enemies":"Shell Parasite","floor":18,"turns":5},{"damage":5,"enemies":"3 Byrds","floor":19,"turns":3},{"damage":22,"enemies":"Cultist and Chosen","floor":22,"turns":5},{"damage":20,"enemies":"Slavers","floor":25,"turns":4},{"damage":4,"enemies":"Snecko","floor":27,"turns":5},{"damage":0,"enemies":"Centurion and Healer","floor":31,"turns":4},{"damage":1,"enemies":"Collector","floor":33,"turns":5},{"damage":5,"enemies":"Orb Walker","floor":35,"turns":4},{"damage":15,"enemies":"3 Darklings","floor":36,"turns":7},{"damage":6,"enemies":"Transient","floor":38,"turns":5},{"damage":0,"enemies":"Reptomancer","floor":41,"turns":5},{"damage":18,"enemies":"2 Orb Walkers","floor":45,"turns":4},{"damage":0,"enemies":"Maw","floor":47,"turns":6},{"damage":0,"enemies":"Spire Growth","floor":48,"turns":5},{"damage":56,"enemies":"Time Eater","floor":50,"turns":10}],"seed_played":"-2276755079356614552","potions_obtained":[{"floor":5,"key":"Strength Potion"},{"floor":6,"key":"DuplicationPotion"},{"floor":12,"key":"LiquidBronze"},{"floor":13,"key":"GamblersBrew"},{"floor":16,"key":"LiquidMemories"}],"is_trial":false,"path_per_floor":["M","M","?","$","M","E","R","M","T","?","?","M","M","$","R","B",null,"M","M","?","$","M","R","$","E","T","M","R","?","R","M","R","B",null,"M","M","?","M","$","R","E","R","T","R","?","?","M","M","R","B"],"character_chosen":"DEFECT","items_purchased":["Core Surge","Defragment","Core Surge","Lantern"],"campfire_rested":4,"item_purchase_floors":[4,14,21,39],"current_hp_per_floor":[75,75,75,75,75,45,45,32,32,32,25,12,4,4,26,21,75,54,49,49,49,27,49,49,29,29,25,25,25,25,25,47,46,75,70,55,55,49,49,49,49,49,49,49,31,31,31,31,53,0,0],"gold":39,"neow_bonus":"THREE_ENEMY_KILL","is_daily":false,"chose_seed":false,"campfire_upgraded":6,"win_rate":0.0,"timestamp":1610771401,"path_taken":["M","M","?","$","?","E","R","M","T","?","?","M","M","$","R","BOSS","M","M","?","$","M","R","?","E","T","M","R","?","R","?","R","BOSS","M","M","?","M","$","R","E","R","T","R","?","?","M","M","R","BOSS"],"items_purchased_type":["Card","Card","Card","Relic"],"build_version":"2020-12-22","purchased_purges":1,"victory":false,"max_hp_per_floor":[75,75,75,75,75,75,75,75,75,75,75,75,75,75,75,75,75,75,75,75,75,75,75,75,75,75,75,75,75,75,75,75,75,75,75,75,75,75,75,75,75,75,75,75,75,75,75,75,75,75,75],"card_choices":[{"not_picked":["Rebound","Sweeping Beam"],"picked":"Doom and Gloom","floor":1},{"not_picked":["Go for the Eyes","Leap"],"picked":"Genetic Algorithm","floor":2},{"not_picked":["Cold Snap","Coolheaded"],"picked":"Darkness","floor":5},{"not_picked":["FTL","Beam Cell"],"picked":"Darkness","floor":6},{"not_picked":["Sunder","Creative AI"],"picked":"Conserve Battery","floor":8},{"not_picked":["Gash","Reprogram"],"picked":"Skim","floor":11},{"not_picked":["Sunder","Double Energy"],"picked":"Redo","floor":12},{"not_picked":["Blizzard","Scrape"],"picked":"Skim","floor":13},{"not_picked":["Amplify","Thunder Strike"],"picked":"Echo Form","floor":16},{"not_picked":["Rebound","Melter"],"picked":"Defragment","floor":18},{"not_picked":["Sweeping Beam","Loop"],"picked":"Turbo+1","floor":19},{"not_picked":["Loop","Steam"],"picked":"Skim","floor":22},{"not_picked":["Defragment+1","Hologram+1"],"picked":"Coolheaded+1","floor":25},{"not_picked":["All For One","Rebound"],"picked":"Redo+1","floor":27},{"not_picked":["Beam Cell","Scrape","Sunder"],"picked":"SKIP","floor":31},{"not_picked":["Core Surge","Electrodynamics"],"picked":"Buffer","floor":33},{"not_picked":["Capacitor","Chaos+1"],"picked":"Coolheaded+1","floor":35},{"not_picked":["Gash","Compile Driver"],"picked":"Reinforced Body+1","floor":36},{"not_picked":["Mayhem","Blind+1"],"picked":"Dark Shackles+1","floor":37},{"not_picked":["Rebound+1","Hello World+1"],"picked":"White Noise+1","floor":38},{"not_picked":["Rebound","Stack+1","Reprogram+1"],"picked":"SKIP","floor":41},{"not_picked":["Streamline+1","Skim+1"],"picked":"Force Field+1","floor":45},{"not_picked":["Gash","Conserve Battery+1"],"picked":"Defragment","floor":47},{"not_picked":["Chill+1","Reprogram+1","Cold Snap"],"picked":"SKIP","floor":48}],"player_experience":130408,"relics_obtained":[{"floor":6,"key":"Gremlin Horn"},{"floor":9,"key":"Mummified Hand"},{"floor":11,"key":"Odd Mushroom"},{"floor":25,"key":"Toxic Egg 2"},{"floor":26,"key":"HornCleat"},{"floor":41,"key":"Ornamental Fan"},{"floor":43,"key":"Bag of Marbles"},{"floor":45,"key":"TungstenRod"}],"event_choices":[{"damage_healed":0,"gold_gain":0,"player_choice":"Bought 0 Potions","damage_taken":0,"max_hp_gain":0,"max_hp_loss":0,"event_name":"The Woman in Blue","floor":3,"gold_loss":0},{"damage_healed":0,"gold_gain":0,"player_choice":"Grow","damage_taken":0,"max_hp_gain":0,"max_hp_loss":0,"event_name":"Living Wall","floor":10,"gold_loss":0,"cards_upgraded":["Darkness"]},{"damage_healed":0,"gold_gain":0,"player_choice":"Fought Mushrooms","damage_taken":0,"max_hp_gain":0,"max_hp_loss":0,"event_name":"Mushrooms","floor":11,"gold_loss":0},{"damage_healed":0,"gold_gain":0,"player_choice":"Copied","damage_taken":0,"max_hp_gain":0,"max_hp_loss":0,"event_name":"Duplicator","floor":20,"gold_loss":0,"cards_obtained":["Turbo"]},{"cards_removed":["Strike_B"],"damage_healed":0,"gold_gain":0,"player_choice":"Upgrade and Remove","damage_taken":0,"max_hp_gain":0,"max_hp_loss":0,"event_name":"Designer","floor":29,"gold_loss":90,"cards_upgraded":["Conserve Battery"]},{"damage_healed":0,"gold_gain":0,"player_choice":"Memory 1","damage_taken":0,"max_hp_gain":0,"max_hp_loss":0,"event_name":"SensoryStone","floor":37,"gold_loss":0},{"damage_healed":0,"gold_gain":0,"player_choice":"Fight","damage_taken":0,"max_hp_gain":0,"max_hp_loss":0,"event_name":"Mysterious Sphere","floor":45,"gold_loss":0},{"damage_healed":0,"gold_gain":0,"player_choice":"Paid","damage_taken":0,"relics_obtained":["Red Mask"],"max_hp_gain":0,"max_hp_loss":0,"event_name":"Tomb of Lord Red Mask","floor":46,"gold_loss":131}],"is_beta":false,"boss_relics":[{"not_picked":["Black Star","Empty Cage"],"picked":"Sozu"},{"not_picked":["Busted Crown","Astrolabe"],"picked":"FrozenCore"}],"items_purged_floors":[14],"is_endless":false,"potions_floor_spawned":[5,6,12,13,16,18,19,25,27,36,38,45,48],"killed_by":"Time Eater","ascension_level":4}}