{"host":"smly4hbvzf862lrh","time":1610772602,"event":{"mods":["Arknights The Spire","BaseMod","BetterRewards","Colored Map","Colored Powertips","Highlight Path","Minty Spire (QoL Compilation)","Permanent Neow","Poor People Problems","Relic Stats","Shop Mod","StSLib","The Servant 0.9.4","óô»ðÖ¸ÄÏ"],"gold_per_floor":[12010,12026,11039,11039,11051,11151,11167,11184,11184,11199,11230,10319,10319,10349,9337,9442,9442,9457,9474,9487,8671,8671,8702,8702,8732,8784,8005,8040,8053,7218,6375,6375,6471,6471,6487,6555,6555,6567,6583,6614,5701,5729,5796,5796,4973,4973,5015,5044,4701,4701],"floor_reached":51,"language":"ZHS","playtime":12986,"items_purged":["ats:Defend","ats:Roar Of Ursus+1","ats:Strike S","ats:Defend","ats:Defend","ats:Strike C","ats:Armor Crushing Shot","ats:Defend","ats:Strike G"],"score":900,"play_id":"87aad984-0001-47ae-80bd-35c7fab72e72","local_time":"20210116125002","is_ascension_mode":false,"campfire_choices":[{"data":"1","floor":32,"key":"LIFT"},{"data":"2","floor":46,"key":"LIFT"}],"circlet_count":0,"master_deck":["Metamorphosis+1","ats:Revitalization+1","ats:Sunburst+1","ats:Assault Order+1","ats:Roar Of Ursus+1","ats:Childhood Dance+1","ats:Composite Medical Shells+1","ats:Counter Healing Mode+1","ats:Assault Order+1","ats:Revitalization+1","ats:Healing Strengthening+1","Magnetism+1","ats:Apocalypse+1","ats:Burning Ground+1","ats:Revitalization+1","ats:Chain Hook+1","Master of Strategy+1","ats:Shadow Assault+1","ats:Leaping Hammer+1","ats:Apocalypse+1","ats:Overload+1","ats:Counter Healing Mode+1","ats:Echo Reverb+1","ats:Thorns+1","ats:Apocalypse+1","ats:Healing Strengthening+1","ats:Ignite+1","ats:Apocalypse+1","ats:Revitalization+1","ats:Shell Defense+1","ats:Thorns+1","Brutality+1","Metamorphosis+1","ats:Revitalization+1","Metamorphosis+1","Madness+1","Madness+1","Mayhem+1","ats:Support Order+1","ats:Apocalypse+1"],"relics":["ats:Sanity","Burning Blood","Frozen Egg 2","Molten Egg 2","Toxic Egg 2","Ancient Tea Set","Pear","MerchantsRug","Cauldron","Bottled Flame","ats:Originium","Mummified Hand","ats:Military Tradition","HandDrill","Toy Ornithopter","MealTicket","ClockworkSouvenir","Sundial","Bag of Marbles","Black Star","ats:Hidden Killer","Turnip","Frozen Eye","Enchiridion","Shuriken","Tiny Chest","Torii","Orichalcum","ats:Rhine Circuitry","ats:Berate","Blood Vial","Medical Kit","Blue Candle","Lantern","Strawberry","Girya","Centennial Puzzle","Ornamental Fan","Lee\u0027s Waffle","Coffee Dripper","Gremlin Horn","Gambling Chip","Smiling Mask","Meat on the Bone","ats:Gyao","ats:Cure","Anchor","ats:Industrial Water Cannon","Kunai","Sling","Bottled Tornado","War Paint","ats:Spiritual Recovery","Toolbox"],"acts_visited":["Exordium","TheCity","TheBeyond"],"potions_floor_usage":[3],"damage_taken":[{"damage":13,"enemies":"Jaw Worm","floor":1,"turns":4},{"damage":12,"enemies":"Cultist","floor":2,"turns":5},{"damage":2,"enemies":"Small Slimes","floor":5,"turns":3},{"damage":16,"enemies":"Gremlin Gang","floor":7,"turns":3},{"damage":31,"enemies":"Lots of Slimes","floor":8,"turns":4},{"damage":20,"enemies":"3 Louse","floor":10,"turns":3},{"damage":41,"enemies":"3 Sentries","floor":11,"turns":5},{"damage":22,"enemies":"Lagavulin","floor":14,"turns":5},{"damage":160,"enemies":"Hexaghost","floor":16,"turns":8},{"damage":30,"enemies":"2 Thieves","floor":18,"turns":3},{"damage":31,"enemies":"Shell Parasite","floor":19,"turns":5},{"damage":37,"enemies":"Snake Plant","floor":20,"turns":4},{"damage":39,"enemies":"Book of Stabbing","floor":23,"turns":4},{"damage":79,"enemies":"Gremlin Leader","floor":25,"turns":6},{"damage":45,"enemies":"Book of Stabbing","floor":28,"turns":4},{"damage":1,"enemies":"Centurion and Healer","floor":29,"turns":3},{"damage":28,"enemies":"Champ","floor":33,"turns":7},{"damage":18,"enemies":"Orb Walker","floor":35,"turns":3},{"damage":14,"enemies":"3 Shapes","floor":38,"turns":2},{"damage":30,"enemies":"Spire Growth","floor":39,"turns":5},{"damage":74,"enemies":"Giant Head","floor":40,"turns":7},{"damage":30,"enemies":"4 Shapes","floor":42,"turns":2},{"damage":9,"enemies":"Reptomancer","floor":47,"turns":2},{"damage":7,"enemies":"3 Darklings","floor":48,"turns":2},{"damage":113,"enemies":"Awakened One","floor":50,"turns":6}],"seed_played":"-3071379169325162923","potions_obtained":[{"floor":3,"key":"Fruit Juice"},{"floor":3,"key":"DuplicationPotion"},{"floor":3,"key":"FearPotion"},{"floor":3,"key":"Ancient Potion"},{"floor":10,"key":"FairyPotion"}],"is_trial":false,"path_per_floor":["M","M","$","?","M","?","M","M","T","M","E","$","?","E","R","B",null,"M","M","M","$","?","E","?","E","T","R","E","M","$","$","R","B",null,"M","T","?","M","M","E","R","M","T","?","$","R","E","M","R","B",null],"character_chosen":"DOCTOR_CLASS","items_purchased":["Ancient Tea Set","Pear","ats:Assault Order+1","ats:Roar Of Ursus+1","ats:Childhood Dance+1","MerchantsRug","Cauldron","ats:Military Tradition","HandDrill","Toy Ornithopter","ats:Healing Strengthening+1","Magnetism+1","ClockworkSouvenir","Sundial","Bag of Marbles","ats:Burning Ground+1","ats:Revitalization+1","ats:Chain Hook+1","Master of Strategy+1","ats:Hidden Killer","Turnip","Frozen Eye","ats:Counter Healing Mode+1","ats:Berate","Blood Vial","Medical Kit","ats:Apocalypse+1","ats:Healing Strengthening+1","ats:Ignite+1","Strawberry","Girya","PrismaticShard","ats:Shell Defense+1","Centennial Puzzle","Ornamental Fan","Lee\u0027s Waffle","ats:Thorns+1","Meat on the Bone","ats:Gyao","ats:Cure","ats:Revitalization+1","Metamorphosis+1","ats:Industrial Water Cannon","Kunai","Sling","Mayhem+1","ats:Spiritual Recovery","Toolbox"],"campfire_rested":0,"item_purchase_floors":[3,3,3,3,3,3,3,12,12,12,12,12,15,15,15,15,15,15,15,21,21,21,21,27,27,27,27,27,27,30,30,30,30,31,31,31,31,41,41,41,41,41,45,45,45,45,49,49],"current_hp_per_floor":[343,346,361,361,365,365,360,335,335,321,292,292,292,301,301,192,515,499,505,493,508,492,477,477,466,466,466,471,510,522,529,529,529,529,529,529,529,529,529,512,512,513,513,447,462,462,463,493,493,511],"gold":4701,"neow_bonus":"RANDOM_COLORLESS_2","is_daily":false,"chose_seed":false,"campfire_upgraded":0,"win_rate":0.0,"timestamp":1610772602,"path_taken":["M","M","$","?","?","?","M","?","T","?","E","$","?","E","R","BOSS","M","?","M","?","?","E","?","E","T","R","E","?","?","$","R","BOSS","M","?","?","M","M","E","R","M","T","?","?","R","E","M","R","BOSS"],"items_purchased_type":["Relic","Relic","Card","Card","Card","Relic","Relic","Relic","Relic","Relic","Card","Card","Relic","Relic","Relic","Card","Card","Card","Card","Relic","Relic","Relic","Card","Relic","Relic","Relic","Card","Card","Card","Relic","Relic","Relic","Card","Relic","Relic","Relic","Card","Relic","Relic","Relic","Card","Card","Relic","Relic","Relic","Card","Relic","Relic"],"build_version":"2020-12-22","purchased_purges":9,"victory":true,"max_hp_per_floor":[500,500,515,515,515,515,515,515,515,515,515,515,515,515,515,515,515,515,515,515,515,515,515,515,515,515,515,515,515,522,529,529,529,529,529,529,529,529,529,529,529,529,529,529,529,529,529,529,529,529],"relic_stats":{"Torii":6,"Gremlin Horn":[11,11],"Smiling Mask":425,"Burning Blood":180,"Blood Vial":12,"Centennial Puzzle":[27],"Mummified Hand":[135],"Sundial":[4],"Gambling Chip":[4],"MealTicket":35,"Tiny Chest":1,"HandDrill":[30],"Kunai":[6],"Lee\u0027s Waffle":7,"counters":[25,104],"Blue Candle":[0],"Orichalcum":[114],"War Paint":[],"Medical Kit":[1],"Shuriken":[11],"Ornamental Fan":[44],"Turnip":[4],"Black Star":5,"obtain_stats":[{"Gremlin Horn":36,"Bottled Tornado":47,"Sling":45,"Blood Vial":27,"Centennial Puzzle":31,"Sundial":15,"Strawberry":30,"MealTicket":14,"HandDrill":12,"Kunai":45,"Toxic Egg 2":0,"ats:Rhine Circuitry":26,"MerchantsRug":3,"Girya":30,"Pear":3,"Blue Candle":28,"War Paint":47,"Bottled Flame":9,"Shuriken":23,"Molten Egg 2":0,"Black Star":17,"ats:Military Tradition":12,"Meat on the Bone":41,"ats:Spiritual Recovery":49,"Lantern":28,"Torii":25,"Enchiridion":22,"Ancient Tea Set":3,"PrismaticShard":30,"Smiling Mask":40,"Burning Blood":0,"ClockworkSouvenir":15,"ats:Industrial Water Cannon":45,"Frozen Eye":21,"Mummified Hand":11,"ats:Berate":27,"Gambling Chip":40,"Toolbox":49,"Tiny Chest":23,"ats:Sanity":0,"Lee\u0027s Waffle":31,"ats:Hidden Killer":21,"Frozen Egg 2":0,"Orichalcum":25,"ats:Cure":41,"Medical Kit":27,"ats:Gyao":41,"Cauldron":3,"Anchor":43,"ats:Originium":11,"Ornamental Fan":31,"Turnip":21,"Bag of Marbles":15,"Coffee Dripper":34,"Toy Ornithopter":12},{"Gremlin Horn":18,"Bottled Tornado":23,"Sling":22,"Blood Vial":14,"Centennial Puzzle":16,"Sundial":8,"Strawberry":16,"MealTicket":8,"HandDrill":7,"Kunai":22,"Toxic Egg 2":0,"ats:Rhine Circuitry":14,"MerchantsRug":2,"Girya":16,"Pear":2,"Blue Candle":15,"War Paint":23,"Bottled Flame":5,"Shuriken":13,"Molten Egg 2":0,"Black Star":9,"ats:Military Tradition":7,"Meat on the Bone":21,"ats:Spiritual Recovery":24,"Lantern":15,"Torii":14,"Enchiridion":12,"Ancient Tea Set":2,"PrismaticShard":16,"Smiling Mask":21,"Burning Blood":0,"ClockworkSouvenir":8,"ats:Industrial Water Cannon":22,"Frozen Eye":12,"Mummified Hand":7,"ats:Berate":14,"Gambling Chip":21,"Toolbox":24,"Tiny Chest":13,"ats:Sanity":0,"Lee\u0027s Waffle":16,"ats:Hidden Killer":12,"Frozen Egg 2":0,"Orichalcum":14,"ats:Cure":21,"Medical Kit":14,"ats:Gyao":21,"Cauldron":2,"Anchor":22,"ats:Originium":7,"Ornamental Fan":16,"Turnip":12,"Bag of Marbles":8,"Coffee Dripper":17,"Toy Ornithopter":7},{"Gremlin Horn":79,"Bottled Tornado":96,"Sling":94,"Blood Vial":62,"Centennial Puzzle":69,"Sundial":32,"Strawberry":69,"MealTicket":32,"HandDrill":27,"Kunai":94,"Toxic Egg 2":0,"ats:Rhine Circuitry":62,"MerchantsRug":9,"Girya":69,"Pear":9,"Blue Candle":66,"War Paint":96,"Bottled Flame":19,"Shuriken":56,"Molten Egg 2":0,"Black Star":40,"ats:Military Tradition":27,"Meat on the Bone":92,"ats:Spiritual Recovery":98,"Lantern":66,"Torii":62,"Enchiridion":52,"Ancient Tea Set":9,"PrismaticShard":69,"Smiling Mask":92,"Burning Blood":0,"ClockworkSouvenir":32,"ats:Industrial Water Cannon":94,"Frozen Eye":52,"Mummified Hand":27,"ats:Berate":62,"Gambling Chip":92,"Toolbox":98,"Tiny Chest":56,"ats:Sanity":0,"Lee\u0027s Waffle":69,"ats:Hidden Killer":52,"Frozen Egg 2":0,"Orichalcum":62,"ats:Cure":92,"Medical Kit":62,"ats:Gyao":92,"Cauldron":9,"Anchor":94,"ats:Originium":27,"Ornamental Fan":69,"Turnip":52,"Bag of Marbles":32,"Coffee Dripper":76,"Toy Ornithopter":27}],"Toy Ornithopter":0,"Meat on the Bone":0},"card_choices":[{"not_picked":["Master of Strategy","Secret Weapon"],"picked":"Metamorphosis","floor":0},{"not_picked":["ats:Shell Defense+1","ats:Hammer On+1"],"picked":"ats:Revitalization+1","floor":1},{"not_picked":["ats:Hammer On+1","ats:Encircling Forest+1"],"picked":"ats:Sunburst+1","floor":2},{"not_picked":["ats:Healing Strengthening+1","ats:Curse Doll+1"],"picked":"ats:Composite Medical Shells+1","floor":5},{"not_picked":["ats:Spore Proliferation+1","ats:Powerful Strike+1"],"picked":"ats:Counter Healing Mode+1","floor":7},{"not_picked":["ats:Hammer On+1","ats:Flexible Camouflage+1"],"picked":"ats:Assault Order+1","floor":8},{"not_picked":["ats:Soul Absorption+1","ats:Shell Defense+1"],"picked":"ats:Roar Of Ursus+1","floor":10},{"not_picked":["ats:Curse Doll+1","ats:Consecutive Shot Auto+1"],"picked":"ats:Revitalization+1","floor":11},{"not_picked":["ats:Explosion Area Strengthen+1","ats:Durian+1"],"picked":"ats:Apocalypse+1","floor":14},{"not_picked":["ats:Fractured Body+1","ats:Roar Of Ursus+1"],"picked":"ats:Shadow Assault+1","floor":16},{"not_picked":["ats:Very Hot Blade+1","ats:Soul Absorption+1"],"picked":"ats:Leaping Hammer+1","floor":18},{"not_picked":["ats:Powerful Strike+1","ats:Cat Scratch+1"],"picked":"ats:Apocalypse+1","floor":19},{"not_picked":["ats:Hammer On+1","ats:Powerful Strike+1"],"picked":"ats:Overload+1","floor":20},{"not_picked":["ats:Sunburst+1","ats:Leaping Hammer+1"],"picked":"ats:Echo Reverb+1","floor":23},{"not_picked":["ats:Rapid Magazine+1","ats:Consecutive Shot Auto+1"],"picked":"ats:Thorns+1","floor":25},{"not_picked":["ats:Burning Ground+1","ats:Explosion Area Strengthen+1"],"picked":"ats:Apocalypse+1","floor":28},{"not_picked":["ats:Explosion Area Strengthen+1","ats:Spore Proliferation+1"],"picked":"ats:Revitalization+1","floor":29},{"not_picked":["Omniscience+1","Magnetism+1"],"picked":"Brutality+1","floor":33},{"not_picked":["Clash+1","PathToVictory+1","Acrobatics+1"],"picked":"SKIP","floor":35},{"not_picked":["WheelKick+1","Acrobatics+1","ats:Hammer On+1"],"picked":"SKIP","floor":38},{"not_picked":["Cleave+1","Coolheaded+1","Armaments+1"],"picked":"SKIP","floor":39},{"not_picked":["Blur+1","Unruled+1"],"picked":"Metamorphosis+1","floor":40},{"not_picked":["ats:Ignite+1","ats:Curse Doll+1","ats:Powerful Strike+1"],"picked":"SKIP","floor":42},{"not_picked":["ats:Soul Rend+1","ats:Apocalypse+1"],"picked":"ats:Support Order+1","floor":47},{"not_picked":["ats:Leaping Hammer+1","ats:Steam Pump+1"],"picked":"ats:Apocalypse+1","floor":48}],"player_experience":69974,"relics_obtained":[{"floor":9,"key":"Bottled Flame"},{"floor":11,"key":"ats:Originium"},{"floor":11,"key":"Mummified Hand"},{"floor":14,"key":"ats:Originium"},{"floor":14,"key":"MealTicket"},{"floor":22,"key":"Enchiridion"},{"floor":23,"key":"Shuriken"},{"floor":23,"key":"ats:Originium"},{"floor":23,"key":"Tiny Chest"},{"floor":25,"key":"Torii"},{"floor":25,"key":"Orichalcum"},{"floor":26,"key":"ats:Rhine Circuitry"},{"floor":28,"key":"Blue Candle"},{"floor":28,"key":"Lantern"},{"floor":36,"key":"Gremlin Horn"},{"floor":40,"key":"Gambling Chip"},{"floor":40,"key":"Smiling Mask"},{"floor":43,"key":"Anchor"},{"floor":47,"key":"Bottled Tornado"},{"floor":47,"key":"War Paint"}],"event_choices":[{"cards_removed":["ats:Strike V"],"damage_healed":0,"gold_gain":0,"player_choice":"Offered Basic","damage_taken":0,"max_hp_gain":0,"max_hp_loss":0,"event_name":"Bonfire Elementals","floor":4,"gold_loss":0},{"damage_healed":0,"gold_gain":100,"player_choice":"Pray","damage_taken":0,"max_hp_gain":0,"max_hp_loss":0,"event_name":"Golden Shrine","floor":6,"gold_loss":0},{"damage_healed":0,"gold_gain":0,"player_choice":"Forge","damage_taken":0,"max_hp_gain":0,"max_hp_loss":0,"event_name":"Accursed Blacksmith","floor":13,"gold_loss":0,"cards_upgraded":["ats:Emotion Absorption"]},{"damage_healed":0,"gold_gain":0,"player_choice":"Obtained Book","damage_taken":16,"max_hp_gain":0,"max_hp_loss":0,"event_name":"Cursed Tome","floor":22,"gold_loss":0},{"damage_healed":0,"gold_gain":0,"player_choice":"Ignored","damage_taken":0,"max_hp_gain":0,"max_hp_loss":0,"event_name":"NoteForYourself","floor":24,"gold_loss":0},{"cards_removed":["ats:Emotion Absorption"],"damage_healed":0,"gold_gain":0,"player_choice":"Removed Skill","damage_taken":0,"max_hp_gain":0,"max_hp_loss":0,"event_name":"Falling","floor":37,"gold_loss":0},{"damage_healed":0,"gold_gain":0,"player_choice":"Embrace Madness","damage_taken":66,"max_hp_gain":0,"max_hp_loss":0,"event_name":"Winding Halls","floor":44,"gold_loss":0,"cards_obtained":["Madness","Madness"]}],"is_beta":false,"boss_relics":[{"not_picked":["Fusion Hammer","Runic Dome"],"picked":"Black Star"},{"not_picked":["ats:Omniscience","Empty Cage"],"picked":"Coffee Dripper"}],"items_purged_floors":[3,12,15,21,27,30,31,41,49],"is_endless":false,"potions_floor_spawned":[5,10,14,16,20,28,29,33,35,40,42,48],"ascension_level":0}}