{"host":"dpbt13izwjrcdgd8","time":1610787483,"event":{"mods":["2.2 Compatiblity","BaseMod","Colored Powertips","DeckTracker","Highlight Path","Keyboard Shortcuts","Minty Spire (QoL Compilation)","Quick Restart","StSLib","SuperFastMode"],"gold_per_floor":[109,128,78,96,96,129,129,161,161,161,171,91,101,118,118,216,216,229,248,259,269,50,50,66,66,66],"floor_reached":25,"language":"KOR","playtime":2274,"items_purged":["Strike_R"],"score":228,"play_id":"c3b7efbf-dec6-4bcb-be30-cd295731afbf","local_time":"20210116175803","is_ascension_mode":true,"campfire_choices":[{"data":"Demon Form","floor":7.0,"key":"SMITH"},{"data":"Disarm","floor":10.0,"key":"SMITH"},{"floor":15.0,"key":"REST"},{"data":"True Grit","floor":23.0,"key":"SMITH"}],"circlet_count":0,"master_deck":["Strike_R","Strike_R","Strike_R","Strike_R","Defend_R+1","Defend_R+1","Defend_R","Bash","Wild Strike","Disarm+1","Flex","Demon Form+1","Carnage","Sword Boomerang","Evolve","Body Slam","Feel No Pain","Immolate","Pummel","True Grit+1","Flame Barrier","Fire Breathing+1"],"relics":["Burning Blood","War Paint","Question Card","Pen Nib","White Beast Statue","Black Star","Toy Ornithopter"],"acts_visited":["Exordium","TheCity"],"potions_floor_usage":[],"damage_taken":[{"damage":6.0,"enemies":"Jaw Worm","floor":1.0,"turns":3.0},{"damage":6.0,"enemies":"Cultist","floor":2.0,"turns":3.0},{"damage":0.0,"enemies":"Small Slimes","floor":4.0,"turns":4.0},{"damage":35.0,"enemies":"Lagavulin","floor":6.0,"turns":7.0},{"damage":20.0,"enemies":"Gremlin Nob","floor":8.0,"turns":4.0},{"damage":8.0,"enemies":"3 Louse","floor":11.0,"turns":4.0},{"damage":10.0,"enemies":"Red Slaver","floor":13.0,"turns":4.0},{"damage":9.0,"enemies":"Looter","floor":14.0,"turns":3.0},{"damage":32.0,"enemies":"Hexaghost","floor":16.0,"turns":8.0},{"damage":7.0,"enemies":"Chosen","floor":18.0,"turns":6.0},{"damage":21.0,"enemies":"3 Byrds","floor":19.0,"turns":6.0},{"damage":17.0,"enemies":"Centurion and Healer","floor":20.0,"turns":5.0},{"damage":27.0,"enemies":"Sentry and Sphere","floor":21.0,"turns":5.0},{"damage":35.0,"enemies":"Shelled Parasite and Fungi","floor":24.0,"turns":10.0},{"damage":16,"enemies":"Centurion and Healer","floor":25,"turns":2}],"seed_played":"7263211994621789318","potions_obtained":[{"floor":1.0,"key":"Strength Potion"},{"floor":2.0,"key":"FearPotion"},{"floor":11.0,"key":"FearPotion"},{"floor":13.0,"key":"BloodPotion"},{"floor":14.0,"key":"BloodPotion"},{"floor":16.0,"key":"CultistPotion"},{"floor":18.0,"key":"PowerPotion"},{"floor":19.0,"key":"Block Potion"},{"floor":20.0,"key":"LiquidBronze"},{"floor":24.0,"key":"Regen Potion"}],"is_trial":false,"path_per_floor":["M","M","?","M","T","E","R","E","T","R","M","$","M","M","R","B",null,"M","M","M","M","$","R","M","M"],"character_chosen":"IRONCLAD","items_purchased":["Evolve","Toy Ornithopter"],"campfire_rested":1,"item_purchase_floors":[12,22],"current_hp_per_floor":[80,80,80,80,80,51,51,37,37,37,35,35,31,28,52,42,80,79,64,53,32,32,32,13,0,0],"gold":66,"neow_bonus":"RANDOM_COMMON_RELIC","is_daily":false,"chose_seed":false,"campfire_upgraded":3,"win_rate":0.0,"timestamp":1610787483,"path_taken":["M","M","?","M","?","E","R","E","T","R","M","$","M","M","R","BOSS","M","M","M","?","?","R","M","M"],"items_purchased_type":["Card","Relic"],"build_version":"2020-12-22","purchased_purges":1,"victory":false,"max_hp_per_floor":[80,80,80,80,80,80,80,80,80,80,80,80,80,80,80,80,80,80,80,80,80,80,80,80,80,80],"card_choices":[{"not_picked":["Cleave","Anger"],"picked":"Wild Strike","floor":1.0},{"not_picked":["Clothesline","Wild Strike"],"picked":"Disarm","floor":2.0},{"not_picked":["Armaments","Dual Wield"],"picked":"Flex","floor":4.0},{"not_picked":["Havoc","Flex"],"picked":"Demon Form","floor":6.0},{"not_picked":["Armaments","Blood for Blood","Thunderclap"],"picked":"Carnage","floor":8.0},{"not_picked":["Dropkick","Dark Embrace","Pommel Strike"],"picked":"Sword Boomerang","floor":11.0},{"not_picked":["Clothesline","Dropkick","Uppercut"],"picked":"Body Slam","floor":13.0},{"not_picked":["Disarm","Thunderclap","Clothesline"],"picked":"Feel No Pain","floor":14.0},{"not_picked":["Demon Form","Double Tap","Bludgeon"],"picked":"Immolate","floor":16.0},{"not_picked":["Rage","Shrug It Off+1","Battle Trance"],"picked":"Pummel","floor":18.0},{"not_picked":["Battle Trance","Sword Boomerang","Uppercut"],"picked":"True Grit","floor":19.0},{"not_picked":["Body Slam","Spot Weakness","Rupture"],"picked":"Flame Barrier","floor":20.0},{"not_picked":["Havoc","Iron Wave","True Grit"],"picked":"Fire Breathing+1","floor":21.0},{"not_picked":["Fire Breathing","Rupture","Cleave+1","Infernal Blade"],"picked":"SKIP","floor":24.0}],"player_experience":168134,"relics_obtained":[{"floor":6.0,"key":"Question Card"},{"floor":8.0,"key":"Pen Nib"},{"floor":9.0,"key":"White Beast Statue"}],"event_choices":[{"cards_removed":["Defend_R"],"damage_healed":0.0,"max_hp_gain":0.0,"max_hp_loss":0.0,"gold_gain":0.0,"event_name":"The Cleric","player_choice":"Card Removal","floor":3.0,"gold_loss":50.0,"damage_taken":0.0}],"is_beta":false,"boss_relics":[{"not_picked":["Coffee Dripper","Tiny House"],"picked":"Black Star"}],"items_purged_floors":[22],"is_endless":false,"potions_floor_spawned":[1,2,11,13,14,16,18,19,20,21,24],"killed_by":"Centurion and Healer","ascension_level":1}}