{"host":"2gke39v5r4v8gacc","time":1610773877,"event":{"mods":["BaseMod","KinomotoSakuraMod(ƒæ÷Æ±æ”£)","Koishi","Marisa£®ÏF”Í°°ƒß¿Ì…≥£©","Minty Spire (QoL Compilation)","Prisma Mod","StSLib","Td1madao Mod","The Bug Knight","Youmu£®ªÍ∆«—˝√Œ£©","Yuri Mod"],"gold_per_floor":[129,159,216,255,315,402,432,531,531,105,186,216,216,276,276,588,588,636,687,720,820,109,205,235,235,235,322,406,481,556,357,357,651,651,705,867,879,948,1028,1145,1157,1205,1263,1326,557,596,20,20,20,20],"floor_reached":51,"language":"ZHS","playtime":3588,"items_purged":["Pain"],"score":1151,"play_id":"bbb4c675-cc71-429e-861e-cc53ce666c4a","local_time":"20210116131117","daily_mods":["SealedDeck","Vintage","Colorless Cards","Heirloom","Time Dilation","Flight","Midas"],"is_ascension_mode":false,"campfire_choices":[{"floor":15.0,"key":"REST"},{"floor":25.0,"key":"DIG"},{"floor":32,"key":"DIG"},{"floor":41,"key":"DIG"},{"floor":49,"key":"DIG"}],"circlet_count":0,"master_deck":["Swift Strike+1","PrismaMod:MiyuEvokeCheapAttack","PrismaMod:MiyuAttackChannelAttack","PrismaMod:MiyuUberAOEAttack","PrismaMod:MiyuUncommonDexBuff","PrismaMod:MiyuCheapChannelAttack","Jack Of All Trades","PrismaMod:MiyuUberAOEAttack","PrismaMod:MiyuUncommonDexBuff","PrismaMod:MiyuCheapChannelVul+1","Sadistic Nature","Madness+1","Secret Technique+1","PrismaMod:MiyuCarnivalAttack","PrismaMod:MiyuAttackChannelVul","PrismaMod:MiyuEvokeAllAttack","PrismaMod:MiyuOrbIncreasePerm+1","Good Instincts+1","Secret Technique+1","PrismaMod:MiyuUncommonDexBuff+1","PrismaMod:MiyuDefenseAbsorbMinor+1","PrismaMod:MiyuMaid+1","PrismaMod:MiyuAttackChannelVul+1","Deep Breath+1","PrismaMod:MiyuUncommonDexBuff+1","Metamorphosis+1","PrismaMod:MiyuUberAttack+1","PrismaMod:MiyuCheapAttack1+1","PrismaMod:MiyuUberAOEAttack+1","PrismaMod:MiyuAttackChannelVul+1","PrismaMod:MiyuEvokeCheapAttack+1","PrismaMod:MiyuCommonAOEAttack+1","PrismaMod:MiyuUncommonAttack+1","PrismaMod:MiyuCheapEvoke+1","PrismaMod:MiyuCheapChannelWeak+1","PrismaMod:MiyuCheapChannelWeak+1","PrismaMod:MiyuOrbIncreasePerm+1","PrismaMod:MiyuUncommonAOEAttack+1","PrismaMod:MiyuCheapChannelWeak+1","PrismaMod:MiyuUncommonDexBuff+1","PrismaMod:MiyuUncommonStrBuff+1","Madness+1","Madness+1"],"relics":["PrismaMod:PrismaSapphire","TungstenRod","PreservedInsect","Mercury Hourglass","Oddly Smooth Stone","Eternal Feather","Calipers","Toxic Egg 2","InkBottle","Anchor","Prayer Wheel","HornCleat","HollowMod:PaleOreRelic","Ancient Tea Set","Kunai","Regal Pillow","Runic Dome","Bronze Scales","Sundial","The Courier","Frozen Egg 2","Whetstone","Mummified Hand","HollowMod:LifeEnderRelic","Shovel","Art of War","Singing Bowl","Orichalcum","Gremlin Horn","Akabeko","Happy Flower","Toolbox","MealTicket","Astrolabe","MawBank","Ice Cream","WarpedTongs","HollowMod:StagPassRelic","Bag of Preparation","Omamori","Blood Vial","Potion Belt","Smiling Mask","Vajra","yuri:PortableGlitches","Pen Nib","Bottled Tornado","Molten Egg 2","Du-Vu Doll"],"acts_visited":["Exordium","TheCity","TheBeyond"],"potions_floor_usage":[39,44,44,45,50,50,50],"damage_taken":[{"damage":0.0,"enemies":"Small Slimes","floor":1.0,"turns":2.0},{"damage":0.0,"enemies":"2 Louse","floor":2.0,"turns":2.0},{"damage":0.0,"enemies":"Cultist","floor":3.0,"turns":2.0},{"damage":3.0,"enemies":"3 Louse","floor":4.0,"turns":2.0},{"damage":5.0,"enemies":"Red Slaver","floor":5.0,"turns":2.0},{"damage":0.0,"enemies":"Lagavulin","floor":6.0,"turns":2.0},{"damage":4.0,"enemies":"Lots of Slimes","floor":7.0,"turns":2.0},{"damage":8.0,"enemies":"3 Sentries","floor":8.0,"turns":2.0},{"damage":0.0,"enemies":"Gremlin Nob","floor":11.0,"turns":2.0},{"damage":0.0,"enemies":"Large Slime","floor":12.0,"turns":3.0},{"damage":0.0,"enemies":"3 Louse","floor":14.0,"turns":1.0},{"damage":0.0,"enemies":"Slime Boss","floor":16.0,"turns":5.0},{"damage":0.0,"enemies":"Chosen","floor":18.0,"turns":3.0},{"damage":0.0,"enemies":"Shell Parasite","floor":19.0,"turns":3.0},{"damage":6.0,"enemies":"Cultist and Chosen","floor":20.0,"turns":4.0},{"damage":0.0,"enemies":"Gremlin Leader","floor":23.0,"turns":2.0},{"damage":0.0,"enemies":"3 Cultists","floor":24.0,"turns":3.0},{"damage":14.0,"enemies":"HollowMod:Nosk","floor":27.0,"turns":4.0},{"damage":1.0,"enemies":"Book of Stabbing","floor":28.0,"turns":3.0},{"damage":3,"enemies":"Gremlin Leader","floor":29,"turns":3},{"damage":0,"enemies":"Book of Stabbing","floor":30,"turns":3},{"damage":3,"enemies":"Champ","floor":33,"turns":4},{"damage":0,"enemies":"Orb Walker","floor":35,"turns":2},{"damage":7,"enemies":"Mind Bloom Boss Battle","floor":36,"turns":4},{"damage":0,"enemies":"3 Darklings","floor":38,"turns":1},{"damage":0,"enemies":"Transient","floor":39,"turns":4},{"damage":0,"enemies":"Reptomancer","floor":40,"turns":3},{"damage":0,"enemies":"Sphere and 2 Shapes","floor":42,"turns":2},{"damage":0,"enemies":"4 Shapes","floor":44,"turns":1},{"damage":0,"enemies":"Spire Growth","floor":46,"turns":2},{"damage":24,"enemies":"Awakened One","floor":50,"turns":5}],"seed_played":"-4432736866937944930","potions_obtained":[{"floor":1.0,"key":"GamblersBrew"},{"floor":4.0,"key":"Energy Potion"},{"floor":11.0,"key":"SpeedPotion"},{"floor":16.0,"key":"Weak Potion"},{"floor":18.0,"key":"AttackPotion"},{"floor":24.0,"key":"LiquidMemories"},{"floor":29,"key":"Energy Potion"},{"floor":33,"key":"Swift Potion"},{"floor":38,"key":"LiquidMemories"},{"floor":46,"key":"EssenceOfSteel"}],"is_trial":true,"path_per_floor":["M","M","M","M","M","E","M","E","T","$","E","M","?","M","R","B",null,"M","M","M","?","$","E","M","R","T","E","E","E","E","$","R","B",null,"M","?","?","M","M","E","R","M","T","M","$","M","$","?","R","B",null],"character_chosen":"MIYU","items_purchased":["Sadistic Nature","HornCleat","Frozen Egg 2","PrismaMod:MiyuCarnivalAttack","PrismaMod:MiyuAttackChannelVul","PrismaMod:MiyuEvokeAllAttack","Whetstone","Mummified Hand","Toolbox","Blind+1","yuri:PortableGlitches","Pen Nib","Bottled Tornado","AttackPotion","Fruit Juice","AttackPotion","PrismaMod:MiyuUberAttack","PrismaMod:MiyuCheapAttack1","PrismaMod:MiyuUberAOEAttack+1","PrismaMod:MiyuAttackChannelVul+1","PrismaMod:MiyuEvokeCheapAttack+1","PrismaMod:MiyuCommonAOEAttack+1","PrismaMod:MiyuUncommonAttack+1","PrismaMod:MiyuCheapEvoke+1","PrismaMod:MiyuCheapChannelWeak+1","PrismaMod:MiyuCheapChannelWeak+1","PrismaMod:MiyuOrbIncreasePerm+1","PrismaMod:MiyuUncommonAOEAttack+1","PrismaMod:MiyuCheapChannelWeak+1","PrismaMod:MiyuUncommonDexBuff+1","PrismaMod:MiyuUncommonStrBuff+1"],"campfire_rested":1,"item_purchase_floors":[10,10,22,22,22,22,22,22,31,31,45,45,45,45,45,45,45,45,47,47,47,47,47,47,47,47,47,47,47,47,47],"current_hp_per_floor":[75,75,75,75,70,74,70,66,66,66,66,66,57,57,75,75,75,75,75,69,69,69,69,75,75,75,63,62,63,63,63,75,74,77,77,70,70,70,70,70,77,77,77,77,82,82,82,73,82,58],"gold":20,"neow_bonus":"","is_daily":false,"chose_seed":false,"campfire_upgraded":0,"win_rate":0.0,"timestamp":1610773877,"path_taken":["M","M","M","M","M","E","M","E","T","$","E","M","?","M","R","BOSS","M","M","M","?","$","E","M","R","T","E","E","E","E","$","R","BOSS","M","?","?","?","?","E","R","M","T","M","$","M","$","?","R","BOSS"],"items_purchased_type":["Card","Relic","Relic","Card","Card","Card","Relic","Relic","Relic","Card","Relic","Relic","Relic","Potion","Potion","Potion","Card","Card","Card","Card","Card","Card","Card","Card","Card","Card","Card","Card","Card","Card","Card"],"build_version":"2020-12-22","purchased_purges":1,"victory":true,"max_hp_per_floor":[75,75,75,75,75,75,75,75,75,75,75,75,75,75,75,75,75,75,75,75,75,75,75,75,75,75,77,77,77,77,77,77,77,77,77,77,77,77,77,77,77,77,77,77,82,82,82,82,82,82],"card_choices":[{"not_picked":["PrismaMod:MiyuEvokeCheapAttack","PrismaMod:MiyuCheapStrBuff"],"picked":"PrismaMod:MiyuCheapChannelVul+1","floor":6.0},{"not_picked":["PrismaMod:MiyuEvokeBuffStr+1","PrismaMod:MiyuUncommonDexBuff"],"picked":"PrismaMod:MiyuEvokeBuffDex+1","floor":8.0},{"not_picked":["PrismaMod:MiyuCheapStrBuff","PrismaMod:MiyuUncommonDexBuff"],"picked":"Madness+1","floor":11.0},{"not_picked":["Metamorphosis+1","PrismaMod:MiyuChannelDefendEvoke+1"],"picked":"Secret Technique+1","floor":16.0},{"not_picked":["PrismaMod:MiyuMaid+1","PrismaMod:MiyuUberAttack+1"],"picked":"PrismaMod:MiyuOrbIncreasePerm+1","floor":23.0},{"not_picked":["PrismaMod:MiyuCheapChannelWeak+1","PrismaMod:MiyuCheapAttack1","PrismaMod:MiyuUberAttack"],"picked":"Singing Bowl","floor":27.0},{"not_picked":["PrismaMod:MiyuCheapStrBuff+1","PrismaMod:MiyuUncommonAOEAttack"],"picked":"Good Instincts+1","floor":28},{"not_picked":["Good Instincts+1","PrismaMod:MiyuCheapAttack1"],"picked":"Secret Technique+1","floor":29},{"not_picked":["PrismaMod:MiyuCommonAOEAttack+1","PrismaMod:MiyuUberAttack"],"picked":"PrismaMod:MiyuUncommonDexBuff+1","floor":30},{"not_picked":["PrismaMod:MiyuChannelAttackEvoke","Secret Weapon+1"],"picked":"PrismaMod:MiyuDefenseAbsorbMinor+1","floor":33},{"not_picked":["PrismaMod:MiyuCheapChannelWeak+1","PrismaMod:MiyuCheapDexBuff+1"],"picked":"PrismaMod:MiyuUncommonDexBuff+1","floor":36},{"not_picked":["PrismaMod:MiyuEvokeBuffStr+1","PrismaMod:MiyuEvokeAllAttack"],"picked":"Metamorphosis+1","floor":40}],"player_experience":527125,"relics_obtained":[{"floor":1.0,"key":"PreservedInsect"},{"floor":2.0,"key":"Mercury Hourglass"},{"floor":3.0,"key":"Oddly Smooth Stone"},{"floor":4.0,"key":"Eternal Feather"},{"floor":5.0,"key":"Calipers"},{"floor":6.0,"key":"Toxic Egg 2"},{"floor":7.0,"key":"InkBottle"},{"floor":8.0,"key":"Anchor"},{"floor":9.0,"key":"Prayer Wheel"},{"floor":11.0,"key":"HollowMod:PaleOreRelic"},{"floor":12.0,"key":"Ancient Tea Set"},{"floor":14.0,"key":"Regal Pillow"},{"floor":18.0,"key":"Bronze Scales"},{"floor":19.0,"key":"Sundial"},{"floor":20.0,"key":"The Courier"},{"floor":23.0,"key":"HollowMod:LifeEnderRelic"},{"floor":24.0,"key":"Shovel"},{"floor":25.0,"key":"Art of War"},{"floor":26.0,"key":"Singing Bowl"},{"floor":27.0,"key":"Orichalcum"},{"floor":28,"key":"Gremlin Horn"},{"floor":29,"key":"Akabeko"},{"floor":30,"key":"Happy Flower"},{"floor":32,"key":"MealTicket"},{"floor":35,"key":"MawBank"},{"floor":36,"key":"Ice Cream"},{"floor":38,"key":"HollowMod:StagPassRelic"},{"floor":39,"key":"Bag of Preparation"},{"floor":40,"key":"Omamori"},{"floor":41,"key":"Blood Vial"},{"floor":42,"key":"Potion Belt"},{"floor":43,"key":"Smiling Mask"},{"floor":44,"key":"Vajra"},{"floor":46,"key":"Molten Egg 2"},{"floor":49,"key":"Du-Vu Doll"}],"event_choices":[{"damage_healed":0.0,"max_hp_gain":0.0,"max_hp_loss":0.0,"gold_gain":0.0,"event_name":"Scrap Ooze","player_choice":"Success","floor":13.0,"gold_loss":0.0,"damage_taken":12.0,"relics_obtained":["Kunai"]},{"damage_healed":0.0,"max_hp_gain":0.0,"max_hp_loss":0.0,"gold_gain":100.0,"event_name":"Golden Shrine","player_choice":"Pray","floor":21.0,"gold_loss":0.0,"damage_taken":0.0},{"damage_healed":0,"gold_gain":0,"player_choice":"Fight","damage_taken":0,"max_hp_gain":0,"max_hp_loss":0,"event_name":"MindBloom","floor":36,"gold_loss":0},{"damage_healed":0,"gold_gain":0,"player_choice":"Rummage","damage_taken":0,"relics_obtained":["WarpedTongs"],"max_hp_gain":0,"max_hp_loss":0,"event_name":"Accursed Blacksmith","floor":37,"gold_loss":0,"cards_obtained":["Pain"]},{"damage_healed":0,"gold_gain":0,"player_choice":"Embrace Madness","damage_taken":10,"max_hp_gain":0,"max_hp_loss":0,"event_name":"Winding Halls","floor":48,"gold_loss":0,"cards_obtained":["Madness","Madness"]}],"is_beta":false,"boss_relics":[{"not_picked":["Snecko Eye","Cursed Key"],"picked":"Runic Dome"},{"not_picked":["Velvet Choker","SacredBark"],"picked":"Astrolabe"}],"items_purged_floors":[45],"is_endless":false,"potions_floor_spawned":[1,4,6,11,16,18,24,29,33,36,38,46],"ascension_level":0}}