{"host":"2qv44oxt58ptq59r","time":1610815652,"event":{"mods":["AchievementEnabler","BaseMod","Colored Powertips","Highlight Path","Minty Spire (QoL Compilation)","Permanent Neow","StSLib"],"gold_per_floor":[110,35,47,47,64,64,99,115,115,131,146,9,9,19,19,119,169,185,100,132,132,132],"floor_reached":21,"language":"ENG","playtime":2684,"items_purged":[],"score":215,"play_id":"b47b51e9-e03a-4ef0-806d-3c8498218ec1","local_time":"20210116164732","is_ascension_mode":true,"campfire_choices":[{"data":"Bash","floor":6,"key":"SMITH"},{"floor":15,"key":"REST"}],"circlet_count":0,"master_deck":["Strike_R","Strike_R","Strike_R","Strike_R","Strike_R","Defend_R","Defend_R","Defend_R+1","Defend_R","Bash+1","Feel No Pain","Intimidate","Sword Boomerang","Pommel Strike","Spot Weakness","Blood for Blood","Feed","Disarm","Shrug It Off"],"relics":["Burning Blood","Bag of Marbles","Art of War","Potion Belt","Tiny House","HornCleat","Red Mask"],"acts_visited":["Exordium","TheCity"],"potions_floor_usage":[4,7,7,8,14,18,20],"damage_taken":[{"damage":6,"enemies":"Cultist","floor":1,"turns":3},{"damage":12,"enemies":"Small Slimes","floor":3,"turns":3},{"damage":2,"enemies":"2 Louse","floor":5,"turns":2},{"damage":25,"enemies":"Gremlin Nob","floor":7,"turns":4},{"damage":12,"enemies":"Exordium Thugs","floor":8,"turns":4},{"damage":24,"enemies":"Large Slime","floor":10,"turns":8},{"damage":9,"enemies":"2 Fungi Beasts","floor":11,"turns":2},{"damage":8,"enemies":"Gremlin Gang","floor":14,"turns":6},{"damage":60,"enemies":"The Guardian","floor":16,"turns":10},{"damage":21,"enemies":"2 Thieves","floor":18,"turns":4},{"damage":61,"enemies":"Masked Bandits","floor":20,"turns":6},{"damage":34,"enemies":"Spheric Guardian","floor":21,"turns":5}],"seed_played":"2186029813465249813","potions_obtained":[{"floor":3,"key":"BloodPotion"},{"floor":4,"key":"Strength Potion"},{"floor":4,"key":"SkillPotion"},{"floor":4,"key":"SpeedPotion"},{"floor":8,"key":"FairyPotion"},{"floor":16,"key":"Swift Potion"},{"floor":17,"key":"EssenceOfSteel"}],"is_trial":false,"path_per_floor":["M","$","M","?","M","R","E","M","T","M","M","$","?","M","R","B",null,"M","?","?","M"],"character_chosen":"IRONCLAD","items_purchased":["Intimidate","Fruit Juice","Blood for Blood"],"campfire_rested":1,"item_purchase_floors":[2,12,12],"current_hp_per_floor":[80,80,74,80,80,80,61,55,55,37,34,34,26,29,54,26,90,78,78,26,0,0],"gold":132,"neow_bonus":"RANDOM_COMMON_RELIC","is_daily":false,"chose_seed":false,"campfire_upgraded":1,"win_rate":0.0,"timestamp":1610815652,"path_taken":["M","?","M","?","M","R","E","?","T","M","M","$","?","M","R","BOSS","M","?","?","M"],"items_purchased_type":["Card","Potion","Card"],"build_version":"2020-12-22","purchased_purges":0,"victory":false,"max_hp_per_floor":[80,80,80,80,80,80,80,80,80,80,80,80,80,85,85,85,90,93,93,96,96,96],"card_choices":[{"not_picked":["Cleave","Iron Wave"],"picked":"Feel No Pain","floor":1},{"not_picked":["Infernal Blade","Warcry"],"picked":"Sword Boomerang","floor":3},{"not_picked":["Sword Boomerang","Bloodletting"],"picked":"Pommel Strike","floor":5},{"not_picked":["Clothesline","Pommel Strike","Heavy Blade"],"picked":"SKIP","floor":7},{"not_picked":["Double Tap","Entrench","Pummel"],"picked":"SKIP","floor":8},{"not_picked":["Sword Boomerang","Hemokinesis"],"picked":"Spot Weakness","floor":10},{"not_picked":["Twin Strike","Thunderclap","Anger"],"picked":"SKIP","floor":11},{"not_picked":["True Grit","Infernal Blade","Warcry"],"picked":"SKIP","floor":14},{"not_picked":["Reaper","Barricade"],"picked":"Feed","floor":16},{"not_picked":["Second Wind","Cleave"],"picked":"Disarm","floor":17},{"not_picked":["Flex","Anger+1"],"picked":"Shrug It Off","floor":18}],"player_experience":5372024,"relics_obtained":[{"floor":7,"key":"Art of War"},{"floor":9,"key":"Potion Belt"},{"floor":20,"key":"Red Mask"}],"event_choices":[{"damage_healed":0,"gold_gain":0,"player_choice":"Got Potions","damage_taken":0,"max_hp_gain":0,"max_hp_loss":0,"event_name":"Lab","floor":4,"gold_loss":0},{"damage_healed":0,"gold_gain":0,"player_choice":"Damaged","damage_taken":8,"max_hp_gain":0,"max_hp_loss":0,"event_name":"Wheel of Change","floor":13,"gold_loss":0},{"damage_healed":0,"gold_gain":0,"player_choice":"Obtained Relic","damage_taken":0,"relics_obtained":["HornCleat"],"max_hp_gain":0,"max_hp_loss":0,"event_name":"Addict","floor":19,"gold_loss":85},{"damage_healed":0,"gold_gain":0,"player_choice":"Fought Bandits","damage_taken":0,"max_hp_gain":0,"max_hp_loss":0,"event_name":"Masked Bandits","floor":20,"gold_loss":0}],"is_beta":false,"boss_relics":[{"not_picked":["Runic Pyramid","Cursed Key"],"picked":"Tiny House"}],"items_purged_floors":[],"is_endless":false,"potions_floor_spawned":[3,8,16],"killed_by":"Spheric Guardian","ascension_level":1}}