{"host":"z9grmtg2w0nmz8n1","time":1610761311,"event":{"mods":["Aspiration","BaseMod","Better Altar","Better Match","Better Note","Better Sensory Stone","Better Skull","Better Third Choice","BetterRewards","Clawfect","Colored Map","Conspire","GifTheSpireLib","Halation","Highlight Path","Hubris","Hunter ??","Jedi Mod","Minty Spire (QoL Compilation)","Permanent Neow","Replay The Spire","Shop Mod","Spicy Shops","StSLib","Stuff the Spire","The Runesmith"],"gold_per_floor":[117,42,60,75,92,119,119,146,170,184,197,197,197,231,231,350,350,363,376,85,45,45,45,45],"floor_reached":23,"language":"ENG","playtime":928,"items_purged":["Fission","Defend_B","Defend_B"],"score":299,"play_id":"f69205c8-a133-4135-9f33-80944222f0f4","local_time":"20210115234151","is_ascension_mode":true,"campfire_choices":[{"floor":7,"key":"REST"},{"floor":12,"key":"REST"},{"floor":15,"key":"RECALL"}],"circlet_count":0,"master_deck":["Gash","Gash","Gash+1","Gash","Gash","Defend_B","Defend_B","Gash","Clawfect:ScrapingClaw","BootSequence","Leap","Clawfect:Clawter","Clawfect:ClawForTheEyes","Conserve Battery+1","jedi:BurstDark"],"relics":["Clawfect:DRClaw","Ornamental Fan","Happy Flower","Golden Idol","halation:Toothbrush","Replay:Bronze Core"],"acts_visited":["Exordium","TheCity"],"potions_floor_usage":[6,16,16,19],"damage_taken":[{"damage":1,"enemies":"Jaw Worm","floor":1,"turns":3},{"damage":10,"enemies":"Small Slimes","floor":3,"turns":4},{"damage":3,"enemies":"2 Louse","floor":4,"turns":3},{"damage":7,"enemies":"Large Slime","floor":5,"turns":5},{"damage":34,"enemies":"Gremlin Nob","floor":6,"turns":5},{"damage":18,"enemies":"3 Sentries","floor":8,"turns":7},{"damage":7,"enemies":"Exordium Wildlife","floor":10,"turns":5},{"damage":3,"enemies":"Looter","floor":11,"turns":5},{"damage":7,"enemies":"Gremlin Nob","floor":14,"turns":5},{"damage":0,"enemies":"The Guardian","floor":16,"turns":10},{"damage":32,"enemies":"3 Byrds","floor":18,"turns":6},{"damage":0,"enemies":"Chosen","floor":19,"turns":4},{"damage":51,"enemies":"Slavers","floor":23,"turns":4}],"seed_played":"6870271090204918629","potions_obtained":[{"floor":4,"key":"jedi:StrikingPotion"},{"floor":8,"key":"Flashbang"},{"floor":10,"key":"LifebloodPotion"},{"floor":14,"key":"FocusPotion"},{"floor":16,"key":"Strength Potion"},{"floor":18,"key":"Swift Potion"}],"is_trial":false,"path_per_floor":["M","$","M","M","M","E","R","E","T","M","M","R","?","E","R","B",null,"M","M","$","?","?","E"],"character_chosen":"DEFECT","items_purchased":["Conserve Battery"],"campfire_rested":2,"item_purchase_floors":[20],"current_hp_per_floor":[74,74,64,61,54,20,42,24,24,17,14,36,36,29,29,29,69,37,37,43,43,46,0,0],"gold":45,"neow_bonus":"ONE_RANDOM_RARE_CARD","is_daily":false,"chose_seed":false,"campfire_upgraded":0,"win_rate":0.0,"timestamp":1610761311,"path_taken":["M","$","M","M","M","E","R","E","T","M","M","R","?","E","R","BOSS","M","M","$","?","?","E"],"items_purchased_type":["Card"],"build_version":"2020-12-22","purchased_purges":3,"victory":false,"max_hp_per_floor":[75,75,75,75,75,75,75,75,75,75,75,75,69,69,69,69,69,69,69,75,75,78,78,78],"card_choices":[{"not_picked":["Redo","aspiration:Polymerization"],"picked":"Gash","floor":1},{"not_picked":["Clawfect:ClawpileDriver","Clawfect:ClawingBeam","Hologram"],"picked":"SKIP","floor":3},{"not_picked":["Clawfect:ClawForTheEyes","Panic Button"],"picked":"Clawfect:ScrapingClaw","floor":4},{"not_picked":["Clawfect:ClawAndGloom","White Noise","ReplayTheSpireMod:Repulse"],"picked":"SKIP","floor":5},{"not_picked":["jedi:studyfrost","jedi:blockon"],"picked":"BootSequence","floor":6},{"not_picked":["Darkness","Heatsinks","Recycle"],"picked":"SKIP","floor":8},{"not_picked":["Stack","Rebound","Reprogram"],"picked":"SKIP","floor":10},{"not_picked":["StuffTheSpire:LoadUp","Consume"],"picked":"Leap","floor":11},{"not_picked":["ReplaySolidLightProjector","Panic Button"],"picked":"Clawfect:Clawter","floor":14},{"not_picked":["StuffTheSpire:NuclearReactor","Rebound"],"picked":"Clawfect:ClawForTheEyes","floor":18},{"not_picked":["Time Bomb","ReplaySolidLightProjector","ReplayTheSpireMod:Repulse+1"],"picked":"SKIP","floor":19}],"player_experience":819691,"relics_obtained":[{"floor":6,"key":"Ornamental Fan"},{"floor":8,"key":"Happy Flower"},{"floor":14,"key":"halation:Toothbrush"}],"event_choices":[{"damage_healed":0,"gold_gain":0,"player_choice":"Lose Max HP","damage_taken":0,"relics_obtained":["Golden Idol"],"max_hp_gain":0,"max_hp_loss":6,"event_name":"Golden Idol","floor":13,"gold_loss":0},{"damage_healed":0,"gold_gain":0,"player_choice":"Upgraded Two","damage_taken":0,"max_hp_gain":0,"max_hp_loss":0,"event_name":"Designer","floor":21,"gold_loss":40,"cards_upgraded":["Conserve Battery","Gash"]},{"damage_healed":0,"gold_gain":0,"cards_transformed":["Defend_B"],"player_choice":"Transformed","damage_taken":0,"max_hp_gain":0,"max_hp_loss":0,"event_name":"Transmorgrifier","floor":22,"gold_loss":0,"cards_obtained":["jedi:BurstDark"]}],"is_beta":false,"boss_relics":[{"not_picked":["aspiration:Stellarator","jedi:paperlyon"],"picked":"Replay:Bronze Core"}],"items_purged_floors":[2,20,20],"is_endless":false,"potions_floor_spawned":[4,8,10,14,16,18],"killed_by":"Slavers","ascension_level":1}}