{"host":"7rmsgc3rayi00cdt","time":1610825637,"event":{"mods":["BaseMod","Minty Spire (QoL Compilation)"],"gold_per_floor":[113,113,128,140,105,105,130,130,130,130,280,305,380,391,391,391,391],"floor_reached":16,"language":"ENG","playtime":418,"items_purged":[],"score":200,"play_id":"51f53e3b-e726-48f9-861b-8ea5d49b814b","local_time":"20210116193357","is_ascension_mode":true,"campfire_choices":[{"data":"Zap","floor":6,"key":"SMITH"},{"floor":8,"key":"REST"},{"floor":10,"key":"REST"},{"floor":15,"key":"REST"}],"circlet_count":0,"master_deck":["AscendersBane","Strike_B","Strike_B","Strike_B","Defend_B","Defend_B","Defend_B","Defend_B","Zap+1","Dualcast","Madness","Leap","Streamline","Ball Lightning","Gash","Doubt","Ball Lightning","Redo"],"relics":["Cracked Core","StoneCalendar","WingedGreaves","Dream Catcher"],"acts_visited":["Exordium"],"potions_floor_usage":[16],"damage_taken":[{"damage":1,"enemies":"Cultist","floor":1,"turns":3},{"damage":11,"enemies":"Small Slimes","floor":3,"turns":4},{"damage":0,"enemies":"2 Louse","floor":4,"turns":3},{"damage":36,"enemies":"3 Sentries","floor":7,"turns":10},{"damage":41,"enemies":"Lagavulin","floor":12,"turns":6},{"damage":5,"enemies":"Large Slime","floor":14,"turns":6},{"damage":36,"enemies":"The Guardian","floor":16,"turns":7}],"seed_played":"-5911777609396103475","potions_obtained":[{"floor":7,"key":"PotionOfCapacity"},{"floor":14,"key":"DistilledChaos"}],"is_trial":false,"path_per_floor":["M","?","M","M","?","R","E","R","T","R","?","E","?","M","R","B"],"character_chosen":"DEFECT","items_purchased":[],"campfire_rested":3,"item_purchase_floors":[],"current_hp_per_floor":[63,56,45,45,62,62,26,47,47,68,68,27,16,11,32,0,0],"gold":391,"neow_bonus":"RANDOM_COLORLESS","is_daily":false,"chose_seed":false,"campfire_upgraded":1,"win_rate":0.0,"timestamp":1610825637,"path_taken":["M","?","M","M","?","R","E","R","T","R","?","E","?","M","R","BOSS"],"items_purchased_type":[],"build_version":"2020-12-22","purchased_purges":0,"victory":false,"max_hp_per_floor":[71,71,71,71,71,71,71,71,71,71,71,71,71,71,71,71,71],"card_choices":[{"not_picked":["Deep Breath","PanicButton"],"picked":"Madness","floor":0},{"not_picked":["Hologram","Melter"],"picked":"Leap","floor":1},{"not_picked":["Fusion","Doom and Gloom"],"picked":"Streamline","floor":3},{"not_picked":["Coolheaded","Sunder"],"picked":"Ball Lightning","floor":4},{"not_picked":["Streamline","Double Energy"],"picked":"Gash","floor":7},{"not_picked":["Cold Snap","Fusion"],"picked":"Ball Lightning","floor":12},{"not_picked":["Chaos","Turbo"],"picked":"Redo","floor":14}],"player_experience":771603,"relics_obtained":[{"floor":7,"key":"StoneCalendar"},{"floor":9,"key":"WingedGreaves"},{"floor":12,"key":"Dream Catcher"}],"event_choices":[{"cards_removed":["Strike_B"],"damage_healed":0,"gold_gain":0,"player_choice":"Card Removal","damage_taken":7,"max_hp_gain":0,"max_hp_loss":0,"event_name":"Golden Wing","floor":2,"gold_loss":0},{"damage_healed":17,"gold_gain":0,"player_choice":"Healed","damage_taken":0,"max_hp_gain":0,"max_hp_loss":0,"event_name":"The Cleric","floor":5,"gold_loss":35},{"damage_healed":0,"gold_gain":150,"player_choice":"AGREE","damage_taken":0,"max_hp_gain":0,"max_hp_loss":0,"event_name":"Liars Game","floor":11,"gold_loss":0,"cards_obtained":["Doubt"]},{"damage_healed":0,"gold_gain":75,"player_choice":"Gather Gold","damage_taken":11,"max_hp_gain":0,"max_hp_loss":0,"event_name":"World of Goop","floor":13,"gold_loss":0}],"is_beta":false,"boss_relics":[],"items_purged_floors":[],"is_endless":false,"potions_floor_spawned":[7,14],"killed_by":"The Guardian","ascension_level":17}}