{"host":"g868zphnms2wggi3","time":1610808333,"event":{"mods":["Act Like it!","Arknights The Spire","BaseMod","Colored Map","Gensokyo","GifTheSpireLib","Good Game Mod","Infinite Spire","KinomotoSakuraMod(ƒæ÷Æ±æ”£)","Minty Spire (QoL Compilation)","Reimu£®≤©¿ˆ¡È√Œ£©","Replay The Spire","StSLib","The Administrix","The Animator","The Bladedancer","The Bug Knight","The Cursed","The Necromancer","The Senshi","The Servant 0.9.4","Youmu£®ªÍ∆«—˝√Œ£©","Yuyuko"],"gold_per_floor":[116,116,129,198,248,274,274,305,305,316,335,335,385,402,402,505,505,518,568,618,679,699,732,732,757,838,813,813,839,839,839,839,845,845],"floor_reached":33,"language":"ZHS","playtime":5355,"items_purged":["Strike_G"],"score":434,"play_id":"e87a63d4-1159-43f1-9347-3d2bff33090e","local_time":"20210116224533","is_ascension_mode":true,"campfire_choices":[{"data":"Creative AI","floor":7.0,"key":"SMITH"},{"data":"Neutralize","floor":12.0,"key":"SMITH"},{"floor":15.0,"key":"REST"},{"floor":24.0,"key":"REST"},{"floor":28.0,"key":"REST"},{"data":"1","floor":30.0,"key":"LIFT"},{"data":"2","floor":32.0,"key":"LIFT"}],"circlet_count":0,"master_deck":["Strike_G","Strike_G","Strike_G","Defend_G","Defend_G","Defend_G+1","Defend_G","Survivor","Neutralize+1","Creative AI+1","Backflip","Prepared+1","Envenom","CurseOfTheBell","Reflex"],"relics":["Ring of the Snake","REME:ComplimentaryCards","SsserpentHead","CrazyTorch:ReiMu","Replay:Rubber Ducky","War Paint","Letter Opener","Replay:Grab Bag","Cursed Key","Busted Crown","Calling Bell","Bag of Marbles","HollowMod:LifeEnderRelic","Peace Pipe","Girya","infinitespire:Midas Blood","Darkstone Periapt","Orichalcum"],"acts_visited":["Exordium","TheCity"],"potions_floor_usage":[33,33],"damage_taken":[{"damage":0.0,"enemies":"Small Slimes","floor":1.0,"turns":4.0},{"damage":2.0,"enemies":"Cultist","floor":3.0,"turns":5.0},{"damage":8.0,"enemies":"Jaw Worm","floor":4.0,"turns":7.0},{"damage":22.0,"enemies":"Lagavulin","floor":6.0,"turns":12.0},{"damage":4.0,"enemies":"3 Sentries","floor":8.0,"turns":12.0},{"damage":1.0,"enemies":"Looter","floor":10.0,"turns":5.0},{"damage":0.0,"enemies":"3 Louse","floor":11.0,"turns":6.0},{"damage":5.0,"enemies":"Lots of Slimes","floor":14.0,"turns":5.0},{"damage":0.0,"enemies":"Hexaghost","floor":16.0,"turns":10.0},{"damage":0.0,"enemies":"Chosen","floor":18.0,"turns":5.0},{"damage":0.0,"enemies":"Spheric Guardian","floor":21.0,"turns":8.0},{"damage":7.0,"enemies":"Snecko","floor":22.0,"turns":8.0},{"damage":47.0,"enemies":"Slavers","floor":23.0,"turns":8.0},{"damage":16.0,"enemies":"Gremlin Leader","floor":25.0,"turns":7.0},{"damage":0.0,"enemies":"Replay:Snechameleon","floor":29.0,"turns":8.0},{"damage":125,"enemies":"LordOfAnnihilation","floor":33,"turns":13}],"seed_played":"8734256181073201571","potions_obtained":[{"floor":3.0,"key":"Weak Potion"},{"floor":8.0,"key":"Explosive Potion"},{"floor":10.0,"key":"BlessingOfTheForge"},{"floor":14.0,"key":"LiquidMemories"},{"floor":20.0,"key":"Doom Potion"},{"floor":23.0,"key":"AttackPotion"},{"floor":29.0,"key":"SpeedPotion"}],"is_trial":false,"path_per_floor":["M","?","M","M","T","E","R","E","T","M","M","R","?","M","R","B",null,"M","?","?","M","M","E","R","E","T","?","R","E","R","AVR","R","B"],"character_chosen":"THE_SILENT","items_purchased":[],"campfire_rested":3,"item_purchase_floors":[],"current_hp_per_floor":[70,70,68,60,60,38,38,34,34,33,33,33,26,21,42,42,70,70,70,70,70,63,16,37,21,21,21,42,42,42,42,42,0,0],"gold":845,"neow_bonus":"RANDOM_EVENT","is_daily":false,"chose_seed":false,"campfire_upgraded":2,"win_rate":0.0,"timestamp":1610808333,"path_taken":["M","?","M","?","?","E","R","E","T","M","M","R","?","M","R","BOSS","M","?","?","?","M","E","R","E","T","?","R","E","R","AVR","R","BOSS"],"items_purchased_type":[],"build_version":"2020-12-22","purchased_purges":1,"victory":false,"max_hp_per_floor":[70,70,70,70,70,70,70,70,70,70,70,70,70,70,70,70,70,70,70,70,70,70,70,70,70,70,70,70,70,70,70,70,70,70],"card_choices":[{"not_picked":["Accuracy","Slice"],"picked":"Backflip","floor":1.0},{"not_picked":["Acrobatics","Sucker Punch","Underhanded Strike"],"picked":"SKIP","floor":3.0},{"not_picked":["PiercingWail","Blade Dance","Acrobatics"],"picked":"SKIP","floor":4.0},{"not_picked":["Sneak Up","Caltrops"],"picked":"Prepared","floor":6.0},{"not_picked":["Flying Knee","All Out Attack","Wraith Form v2"],"picked":"SKIP","floor":8.0},{"not_picked":["Expertise","PiercingWail","Hidden Blade"],"picked":"SKIP","floor":10.0},{"not_picked":["Deadly Poison","Dagger Throw","Underhanded Strike"],"picked":"SKIP","floor":11.0},{"not_picked":["Bane","Blur","Cloak And Dagger"],"picked":"SKIP","floor":14.0},{"not_picked":["Bullet Time","Corpse Explosion"],"picked":"Envenom","floor":16.0},{"not_picked":["Deadly Poison"],"picked":"SKIP","floor":18.0},{"not_picked":["Prepared"],"picked":"SKIP","floor":21.0},{"not_picked":[],"picked":"Reflex","floor":22.0},{"not_picked":["Acrobatics"],"picked":"SKIP","floor":23.0},{"not_picked":["Backflip"],"picked":"SKIP","floor":25.0},{"not_picked":["Sucker Punch"],"picked":"SKIP","floor":29.0}],"player_experience":170374,"relics_obtained":[{"floor":5.0,"key":"CrazyTorch:ReiMu"},{"floor":6.0,"key":"Replay:Rubber Ducky"},{"floor":8.0,"key":"War Paint"},{"floor":9.0,"key":"Letter Opener"},{"floor":17.0,"key":"Bag of Marbles"},{"floor":17.0,"key":"HollowMod:LifeEnderRelic"},{"floor":17.0,"key":"Peace Pipe"},{"floor":23.0,"key":"Girya"},{"floor":25.0,"key":"infinitespire:Midas Blood"},{"floor":26.0,"key":"Darkstone Periapt"},{"floor":29.0,"key":"Orichalcum"}],"event_choices":[{"damage_healed":0.0,"max_hp_gain":0.0,"max_hp_loss":0.0,"gold_gain":0.0,"event_name":"FaceTrader","player_choice":"Trade","floor":2.0,"gold_loss":0.0,"damage_taken":0.0,"relics_obtained":["SsserpentHead"]},{"cards_removed":["Defend_G"],"damage_healed":0.0,"max_hp_gain":0.0,"max_hp_loss":0.0,"gold_gain":0.0,"event_name":"Golden Wing","player_choice":"Card Removal","floor":13.0,"gold_loss":0.0,"damage_taken":7.0},{"damage_healed":0.0,"max_hp_gain":0.0,"max_hp_loss":0.0,"gold_gain":0.0,"event_name":"Lab","player_choice":"Got Potions","floor":20.0,"gold_loss":0.0,"damage_taken":0.0},{"cards_removed":["Regret"],"damage_healed":0.0,"max_hp_gain":0.0,"max_hp_loss":0.0,"gold_gain":0.0,"event_name":"Beggar","player_choice":"Gave Gold","floor":27.0,"gold_loss":75.0,"damage_taken":0.0}],"is_beta":false,"boss_relics":[{"not_picked":["Replay:Bronze Core","Coffee Dripper"],"picked":"Replay:Grab Bag"},{"not_picked":["Runic Dome","SlaversCollar"],"picked":"Cursed Key"},{"not_picked":["infinitespire:Cupcake","ChewingGum"],"picked":"Busted Crown"},{"not_picked":["Ring of Chaos","Runic Pyramid"],"picked":"Calling Bell"}],"items_purged_floors":[31],"is_endless":false,"potions_floor_spawned":[3,8,10,14,21,22,23,29],"killed_by":"LordOfAnnihilation","ascension_level":1}}