{"host":"1zjc08c6hob33401","time":1610833136,"event":{"mods":["AchievementEnabler","Act Like it!","Aspiration","BaseMod","Downfall","Energized Spire","Evolution","Gensokyo","GifTheSpireLib","Hubris","Infinite Spire","Jedi Mod","Minty Spire (QoL Compilation)","Pale of the Ancients","Quick Restart","Retaliation","Shop Mod","StS++","StSLib","Stuff the Spire","The Blue Laboratory","Wandering Minibosses","vexMod"],"gold_per_floor":[119,136,153,45,61,61,61,61,129,57,42,259,276,45,45,45,45],"floor_reached":16,"language":"RUS","playtime":1176,"items_purged":["Defend_R"],"score":147,"play_id":"c45e86cd-2d31-49e4-bd3c-47cf525c523e","local_time":"20210116233856","is_ascension_mode":true,"campfire_choices":[{"data":"Metallicize","floor":6.0,"key":"SMITH"},{"data":"DDmod:SpikedSkill","floor":8.0,"key":"SMITH"},{"floor":15.0,"key":"REST"}],"circlet_count":0,"master_deck":["Cleave","Cleave","Cleave","Cleave","Cleave","Defend_R","Defend_R","Defend_R","Bash","Blind","DDmod:SpikedSkill+1","Thunderclap","Wild Strike","Metallicize+1","infinitespire:OneForAll","StSpp:TheBiggerTheyAre","Carnage","Corruption"],"relics":["EVO:Axolotl","hubris:DeckOfHolding","infinitespire:Satchel","Thread and Needle"],"acts_visited":["Gensokyo:Gensokyo"],"potions_floor_usage":[16,16],"damage_taken":[{"damage":0.0,"enemies":"Gensokyo:2_Kodama","floor":1.0,"turns":1.0},{"damage":0.0,"enemies":"Gensokyo:3_Fairies","floor":2.0,"turns":2.0},{"damage":4.0,"enemies":"Gensokyo:Python","floor":3.0,"turns":3.0},{"damage":8.0,"enemies":"Gensokyo:3_Kodama","floor":5.0,"turns":2.0},{"damage":28.0,"enemies":"Gensokyo:LivingMonolith","floor":11.0,"turns":6.0},{"damage":17.0,"enemies":"Gensokyo:Gryphon_and_Rabbit","floor":12.0,"turns":5.0},{"damage":15.0,"enemies":"Gensokyo:CorruptedTreant","floor":13.0,"turns":3.0},{"damage":45,"enemies":"Gensokyo:Yukari","floor":16,"turns":7}],"seed_played":"6555309417850623703","potions_obtained":[{"floor":3.0,"key":"Ancient Potion"},{"floor":5.0,"key":"blueLaboratory:NullPotion"}],"is_trial":false,"path_per_floor":["M","M","M","COS","M","R","?","R","T","$","M","M","M","$","R","B"],"character_chosen":"IRONCLAD","items_purchased":["infinitespire:OneForAll","infinitespire:Satchel"],"campfire_rested":1,"item_purchase_floors":[10,14],"current_hp_per_floor":[78,80,80,80,78,78,78,78,78,78,50,33,18,18,42,0,0],"gold":45,"neow_bonus":"RANDOM_COLORLESS","is_daily":false,"chose_seed":false,"campfire_upgraded":2,"win_rate":0.0,"timestamp":1610833136,"path_taken":["M","M","M","COS","M","R","?","R","T","?","?","M","M","$","R","BOSS"],"items_purchased_type":["Card","Relic"],"build_version":"2020-12-22","purchased_purges":1,"victory":false,"max_hp_per_floor":[80,80,80,80,80,80,80,80,80,80,80,80,80,80,80,80,80],"card_choices":[{"not_picked":["Madness","Discovery"],"picked":"Blind","floor":0.0},{"not_picked":["Anger","StSpp:CounterStrike"],"picked":"DDmod:SpikedSkill","floor":1.0},{"not_picked":["Perfected Strike","StuffTheSpire:Incineration"],"picked":"Thunderclap","floor":2.0},{"not_picked":["Sword Boomerang","hubris:SharpeningStone"],"picked":"Wild Strike","floor":3.0},{"not_picked":["StSpp:Succumb","Second Wind"],"picked":"Metallicize","floor":5.0},{"not_picked":["DDmod:BurningFumesPowerCard","Twin Strike"],"picked":"StSpp:TheBiggerTheyAre","floor":11.0},{"not_picked":["Sword Boomerang","Armaments"],"picked":"Carnage","floor":12.0},{"not_picked":["Havoc","StuffTheSpire:RockThrow"],"picked":"Corruption","floor":13.0}],"player_experience":581615,"relics_obtained":[{"floor":9.0,"key":"hubris:DeckOfHolding"}],"event_choices":[],"is_beta":false,"boss_relics":[],"items_purged_floors":[14],"is_endless":false,"potions_floor_spawned":[3,5],"killed_by":"Gensokyo:Yukari","ascension_level":6}}