{"host":"tkvepveagymvu0rh","time":1610821634,"event":{"mods":["AchievementEnabler","BaseMod","Better Match","Better Note","Better Sensory Stone","Better Third Choice","BetterRewards","Block Reminder","Colored Map","Colored Powertips","Googly Eyes","Highlight Path","Minty Spire (QoL Compilation)","Permanent Neow","Quick Restart","Relic Stats","StSLib","SuperFastMode","everything is the same but u backflip on backflip"],"gold_per_floor":[111,122,135,149,169,197,197,197,247,247,271,18,42,66,66,191,191,204,225,246,246,261,261,261,261,338,376,401,421,446,47,47,168,168,187,201,215,215,239,239,258,276,299,299,299],"floor_reached":44,"language":"ENG","playtime":4134,"items_purged":[],"score":692,"play_id":"964f5f50-8910-4cd8-9030-8d3a0f98b297","local_time":"20210116132714","is_ascension_mode":false,"campfire_choices":[{"floor":7.0,"key":"REST"},{"floor":15.0,"key":"REST"},{"floor":23.0,"key":"REST"},{"floor":25.0,"key":"REST"},{"floor":32.0,"key":"REST"},{"floor":40,"key":"REST"}],"circlet_count":0,"master_deck":["Strike_G","Strike_G","Strike_G","Strike_G","Strike_G","Defend_G","Defend_G","Defend_G","Defend_G","Survivor","Neutralize","Underhanded Strike","Phantasmal Killer","A Thousand Cuts","Poisoned Stab","Sucker Punch","Slice","Dash","Endless Agony","Cloak And Dagger","All Out Attack","Deflect","Noxious Fumes","Backstab","Apotheosis","Infinite Blades","Blade Dance","After Image","Accuracy","Accuracy","Slice+1","Impatience","Footwork+1","Defend_G","Blade Dance+1","Poisoned Stab+1","Slice","Escape Plan+1","Die Die Die","Cloak And Dagger+1","Tactician+1","Terror+1","Deflect+1","Accuracy","Finisher+1"],"relics":["Ring of the Snake","Orrery","Toy Ornithopter","Golden Idol","Anchor","FaceOfCleric","SacredBark","Mercury Hourglass","Bottled Tornado","Pantograph","Strange Spoon","Snake Skull"],"acts_visited":["Exordium","TheCity","TheBeyond"],"potions_floor_usage":[39],"damage_taken":[{"damage":0.0,"enemies":"Cultist","floor":1.0,"turns":4.0},{"damage":1.0,"enemies":"2 Louse","floor":2.0,"turns":3.0},{"damage":0.0,"enemies":"Small Slimes","floor":3.0,"turns":3.0},{"damage":15.0,"enemies":"Exordium Wildlife","floor":4.0,"turns":4.0},{"damage":0.0,"enemies":"Blue Slaver","floor":5.0,"turns":4.0},{"damage":4.0,"enemies":"3 Sentries","floor":6.0,"turns":5.0},{"damage":0.0,"enemies":"Looter","floor":11.0,"turns":2.0},{"damage":0.0,"enemies":"Gremlin Gang","floor":13.0,"turns":3.0},{"damage":0.0,"enemies":"Exordium Thugs","floor":14.0,"turns":4.0},{"damage":40.0,"enemies":"The Guardian","floor":16.0,"turns":9.0},{"damage":1.0,"enemies":"Shell Parasite","floor":18.0,"turns":6.0},{"damage":13.0,"enemies":"Spheric Guardian","floor":19.0,"turns":5.0},{"damage":18.0,"enemies":"Snake Plant","floor":20.0,"turns":4.0},{"damage":24.0,"enemies":"Centurion and Healer","floor":22.0,"turns":6.0},{"damage":19.0,"enemies":"Book of Stabbing","floor":27.0,"turns":8.0},{"damage":5.0,"enemies":"Cultist and Chosen","floor":28.0,"turns":5.0},{"damage":3.0,"enemies":"Snake Plant","floor":29.0,"turns":5.0},{"damage":0.0,"enemies":"Chosen and Byrds","floor":30.0,"turns":5.0},{"damage":0.0,"enemies":"Champ","floor":33.0,"turns":9.0},{"damage":16.0,"enemies":"3 Darklings","floor":35.0,"turns":5.0},{"damage":7.0,"enemies":"3 Shapes","floor":36.0,"turns":6.0},{"damage":49.0,"enemies":"Writhing Mass","floor":37.0,"turns":8.0},{"damage":41,"enemies":"Sphere and 2 Shapes","floor":39,"turns":7},{"damage":35,"enemies":"Maw","floor":41,"turns":8},{"damage":1,"enemies":"4 Shapes","floor":42,"turns":4},{"damage":20,"enemies":"Sphere and 2 Shapes","floor":44,"turns":3}],"seed_played":"-8630409960970108984","potions_obtained":[{"floor":2.0,"key":"Swift Potion"},{"floor":5.0,"key":"Explosive Potion"},{"floor":11.0,"key":"FearPotion"},{"floor":14.0,"key":"GamblersBrew"},{"floor":16.0,"key":"Regen Potion"},{"floor":18.0,"key":"EssenceOfSteel"},{"floor":28.0,"key":"LiquidBronze"},{"floor":33.0,"key":"DistilledChaos"},{"floor":37.0,"key":"Regen Potion"},{"floor":42,"key":"GamblersBrew"}],"is_trial":false,"path_per_floor":["M","M","M","M","M","E","R","?","T","?","M","$","M","M","R","B",null,"M","M","M","?","M","R","?","R","T","E","M","M","M","$","R","B",null,"M","M","M","?","M","R","M","M","T","M"],"character_chosen":"THE_SILENT","items_purchased":["Orrery","Backstab","Apotheosis","Pantograph","Strange Spoon"],"campfire_rested":6,"item_purchase_floors":[0,12,12,31,31],"current_hp_per_floor":[62,61,61,46,46,42,63,46,46,46,47,47,48,54,73,34,74,74,62,45,33,10,33,33,56,56,38,34,32,33,33,57,83,83,68,62,14,14,28,54,20,20,20,0,0],"gold":299,"neow_bonus":"","is_daily":false,"chose_seed":false,"campfire_upgraded":0,"win_rate":0.0,"timestamp":1610821634,"path_taken":["M","M","M","?","M","E","R","?","T","?","M","$","?","M","R","BOSS","M","M","M","?","M","R","?","R","T","E","M","M","M","$","R","BOSS","M","M","M","?","?","R","M","M","T","M"],"items_purchased_type":["Relic","Card","Card","Relic","Relic"],"build_version":"2020-12-22","purchased_purges":0,"victory":false,"max_hp_per_floor":[70,70,70,70,70,70,70,70,70,70,71,71,72,73,73,74,74,75,76,77,77,78,78,78,78,78,79,80,81,82,82,82,83,83,84,85,86,86,87,87,88,89,89,89,89],"relic_stats":{"Strange Spoon":[56],"FaceOfCleric":19,"counters":[41,206],"Golden Idol":123,"Pantograph":25,"Snake Skull":[0],"obtain_stats":[{"Lee\u0027s Waffle":14,"Happy Flower":27,"Golden Idol":8,"SacredBark":17,"Snake Skull":43,"Juzu Bracelet":12,"War Paint":7,"Bottled Tornado":27,"Mercury Hourglass":26,"Blood Vial":26,"Strange Spoon":31,"Dream Catcher":27,"Anchor":9,"FaceOfCleric":10,"Pantograph":10,"Orrery":0,"Bag of Marbles":9,"Black Star":17,"Toy Ornithopter":6,"Ring of the Snake":0},{"Lee\u0027s Waffle":7,"Happy Flower":13,"Golden Idol":21,"SacredBark":25,"Snake Skull":40,"Juzu Bracelet":7,"War Paint":4,"Bottled Tornado":30,"Mercury Hourglass":29,"Blood Vial":12,"Strange Spoon":33,"Dream Catcher":13,"Anchor":21,"FaceOfCleric":21,"Pantograph":5,"Orrery":15,"Bag of Marbles":4,"Black Star":8,"Toy Ornithopter":21,"Ring of the Snake":0},{"Lee\u0027s Waffle":30,"Happy Flower":64,"Golden Idol":96,"SacredBark":114,"Snake Skull":203,"Juzu Bracelet":30,"War Paint":16,"Bottled Tornado":142,"Mercury Hourglass":135,"Blood Vial":58,"Strange Spoon":157,"Dream Catcher":64,"Anchor":96,"FaceOfCleric":96,"Pantograph":23,"Orrery":73,"Bag of Marbles":16,"Black Star":44,"Toy Ornithopter":96,"Ring of the Snake":0}],"Toy Ornithopter":10,"Ring of the Snake":[84],"Mercury Hourglass":[263]},"card_choices":[{"not_picked":["PiercingWail","Outmaneuver"],"picked":"Underhanded Strike","floor":0.0},{"not_picked":["Underhanded Strike","Blur"],"picked":"Phantasmal Killer","floor":0.0},{"not_picked":["Corpse Explosion","Dagger Spray"],"picked":"A Thousand Cuts","floor":0.0},{"not_picked":["Acrobatics","Deflect"],"picked":"Poisoned Stab","floor":0.0},{"not_picked":["Outmaneuver","Quick Slash"],"picked":"Sucker Punch","floor":0.0},{"not_picked":["Bane","Outmaneuver"],"picked":"Slice","floor":1.0},{"not_picked":["Underhanded Strike","Dagger Spray"],"picked":"Dash","floor":2.0},{"not_picked":["Malaise","Leg Sweep"],"picked":"Endless Agony","floor":3.0},{"not_picked":["Sucker Punch","Quick Slash"],"picked":"Cloak And Dagger","floor":4.0},{"not_picked":["Quick Slash","Terror"],"picked":"All Out Attack","floor":5.0},{"not_picked":["Skewer","Backflip"],"picked":"Deflect","floor":6.0},{"not_picked":["Endless Agony","All Out Attack"],"picked":"Noxious Fumes","floor":11.0},{"not_picked":["Catalyst","Sucker Punch"],"picked":"Infinite Blades","floor":13.0},{"not_picked":["Acrobatics","Predator"],"picked":"Blade Dance","floor":14.0},{"not_picked":["Venomology","Burst"],"picked":"After Image","floor":16.0},{"not_picked":["Expertise","Acrobatics"],"picked":"Accuracy","floor":18.0},{"not_picked":["Blade Dance","Sucker Punch"],"picked":"Accuracy","floor":19.0},{"not_picked":["Poisoned Stab","Blur"],"picked":"Slice+1","floor":20.0},{"not_picked":["Deadly Poison+1","Acrobatics+1"],"picked":"Footwork+1","floor":22.0},{"not_picked":["Terror","Backflip+1"],"picked":"Blade Dance+1","floor":27.0},{"not_picked":["Cloak And Dagger","All Out Attack"],"picked":"Poisoned Stab+1","floor":28.0},{"not_picked":["Outmaneuver","Noxious Fumes"],"picked":"Slice","floor":29.0},{"not_picked":["Prepared+1","Bane"],"picked":"Escape Plan+1","floor":30.0},{"not_picked":["Tools of the Trade","Doppelganger"],"picked":"Die Die Die","floor":33.0},{"not_picked":["Footwork","Prepared"],"picked":"Cloak And Dagger+1","floor":35.0},{"not_picked":["Finisher+1","Dagger Spray"],"picked":"Tactician+1","floor":36.0},{"not_picked":["Choke+1","Backflip"],"picked":"Terror+1","floor":37.0},{"not_picked":["Tactician","Well Laid Plans+1"],"picked":"Deflect+1","floor":39},{"not_picked":["A Thousand Cuts","All Out Attack+1"],"picked":"Accuracy","floor":41},{"not_picked":["Dagger Throw","Backflip+1"],"picked":"Finisher+1","floor":42}],"player_experience":114059,"relics_obtained":[{"floor":6.0,"key":"Toy Ornithopter"},{"floor":9.0,"key":"Anchor"},{"floor":26.0,"key":"Mercury Hourglass"},{"floor":27.0,"key":"Bottled Tornado"},{"floor":43,"key":"Snake Skull"}],"event_choices":[{"damage_healed":0.0,"max_hp_gain":0.0,"max_hp_loss":0.0,"gold_gain":0.0,"event_name":"Golden Idol","player_choice":"Take Damage","floor":8.0,"gold_loss":0.0,"damage_taken":17.0,"relics_obtained":["Golden Idol"]},{"damage_healed":0.0,"max_hp_gain":0.0,"max_hp_loss":0.0,"gold_gain":0.0,"event_name":"FaceTrader","player_choice":"Trade","floor":10.0,"gold_loss":0.0,"damage_taken":0.0,"relics_obtained":["FaceOfCleric"]},{"damage_healed":0.0,"max_hp_gain":0.0,"max_hp_loss":0.0,"gold_gain":0.0,"event_name":"Knowing Skull","player_choice":"CARD ","floor":21.0,"potions_obtained":[],"gold_loss":0.0,"damage_taken":12.0,"cards_obtained":["Impatience"]},{"cards_removed":["Slice"],"damage_healed":0.0,"max_hp_gain":0.0,"max_hp_loss":0.0,"gold_gain":0.0,"event_name":"betterNote:BetterNote","player_choice":"Take \u0026 Give","floor":24.0,"gold_loss":0.0,"damage_taken":0.0,"cards_obtained":["Defend_G"]},{"cards_removed":["Defend_G"],"damage_healed":0.0,"max_hp_gain":0.0,"max_hp_loss":0.0,"gold_gain":0.0,"event_name":"Purifier","player_choice":"Purged","floor":38.0,"gold_loss":0.0,"damage_taken":0.0}],"is_beta":false,"boss_relics":[{"not_picked":["Runic Pyramid","Snecko Eye"],"picked":"SacredBark"},{"not_picked":["Sozu","Busted Crown","Velvet Choker"]}],"items_purged_floors":[],"is_endless":false,"potions_floor_spawned":[2,5,11,14,16,18,27,28,33,35,37,42],"killed_by":"Sphere and 2 Shapes","ascension_level":0}}