{"host":"8i4doyxqctgl5qb0","time":1610834021,"event":{"mods":["AchievementEnabler","BaseMod","Block Reminder","Colored Powertips","Minty Spire (QoL Compilation)","Permanent Neow","Potion Indicator Mod","Rare Cards Sparkle","StSLib","SuperFastMode","The Jungle"],"gold_per_floor":[117,117,67,67,90,128,128,128,175,175,175],"floor_reached":10,"language":"ZHS","playtime":148,"items_purged":[],"score":86,"play_id":"eaa56c76-cd33-4e0f-8f92-2ebb90ebc0ad","local_time":"20210117055341","is_ascension_mode":true,"campfire_choices":[{"floor":8,"key":"REST"}],"circlet_count":0,"master_deck":["Strike_G","Strike_G","Strike_G","Strike_G","Strike_G","Defend_G","Defend_G","Defend_G","Defend_G","Defend_G","Survivor","Neutralize","After Image","Dagger Spray","Accuracy","Footwork"],"relics":["Ring of the Snake","Golden Idol","Mummified Hand","Ancient Tea Set"],"acts_visited":["Exordium"],"potions_floor_usage":[],"damage_taken":[{"damage":6.0,"enemies":"Cultist","floor":1.0,"turns":5.0},{"damage":4,"enemies":"Small Slimes","floor":5,"turns":3},{"damage":40,"enemies":"3 Sentries","floor":6,"turns":11},{"damage":0,"enemies":"Lagavulin","floor":10,"turns":1}],"seed_played":"-1520216386000852480","potions_obtained":[{"floor":6,"key":"Ancient Potion"}],"is_trial":false,"path_per_floor":["M","?","?","?","M","E","$","R","T","E"],"character_chosen":"THE_SILENT","items_purchased":[],"campfire_rested":1,"item_purchase_floors":[],"current_hp_per_floor":[57,57,57,62,58,18,18,40,40,40,40],"gold":175,"neow_bonus":"ONE_RANDOM_RARE_CARD","is_daily":false,"chose_seed":false,"campfire_upgraded":0,"win_rate":0.0,"timestamp":1610834021,"path_taken":["M","?","?","?","M","E","$","R","T","E"],"items_purchased_type":[],"build_version":"2020-12-22","purchased_purges":0,"victory":false,"max_hp_per_floor":[70,70,70,75,75,75,75,75,75,75,75],"card_choices":[{"not_picked":["Concentrate","Calculated Gamble"],"picked":"Dagger Spray","floor":1.0},{"not_picked":["Riddle With Holes","Cloak And Dagger"],"picked":"Accuracy","floor":5},{"not_picked":["Prepared","Acrobatics"],"picked":"Footwork","floor":6}],"player_experience":153611,"relics_obtained":[{"floor":6,"key":"Mummified Hand"},{"floor":9,"key":"Ancient Tea Set"}],"event_choices":[{"damage_healed":0.0,"max_hp_gain":0.0,"max_hp_loss":0.0,"gold_gain":0.0,"event_name":"Golden Idol","player_choice":"Take Wound","floor":2.0,"gold_loss":0.0,"damage_taken":0.0,"relics_obtained":["Golden Idol"],"cards_obtained":["Injury"]},{"cards_removed":["Injury"],"damage_healed":0.0,"max_hp_gain":0.0,"max_hp_loss":0.0,"gold_gain":0.0,"event_name":"The Cleric","player_choice":"Card Removal","floor":3.0,"gold_loss":50.0,"damage_taken":0.0},{"damage_healed":0,"gold_gain":0,"player_choice":"Donut","damage_taken":0,"max_hp_gain":5,"max_hp_loss":0,"event_name":"Big Fish","floor":4,"gold_loss":0}],"is_beta":false,"boss_relics":[],"items_purged_floors":[],"is_endless":false,"potions_floor_spawned":[6],"killed_by":"Lagavulin","ascension_level":7}}