{"host":"v16t4fbv9yk4gg06","time":1610819603,"event":{"mods":["BaseMod","Bestiary","Dark Map","Fox Events","Minty Spire (QoL Compilation)","Robot Space Explorer","StSLib","The Dragon Tamer"],"gold_per_floor":[117,135,135,410,425,455,455,487,567,590,670,337,337,34,34,154,154,140,158,158,172,192,192,226,226,295,333,333,107,107,125,125,251,251,264,264,13,0,0,0,14,32,59,59,77,177,213,213,213],"floor_reached":48,"language":"ENG","playtime":2156,"items_purged":["Regret"],"score":554,"play_id":"943b8f20-428a-4529-ae1a-531210065d35","local_time":"20210116185323","is_ascension_mode":false,"campfire_choices":[{"floor":7,"key":"REST"},{"floor":15,"key":"REST"},{"data":"RobotSpaceExplorer:StarLightning","floor":23,"key":"SMITH"},{"floor":25,"key":"REST"},{"floor":30,"key":"REST"},{"floor":32,"key":"DIG"}],"circlet_count":0,"master_deck":["RobotSpaceExplorer:Strike","RobotSpaceExplorer:Strike","RobotSpaceExplorer:Strike","RobotSpaceExplorer:Strike","RobotSpaceExplorer:Defend","RobotSpaceExplorer:Defend","RobotSpaceExplorer:Defend","RobotSpaceExplorer:Defend","RobotSpaceExplorer:Scan","RobotSpaceExplorer:MiniLasers","RobotSpaceExplorer:StarLightning+1","RobotSpaceExplorer:SurgingStrike","RobotSpaceExplorer:FreezingShield","RobotSpaceExplorer:FrostMissile","RobotSpaceExplorer:MiniDrones+1","RobotSpaceExplorer:Pulsar","Injury","RobotSpaceExplorer:StarLightning+1","RobotSpaceExplorer:PowerGlove+1","RobotSpaceExplorer:MiniDrones","RitualDagger","RobotSpaceExplorer:LaserBurst","Impatience","RobotSpaceExplorer:Comet","RobotSpaceExplorer:Accelerator","RobotSpaceExplorer:SlimeMissile+1","Sadistic Nature","RobotSpaceExplorer:Ammunition+1"],"relics":["RobotSpaceExplorer:RoboCore","NeowsBlessing","TungstenRod","Pen Nib","HornCleat","Odd Mushroom","MealTicket","Golden Idol","DollysMirror","Whetstone","Busted Crown","Ancient Tea Set","Shovel","Shuriken","Bag of Marbles","PreservedInsect","Centennial Puzzle","SlaversCollar","Bottled Lightning","Molten Egg 2","Red Mask","Juzu Bracelet","Meat on the Bone"],"acts_visited":["Exordium","TheCity","TheBeyond"],"potions_floor_usage":[8,24,27,47],"damage_taken":[{"damage":0,"enemies":"2 Louse","floor":1,"turns":1},{"damage":0,"enemies":"Cultist","floor":2,"turns":1},{"damage":0,"enemies":"Small Slimes","floor":5,"turns":1},{"damage":38,"enemies":"3 Sentries","floor":6,"turns":10},{"damage":24,"enemies":"Lagavulin","floor":8,"turns":7},{"damage":13,"enemies":"The Mushroom Lair","floor":10,"turns":5},{"damage":30,"enemies":"The Guardian","floor":16,"turns":11},{"damage":9,"enemies":"2 Thieves","floor":18,"turns":4},{"damage":9,"enemies":"Spheric Guardian","floor":19,"turns":4},{"damage":0,"enemies":"Cultist and Chosen","floor":21,"turns":5},{"damage":3,"enemies":"3 Cultists","floor":22,"turns":5},{"damage":20,"enemies":"Book of Stabbing","floor":24,"turns":5},{"damage":29,"enemies":"Gremlin Leader","floor":27,"turns":6},{"damage":8,"enemies":"Centurion and Healer","floor":31,"turns":4},{"damage":21,"enemies":"Champ","floor":33,"turns":9},{"damage":0,"enemies":"3 Shapes","floor":35,"turns":2},{"damage":6,"enemies":"Orb Walker","floor":41,"turns":3},{"damage":3,"enemies":"3 Darklings","floor":42,"turns":5},{"damage":30,"enemies":"Writhing Mass","floor":45,"turns":7},{"damage":8,"enemies":"Nemesis","floor":47,"turns":3},{"damage":24,"enemies":"Sphere and 2 Shapes","floor":48,"turns":4}],"seed_played":"7067786041675473589","potions_obtained":[{"floor":2,"key":"Fire Potion"},{"floor":19,"key":"Weak Potion"},{"floor":21,"key":"SkillPotion"},{"floor":22,"key":"AttackPotion"},{"floor":27,"key":"Strength Potion"},{"floor":47,"key":"Ancient Potion"}],"is_trial":false,"path_per_floor":["M","M","$","?","M","E","R","E","T","?","?","$","?","$","R","B",null,"M","M","?","M","M","R","E","R","T","E","?","$","R","M","R","B",null,"M","T","$","?","?","?","M","M","T","?","M","?","E","M"],"character_chosen":"RobotSpaceExplorer","items_purchased":["RobotSpaceExplorer:MiniDrones","RobotSpaceExplorer:Pulsar","MealTicket","DollysMirror","Whetstone","PreservedInsect","RobotSpaceExplorer:Comet","Molten Egg 2"],"campfire_rested":4,"item_purchase_floors":[12,12,12,14,14,29,29,37],"current_hp_per_floor":[75,75,75,75,75,37,59,35,35,22,22,22,22,37,59,29,75,66,57,52,52,49,49,29,51,51,22,12,27,49,41,41,20,75,75,75,75,75,75,69,63,60,60,60,30,30,22,0,0],"gold":213,"neow_bonus":"THREE_ENEMY_KILL","is_daily":false,"chose_seed":false,"campfire_upgraded":1,"win_rate":0.0,"timestamp":1610819603,"path_taken":["M","M","$","?","?","E","R","E","T","?","?","$","?","?","R","BOSS","M","M","?","M","M","R","E","R","T","E","?","$","R","M","R","BOSS","M","?","$","?","?","?","?","M","T","?","M","?","E","M"],"items_purchased_type":["Card","Card","Relic","Relic","Relic","Relic","Card","Relic"],"build_version":"2020-12-22","purchased_purges":1,"victory":false,"max_hp_per_floor":[75,75,75,75,75,75,75,75,75,75,75,75,75,75,75,75,75,75,75,75,75,75,75,75,75,75,75,75,75,75,75,75,75,75,75,75,75,75,75,75,75,75,75,75,75,75,75,75,75],"card_choices":[{"not_picked":["RobotSpaceExplorer:GlueShot","RobotSpaceExplorer:Blitz"],"picked":"RobotSpaceExplorer:StarLightning","floor":1},{"not_picked":["RobotSpaceExplorer:Blitz","RobotSpaceExplorer:GlueShot","RobotSpaceExplorer:ShockKick"],"picked":"SKIP","floor":2},{"not_picked":["RobotSpaceExplorer:ScrapMissile","RobotSpaceExplorer:FranticSearch"],"picked":"RobotSpaceExplorer:SurgingStrike","floor":5},{"not_picked":["RobotSpaceExplorer:ShockMissile","RobotSpaceExplorer:Calculate"],"picked":"RobotSpaceExplorer:FreezingShield","floor":6},{"not_picked":["RobotSpaceExplorer:IronShell","RobotSpaceExplorer:DualCore"],"picked":"RobotSpaceExplorer:FrostMissile","floor":8},{"not_picked":["RobotSpaceExplorer:HighVoltage","RobotSpaceExplorer:ChargingLaser"],"picked":"RobotSpaceExplorer:Exploration","floor":16},{"not_picked":[],"picked":"RobotSpaceExplorer:PowerGlove+1","floor":18},{"not_picked":[],"picked":"RobotSpaceExplorer:MiniDrones","floor":19},{"not_picked":["RobotSpaceExplorer:Counterblock"],"picked":"SKIP","floor":21},{"not_picked":[],"picked":"RobotSpaceExplorer:LaserBurst","floor":22},{"not_picked":["RobotSpaceExplorer:SwiftStep"],"picked":"SKIP","floor":24},{"not_picked":["RobotSpaceExplorer:MetalStrike"],"picked":"SKIP","floor":27},{"not_picked":["RobotSpaceExplorer:MetalStrike+1"],"picked":"SKIP","floor":31},{"not_picked":[],"picked":"RobotSpaceExplorer:Accelerator","floor":33},{"not_picked":["RobotSpaceExplorer:ImprovisedAttack"],"picked":"SKIP","floor":35},{"not_picked":[],"picked":"RobotSpaceExplorer:SlimeMissile+1","floor":41},{"not_picked":["RobotSpaceExplorer:GlueShot"],"picked":"SKIP","floor":42},{"not_picked":[],"picked":"Sadistic Nature","floor":44},{"not_picked":[],"picked":"RobotSpaceExplorer:Ammunition+1","floor":45},{"not_picked":["RobotSpaceExplorer:ScrapMissile+1"],"picked":"SKIP","floor":47}],"player_experience":279224,"relics_obtained":[{"floor":6,"key":"TungstenRod"},{"floor":8,"key":"Pen Nib"},{"floor":9,"key":"HornCleat"},{"floor":10,"key":"Odd Mushroom"},{"floor":18,"key":"Ancient Tea Set"},{"floor":24,"key":"Shovel"},{"floor":26,"key":"Shuriken"},{"floor":27,"key":"Bag of Marbles"},{"floor":32,"key":"Centennial Puzzle"},{"floor":36,"key":"Bottled Lightning"},{"floor":43,"key":"Juzu Bracelet"},{"floor":47,"key":"Meat on the Bone"}],"event_choices":[{"damage_healed":0,"gold_gain":275,"player_choice":"Desecrate","damage_taken":0,"max_hp_gain":0,"max_hp_loss":0,"event_name":"Golden Shrine","floor":4,"gold_loss":0,"cards_obtained":["Regret"]},{"damage_healed":0,"gold_gain":0,"player_choice":"Fought Mushrooms","damage_taken":0,"max_hp_gain":0,"max_hp_loss":0,"event_name":"Mushrooms","floor":10,"gold_loss":0},{"damage_healed":0,"gold_gain":80,"player_choice":"Gained Gold","damage_taken":0,"max_hp_gain":0,"max_hp_loss":0,"event_name":"Golden Wing","floor":11,"gold_loss":0},{"damage_healed":0,"gold_gain":0,"player_choice":"Take Wound","damage_taken":0,"relics_obtained":["Golden Idol"],"max_hp_gain":0,"max_hp_loss":0,"event_name":"Golden Idol","floor":13,"gold_loss":0,"cards_obtained":["Injury"]},{"damage_healed":0,"gold_gain":0,"player_choice":"Joined the Cult","damage_taken":6,"max_hp_gain":0,"max_hp_loss":0,"event_name":"Nest","floor":20,"gold_loss":0,"cards_obtained":["RitualDagger"]},{"damage_healed":0,"gold_gain":0,"player_choice":"CARD ","damage_taken":12,"max_hp_gain":0,"max_hp_loss":0,"event_name":"Knowing Skull","floor":28,"potions_obtained":[],"gold_loss":0,"cards_obtained":["Impatience"]},{"damage_healed":0,"gold_gain":0,"player_choice":"Paid","damage_taken":0,"relics_obtained":["Red Mask"],"max_hp_gain":0,"max_hp_loss":0,"event_name":"Tomb of Lord Red Mask","floor":38,"gold_loss":13},{"damage_healed":0,"gold_gain":0,"player_choice":"Damaged","damage_taken":7,"max_hp_gain":0,"max_hp_loss":0,"event_name":"Wheel of Change","floor":40,"gold_loss":0},{"damage_healed":0,"gold_gain":0,"player_choice":"Memory 1","damage_taken":0,"max_hp_gain":0,"max_hp_loss":0,"event_name":"SensoryStone","floor":44,"gold_loss":0},{"damage_healed":0,"gold_gain":100,"player_choice":"Pray","damage_taken":0,"max_hp_gain":0,"max_hp_loss":0,"event_name":"Golden Shrine","floor":46,"gold_loss":0}],"is_beta":false,"boss_relics":[{"not_picked":["Astrolabe","RobotSpaceExplorer:SearchSpecs"],"picked":"Busted Crown"},{"not_picked":["Fusion Hammer","RobotSpaceExplorer:Reprocessor"],"picked":"SlaversCollar"}],"items_purged_floors":[12],"is_endless":false,"potions_floor_spawned":[2,19,21,22,27,33,45,47],"killed_by":"Sphere and 2 Shapes","ascension_level":0}}