{"host":"2tgyrzvaa7l04o2e","time":1610804144,"event":{"mods":["BaseMod","Highlight Path","Minty Spire (QoL Compilation)","Permanent Neow","Relic Stats"],"gold_per_floor":[116,129,129,129,129,129,156,172,172,202,202,228,228,242,242,346,346,357,372,372,297,212,240,240,268,268,268,280,83,83,117,117,242,242,257,272,290,345,345,345,370,370,370,390,405,431,466,499,499,499,499,499,27,54,54],"floor_reached":56,"language":"ENG","playtime":3423,"items_purged":["Strike_R","Strike_R"],"score":1992,"play_id":"7ded7f12-69f5-4177-9afd-ea6f3ee07a55","local_time":"20210116143544","is_ascension_mode":true,"campfire_choices":[{"data":"Cleave","floor":6,"key":"SMITH"},{"floor":13,"key":"REST"},{"data":"Rampage","floor":15,"key":"SMITH"},{"data":"Corruption","floor":30,"key":"SMITH"},{"data":"Dark Embrace","floor":32,"key":"SMITH"},{"floor":40,"key":"RECALL"},{"data":"Bash","floor":42,"key":"SMITH"},{"data":"Warcry","floor":49,"key":"SMITH"},{"data":"Burning Pact","floor":52,"key":"SMITH"}],"circlet_count":0,"master_deck":["AscendersBane","Strike_R+1","Strike_R+1","Defend_R+1","Defend_R","Defend_R+1","Defend_R","Bash+1","Cleave+1","Fire Breathing","Rampage+1","Warcry+1","Offering","Impervious","Flame Barrier","Spot Weakness+1","Corruption+1","Dark Embrace+1","Burning Pact+1","Intimidate","Shrug It Off","Body Slam+1","Shrug It Off+1","Flame Barrier+1","Body Slam+1","Shrug It Off"],"relics":["Burning Blood","Whetstone","StrikeDummy","Eternal Feather","HornCleat","Self Forming Clay","Letter Opener","Singing Bowl","Coffee Dripper","Gremlin Horn","Toy Ornithopter","Happy Flower","Kunai","FaceOfCleric","Toolbox","Meat on the Bone","Runic Pyramid","Pocketwatch","Blue Candle","Blood Vial","Turnip","Sling","Nunchaku","Pantograph"],"acts_visited":["Exordium","TheCity","TheBeyond","TheEnding"],"potions_floor_usage":[7,12,16,19,23,38,50,55,55,55],"damage_taken":[{"damage":4,"enemies":"2 Louse","floor":1,"turns":4},{"damage":10,"enemies":"Small Slimes","floor":2,"turns":3},{"damage":16,"enemies":"Gremlin Nob","floor":7,"turns":3},{"damage":2,"enemies":"Jaw Worm","floor":8,"turns":3},{"damage":5,"enemies":"3 Sentries","floor":10,"turns":4},{"damage":35,"enemies":"Lagavulin","floor":12,"turns":7},{"damage":5,"enemies":"Blue Slaver","floor":14,"turns":3},{"damage":28,"enemies":"Slime Boss","floor":16,"turns":7},{"damage":9,"enemies":"Shell Parasite","floor":18,"turns":5},{"damage":14,"enemies":"2 Thieves","floor":19,"turns":4},{"damage":12,"enemies":"Slavers","floor":23,"turns":4},{"damage":15,"enemies":"Book of Stabbing","floor":25,"turns":5},{"damage":6,"enemies":"Snecko","floor":28,"turns":4},{"damage":6,"enemies":"Gremlin Leader","floor":31,"turns":4},{"damage":13,"enemies":"Automaton","floor":33,"turns":8},{"damage":0,"enemies":"3 Darklings","floor":35,"turns":5},{"damage":0,"enemies":"3 Shapes","floor":36,"turns":3},{"damage":6,"enemies":"Jaw Worm Horde","floor":37,"turns":4},{"damage":12,"enemies":"2 Orb Walkers","floor":38,"turns":5},{"damage":0,"enemies":"Reptomancer","floor":41,"turns":3},{"damage":0,"enemies":"Sphere and 2 Shapes","floor":44,"turns":4},{"damage":6,"enemies":"4 Shapes","floor":45,"turns":3},{"damage":6,"enemies":"Giant Head","floor":46,"turns":6},{"damage":6,"enemies":"Writhing Mass","floor":47,"turns":3},{"damage":0,"enemies":"Nemesis","floor":48,"turns":5},{"damage":39,"enemies":"Donu and Deca","floor":50,"turns":8},{"damage":38,"enemies":"Shield and Spear","floor":54,"turns":5},{"damage":30,"enemies":"The Heart","floor":55,"turns":7}],"seed_played":"-4313529944937232567","potions_obtained":[{"floor":2,"key":"BlessingOfTheForge"},{"floor":10,"key":"SteroidPotion"},{"floor":14,"key":"CultistPotion"},{"floor":18,"key":"Fire Potion"},{"floor":19,"key":"Energy Potion"},{"floor":25,"key":"Fire Potion"},{"floor":41,"key":"Explosive Potion"},{"floor":44,"key":"Dexterity Potion"},{"floor":46,"key":"SpeedPotion"},{"floor":48,"key":"Block Potion"},{"floor":54,"key":"LiquidBronze"}],"is_trial":false,"path_per_floor":["M","M","?","?","?","R","E","M","T","E","T","E","R","M","R","B",null,"M","M","?","$","?","E","?","E","T","?","M","$","R","E","R","B",null,"M","M","M","?","?","R","E","R","T","M","M","E","M","E","R","B",null,"R","$","E","B",null],"character_chosen":"IRONCLAD","items_purchased":["Toolbox","Shrug It Off","Sling","Nunchaku","Ancient Potion"],"campfire_rested":1,"item_purchase_floors":[29,29,53,53,53],"current_hp_per_floor":[74,70,54,42,42,42,32,36,36,37,37,10,43,46,55,33,71,68,60,60,60,60,54,38,29,29,29,30,30,42,45,57,65,88,95,100,103,103,103,104,105,105,105,106,109,112,115,118,118,91,112,119,119,88,98],"gold":54,"neow_bonus":"RANDOM_COMMON_RELIC","is_daily":false,"chose_seed":false,"campfire_upgraded":7,"win_rate":0.0,"timestamp":1610804144,"path_taken":["M","M","?","?","?","R","E","M","T","E","?","E","R","?","R","BOSS","M","M","?","?","?","E","?","E","T","?","?","$","R","E","R","BOSS","M","M","?","?","?","R","E","R","T","M","M","E","M","E","R","BOSS","R","$","E","BOSS"],"items_purchased_type":["Relic","Card","Relic","Relic","Potion"],"build_version":"2020-12-22","purchased_purges":2,"victory":true,"max_hp_per_floor":[80,80,80,80,80,80,80,80,80,80,80,82,82,84,84,84,84,84,84,84,84,84,84,89,89,89,89,90,90,90,93,93,96,96,97,100,103,104,104,104,105,105,105,106,109,112,115,118,118,119,119,119,119,120,121],"relic_stats":{"Singing Bowl":20,"Gremlin Horn":[26,27],"Happy Flower":[25],"counters":[28,129],"Self Forming Clay":[123],"Blue Candle":[1],"Eternal Feather":50,"Whetstone":["Strike_R","Strike_R"],"Letter Opener":[367],"Burning Blood":146,"Blood Vial":2,"Nunchaku":[3],"FaceOfCleric":16,"Pantograph":25,"Turnip":[2],"Kunai":[37],"obtain_stats":[{"Singing Bowl":12,"Gremlin Horn":22,"Happy Flower":25,"Self Forming Clay":10,"Blue Candle":41,"Eternal Feather":7,"Whetstone":0,"Letter Opener":11,"Sling":53,"Burning Blood":0,"Blood Vial":46,"Nunchaku":53,"HornCleat":9,"FaceOfCleric":27,"Pantograph":54,"Toolbox":29,"Turnip":48,"Coffee Dripper":17,"Kunai":26,"StrikeDummy":4,"Toy Ornithopter":23,"Meat on the Bone":31,"Runic Pyramid":34,"Pocketwatch":38},{"Singing Bowl":6,"Gremlin Horn":10,"Happy Flower":12,"Self Forming Clay":5,"Blue Candle":20,"Eternal Feather":3,"Whetstone":0,"Letter Opener":5,"Sling":26,"Burning Blood":0,"Blood Vial":23,"Nunchaku":26,"HornCleat":4,"FaceOfCleric":12,"Pantograph":27,"Toolbox":13,"Turnip":25,"Coffee Dripper":8,"Kunai":12,"StrikeDummy":2,"Toy Ornithopter":11,"Meat on the Bone":14,"Runic Pyramid":15,"Pocketwatch":19},{"Singing Bowl":24,"Gremlin Horn":43,"Happy Flower":52,"Self Forming Clay":17,"Blue Candle":88,"Eternal Feather":10,"Whetstone":0,"Letter Opener":17,"Sling":117,"Burning Blood":0,"Blood Vial":101,"Nunchaku":117,"HornCleat":13,"FaceOfCleric":52,"Pantograph":122,"Toolbox":56,"Turnip":109,"Coffee Dripper":34,"Kunai":52,"StrikeDummy":7,"Toy Ornithopter":47,"Meat on the Bone":60,"Runic Pyramid":68,"Pocketwatch":85}],"Toy Ornithopter":16,"Meat on the Bone":12,"Pocketwatch":[5]},"card_choices":[{"not_picked":["Twin Strike","Heavy Blade"],"picked":"Cleave","floor":1},{"not_picked":["Clash","Pummel","Anger"],"picked":"SKIP","floor":2},{"not_picked":["Havoc","Rage"],"picked":"Rampage","floor":7},{"not_picked":["Evolve","Thunderclap"],"picked":"Warcry","floor":8},{"not_picked":["Pommel Strike","Thunderclap"],"picked":"Offering","floor":10},{"not_picked":["Anger","Iron Wave","Clothesline"],"picked":"Singing Bowl","floor":12},{"not_picked":["Iron Wave","True Grit","Wild Strike"],"picked":"Singing Bowl","floor":14},{"not_picked":["Offering","Brutality"],"picked":"Impervious","floor":16},{"not_picked":["Heavy Blade+1","Rupture"],"picked":"Flame Barrier","floor":18},{"not_picked":["Flex","Second Wind"],"picked":"Spot Weakness+1","floor":19},{"not_picked":["Pommel Strike","Warcry"],"picked":"Dark Embrace","floor":23},{"not_picked":["Pommel Strike","Combust"],"picked":"Burning Pact","floor":25},{"not_picked":["Armaments+1","Clothesline+1"],"picked":"Intimidate","floor":28},{"not_picked":["Pommel Strike","Dropkick","Berserk"],"picked":"Singing Bowl","floor":31},{"not_picked":["Offering","Fiend Fire","Juggernaut"],"picked":"Singing Bowl","floor":33},{"not_picked":["Searing Blow+1","Armaments+1"],"picked":"Body Slam+1","floor":35},{"not_picked":["Clash+1","Perfected Strike+1","Twin Strike"],"picked":"Singing Bowl","floor":36},{"not_picked":["Iron Wave+1","True Grit+1","Infernal Blade"],"picked":"Singing Bowl","floor":37},{"not_picked":["Flex+1","Wild Strike+1"],"picked":"Shrug It Off+1","floor":38},{"not_picked":["Exhume","Havoc"],"picked":"Flame Barrier+1","floor":41},{"not_picked":["Evolve","Sword Boomerang"],"picked":"Body Slam+1","floor":44},{"not_picked":["Uppercut+1","Body Slam+1","Heavy Blade+1"],"picked":"Singing Bowl","floor":45},{"not_picked":["Armaments","Clash","Bloodletting+1"],"picked":"Singing Bowl","floor":46},{"not_picked":["Pummel","Uppercut","Limit Break"],"picked":"Singing Bowl","floor":47},{"not_picked":["Pommel Strike+1","Uppercut+1","Clash"],"picked":"Singing Bowl","floor":48},{"not_picked":["Offering","Twin Strike+1"],"picked":"Shrug It Off","floor":54}],"player_experience":592447,"relics_obtained":[{"floor":7,"key":"Eternal Feather"},{"floor":9,"key":"HornCleat"},{"floor":10,"key":"Self Forming Clay"},{"floor":11,"key":"Letter Opener"},{"floor":12,"key":"Singing Bowl"},{"floor":23,"key":"Toy Ornithopter"},{"floor":25,"key":"Happy Flower"},{"floor":26,"key":"Kunai"},{"floor":31,"key":"Meat on the Bone"},{"floor":38,"key":"Pocketwatch"},{"floor":41,"key":"Blue Candle"},{"floor":46,"key":"Blood Vial"},{"floor":48,"key":"Turnip"},{"floor":54,"key":"Pantograph"}],"event_choices":[{"damage_healed":0,"gold_gain":0,"player_choice":"Entered Light","damage_taken":16,"max_hp_gain":0,"max_hp_loss":0,"event_name":"Shining Light","floor":3,"gold_loss":0,"cards_upgraded":["Defend_R","Defend_R"]},{"damage_healed":0,"gold_gain":0,"player_choice":"Success","damage_taken":12,"relics_obtained":["StrikeDummy"],"max_hp_gain":0,"max_hp_loss":0,"event_name":"Scrap Ooze","floor":4,"gold_loss":0},{"damage_healed":0,"gold_gain":0,"cards_transformed":["Strike_R"],"player_choice":"Change","damage_taken":0,"max_hp_gain":0,"max_hp_loss":0,"event_name":"Living Wall","floor":5,"gold_loss":0,"cards_obtained":["Fire Breathing"]},{"damage_healed":0,"gold_gain":0,"player_choice":"1 cards matched","damage_taken":0,"max_hp_gain":0,"max_hp_loss":0,"event_name":"Match and Keep!","floor":20,"gold_loss":0,"cards_obtained":["Corruption"]},{"damage_healed":0,"gold_gain":0,"player_choice":"Obtained Relic","damage_taken":0,"relics_obtained":["Gremlin Horn"],"max_hp_gain":0,"max_hp_loss":0,"event_name":"Addict","floor":22,"gold_loss":85},{"damage_healed":0,"gold_gain":0,"player_choice":"Shed Blood","damage_taken":21,"max_hp_gain":5,"max_hp_loss":0,"event_name":"Forgotten Altar","floor":24,"gold_loss":0},{"damage_healed":0,"gold_gain":0,"player_choice":"Trade","damage_taken":0,"relics_obtained":["FaceOfCleric"],"max_hp_gain":0,"max_hp_loss":0,"event_name":"FaceTrader","floor":27,"gold_loss":0},{"damage_healed":0,"gold_gain":0,"player_choice":"Fight","damage_taken":0,"max_hp_gain":0,"max_hp_loss":0,"event_name":"Mysterious Sphere","floor":38,"gold_loss":0},{"damage_healed":0,"gold_gain":0,"player_choice":"Ignored","damage_taken":0,"max_hp_gain":0,"max_hp_loss":0,"event_name":"Tomb of Lord Red Mask","floor":39,"gold_loss":0}],"is_beta":false,"boss_relics":[{"not_picked":["Runic Dome","Black Star"],"picked":"Coffee Dripper"},{"not_picked":["Busted Crown","Astrolabe"],"picked":"Runic Pyramid"}],"items_purged_floors":[21,53],"is_endless":false,"potions_floor_spawned":[2,10,14,18,19,25,41,44,46,48,54],"ascension_level":10}}