{"host":"ad59wuc8ynh8u2z6","time":1610758496,"event":{"mods":["AchievementEnabler","BaseMod","Colored Powertips","DeckTracker","Highlight Path","Minty Spire (QoL Compilation)","Permanent Neow"],"gold_per_floor":[117,117,117,117,137,172,172,202,202,202,232,244,263,277,277,372,372,392,392,411,461,479,514,528,554,554,571,603,621,621,646,646,747,747,757,529,549,560,660,686,686,698,698,730,745,111,111,142,142,142],"floor_reached":51,"language":"ENG","playtime":1955,"items_purged":["Strike_B","Parasite"],"score":1328,"play_id":"edfbb60e-3875-4e92-bb63-9566e478c3ea","local_time":"20210116015456","is_ascension_mode":true,"campfire_choices":[{"data":"Hyperbeam","floor":7.0,"key":"SMITH"},{"data":"Beam Cell","floor":15.0,"key":"SMITH"},{"data":"Reprogram","floor":30,"key":"SMITH"},{"data":"Reboot","floor":32,"key":"SMITH"},{"data":"Reboot","floor":41,"key":"SMITH"},{"data":"1","floor":47,"key":"LIFT"},{"data":"2","floor":49,"key":"LIFT"}],"circlet_count":0,"master_deck":["Strike_B","Strike_B","Strike_B","Defend_B","Defend_B+1","Defend_B","Defend_B","Hyperbeam+1","Beam Cell+1","Buffer+1","Buffer+1","Beam Cell+1","Reprogram+1","Skim+1","Reboot+1","Reboot+1","Double Energy+1"],"relics":["Cracked Core","FossilizedHelix","Frozen Egg 2","Prayer Wheel","Torii","MealTicket","Velvet Choker","Nilry\u0027s Codex","Pantograph","Bag of Preparation","HornCleat","Bag of Marbles","Happy Flower","Runic Pyramid","Strawberry","Orichalcum","Girya","Anchor","Nunchaku","Omamori","Sling","Dream Catcher"],"acts_visited":["Exordium","TheCity","TheBeyond"],"potions_floor_usage":[28,50,50,50],"damage_taken":[{"damage":2.0,"enemies":"Jaw Worm","floor":1.0,"turns":3.0},{"damage":0.0,"enemies":"2 Louse","floor":5.0,"turns":1.0},{"damage":18.0,"enemies":"Lagavulin","floor":6.0,"turns":6.0},{"damage":2.0,"enemies":"Gremlin Nob","floor":8.0,"turns":4.0},{"damage":0.0,"enemies":"Lagavulin","floor":11.0,"turns":3.0},{"damage":0.0,"enemies":"Small Slimes","floor":12.0,"turns":1.0},{"damage":0.0,"enemies":"2 Fungi Beasts","floor":13.0,"turns":1.0},{"damage":0.0,"enemies":"Large Slime","floor":14.0,"turns":3.0},{"damage":0.0,"enemies":"Slime Boss","floor":16.0,"turns":6.0},{"damage":0.0,"enemies":"2 Thieves","floor":18.0,"turns":3.0},{"damage":0.0,"enemies":"Spheric Guardian","floor":20.0,"turns":4.0},{"damage":8,"enemies":"Snake Plant","floor":22,"turns":3},{"damage":0,"enemies":"Gremlin Leader","floor":23,"turns":4},{"damage":6,"enemies":"Chosen and Byrds","floor":24,"turns":3},{"damage":0,"enemies":"Slavers","floor":25,"turns":5},{"damage":0,"enemies":"Centurion and Healer","floor":27,"turns":3},{"damage":9,"enemies":"Gremlin Leader","floor":28,"turns":3},{"damage":0,"enemies":"Cultist and Chosen","floor":29,"turns":4},{"damage":0,"enemies":"Book of Stabbing","floor":31,"turns":5},{"damage":0,"enemies":"Champ","floor":33,"turns":9},{"damage":0,"enemies":"Orb Walker","floor":35,"turns":3},{"damage":0,"enemies":"3 Darklings","floor":37,"turns":1},{"damage":0,"enemies":"Writhing Mass","floor":38,"turns":5},{"damage":0,"enemies":"Giant Head","floor":40,"turns":8},{"damage":0,"enemies":"Maw","floor":42,"turns":6},{"damage":0,"enemies":"Nemesis","floor":44,"turns":7},{"damage":0,"enemies":"Transient","floor":45,"turns":5},{"damage":0,"enemies":"Giant Head","floor":48,"turns":6},{"damage":0,"enemies":"Donu and Deca","floor":50,"turns":5}],"seed_played":"-5285665239118473179","potions_obtained":[{"floor":6.0,"key":"Ancient Potion"},{"floor":8.0,"key":"Fire Potion"},{"floor":12.0,"key":"Strength Potion"},{"floor":16.0,"key":"Swift Potion"},{"floor":40,"key":"FearPotion"},{"floor":48,"key":"CultistPotion"}],"is_trial":false,"path_per_floor":["M","?","?","?","M","E","R","E","T","?","E","M","M","M","R","B",null,"M","?","M","?","M","E","M","E","T","M","E","M","R","E","R","B",null,"M","$","M","M","?","E","R","M","T","E","M","$","R","E","R","B",null],"character_chosen":"DEFECT","items_purchased":["Strawberry","Nunchaku","Omamori","LiquidMemories","Sling"],"campfire_rested":0,"item_purchase_floors":[36,46,46,46,46],"current_hp_per_floor":[66,66,52,45,45,27,27,25,25,13,13,13,13,13,13,13,68,68,52,52,52,44,44,38,38,38,38,29,29,29,29,29,54,68,68,75,75,75,75,75,75,75,75,75,75,72,72,72,72,72],"gold":142,"neow_bonus":"THREE_RARE_CARDS","is_daily":false,"chose_seed":false,"campfire_upgraded":5,"win_rate":0.0,"timestamp":1610758496,"path_taken":["M","?","?","?","M","E","R","E","T","?","E","M","M","M","R","BOSS","M","?","M","?","M","E","M","E","T","?","E","M","R","E","R","BOSS","M","$","?","M","?","E","R","M","T","E","M","$","R","E","R","BOSS"],"items_purchased_type":["Relic","Relic","Relic","Potion","Relic"],"build_version":"2020-12-22","purchased_purges":2,"victory":true,"max_hp_per_floor":[68,68,68,68,68,68,68,68,68,68,68,68,68,68,68,68,68,68,68,68,68,68,68,68,68,68,68,68,68,68,68,68,68,68,68,75,75,75,75,75,75,75,75,75,75,72,72,72,72,72],"card_choices":[{"not_picked":["Creative AI","Amplify"],"picked":"Hyperbeam","floor":0.0},{"not_picked":["Go for the Eyes","Redo","Leap"],"picked":"SKIP","floor":1.0},{"not_picked":["Go for the Eyes","Redo","Leap"],"picked":"SKIP","floor":1.0},{"not_picked":["Darkness","Capacitor","Glacier"],"picked":"SKIP","floor":5.0},{"not_picked":["Glacier","Go for the Eyes","Cold Snap"],"picked":"SKIP","floor":6.0},{"not_picked":["Heatsinks+1","Barrage"],"picked":"Beam Cell","floor":8.0},{"not_picked":["Static Discharge+1","Sunder"],"picked":"Buffer+1","floor":11.0},{"not_picked":["Compile Driver","Redo","Doom and Gloom"],"picked":"SKIP","floor":12.0},{"not_picked":["Aggregate","FTL","Double Energy"],"picked":"SKIP","floor":12.0},{"not_picked":["Undo","Rebound","Darkness"],"picked":"SKIP","floor":13.0},{"not_picked":["Gash","Turbo","Ball Lightning"],"picked":"SKIP","floor":13.0},{"not_picked":["Streamline","Sweeping Beam","Hello World+1"],"picked":"SKIP","floor":14.0},{"not_picked":["Barrage","Cold Snap","Aggregate"],"picked":"SKIP","floor":14.0},{"not_picked":["Amplify","Seek"],"picked":"Buffer+1","floor":16.0},{"not_picked":["Chill+1","Glacier+1","Streamline"],"picked":"SKIP","floor":18.0},{"not_picked":["Gash","Recycle+1","Fusion+1"],"picked":"SKIP","floor":18.0},{"not_picked":["Undo","Self Repair+1","Ball Lightning"],"picked":"SKIP","floor":20.0},{"not_picked":["Steam+1","Redo+1","Conserve Battery"],"picked":"SKIP","floor":20.0},{"not_picked":["Cold Snap","Static Discharge+1","All For One"],"picked":"SKIP","floor":22},{"not_picked":["Ball Lightning+1","Sweeping Beam","Turbo+1"],"picked":"SKIP","floor":22},{"not_picked":["Scrape","Sunder"],"picked":"Beam Cell+1","floor":23},{"not_picked":["Compile Driver","Steam","Lockon+1"],"picked":"SKIP","floor":24},{"not_picked":["Hologram","Loop+1","Go for the Eyes"],"picked":"SKIP","floor":24},{"not_picked":["Streamline","Turbo"],"picked":"Reprogram","floor":25},{"not_picked":["Leap+1","Go for the Eyes","Reinforced Body"],"picked":"SKIP","floor":27},{"not_picked":["Force Field+1","Rip and Tear+1","Melter"],"picked":"SKIP","floor":27},{"not_picked":["Hello World+1","Defragment+1","Beam Cell"],"picked":"SKIP","floor":28},{"not_picked":["Conserve Battery+1","Turbo"],"picked":"Skim+1","floor":29},{"not_picked":["Go for the Eyes","Gash"],"picked":"Reboot","floor":29},{"not_picked":["Aggregate","Stack","Rebound"],"picked":"SKIP","floor":31},{"not_picked":["Creative AI+1","Meteor Strike"],"picked":"Reboot","floor":33},{"not_picked":["Compile Driver","Gash+1"],"picked":"Double Energy+1","floor":35},{"not_picked":["Sweeping Beam+1","Leap","Doom and Gloom"],"picked":"SKIP","floor":35},{"not_picked":["Conserve Battery+1","Redo+1","Genetic Algorithm+1"],"picked":"SKIP","floor":37},{"not_picked":["Storm+1","Capacitor+1","Fusion+1"],"picked":"SKIP","floor":37},{"not_picked":["Scrape+1","Turbo","Skim+1"],"picked":"SKIP","floor":38},{"not_picked":["Hello World+1","Coolheaded","Fusion"],"picked":"SKIP","floor":38},{"not_picked":["Compile Driver+1","Rebound","Leap"],"picked":"SKIP","floor":40},{"not_picked":["Glacier+1","Sunder+1","Steam Power+1"],"picked":"SKIP","floor":42},{"not_picked":["Go for the Eyes+1","Sweeping Beam","Melter+1"],"picked":"SKIP","floor":42},{"not_picked":["White Noise","Genetic Algorithm+1","Hello World+1"],"picked":"SKIP","floor":44},{"not_picked":["Self Repair+1","Storm+1","Tempest+1"],"picked":"SKIP","floor":45},{"not_picked":["Skim","Recycle","Leap"],"picked":"SKIP","floor":45},{"not_picked":["Capacitor+1","Rip and Tear+1","Chill"],"picked":"SKIP","floor":48}],"player_experience":56751,"relics_obtained":[{"floor":6.0,"key":"FossilizedHelix"},{"floor":8.0,"key":"Frozen Egg 2"},{"floor":9.0,"key":"Prayer Wheel"},{"floor":11.0,"key":"MealTicket"},{"floor":19.0,"key":"Nilry\u0027s Codex"},{"floor":23,"key":"Pantograph"},{"floor":25,"key":"Bag of Preparation"},{"floor":26,"key":"HornCleat"},{"floor":28,"key":"Bag of Marbles"},{"floor":31,"key":"Happy Flower"},{"floor":40,"key":"Orichalcum"},{"floor":43,"key":"Girya"},{"floor":44,"key":"Anchor"},{"floor":48,"key":"Dream Catcher"}],"event_choices":[{"cards_removed":["Zap"],"damage_healed":0.0,"max_hp_gain":0.0,"max_hp_loss":0.0,"gold_gain":0.0,"event_name":"Living Wall","player_choice":"Forget","floor":2.0,"gold_loss":0.0,"damage_taken":0.0},{"damage_healed":0.0,"max_hp_gain":0.0,"max_hp_loss":0.0,"gold_gain":0.0,"event_name":"Shining Light","player_choice":"Entered Light","floor":3.0,"gold_loss":0.0,"damage_taken":14.0,"cards_upgraded":["Dualcast","Defend_B"]},{"cards_removed":["Dualcast"],"damage_healed":0.0,"max_hp_gain":0.0,"max_hp_loss":0.0,"gold_gain":0.0,"event_name":"Golden Wing","player_choice":"Card Removal","floor":4.0,"gold_loss":0.0,"damage_taken":7.0},{"damage_healed":0.0,"max_hp_gain":0.0,"max_hp_loss":0.0,"gold_gain":0.0,"event_name":"Scrap Ooze","player_choice":"Success","floor":10.0,"gold_loss":0.0,"damage_taken":12.0,"relics_obtained":["Torii"]},{"damage_healed":0.0,"max_hp_gain":0.0,"max_hp_loss":0.0,"gold_gain":0.0,"event_name":"Cursed Tome","player_choice":"Obtained Book","floor":19.0,"gold_loss":0.0,"damage_taken":16.0},{"damage_healed":0,"gold_gain":100,"player_choice":"Bet on Murderer","damage_taken":0,"max_hp_gain":0,"max_hp_loss":0,"event_name":"The Joust","floor":21,"gold_loss":50},{"damage_healed":0,"gold_gain":100,"player_choice":"Pray","damage_taken":0,"max_hp_gain":0,"max_hp_loss":0,"event_name":"Golden Shrine","floor":39,"gold_loss":0}],"is_beta":false,"boss_relics":[{"not_picked":["Cursed Key","Runic Dome"],"picked":"Velvet Choker"},{"not_picked":["Calling Bell","Tiny House"],"picked":"Runic Pyramid"}],"items_purged_floors":[36,46],"is_endless":false,"potions_floor_spawned":[6,8,12,16,20,23,24,27,37,40,42,48],"ascension_level":2}}