{"host":"gkm149kh1ihaqy0o","time":1610832275,"event":{"mods":["AchievementEnabler","BaseMod","Colored Powertips","Googly Eyes","Key Reminder","Minty Spire (QoL Compilation)","Permanent Neow","Quick Restart","Random Character Button","Rare Cards Sparkle","Relic Sorter","Relic Stats","SuperFastMode","Unceasing Turn Reminder","everything is the same but u backflip on backflip"],"gold_per_floor":[118,133,58,74,74,74,74],"floor_reached":6,"language":"ENG","playtime":223,"items_purged":["Strike_P"],"score":49,"play_id":"cb41eb9c-2e2f-4f18-96c0-b1a126e37de2","local_time":"20210116152435","is_ascension_mode":true,"campfire_choices":[],"circlet_count":0,"master_deck":["Strike_P","Strike_P","Strike_P","Defend_P","Defend_P","Defend_P","Defend_P","Eruption","Vigilance","Consecrate","ClearTheMind","WaveOfTheHand"],"relics":["SacredBark","Golden Idol"],"acts_visited":["Exordium"],"potions_floor_usage":[],"damage_taken":[{"damage":0,"enemies":"2 Louse","floor":1,"turns":3},{"damage":0,"enemies":"Small Slimes","floor":2,"turns":3},{"damage":2,"enemies":"Cultist","floor":4,"turns":4},{"damage":36,"enemies":"3 Sentries","floor":6,"turns":11}],"seed_played":"-7454281574879323431","potions_obtained":[],"is_trial":false,"path_per_floor":["M","M","$","M","?","E"],"character_chosen":"WATCHER","items_purchased":[],"campfire_rested":0,"item_purchase_floors":[],"current_hp_per_floor":[65,65,65,63,45,9,9],"gold":74,"neow_bonus":"BOSS_RELIC","is_daily":false,"chose_seed":false,"campfire_upgraded":0,"win_rate":0.0,"timestamp":1610832275,"path_taken":["M","M","$","M","?","E"],"items_purchased_type":[],"build_version":"2020-12-22","purchased_purges":1,"victory":false,"max_hp_per_floor":[72,72,72,72,72,72,72],"relic_stats":{"counters":[4,21],"Golden Idol":0,"obtain_stats":[{"Golden Idol":5,"SacredBark":0,"PureWater":0},{"Golden Idol":3,"SacredBark":0,"PureWater":0},{"Golden Idol":10,"SacredBark":0,"PureWater":0}]},"card_choices":[{"not_picked":["FlyingSleeves","CrushJoints"],"picked":"Consecrate","floor":1},{"not_picked":["EmptyMind","ThirdEye"],"picked":"ClearTheMind","floor":2},{"not_picked":["ClearTheMind","DeceiveReality"],"picked":"WaveOfTheHand","floor":4}],"player_experience":630344,"relics_obtained":[],"event_choices":[{"damage_healed":0,"gold_gain":0,"player_choice":"Take Damage","damage_taken":18,"relics_obtained":["Golden Idol"],"max_hp_gain":0,"max_hp_loss":0,"event_name":"Golden Idol","floor":5,"gold_loss":0}],"is_beta":false,"boss_relics":[],"items_purged_floors":[3],"is_endless":false,"potions_floor_spawned":[],"killed_by":"3 Sentries","ascension_level":7}}