{"host":"fghh6uc8siqeqraf","time":1610813743,"event":{"mods":["AchievementEnabler","BaseMod","Colored Powertips","Googly Eyes","Hermit","Jorbs\u0027s Wanderer Trilogy","Lobotomy","Marisa£®ÏF”Í°°ƒß¿Ì…≥£©","Minty Spire (QoL Compilation)","Replay The Spire","Shop Mod","StSLib","The Bug Knight","The Cursed","The Hierophant","The Servant 0.9.4"],"gold_per_floor":[115,115,115,16,91,91,105,105,131,172,249,290,290,290,290,290,290],"floor_reached":16,"language":"ZHS","playtime":995,"items_purged":["Defend_R"],"score":109,"play_id":"cb08f83f-49f0-4c41-8260-11753f652d64","local_time":"20210117001543","is_ascension_mode":true,"campfire_choices":[{"data":"True Grit","floor":6,"key":"SMITH"},{"data":"Run Through","floor":8,"key":"SMITH"},{"floor":15,"key":"REST"}],"circlet_count":0,"master_deck":["Strike_R+1","Strike_R","Defend_R","Defend_R","Defend_R+1","Bash","Body Slam","True Grit+1","Run Through+1","Cleave","Iron Wave"],"relics":["Burning Blood","Golden Idol","Replay:Mystery Machine","Pet Ghost","Turnip","ReplayFunnel"],"acts_visited":["Exordium"],"potions_floor_usage":[10,12],"damage_taken":[{"damage":5,"enemies":"Cultist","floor":1,"turns":4},{"damage":0,"enemies":"2 Louse","floor":7,"turns":3},{"damage":32,"enemies":"Lagavulin","floor":10,"turns":7},{"damage":5,"enemies":"HollowMod:MossKnight","floor":12,"turns":9},{"damage":44,"enemies":"Fading Forest","floor":16,"turns":7}],"seed_played":"-8089385150326885718","potions_obtained":[{"floor":7,"key":"Fire Potion"},{"floor":10,"key":"Block Potion"}],"is_trial":false,"path_per_floor":["M","?","?","$","?","R","M","R","T","E","?","E","T","?","R","B"],"character_chosen":"IRONCLAD","items_purchased":["True Grit"],"campfire_rested":1,"item_purchase_floors":[4],"current_hp_per_floor":[72,54,40,40,29,29,35,35,35,9,9,10,10,10,31,0,0],"gold":290,"neow_bonus":"REMOVE_TWO","is_daily":false,"chose_seed":false,"campfire_upgraded":2,"win_rate":0.0,"timestamp":1610813743,"path_taken":["M","?","?","$","?","R","M","R","T","E","?","E","?","?","R","BOSS"],"items_purchased_type":["Card"],"build_version":"2020-12-22","purchased_purges":1,"victory":false,"max_hp_per_floor":[72,72,72,72,72,72,72,72,72,72,72,72,72,72,72,72,72],"card_choices":[{"not_picked":["Wild Strike","ReplayTheSpireMod:Corrosion Curse"],"picked":"Body Slam","floor":1},{"not_picked":["Heavy Blade","Searing Blow"],"picked":"Run Through","floor":7},{"not_picked":["Abandon","Whirlwind"],"picked":"Cleave","floor":10},{"not_picked":["Rampage","Sword Boomerang"],"picked":"Iron Wave","floor":12}],"player_experience":132503,"relics_obtained":[{"floor":9,"key":"Replay:Mystery Machine"},{"floor":10,"key":"Pet Ghost"},{"floor":12,"key":"Turnip"},{"floor":13,"key":"ReplayFunnel"}],"event_choices":[{"damage_healed":0,"gold_gain":0,"player_choice":"Take Damage","damage_taken":18,"relics_obtained":["Golden Idol"],"max_hp_gain":0,"max_hp_loss":0,"event_name":"Golden Idol","floor":2,"gold_loss":0},{"damage_healed":0,"gold_gain":0,"player_choice":"Entered Light","damage_taken":14,"max_hp_gain":0,"max_hp_loss":0,"event_name":"Shining Light","floor":3,"gold_loss":0,"cards_upgraded":["Defend_R","Strike_R"]},{"damage_healed":0,"gold_gain":75,"player_choice":"Gather Gold","damage_taken":11,"max_hp_gain":0,"max_hp_loss":0,"event_name":"World of Goop","floor":5,"gold_loss":0},{"damage_healed":0,"gold_gain":77,"player_choice":"Gained Gold","damage_taken":0,"max_hp_gain":0,"max_hp_loss":0,"event_name":"Golden Wing","floor":11,"gold_loss":0},{"cards_removed":["Strike_R"],"damage_healed":0,"gold_gain":0,"player_choice":"Forget","damage_taken":0,"max_hp_gain":0,"max_hp_loss":0,"event_name":"Living Wall","floor":14,"gold_loss":0}],"is_beta":false,"boss_relics":[],"items_purged_floors":[4],"is_endless":false,"potions_floor_spawned":[7,10],"killed_by":"Fading Forest","ascension_level":1}}