{"host":"fjaupvxe7fzqrf4j","time":1610764789,"event":{"mods":["ATMod(°¢èªMod)","BaseMod","Minty Spire (QoL Compilation)","StSLib"],"gold_per_floor":[119,119,119,119,119,151,176,209,209,237,287,287,394,445,445,542,542,582,582,497,497,583,688,796,848,896,1002,1104,1157,1266,1018,1018,1117,1117,1210,1210,1100,1242,1053,1108,1160,1263,1263,1319,957,1012,1122,1175,1175,1200,1325,1325,1325,803,880,905],"floor_reached":57,"language":"ZHS","playtime":1536,"items_purged":["Masterful Stab","Underhanded Strike+1"],"score":5080,"play_id":"9496259b-b743-4d03-a4e2-dad55e85f7a9","local_time":"20210116103949","daily_mods":["SealedDeck","Heirloom","Time Dilation","Flight","Elite Swarm"],"is_ascension_mode":true,"campfire_choices":[{"data":"AT_ChampionStep","floor":12.0,"key":"SMITH"},{"data":"Reflex","floor":15.0,"key":"SMITH"},{"data":"Calculated Gamble","floor":32.0,"key":"SMITH"},{"floor":49.0,"key":"RECALL"},{"data":"Well Laid Plans","floor":53.0,"key":"SMITH"}],"circlet_count":0,"master_deck":["AscendersBane","PiercingWail+1","Concentrate+1","Reflex+1","Acrobatics+1","Calculated Gamble+1","Tactician+1","AT_ChampionStep+1","Backflip+1","Adrenaline+1","After Image+1","Grand Finale+1","AT_KingSlayer+1","Well Laid Plans+1","Footwork","Malaise+1","AT_KneejerkReflex","Terror+1"],"relics":["Ring of the Snake","AT_ATBox","Gambling Chip","AT_RabadonDeathcap","Bottled Lightning","AT_MibuBalloonWealth","Eternal Feather","StoneCalendar","Mummified Hand","Coffee Dripper","AT_EbonyIvory","AT_SeraphEmbrace","FossilizedHelix","Kunai","Happy Flower","Regal Pillow","Singing Bowl","Question Card","The Specimen","Lantern","AT_TrinityForce","Mark of the Bloom","Ginger","AT_Manta","Strawberry","Toy Ornithopter","Bird Faced Urn","Toxic Egg 2","AT_SunfireAegis","Bronze Scales","CeramicFish","Anchor","Orrery","Nunchaku","Akabeko"],"acts_visited":["Exordium","TheCity","TheBeyond","TheEnding"],"potions_floor_usage":[56,56],"damage_taken":[{"damage":0.0,"enemies":"Small Slimes","floor":1.0,"turns":1.0},{"damage":0.0,"enemies":"Lagavulin","floor":6.0,"turns":1.0},{"damage":0.0,"enemies":"Gremlin Nob","floor":7.0,"turns":1.0},{"damage":0.0,"enemies":"3 Sentries","floor":8.0,"turns":1.0},{"damage":0.0,"enemies":"Lagavulin","floor":10.0,"turns":1.0},{"damage":0.0,"enemies":"Gremlin Nob","floor":11.0,"turns":1.0},{"damage":0.0,"enemies":"3 Sentries","floor":13.0,"turns":1.0},{"damage":0.0,"enemies":"Gremlin Nob","floor":14.0,"turns":1.0},{"damage":0.0,"enemies":"Slime Boss","floor":16.0,"turns":1.0},{"damage":0.0,"enemies":"Chosen","floor":18.0,"turns":1.0},{"damage":0.0,"enemies":"3 Byrds","floor":22.0,"turns":1.0},{"damage":0.0,"enemies":"Slavers","floor":23.0,"turns":1.0},{"damage":0.0,"enemies":"Gremlin Leader","floor":24.0,"turns":1.0},{"damage":0.0,"enemies":"Book of Stabbing","floor":25.0,"turns":1.0},{"damage":0.0,"enemies":"Slavers","floor":27.0,"turns":1.0},{"damage":0.0,"enemies":"Gremlin Leader","floor":28.0,"turns":1.0},{"damage":0.0,"enemies":"Book of Stabbing","floor":29.0,"turns":1.0},{"damage":0.0,"enemies":"Slavers","floor":30.0,"turns":1.0},{"damage":0.0,"enemies":"Automaton","floor":33.0,"turns":1.0},{"damage":0.0,"enemies":"3 Shapes","floor":35.0,"turns":1.0},{"damage":0.0,"enemies":"3 Darklings","floor":38.0,"turns":1.0},{"damage":0.0,"enemies":"Giant Head","floor":40.0,"turns":1.0},{"damage":0.0,"enemies":"Nemesis","floor":41.0,"turns":1.0},{"damage":0.0,"enemies":"Reptomancer","floor":42.0,"turns":1.0},{"damage":0.0,"enemies":"Giant Head","floor":44.0,"turns":1.0},{"damage":0.0,"enemies":"Nemesis","floor":46.0,"turns":1.0},{"damage":0.0,"enemies":"Reptomancer","floor":47.0,"turns":1.0},{"damage":0.0,"enemies":"Nemesis","floor":48.0,"turns":1.0},{"damage":0.0,"enemies":"Time Eater","floor":50.0,"turns":1.0},{"damage":0.0,"enemies":"Awakened One","floor":51.0,"turns":2.0},{"damage":0,"enemies":"Shield and Spear","floor":55,"turns":1},{"damage":0,"enemies":"The Heart","floor":56,"turns":4}],"seed_played":"7334591221820256978","potions_obtained":[{"floor":8.0,"key":"Fire Potion"},{"floor":11.0,"key":"SteroidPotion"},{"floor":14.0,"key":"PowerPotion"},{"floor":18.0,"key":"DistilledChaos"}],"is_trial":true,"path_per_floor":["M","?","?","?","?","E","E","E","T","E","E","R","E","E","R","B",null,"M","?","?","?","M","E","E","E","T","E","E","E","E","$","R","B",null,"M","?","?","M","$","E","E","E","T","E","$","E","E","E","R","B","B",null,"R","$","E","B",null],"character_chosen":"THE_SILENT","items_purchased":["Lantern","Well Laid Plans","Footwork","Toxic Egg 2","Anchor","Orrery","PowerPotion","Nunchaku"],"campfire_rested":0,"item_purchase_floors":[31,39,45,45,54,54,54,54],"current_hp_per_floor":[59,52,57,36,36,36,36,36,36,36,36,45,45,45,54,54,67,67,47,47,43,43,43,43,43,43,43,45,47,49,49,58,60,78,80,80,80,80,80,80,80,80,80,80,80,80,80,80,80,80,80,80,80,80,80,80],"gold":905,"neow_bonus":"","is_daily":false,"chose_seed":false,"campfire_upgraded":4,"win_rate":0.0,"timestamp":1610764789,"path_taken":["M","?","?","?","?","E","E","E","T","E","E","R","E","E","R","BOSS","M","?","?","?","?","E","E","E","T","E","E","E","E","$","R","BOSS","M","?","?","?","$","E","E","E","T","E","$","E","E","E","R","BOSS","BOSS","R","$","E","BOSS"],"items_purchased_type":["Relic","Card","Card","Relic","Relic","Relic","Potion","Relic"],"build_version":"2020-12-22","purchased_purges":2,"victory":true,"max_hp_per_floor":[66,66,71,71,71,71,71,71,71,71,71,71,71,71,71,71,71,71,76,76,76,76,76,76,76,76,76,78,80,82,82,82,84,84,86,86,86,88,88,90,92,101,101,103,103,103,105,107,107,107,107,107,107,113,115,115],"card_choices":[{"not_picked":["Deadly Poison","Crippling Poison"],"picked":"Backflip","floor":1.0},{"not_picked":["Tools of the Trade","Envenom"],"picked":"Adrenaline","floor":6.0},{"not_picked":["Burst","Glass Knife","Malaise"],"picked":"SKIP","floor":7.0},{"not_picked":["Burst","Malaise"],"picked":"After Image","floor":8.0},{"not_picked":["Doppelganger","Tools of the Trade"],"picked":"Grand Finale","floor":10.0},{"not_picked":["Tools of the Trade","Unload","Corpse Explosion"],"picked":"SKIP","floor":11.0},{"not_picked":["Storm of Steel","Night Terror","AT_EssenceShift"],"picked":"SKIP","floor":13.0},{"not_picked":["Storm of Steel","Doppelganger","Bullet Time"],"picked":"SKIP","floor":14.0},{"not_picked":["Blade Dance","Cloak And Dagger","Acrobatics"],"picked":"SKIP","floor":18.0},{"not_picked":["Underhanded Strike","Leg Sweep","Dodge and Roll"],"picked":"SKIP","floor":22.0},{"not_picked":["Night Terror","Envenom","Adrenaline"],"picked":"SKIP","floor":23.0},{"not_picked":["Night Terror","AT_MyraUnstableElement"],"picked":"AT_KingSlayer","floor":24.0},{"not_picked":["Adrenaline","Doppelganger","A Thousand Cuts"],"picked":"SKIP","floor":25.0},{"not_picked":["After Image","Burst","Storm of Steel"],"picked":"SKIP","floor":27.0},{"not_picked":["Venomology","After Image","Unload"],"picked":"Singing Bowl","floor":28.0},{"not_picked":["AT_KingSlayer","Phantasmal Killer","Doppelganger"],"picked":"Singing Bowl","floor":29.0},{"not_picked":["Envenom","Unload","Wraith Form v2","A Thousand Cuts"],"picked":"Singing Bowl","floor":30.0},{"not_picked":["Malaise","Wraith Form v2","Phantasmal Killer","Adrenaline"],"picked":"Singing Bowl","floor":33.0},{"not_picked":["Dodge and Roll","Blade Dance","Infinite Blades","Deadly Poison"],"picked":"Singing Bowl","floor":35.0},{"not_picked":["Deadly Poison","AT_TinkerSharpsword","Outmaneuver","AT_WindFlip"],"picked":"Singing Bowl","floor":38.0},{"not_picked":["After Image","Storm of Steel","A Thousand Cuts","Venomology"],"picked":"Singing Bowl","floor":40.0},{"not_picked":["Phantasmal Killer","Burst","Tools of the Trade","AT_EssenceShift"],"picked":"Singing Bowl","floor":41.0},{"not_picked":["Glass Knife","AT_EssenceShift","Tools of the Trade","Venomology"],"picked":"Singing Bowl","floor":42.0},{"not_picked":["After Image","Grand Finale","Doppelganger","A Thousand Cuts"],"picked":"Singing Bowl","floor":44.0},{"not_picked":["AT_KingSlayer","Corpse Explosion+1","AT_EssenceShift"],"picked":"Malaise+1","floor":46.0},{"not_picked":["Malaise+1","A Thousand Cuts","Envenom","Tools of the Trade"],"picked":"Singing Bowl","floor":47.0},{"not_picked":["Malaise+1","AT_MyraUnstableElement+1","Unload","Storm of Steel+1"],"picked":"Singing Bowl","floor":48.0},{"not_picked":["Acrobatics+1","Flechettes","AT_TinkerSharpsword+1"],"picked":"AT_KneejerkReflex","floor":54},{"not_picked":["Backflip+1","Prepared+1","PiercingWail+1"],"picked":"Terror+1","floor":54},{"not_picked":["Footwork","Dagger Spray","Quick Slash","Poisoned Stab"],"picked":"Singing Bowl","floor":54},{"not_picked":["Dagger Throw","AT_ShadowStep+1","Phantasmal Killer+1","Malaise+1"],"picked":"Singing Bowl","floor":54},{"not_picked":["Slice","Skewer","Blade Dance+1","Poisoned Stab"],"picked":"Singing Bowl","floor":54},{"not_picked":["Burst+1","AT_MyraUnstableElement+1","A Thousand Cuts","Malaise+1"],"picked":"Singing Bowl","floor":55}],"player_experience":455773,"relics_obtained":[{"floor":6.0,"key":"AT_RabadonDeathcap"},{"floor":8.0,"key":"Bottled Lightning"},{"floor":10.0,"key":"AT_MibuBalloonWealth"},{"floor":11.0,"key":"Eternal Feather"},{"floor":13.0,"key":"StoneCalendar"},{"floor":14.0,"key":"Mummified Hand"},{"floor":23.0,"key":"AT_ArchangelStaff"},{"floor":24.0,"key":"FossilizedHelix"},{"floor":25.0,"key":"Kunai"},{"floor":26.0,"key":"Happy Flower"},{"floor":27.0,"key":"Regal Pillow"},{"floor":28.0,"key":"Singing Bowl"},{"floor":29.0,"key":"Question Card"},{"floor":30.0,"key":"The Specimen"},{"floor":40.0,"key":"Ginger"},{"floor":41.0,"key":"AT_Manta"},{"floor":42.0,"key":"Strawberry"},{"floor":43.0,"key":"Toy Ornithopter"},{"floor":44.0,"key":"Bird Faced Urn"},{"floor":46.0,"key":"AT_SunfireAegis"},{"floor":47.0,"key":"Bronze Scales"},{"floor":48.0,"key":"CeramicFish"},{"floor":55,"key":"Akabeko"}],"event_choices":[{"cards_removed":["PiercingWail"],"damage_healed":0.0,"max_hp_gain":0.0,"max_hp_loss":0.0,"gold_gain":0.0,"event_name":"Golden Wing","player_choice":"Card Removal","floor":2.0,"gold_loss":0.0,"damage_taken":7.0},{"damage_healed":0.0,"max_hp_gain":5.0,"max_hp_loss":0.0,"gold_gain":0.0,"event_name":"Big Fish","player_choice":"Donut","floor":3.0,"gold_loss":0.0,"damage_taken":0.0},{"damage_healed":0.0,"max_hp_gain":0.0,"max_hp_loss":0.0,"gold_gain":0.0,"event_name":"Shining Light","player_choice":"Entered Light","floor":4.0,"gold_loss":0.0,"damage_taken":21.0,"cards_upgraded":["Underhanded Strike","Acrobatics"]},{"damage_healed":0.0,"max_hp_gain":0.0,"max_hp_loss":0.0,"gold_gain":0.0,"event_name":"Living Wall","player_choice":"Grow","floor":5.0,"gold_loss":0.0,"damage_taken":0.0,"cards_upgraded":["Tactician"]},{"damage_healed":0.0,"max_hp_gain":5.0,"max_hp_loss":0.0,"gold_gain":0.0,"event_name":"Forgotten Altar","player_choice":"Shed Blood","floor":19.0,"gold_loss":0.0,"damage_taken":25.0},{"damage_healed":0.0,"max_hp_gain":0.0,"max_hp_loss":0.0,"gold_gain":0.0,"event_name":"Addict","player_choice":"Obtained Relic","floor":20.0,"gold_loss":85.0,"damage_taken":0.0,"relics_obtained":["AT_EbonyIvory"]},{"damage_healed":0.0,"max_hp_gain":0.0,"max_hp_loss":0.0,"gold_gain":0.0,"event_name":"The Woman in Blue","player_choice":"Bought 0 Potions","floor":21.0,"gold_loss":0.0,"damage_taken":0.0},{"damage_healed":0.0,"max_hp_gain":0.0,"max_hp_loss":0.0,"gold_gain":0.0,"event_name":"MindBloom","player_choice":"Upgrade","floor":36.0,"gold_loss":0.0,"damage_taken":0.0,"cards_upgraded":["PiercingWail","Dagger Throw","Concentrate","Backflip","Adrenaline","After Image","Grand Finale","AT_KingSlayer"],"relics_obtained":["Mark of the Bloom"]},{"cards_removed":["Dagger Throw"],"damage_healed":0.0,"max_hp_gain":0.0,"max_hp_loss":0.0,"gold_gain":0.0,"event_name":"Designer","player_choice":"Removal","floor":37.0,"gold_loss":110.0,"damage_taken":0.0}],"is_beta":false,"boss_relics":[{"not_picked":["WristBlade","SlaversCollar"],"picked":"Coffee Dripper"},{"not_picked":["AT_MortalBlade","SacredBark"],"picked":"AT_TrinityForce"}],"items_purged_floors":[31,39],"is_endless":false,"potions_floor_spawned":[8,11,13,14,18,22,24,25,29,33,38,41,42,55],"ascension_level":20}}