{"host":"5p9hybygolzp0efr","time":1610786414,"event":{"mods":["AchievementEnabler","BaseMod","Bestiary","Colored Map","Googly Eyes","Minty Spire (QoL Compilation)","Relic Stats"],"gold_per_floor":[166,166,182,182,201,231,231,248,248,265,278,310,310,320,320,320,320],"floor_reached":16,"language":"ENG","playtime":1101,"items_purged":[],"score":114,"play_id":"37bf656c-535b-46e5-97bc-097661f2373a","local_time":"20210116164014","is_ascension_mode":false,"campfire_choices":[{"data":"Defragment","floor":7,"key":"SMITH"},{"floor":15,"key":"REST"}],"circlet_count":0,"master_deck":["Strike_B+1","Strike_B","Strike_B","Strike_B","Defend_B","Defend_B","Defend_B","Defend_B+1","Zap","Dualcast+1","Hello World","Coolheaded","Darkness","Leap","Defragment+1","Conserve Battery","Auto Shields","White Noise","Static Discharge","Self Repair"],"relics":["Tiny House","GremlinMask","White Beast Statue","Dream Catcher"],"acts_visited":["Exordium"],"potions_floor_usage":[12,16],"damage_taken":[{"damage":1,"enemies":"2 Louse","floor":1,"turns":3},{"damage":3,"enemies":"Jaw Worm","floor":3,"turns":5},{"damage":0,"enemies":"Cultist","floor":5,"turns":4},{"damage":44,"enemies":"Gremlin Nob","floor":6,"turns":6},{"damage":0,"enemies":"Gremlin Gang","floor":8,"turns":6},{"damage":5,"enemies":"2 Fungi Beasts","floor":10,"turns":4},{"damage":3,"enemies":"Large Slime","floor":11,"turns":6},{"damage":11,"enemies":"3 Sentries","floor":12,"turns":7},{"damage":0,"enemies":"Blue Slaver","floor":14,"turns":6},{"damage":47,"enemies":"Slime Boss","floor":16,"turns":6}],"seed_played":"5197475587552249449","potions_obtained":[{"floor":0,"key":"Swift Potion"},{"floor":1,"key":"DistilledChaos"},{"floor":3,"key":"AttackPotion"},{"floor":11,"key":"Explosive Potion"},{"floor":12,"key":"LiquidMemories"}],"is_trial":false,"path_per_floor":["M","?","M","?","M","E","R","M","T","M","M","E","?","M","R","B"],"character_chosen":"DEFECT","items_purchased":[],"campfire_rested":1,"item_purchase_floors":[],"current_hp_per_floor":[79,84,81,81,81,37,37,37,37,32,29,18,1,1,26,0,0],"gold":320,"neow_bonus":"BOSS_RELIC","is_daily":false,"chose_seed":false,"campfire_upgraded":1,"win_rate":0.0,"timestamp":1610786414,"path_taken":["M","?","M","?","M","E","R","?","T","?","M","E","?","M","R","BOSS"],"items_purchased_type":[],"build_version":"2020-12-22","purchased_purges":0,"victory":false,"max_hp_per_floor":[80,85,85,85,85,85,85,85,85,85,85,85,85,85,85,85,85],"relic_stats":{"Dream Catcher":1,"counters":[10,53],"obtain_stats":[{"Dream Catcher":12,"Tiny House":0,"GremlinMask":4,"Cracked Core":0,"White Beast Statue":6},{"Dream Catcher":8,"Tiny House":0,"GremlinMask":2,"Cracked Core":0,"White Beast Statue":4},{"Dream Catcher":41,"Tiny House":0,"GremlinMask":8,"Cracked Core":0,"White Beast Statue":18}]},"card_choices":[{"not_picked":["Rebound","Hologram"],"picked":"Hello World","floor":0},{"not_picked":["Chaos","Steam"],"picked":"Coolheaded","floor":1},{"not_picked":["Coolheaded","Static Discharge"],"picked":"Darkness","floor":3},{"not_picked":["Barrage","Steam"],"picked":"Leap","floor":5},{"not_picked":["Steam Power","Creative AI"],"picked":"Defragment","floor":6},{"not_picked":["Go for the Eyes","Stack"],"picked":"Conserve Battery","floor":8},{"not_picked":["Stack","Turbo"],"picked":"Auto Shields","floor":10},{"not_picked":["Gash","Rebound"],"picked":"White Noise","floor":11},{"not_picked":["Redo","White Noise","Leap"],"picked":"SKIP","floor":12},{"not_picked":["Reinforced Body","Barrage"],"picked":"Static Discharge","floor":14},{"not_picked":["Fusion","Conserve Battery"],"picked":"Self Repair","floor":15}],"player_experience":467393,"relics_obtained":[{"floor":6,"key":"White Beast Statue"},{"floor":12,"key":"Dream Catcher"}],"event_choices":[{"damage_healed":0,"gold_gain":0,"player_choice":"Donut","damage_taken":0,"max_hp_gain":5,"max_hp_loss":0,"event_name":"Big Fish","floor":2,"gold_loss":0},{"damage_healed":0,"gold_gain":0,"player_choice":"Trade","damage_taken":0,"relics_obtained":["GremlinMask"],"max_hp_gain":0,"max_hp_loss":0,"event_name":"FaceTrader","floor":4,"gold_loss":0},{"damage_healed":0,"gold_gain":0,"player_choice":"Entered Light","damage_taken":17,"max_hp_gain":0,"max_hp_loss":0,"event_name":"Shining Light","floor":13,"gold_loss":0,"cards_upgraded":["Defend_B","Strike_B"]}],"is_beta":false,"boss_relics":[],"items_purged_floors":[],"is_endless":false,"potions_floor_spawned":[1,3,8,10,11,12,14],"killed_by":"Slime Boss","ascension_level":0}}