{"host":"j9ki0s1dicmcfq9y","time":1610760043,"event":{"mods":["BaseMod","Minty Spire (QoL Compilation)","Prisma Mod","StSLib"],"gold_per_floor":[117,117,16,40,60,93,93,168,193,193,211,211,227,242,242,346,346,365,365,464,464,474,474,502,517,517,517,517],"floor_reached":27,"language":"ENG","playtime":1993,"items_purged":[],"score":231,"play_id":"08847c96-d193-4c2e-9156-ff4f0cec6ca2","local_time":"20210115202043","is_ascension_mode":false,"campfire_choices":[{"data":"PrismaMod:IllyaUncommonDefend","floor":7,"key":"SMITH"},{"data":"PrismaMod:IllyaPoisoningPhantasm","floor":10,"key":"SMITH"},{"floor":15,"key":"REST"},{"data":"PrismaMod:IllyaDetonatingBlow","floor":23,"key":"SMITH"}],"circlet_count":0,"master_deck":["PrismaMod:IllyaCommonAttack","PrismaMod:IllyaCommonDefend","PrismaMod:IllyaCommonAttack","PrismaMod:IllyaCommonDefend","PrismaMod:IllyaCommonAttack","PrismaMod:IllyaCommonDefend","PrismaMod:IllyaCommonAttack","PrismaMod:IllyaCommonDefend","PrismaMod:IllyaCommonAttack","PrismaMod:IllyaCommonDefend","PrismaMod:IllyaUncommonAttack","PrismaMod:IllyaUncommonDefend+1","PrismaMod:IllyaBerserCAR","Regret","PrismaMod:IllyaAOECommonAttack","PrismaMod:IllyaPoisonTippedWeapons","PrismaMod:IllyaPoisoningPhantasm+1","PrismaMod:IllyaBoysLove","PrismaMod:IllyaStunPoison","PrismaMod:IllyaBlindPoisonToss","PrismaMod:IllyaCommandSeal","PrismaMod:IllyaCarnivalDefend","PrismaMod:IllyaDetonatingBlow+1","Writhe","PrismaMod:IllyaRubysPotion"],"relics":["PrismaMod:PrismaZwei","MealTicket","Regal Pillow","Boot","Nunchaku","Unceasing Top","Lantern","MutagenicStrength","Girya","Darkstone Periapt"],"acts_visited":["Exordium","TheCity"],"potions_floor_usage":[16,16,25],"damage_taken":[{"damage":0,"enemies":"2 Louse","floor":1,"turns":2},{"damage":4,"enemies":"Jaw Worm","floor":5,"turns":5},{"damage":29,"enemies":"3 Sentries","floor":6,"turns":10},{"damage":2,"enemies":"Small Slimes","floor":11,"turns":3},{"damage":14,"enemies":"Exordium Wildlife","floor":13,"turns":5},{"damage":8,"enemies":"Large Slime","floor":14,"turns":5},{"damage":17,"enemies":"Slime Boss","floor":16,"turns":10},{"damage":1,"enemies":"Shell Parasite","floor":18,"turns":6},{"damage":6,"enemies":"Spheric Guardian","floor":22,"turns":7},{"damage":54,"enemies":"Slavers","floor":24,"turns":7},{"damage":8,"enemies":"Shelled Parasite and Fungi","floor":25,"turns":6},{"damage":14,"enemies":"Colosseum Slavers","floor":27,"turns":1}],"seed_played":"-7643306494883138611","potions_obtained":[{"floor":5,"key":"CultistPotion"},{"floor":14,"key":"Explosive Potion"},{"floor":24,"key":"DistilledChaos"},{"floor":25,"key":"Ancient Potion"}],"is_trial":false,"path_per_floor":["M","?","$","T","M","E","R","?","T","R","M","T","M","M","R","B",null,"M","?","?","?","M","R","E","M","T","?"],"character_chosen":"ILLYA","items_purchased":["PrismaMod:IllyaAOECommonAttack","PrismaMod:IllyaPoisonTippedWeapons"],"campfire_rested":1,"item_purchase_floors":[3,3],"current_hp_per_floor":[75,75,75,75,71,42,42,31,31,31,29,29,15,7,44,27,75,74,74,74,74,68,68,17,12,12,0,0],"gold":517,"neow_bonus":"RANDOM_COMMON_RELIC","is_daily":false,"chose_seed":false,"campfire_upgraded":3,"win_rate":0.0,"timestamp":1610760043,"path_taken":["M","?","?","?","?","E","R","?","T","R","M","?","M","M","R","BOSS","M","?","?","?","?","R","E","M","T","?"],"items_purchased_type":["Card","Card"],"build_version":"2020-12-22","purchased_purges":0,"victory":false,"max_hp_per_floor":[75,75,75,75,75,75,75,75,75,75,75,75,75,75,75,75,75,75,75,75,75,75,75,75,75,75,75,75],"card_choices":[{"not_picked":["PrismaMod:IllyaRussianRoulette","PrismaMod:IllyaMaid"],"picked":"PrismaMod:IllyaBerserCAR","floor":1},{"not_picked":["PrismaMod:IllyaSaphire","PrismaMod:IllyaRapidFire"],"picked":"PrismaMod:IllyaPoisoningPhantasm","floor":5},{"not_picked":["PrismaMod:IllyaInstallForeigner","PrismaMod:IllyaMinorZwei"],"picked":"PrismaMod:IllyaBoysLove","floor":6},{"not_picked":["PrismaMod:IllyaSaphire","PrismaMod:IllyaHassanGift"],"picked":"PrismaMod:IllyaStunPoison","floor":11},{"not_picked":["PrismaMod:IllyaMaid","PrismaMod:IllyaCheapChannelDefend"],"picked":"PrismaMod:IllyaBlindPoisonToss","floor":13},{"not_picked":["PrismaMod:IllyaUberChannel","PrismaMod:IllyaCheapAttack"],"picked":"PrismaMod:IllyaCommandSeal","floor":14},{"not_picked":["PrismaMod:IllyaInstallForeigner","PrismaMod:IllyaZwei"],"picked":"PrismaMod:IllyaCarnivalDefend","floor":16},{"not_picked":["PrismaMod:IllyaReinForce","PrismaMod:IllyaUpgradeOrbs"],"picked":"PrismaMod:IllyaDetonatingBlow","floor":18},{"not_picked":["PrismaMod:IllyaMinorReinForce","PrismaMod:IllyaUncommonAttack+1","PrismaMod:IllyaHassanGift"],"picked":"SKIP","floor":22},{"not_picked":["PrismaMod:IllyaReinForce+1","PrismaMod:IllyaUpgradeOrbs","PrismaMod:IllyaCheapChannelDefend"],"picked":"SKIP","floor":24},{"not_picked":["PrismaMod:IllyaPoisoningPhantasm","PrismaMod:IllyaCheapChannelPoison"],"picked":"PrismaMod:IllyaRubysPotion","floor":25}],"player_experience":669734,"relics_obtained":[{"floor":6,"key":"Boot"},{"floor":9,"key":"Nunchaku"},{"floor":12,"key":"Unceasing Top"},{"floor":24,"key":"Girya"},{"floor":26,"key":"Darkstone Periapt"}],"event_choices":[{"damage_healed":0,"gold_gain":0,"player_choice":"Box","damage_taken":0,"relics_obtained":["Regal Pillow"],"max_hp_gain":0,"max_hp_loss":0,"event_name":"Big Fish","floor":2,"gold_loss":0,"cards_obtained":["Regret"]},{"damage_healed":0,"gold_gain":75,"player_choice":"Gather Gold","damage_taken":11,"max_hp_gain":0,"max_hp_loss":0,"event_name":"World of Goop","floor":8,"gold_loss":0},{"damage_healed":0,"gold_gain":0,"player_choice":"Opened","damage_taken":0,"relics_obtained":["Lantern"],"max_hp_gain":0,"max_hp_loss":0,"event_name":"The Mausoleum","floor":19,"gold_loss":0,"cards_obtained":["Writhe"]},{"damage_healed":0,"gold_gain":99,"player_choice":"Stole From Cult","damage_taken":0,"max_hp_gain":0,"max_hp_loss":0,"event_name":"Nest","floor":20,"gold_loss":0},{"damage_healed":0,"gold_gain":0,"player_choice":"Inject Mutagens","damage_taken":0,"relics_obtained":["MutagenicStrength"],"max_hp_gain":0,"max_hp_loss":0,"event_name":"Drug Dealer","floor":21,"gold_loss":0},{"damage_healed":0,"gold_gain":0,"player_choice":"Fight","damage_taken":0,"max_hp_gain":0,"max_hp_loss":0,"event_name":"Colosseum","floor":27,"gold_loss":0}],"is_beta":false,"boss_relics":[{"not_picked":["Pandora\u0027s Box","Ectoplasm"],"picked":"PrismaMod:PrismaZwei"}],"items_purged_floors":[],"is_endless":false,"potions_floor_spawned":[5,14,24,25],"killed_by":"Colosseum Slavers","ascension_level":0}}