{"host":"ibckqdmmf9y74ymf","time":1610806367,"event":{"mods":["2.2 Compatiblity","BaseMod","Colored Map","Curses Come First","Highlight Path","Minty Spire (QoL Compilation)","Quick Restart","Rare Cards Sparkle","Relic Stats","StSLib"],"gold_per_floor":[110,35,35,46,57,57,84,84,109,109,125,125,154,167,167,167,167],"floor_reached":16,"language":"ENG","playtime":380,"items_purged":[],"score":220,"play_id":"19b4de0a-a5b6-4de6-b4ba-7c22c8d14400","local_time":"20210116151247","is_ascension_mode":true,"campfire_choices":[{"data":"BowlingBash","floor":6,"key":"SMITH"},{"data":"Scrawl","floor":8,"key":"SMITH"},{"data":"MentalFortress","floor":12,"key":"SMITH"},{"floor":15,"key":"REST"}],"circlet_count":0,"master_deck":["AscendersBane","Strike_P","Strike_P","Strike_P","Defend_P","Defend_P","Defend_P","Eruption","Vigilance","CurseOfTheBell","BowlingBash+1","Consecrate","MentalFortress+1","Scrawl+1","ThirdEye","EmptyFist","CrushJoints"],"relics":["Calling Bell","Juzu Bracelet","TeardropLocket","Pocketwatch","Centennial Puzzle","Smiling Mask","Pen Nib"],"acts_visited":["Exordium"],"potions_floor_usage":[7,14,14],"damage_taken":[{"damage":0,"enemies":"Jaw Worm","floor":1,"turns":5},{"damage":12,"enemies":"2 Louse","floor":4,"turns":3},{"damage":5,"enemies":"Small Slimes","floor":5,"turns":2},{"damage":5,"enemies":"3 Sentries","floor":7,"turns":3},{"damage":16,"enemies":"Gremlin Gang","floor":11,"turns":3},{"damage":16,"enemies":"Gremlin Nob","floor":13,"turns":3},{"damage":11,"enemies":"3 Louse","floor":14,"turns":2},{"damage":0,"enemies":"Hexaghost","floor":16,"turns":1}],"seed_played":"2714470040887423463","potions_obtained":[{"floor":1,"key":"Fruit Juice"},{"floor":5,"key":"DistilledChaos"},{"floor":13,"key":"PowerPotion"}],"is_trial":false,"path_per_floor":["M","?","?","M","M","R","E","R","T","?","M","R","E","M","R","B"],"character_chosen":"WATCHER","items_purchased":[],"campfire_rested":1,"item_purchase_floors":[],"current_hp_per_floor":[61,61,61,49,44,44,39,39,39,39,23,23,7,1,22,22,22],"gold":167,"neow_bonus":"BOSS_RELIC","is_daily":false,"chose_seed":false,"campfire_upgraded":3,"win_rate":0.0,"timestamp":1610806367,"path_taken":["M","?","?","M","M","R","E","R","T","?","M","R","E","M","R","BOSS"],"items_purchased_type":[],"build_version":"2020-12-22","purchased_purges":0,"victory":false,"max_hp_per_floor":[68,68,68,68,68,68,68,68,68,68,68,68,68,73,73,73,73],"relic_stats":{"Centennial Puzzle":[9],"counters":[8,21],"Pen Nib":[0],"Juzu Bracelet":0,"Smiling Mask":0,"obtain_stats":[{"Calling Bell":0,"Centennial Puzzle":7,"Pen Nib":13,"Juzu Bracelet":0,"TeardropLocket":0,"PureWater":0,"Smiling Mask":9,"Pocketwatch":0},{"Calling Bell":0,"Centennial Puzzle":4,"Pen Nib":6,"Juzu Bracelet":0,"TeardropLocket":0,"PureWater":0,"Smiling Mask":4,"Pocketwatch":0},{"Calling Bell":0,"Centennial Puzzle":13,"Pen Nib":19,"Juzu Bracelet":0,"TeardropLocket":0,"PureWater":0,"Smiling Mask":13,"Pocketwatch":0}],"Pocketwatch":[26]},"card_choices":[{"not_picked":["Perseverance","WreathOfFlame"],"picked":"BowlingBash","floor":1},{"not_picked":["BowlingBash","Swivel"],"picked":"Consecrate","floor":4},{"not_picked":["LikeWater","Prostrate"],"picked":"MentalFortress","floor":5},{"not_picked":["CutThroughFate","Adaptation"],"picked":"Scrawl","floor":7},{"not_picked":["BowlingBash","JustLucky"],"picked":"ThirdEye","floor":11},{"not_picked":["EmptyBody","BowlingBash"],"picked":"EmptyFist","floor":13},{"not_picked":["FollowUp","Collect"],"picked":"CrushJoints","floor":14}],"player_experience":914888,"relics_obtained":[{"floor":0,"key":"Juzu Bracelet"},{"floor":0,"key":"TeardropLocket"},{"floor":0,"key":"Pocketwatch"},{"floor":7,"key":"Centennial Puzzle"},{"floor":9,"key":"Smiling Mask"},{"floor":13,"key":"Pen Nib"}],"event_choices":[{"cards_removed":["Defend_P"],"damage_healed":0,"gold_gain":0,"player_choice":"Card Removal","damage_taken":0,"max_hp_gain":0,"max_hp_loss":0,"event_name":"The Cleric","floor":2,"gold_loss":75},{"damage_healed":0,"gold_gain":0,"player_choice":"Ignored","damage_taken":0,"max_hp_gain":0,"max_hp_loss":0,"event_name":"Liars Game","floor":3,"gold_loss":0},{"cards_removed":["Strike_P"],"damage_healed":0,"gold_gain":0,"player_choice":"Offered Basic","damage_taken":0,"max_hp_gain":0,"max_hp_loss":0,"event_name":"Bonfire Elementals","floor":10,"gold_loss":0}],"is_beta":false,"boss_relics":[],"items_purged_floors":[],"is_endless":false,"potions_floor_spawned":[1,5,13],"killed_by":"Hexaghost","ascension_level":20}}