{"host":"vyjryxuuuxkt43k4","time":1610824777,"event":{"mods":["AchievementEnabler","BaseMod","Colored Map","DeckTracker","Minty Spire (QoL Compilation)","Permanent Neow","Quick Restart","StSLib","SuperFastMode","everything is the same but u backflip on backflip"],"gold_per_floor":[109,124,137,157,174,174,207,224,249,63,63,73,73,26,26,129,129,145,159,159,159,59,85,85,85,85],"floor_reached":25,"language":"KOR","playtime":919,"items_purged":["Strike_R","Strike_R"],"score":312,"play_id":"747b4562-c01d-42cb-8180-fc3ff0e70f1a","local_time":"20210117041937","is_ascension_mode":true,"campfire_choices":[{"data":"Body Slam","floor":6,"key":"SMITH"},{"floor":13,"key":"REST"},{"data":"Body Slam","floor":15,"key":"SMITH"}],"circlet_count":0,"master_deck":["Strike_R","Strike_R","Defend_R","Defend_R","Defend_R","Defend_R","Bash","Body Slam+1","Cleave","Inflame","Double Tap","Body Slam+1","Heavy Blade","Feel No Pain","Uppercut","Armaments","Shrug It Off","Immolate","Flame Barrier"],"relics":["Burning Blood","Ginger","Ornamental Fan","Tiny Chest","Velvet Choker","Sundial"],"acts_visited":["Exordium","TheCity"],"potions_floor_usage":[7,7,12,16,16,16,16,16,18,18],"damage_taken":[{"damage":6,"enemies":"Cultist","floor":1,"turns":3},{"damage":3,"enemies":"Jaw Worm","floor":2,"turns":6},{"damage":1,"enemies":"2 Louse","floor":3,"turns":2},{"damage":27,"enemies":"Blue Slaver","floor":4,"turns":5},{"damage":16,"enemies":"Lots of Slimes","floor":5,"turns":3},{"damage":31,"enemies":"Lagavulin","floor":7,"turns":6},{"damage":8,"enemies":"Large Slime","floor":8,"turns":6},{"damage":8,"enemies":"Blue Slaver","floor":12,"turns":2},{"damage":15,"enemies":"Hexaghost","floor":16,"turns":9},{"damage":26,"enemies":"2 Thieves","floor":18,"turns":4},{"damage":4,"enemies":"Chosen","floor":19,"turns":5},{"damage":59,"enemies":"Book of Stabbing","floor":23,"turns":6},{"damage":22,"enemies":"Snecko","floor":25,"turns":4}],"seed_played":"3446005990455203932","potions_obtained":[{"floor":1,"key":"PowerPotion"},{"floor":2,"key":"Strength Potion"},{"floor":4,"key":"Fire Potion"},{"floor":7,"key":"LiquidMemories"},{"floor":11,"key":"EntropicBrew"},{"floor":12,"key":"SkillPotion"},{"floor":16,"key":"PowerPotion"},{"floor":23,"key":"Explosive Potion"}],"is_trial":false,"path_per_floor":["M","M","M","M","M","R","E","M","T","$","?","M","R","$","R","B",null,"M","M","?","T","$","E","?","M"],"character_chosen":"IRONCLAD","items_purchased":["Feel No Pain","Uppercut","Shrug It Off"],"campfire_rested":1,"item_purchase_floors":[10,10,14],"current_hp_per_floor":[72,72,72,51,41,41,16,14,14,14,14,12,33,33,33,24,60,40,42,66,66,66,13,13,0,0],"gold":85,"neow_bonus":"ONE_RARE_RELIC","is_daily":false,"chose_seed":false,"campfire_upgraded":2,"win_rate":0.0,"timestamp":1610824777,"path_taken":["M","?","M","M","M","R","E","?","T","$","?","M","R","?","R","BOSS","M","M","?","?","$","E","?","?"],"items_purchased_type":["Card","Card","Card"],"build_version":"2020-12-22","purchased_purges":2,"victory":false,"max_hp_per_floor":[72,72,72,72,72,72,72,72,72,72,72,72,72,72,72,72,72,72,72,72,72,72,72,72,72,72],"card_choices":[{"not_picked":["Wild Strike","Heavy Blade"],"picked":"Body Slam","floor":1},{"not_picked":["Body Slam","Sword Boomerang"],"picked":"Cleave","floor":2},{"not_picked":["Thunderclap","Headbutt"],"picked":"Inflame","floor":3},{"not_picked":["Searing Blow","Anger"],"picked":"Double Tap","floor":4},{"not_picked":["Burning Pact","Heavy Blade"],"picked":"Body Slam","floor":5},{"not_picked":["Clash","Combust","Fiend Fire"],"picked":"SKIP","floor":7},{"not_picked":["Reckless Charge","Sever Soul"],"picked":"Heavy Blade","floor":8},{"not_picked":["Thunderclap","Pommel Strike"],"picked":"Armaments","floor":12},{"not_picked":["Limit Break","Berserk"],"picked":"Immolate","floor":16},{"not_picked":["Sever Soul+1","Clash"],"picked":"Flame Barrier","floor":18},{"not_picked":["Cleave","Clash","Warcry"],"picked":"SKIP","floor":19},{"not_picked":["Dark Embrace","Disarm","Warcry"],"picked":"SKIP","floor":23}],"player_experience":382916,"relics_obtained":[{"floor":7,"key":"Ornamental Fan"},{"floor":9,"key":"Tiny Chest"},{"floor":23,"key":"Sundial"}],"event_choices":[{"damage_healed":0,"gold_gain":0,"player_choice":"Got Potions","damage_taken":0,"max_hp_gain":0,"max_hp_loss":0,"event_name":"Lab","floor":11,"gold_loss":0},{"damage_healed":24,"gold_gain":0,"player_choice":"Heal","damage_taken":0,"max_hp_gain":0,"max_hp_loss":0,"event_name":"The Library","floor":20,"gold_loss":0},{"cards_removed":["Strike_R"],"damage_healed":0,"gold_gain":0,"player_choice":"Offered Basic","damage_taken":0,"max_hp_gain":0,"max_hp_loss":0,"event_name":"Bonfire Elementals","floor":24,"gold_loss":0}],"is_beta":false,"boss_relics":[{"not_picked":["Runic Cube","Coffee Dripper"],"picked":"Velvet Choker"}],"items_purged_floors":[10,22],"is_endless":false,"potions_floor_spawned":[1,2,4,7,12,16,23],"killed_by":"Snecko","ascension_level":8}}