{"host":"81h68oe4mr04pk3r","time":1610775239,"event":{"mods":["Act Like it!","Aspiration","BaseMod","BetterRewards","Colored Map","Colored Powertips","Conspire","Downfall","Gensokyo","Hallownest","Hermit","Hubris","Infinite Spire","Jorbs\u0027s Wanderer Trilogy","Koishi","Lobotomy","LobotomyExtend","Marisa????????","Minty Spire (QoL Compilation)","Quick Restart","Reimu??????","Remilia??????","StSLib","The Bug Knight","The Construct","The Cursed","The Disciple","The Servant 0.9.4"],"gold_per_floor":[15,119,3,18,18,37,54,54,73,73,83,83,101,101,115,115,115,115],"floor_reached":16,"language":"ENG","playtime":1574,"items_purged":[],"score":96,"play_id":"e880d2b3-3e19-4aca-91d9-e9385c925f43","local_time":"20210115213359","is_ascension_mode":false,"campfire_choices":[{"data":"HollowMod:SoulShaman","floor":7,"key":"SMITH"},{"data":"HollowMod:HowlingWraiths","floor":11,"key":"SMITH"},{"floor":13,"key":"REST"},{"floor":15,"key":"REST"}],"circlet_count":0,"master_deck":["HollowMod:NailStrikeStart","HollowMod:NailStrikeStart","HollowMod:NailStrikeStart","HollowMod:NailStrikeStart","HollowMod:QuickDashStart","HollowMod:QuickDashStart","HollowMod:QuickDashStart","HollowMod:QuickDashStart","HollowMod:FocusHealStart","HollowMod:PogoStrike","HollowMod:CloakDash","HollowMod:SoulShaman+1","HollowMod:SoulVessel","HollowMod:CloakDash","HollowMod:LifebloodCocoon","HollowMod:HowlingWraiths+1","HollowMod:VengefulSpirit","HollowMod:VengefulVoid"],"relics":["HollowMod:VesselMask","aspiration:Nostalgia","hexamod:SpiritBrand","LetterFromLob","hubris:SphereOfDissonance"],"acts_visited":["Gensokyo:Gensokyo"],"potions_floor_usage":[14,14],"damage_taken":[{"damage":2,"enemies":"Gensokyo:Gryphon","floor":1,"turns":3},{"damage":0,"enemies":"Gensokyo:3_Fairies","floor":3,"turns":3},{"damage":3,"enemies":"Gensokyo:Python","floor":5,"turns":3},{"damage":11,"enemies":"Gensokyo:CorruptedTreant","floor":6,"turns":5},{"damage":0,"enemies":"Gensokyo:LivingMonolith","floor":8,"turns":3},{"damage":14,"enemies":"Gensokyo:Gryphon_and_Rabbit","floor":10,"turns":5},{"damage":5,"enemies":"Gensokyo:Kitsune","floor":12,"turns":3},{"damage":23,"enemies":"Gensokyo:5_Fairies","floor":14,"turns":7},{"damage":78,"enemies":"Gensokyo:Reimu","floor":16,"turns":13}],"seed_played":"-4718137394600686608","potions_obtained":[{"floor":1,"key":"Fire Potion"},{"floor":3,"key":"ZuzhouPotion:ReiMu"},{"floor":6,"key":"PowerPotion"}],"is_trial":false,"path_per_floor":["M","COS","M","?","M","M","R","M","T","M","R","M","R","M","R","B"],"character_chosen":"THE_BUGKNIGHT","items_purchased":[],"campfire_rested":2,"item_purchase_floors":[],"current_hp_per_floor":[26,73,73,73,73,75,68,68,68,68,60,60,55,75,58,75,9,9],"gold":115,"neow_bonus":"NOSTALGIA","is_daily":false,"chose_seed":false,"campfire_upgraded":2,"win_rate":0.0,"timestamp":1610775239,"path_taken":["M","COS","M","?","M","M","R","M","T","M","R","M","R","M","R","BOSS"],"items_purchased_type":[],"build_version":"2020-12-22","purchased_purges":0,"victory":false,"max_hp_per_floor":[80,75,75,75,75,75,75,75,75,75,75,75,75,75,75,75,75,75],"card_choices":[{"not_picked":["HollowMod:ShadowDash","HollowMod:DescendingDark"],"picked":"HollowMod:CloakDash","floor":1},{"not_picked":["HollowMod:FastStrike","HollowMod:InfectionAssault"],"picked":"HollowMod:SoulShaman","floor":3},{"not_picked":["HollowMod:GreatSlash","HollowMod:WraithStrike"],"picked":"HollowMod:SoulVessel","floor":5},{"not_picked":["HollowMod:InfectedCysts","HollowMod:HeavyBlow"],"picked":"HollowMod:CloakDash","floor":6},{"not_picked":["HollowMod:FallenFury","HollowMod:TaintedHusks"],"picked":"HollowMod:LifebloodCocoon","floor":8},{"not_picked":["HollowMod:CrystalDash","HollowMod:LifebloodCocoon"],"picked":"HollowMod:HowlingWraiths","floor":10},{"not_picked":["HollowMod:ShapeofUnn","HollowMod:HuntersJournal"],"picked":"HollowMod:VengefulSpirit","floor":12},{"not_picked":["HollowMod:Weaversong","HollowMod:HowlingWraiths"],"picked":"HollowMod:VengefulVoid","floor":14}],"player_experience":196441,"relics_obtained":[{"floor":1,"key":"LetterFromLob"},{"floor":9,"key":"hubris:SphereOfDissonance"}],"event_choices":[],"is_beta":false,"boss_relics":[],"items_purged_floors":[],"is_endless":false,"potions_floor_spawned":[1,3,6],"killed_by":"Gensokyo:Reimu","ascension_level":0}}