{"host":"3pw9u83bdp0tylwm","time":1610771648,"event":{"mods":["AchievementEnabler","BaseMod","Colored Map","Filter the Spire","Minty Spire (QoL Compilation)","Relic Stats","Slay the Relics Exporter","StSLib"],"gold_per_floor":[114,189,189,207,207,207,219,239,294,323,323,338,370,131,131,235,235,246,246,96,96,195,228,228,228,228,79,79,113,113,141,141,245,245,261,261,311,327,345,376,391,391,391,291,316,316,348,368,368,368,368,368,47,74,74],"floor_reached":56,"language":"ENG","playtime":3392,"items_purged":["Decay","Parasite","Eruption"],"score":1659,"play_id":"522b5e01-5985-4036-9ade-16609540eb64","local_time":"20210115223408","is_ascension_mode":true,"campfire_choices":[{"data":"CrushJoints","floor":6.0,"key":"SMITH"},{"data":"Worship","floor":11.0,"key":"SMITH"},{"data":"TalkToTheHand","floor":15.0,"key":"SMITH"},{"data":"Ghostly","floor":25.0,"key":"SMITH"},{"data":"Ghostly","floor":30.0,"key":"SMITH"},{"data":"Ghostly","floor":32.0,"key":"SMITH"},{"floor":42,"key":"RECALL"},{"data":"Ghostly","floor":49,"key":"SMITH"},{"data":"Ghostly","floor":52,"key":"SMITH"}],"circlet_count":0,"master_deck":["Vigilance+1","Perseverance+1","Devotion+1","Scrawl+1","JustLucky","SashWhip+1","SandsOfTime+1","Perseverance","CrushJoints+1","CutThroughFate+1","Worship+1","Wireheading+1","TalkToTheHand+1","TalkToTheHand+1","Scrawl","Wallop","Ghostly+1","Ghostly+1","Ghostly+1","Ghostly+1","Ghostly+1","Tantrum","TalkToTheHand+1","Tantrum+1","LessonLearned+1","CutThroughFate","Meditate+1","TalkToTheHand+1","Study+1","ThirdEye+1","ThirdEye+1","DeceiveReality+1"],"relics":["Pandora\u0027s Box","Bronze Scales","Damaru","Kunai","Pen Nib","Cursed Key","Pear","Lantern","Oddly Smooth Stone","Mummified Hand","StrikeDummy","Question Card","Philosopher\u0027s Stone","TungstenRod","Art of War","Prayer Wheel","Toxic Egg 2","Orrery","CloakClasp"],"acts_visited":["Exordium","TheCity","TheBeyond","TheEnding"],"potions_floor_usage":[50,55,55],"damage_taken":[{"damage":0.0,"enemies":"2 Louse","floor":1.0,"turns":3.0},{"damage":0.0,"enemies":"Small Slimes","floor":4.0,"turns":3.0},{"damage":3.0,"enemies":"Jaw Worm","floor":7.0,"turns":3.0},{"damage":0.0,"enemies":"Looter","floor":8.0,"turns":4.0},{"damage":10.0,"enemies":"Gremlin Nob","floor":10.0,"turns":3.0},{"damage":7.0,"enemies":"2 Fungi Beasts","floor":12.0,"turns":2.0},{"damage":0.0,"enemies":"Lagavulin","floor":13.0,"turns":4.0},{"damage":0.0,"enemies":"Slime Boss","floor":16.0,"turns":3.0},{"damage":7.0,"enemies":"2 Thieves","floor":18.0,"turns":3.0},{"damage":13.0,"enemies":"Slavers","floor":23.0,"turns":4.0},{"damage":1.0,"enemies":"Gremlin Leader","floor":29.0,"turns":4.0},{"damage":0.0,"enemies":"Book of Stabbing","floor":31.0,"turns":3.0},{"damage":0.0,"enemies":"Champ","floor":33.0,"turns":7.0},{"damage":2.0,"enemies":"3 Shapes","floor":35.0,"turns":3.0},{"damage":0.0,"enemies":"Mind Bloom Boss Battle","floor":37.0,"turns":4.0},{"damage":9.0,"enemies":"3 Darklings","floor":38.0,"turns":4.0},{"damage":0.0,"enemies":"4 Shapes","floor":39.0,"turns":4.0},{"damage":0,"enemies":"Reptomancer","floor":40,"turns":5},{"damage":0,"enemies":"Jaw Worm Horde","floor":41,"turns":4},{"damage":0,"enemies":"Nemesis","floor":45,"turns":5},{"damage":0,"enemies":"Reptomancer","floor":47,"turns":4},{"damage":0,"enemies":"Transient","floor":48,"turns":5},{"damage":8,"enemies":"Donu and Deca","floor":50,"turns":7},{"damage":0,"enemies":"Shield and Spear","floor":54,"turns":6},{"damage":31,"enemies":"The Heart","floor":55,"turns":7}],"seed_played":"7110721852629767183","potions_obtained":[{"floor":4.0,"key":"LiquidBronze"},{"floor":7.0,"key":"BlessingOfTheForge"},{"floor":12.0,"key":"Explosive Potion"},{"floor":13.0,"key":"SteroidPotion"},{"floor":18.0,"key":"PowerPotion"},{"floor":31.0,"key":"Strength Potion"},{"floor":35.0,"key":"Dexterity Potion"},{"floor":37.0,"key":"LiquidMemories"},{"floor":41,"key":"Dexterity Potion"}],"is_trial":false,"path_per_floor":["M","?","?","M","?","R","M","M","T","E","R","M","E","$","R","B",null,"M","?","$","?","?","E","?","R","T","$","?","E","R","E","R","B",null,"M","?","?","M","M","E","M","R","T","$","E","?","E","M","R","B",null,"R","$","E","B",null],"character_chosen":"WATCHER","items_purchased":["TalkToTheHand","Pen Nib","Lantern","Tantrum","PowerPotion","Orrery"],"campfire_rested":0,"item_purchase_floors":[14,14,20,27,53,53],"current_hp_per_floor":[72,61,61,61,54,54,51,51,51,41,41,34,34,34,34,34,72,65,75,75,75,75,62,41,41,41,41,41,40,40,40,40,40,41,39,39,39,30,30,30,30,30,30,30,30,30,30,30,30,22,38,38,38,38,7],"gold":74,"neow_bonus":"BOSS_RELIC","is_daily":false,"chose_seed":false,"campfire_upgraded":8,"win_rate":0.0,"timestamp":1610771648,"path_taken":["M","?","?","M","?","R","M","M","T","E","R","M","E","$","R","BOSS","M","?","$","?","?","E","?","R","T","$","?","E","R","E","R","BOSS","M","?","?","M","M","E","M","R","T","$","E","?","E","M","R","BOSS","R","$","E","BOSS"],"items_purchased_type":["Card","Relic","Relic","Card","Potion","Relic"],"build_version":"2020-12-22","purchased_purges":3,"victory":true,"max_hp_per_floor":[72,72,72,72,72,72,72,72,72,72,72,72,72,72,72,72,72,72,82,82,82,82,82,41,41,41,41,41,41,41,41,41,41,41,41,41,41,41,41,41,41,41,41,38,38,38,38,38,38,38,38,38,38,38,38],"card_choices":[{"not_picked":["FollowUp","SashWhip"],"picked":"CrushJoints","floor":1.0},{"not_picked":["LikeWater","Crescendo"],"picked":"CutThroughFate","floor":4.0},{"not_picked":["ReachHeaven","EmptyMind","EmptyFist"],"picked":"SKIP","floor":7.0},{"not_picked":["PathToVictory","CarveReality"],"picked":"Worship","floor":8.0},{"not_picked":["Blasphemy","ClearTheMind"],"picked":"Wireheading","floor":10.0},{"not_picked":["Halt","ReachHeaven","FollowUp"],"picked":"SKIP","floor":12.0},{"not_picked":["BattleHymn","Protect"],"picked":"TalkToTheHand","floor":13.0},{"not_picked":["Blasphemy","Alpha"],"picked":"Scrawl","floor":16.0},{"not_picked":["FlurryOfBlows","Wireheading","ClearTheMind"],"picked":"SKIP","floor":18.0},{"not_picked":["JustLucky","Vengeance"],"picked":"Wallop","floor":23.0},{"not_picked":["Omniscience","SandsOfTime"],"picked":"Tantrum+1","floor":29.0},{"not_picked":["Crescendo+1","ClearTheMind","Halt"],"picked":"SKIP","floor":31.0},{"not_picked":["Establishment","DeusExMachina","Ragnarok"],"picked":"LessonLearned","floor":33.0},{"not_picked":["DeceiveReality+1","JustLucky","Nirvana","SashWhip+1"],"picked":"SKIP","floor":35.0},{"not_picked":["EmptyFist","Consecrate+1","EmptyBody"],"picked":"CutThroughFate","floor":38.0},{"not_picked":["CutThroughFate","Collect","InnerPeace","Wireheading+1"],"picked":"SKIP","floor":39.0},{"not_picked":["ConjureBlade","CrushJoints","Indignation+1","DeceiveReality+1"],"picked":"SKIP","floor":40},{"not_picked":["PathToVictory","Swivel","EmptyBody"],"picked":"Meditate+1","floor":41},{"not_picked":["Consecrate","SashWhip+1","BattleHymn","Ragnarok"],"picked":"SKIP","floor":45},{"not_picked":["CutThroughFate","InnerPeace+1","DeceiveReality+1"],"picked":"Study+1","floor":47},{"not_picked":["EmptyFist","FlyingSleeves+1","Crescendo+1","Prostrate+1"],"picked":"SKIP","floor":48},{"not_picked":["WaveOfTheHand+1","FollowUp","Evaluate+1","Consecrate"],"picked":"SKIP","floor":48},{"not_picked":["Evaluate+1","BowlingBash+1","JustLucky+1"],"picked":"ThirdEye+1","floor":53},{"not_picked":["PathToVictory+1","Brilliance","Worship+1"],"picked":"ThirdEye+1","floor":53},{"not_picked":["Protect+1","EmptyFist+1","Halt+1"],"picked":"DeceiveReality+1","floor":53},{"not_picked":["SashWhip+1","InnerPeace+1","FlyingSleeves","BowlingBash+1"],"picked":"SKIP","floor":54}],"player_experience":716049,"relics_obtained":[{"floor":9.0,"key":"Bronze Scales"},{"floor":10.0,"key":"Damaru"},{"floor":13.0,"key":"Kunai"},{"floor":23.0,"key":"Oddly Smooth Stone"},{"floor":26.0,"key":"Mummified Hand"},{"floor":29.0,"key":"StrikeDummy"},{"floor":31.0,"key":"Question Card"},{"floor":37.0,"key":"TungstenRod"},{"floor":40,"key":"Art of War"},{"floor":45,"key":"Prayer Wheel"},{"floor":47,"key":"Toxic Egg 2"},{"floor":54,"key":"CloakClasp"}],"event_choices":[{"damage_healed":0.0,"max_hp_gain":0.0,"max_hp_loss":0.0,"gold_gain":75.0,"event_name":"World of Goop","player_choice":"Gather Gold","floor":2.0,"gold_loss":0.0,"damage_taken":11.0},{"damage_healed":0.0,"max_hp_gain":0.0,"max_hp_loss":0.0,"gold_gain":0.0,"event_name":"Living Wall","player_choice":"Grow","floor":3.0,"gold_loss":0.0,"damage_taken":0.0,"cards_upgraded":["Devotion"]},{"cards_removed":["Nirvana"],"damage_healed":0.0,"max_hp_gain":0.0,"max_hp_loss":0.0,"gold_gain":0.0,"event_name":"Golden Wing","player_choice":"Card Removal","floor":5.0,"gold_loss":0.0,"damage_taken":7.0},{"damage_healed":0.0,"max_hp_gain":0.0,"max_hp_loss":0.0,"gold_gain":0.0,"event_name":"The Mausoleum","player_choice":"Opened","floor":19.0,"gold_loss":0.0,"damage_taken":0.0,"relics_obtained":["Pear"]},{"damage_healed":0.0,"max_hp_gain":0.0,"max_hp_loss":0.0,"gold_gain":0.0,"event_name":"Vampires","player_choice":"Ignored","floor":21.0,"gold_loss":0.0,"damage_taken":0.0},{"damage_healed":0.0,"max_hp_gain":0.0,"max_hp_loss":0.0,"gold_gain":99.0,"event_name":"Nest","player_choice":"Stole From Cult","floor":22.0,"gold_loss":0.0,"damage_taken":0.0},{"damage_healed":0.0,"max_hp_gain":0.0,"max_hp_loss":41.0,"gold_gain":0.0,"event_name":"Ghosts","player_choice":"Became a Ghost","floor":24.0,"gold_loss":0.0,"damage_taken":0.0,"cards_obtained":["Ghostly","Ghostly","Ghostly","Ghostly","Ghostly"]},{"damage_healed":0.0,"max_hp_gain":0.0,"max_hp_loss":0.0,"gold_gain":0.0,"event_name":"The Library","player_choice":"Read","floor":28.0,"gold_loss":0.0,"damage_taken":0.0,"cards_obtained":["TalkToTheHand"]},{"damage_healed":0.0,"max_hp_gain":0.0,"max_hp_loss":0.0,"gold_gain":0.0,"event_name":"Tomb of Lord Red Mask","player_choice":"Ignored","floor":36.0,"gold_loss":0.0,"damage_taken":0.0},{"damage_healed":0.0,"max_hp_gain":0.0,"max_hp_loss":0.0,"gold_gain":0.0,"event_name":"MindBloom","player_choice":"Fight","floor":37.0,"gold_loss":0.0,"damage_taken":0.0},{"damage_healed":0,"gold_gain":0,"player_choice":"Copied","damage_taken":0,"max_hp_gain":0,"max_hp_loss":0,"event_name":"Duplicator","floor":46,"gold_loss":0,"cards_obtained":["TalkToTheHand"]}],"is_beta":false,"boss_relics":[{"not_picked":["Runic Dome","Astrolabe"],"picked":"Cursed Key"},{"not_picked":["Busted Crown","SacredBark"],"picked":"Philosopher\u0027s Stone"}],"items_purged_floors":[27,44,53],"is_endless":false,"potions_floor_spawned":[4,7,12,13,18,31,35,37,41,45],"ascension_level":1}}