{"host":"f5y45f7z7ziu0smp","time":1610804845,"event":{"mods":["AchievementEnabler","BaseMod","Marisa£¨Ùöéë¡¡Øª×âÞÞ£©","Minty Spire (QoL Compilation)","Permanent Neow","Starting Relic: Pandora\u0027s Box","SuperFastMode","¡¼?Úª?ø«¡½REMEMod"],"gold_per_floor":[118,68,68,68,82,82,110,110,110,60,87,106,106,120,120,120,120],"floor_reached":16,"language":"KOR","playtime":417,"items_purged":[],"score":133,"play_id":"0eab9d13-e904-4d52-900a-8a3e052e8fd0","local_time":"20210116224725","is_ascension_mode":false,"campfire_choices":[{"data":"Blade Dance","floor":6,"key":"SMITH"},{"floor":15,"key":"RECALL"}],"circlet_count":0,"master_deck":["Survivor","Neutralize","Dagger Spray","Backstab","Acrobatics+1","Blade Dance+1","Outmaneuver","Prepared","Escape Plan","Expertise+1","Underhanded Strike","Dagger Spray"],"relics":["REME_ComplimentaryCards","Busted Crown","Ornamental Fan","Art of War"],"acts_visited":["Exordium"],"potions_floor_usage":[7],"damage_taken":[{"damage":0,"enemies":"2 Louse","floor":1,"turns":1},{"damage":0,"enemies":"Small Slimes","floor":5,"turns":1},{"damage":0,"enemies":"Lagavulin","floor":7,"turns":2},{"damage":14,"enemies":"3 Sentries","floor":11,"turns":3},{"damage":0,"enemies":"Jaw Worm","floor":12,"turns":1},{"damage":0,"enemies":"2 Fungi Beasts","floor":14,"turns":1},{"damage":9,"enemies":"The Guardian","floor":16,"turns":3}],"seed_played":"-5323738174773443409","potions_obtained":[{"floor":1,"key":"SteroidPotion"},{"floor":5,"key":"GhostInAJar"},{"floor":7,"key":"Swift Potion"}],"is_trial":false,"path_per_floor":["M","?","?","?","M","R","E","?","T","$","E","M","?","M","R","B"],"character_chosen":"THE_SILENT","items_purchased":["Underhanded Strike"],"campfire_rested":0,"item_purchase_floors":[10],"current_hp_per_floor":[70,70,75,68,68,68,68,53,53,53,39,39,39,39,39,30,30],"gold":120,"neow_bonus":"BOSS_RELIC","is_daily":false,"chose_seed":false,"campfire_upgraded":1,"win_rate":0.0,"timestamp":1610804845,"path_taken":["M","?","?","?","M","R","E","?","T","$","E","?","?","M","R","BOSS"],"items_purchased_type":["Card"],"build_version":"2020-12-22","purchased_purges":0,"victory":false,"max_hp_per_floor":[70,70,75,75,75,75,75,75,75,75,75,75,75,75,75,75,75],"card_choices":[{"not_picked":["Catalyst"],"picked":"SKIP","floor":1},{"not_picked":["Dagger Spray"],"picked":"SKIP","floor":5},{"not_picked":["Poisoned Stab"],"picked":"SKIP","floor":7},{"not_picked":["All Out Attack"],"picked":"SKIP","floor":11},{"not_picked":["Deadly Poison"],"picked":"SKIP","floor":12},{"not_picked":["Deadly Poison"],"picked":"SKIP","floor":12},{"not_picked":["Deadly Poison"],"picked":"SKIP","floor":12},{"not_picked":["Acrobatics"],"picked":"SKIP","floor":14}],"player_experience":117945,"relics_obtained":[{"floor":7,"key":"Ornamental Fan"},{"floor":11,"key":"Art of War"}],"event_choices":[{"cards_removed":["Caltrops"],"damage_healed":0,"gold_gain":0,"player_choice":"Card Removal","damage_taken":0,"max_hp_gain":0,"max_hp_loss":0,"event_name":"The Cleric","floor":2,"gold_loss":50},{"damage_healed":0,"gold_gain":0,"player_choice":"Donut","damage_taken":0,"max_hp_gain":5,"max_hp_loss":0,"event_name":"Big Fish","floor":3,"gold_loss":0},{"cards_removed":["Caltrops"],"damage_healed":0,"gold_gain":0,"player_choice":"Card Removal","damage_taken":7,"max_hp_gain":0,"max_hp_loss":0,"event_name":"Golden Wing","floor":4,"gold_loss":0},{"damage_healed":0,"gold_gain":0,"player_choice":"Entered Light","damage_taken":15,"max_hp_gain":0,"max_hp_loss":0,"event_name":"Shining Light","floor":8,"gold_loss":0,"cards_upgraded":["Expertise","Acrobatics"]},{"damage_healed":0,"gold_gain":0,"player_choice":"Upgraded","damage_taken":0,"max_hp_gain":0,"max_hp_loss":0,"event_name":"Upgrade Shrine","floor":13,"gold_loss":0,"cards_upgraded":["Metamorphosis"]}],"is_beta":false,"boss_relics":[],"items_purged_floors":[],"is_endless":false,"potions_floor_spawned":[1,5,7],"killed_by":"The Guardian","ascension_level":0}}