{"host":"dr5ef424til0p8zn","time":1610818946,"event":{"mods":["2.2 Compatiblity","Act Like it!","BaseMod","Better Skull","Dark Map","Downfall","Gremlin Skip","Hallownest","Hermit","Minty Spire (QoL Compilation)","Shade Mod","StSLib","Td1madao Mod","The Bug Knight","The Hierophant","The Marked"],"gold_per_floor":[112,127,127,577,597,629,654,673,673,219,275,301,301,301,301,301,301],"floor_reached":16,"language":"ENG","playtime":1218,"items_purged":["downfall:Icky"],"score":100,"play_id":"691c1b16-7789-48b9-9553-b9d1beac4159","local_time":"20210116184226","is_ascension_mode":false,"campfire_choices":[{"floor":9,"key":"REST"},{"floor":13,"key":"REST"},{"data":"bronze:Optimize","floor":15,"key":"SMITH"}],"circlet_count":0,"master_deck":["bronze:Strike","bronze:Strike","bronze:Strike","bronze:Defend","bronze:Defend","bronze:Defend","bronze:Defend","bronze:Replicate","bronze:Goto","bronze:DelayedSlice","bronze:Backtrace","bronze:Backtrace","downfall:Icky","downfall:Icky","bronze:Boost","bronze:Iterate","bronze:RecursiveStrike","bronze:Optimize+1","bronze:GetLatest"],"relics":["bronze:BronzeCore","bronze:SilverBullet","MealTicket","Frozen Eye","Nunchaku","CeramicFish"],"acts_visited":["Exordium"],"potions_floor_usage":[11,12,16],"damage_taken":[{"damage":0,"enemies":"Small Slimes","floor":1,"turns":4},{"damage":6,"enemies":"Jaw Worm","floor":2,"turns":3},{"damage":0,"enemies":"2 Louse","floor":5,"turns":2},{"damage":29,"enemies":"Lagavulin","floor":6,"turns":6},{"damage":7,"enemies":"Blue Slaver","floor":8,"turns":2},{"damage":5,"enemies":"downfall:FleeingMerchant","floor":10,"turns":4},{"damage":26,"enemies":"Lagavulin Event","floor":11,"turns":6},{"damage":0,"enemies":"Red Slaver","floor":12,"turns":1},{"damage":71,"enemies":"SI_SHIV_ARCHETYPE","floor":16,"turns":7}],"seed_played":"-5312465597798371233","potions_obtained":[{"floor":8,"key":"Energy Potion"},{"floor":11,"key":"Fire Potion"},{"floor":12,"key":"LiquidBronze"}],"is_trial":false,"path_per_floor":["M","M","?","?","M","E","T","M","R","$","?","M","R","?","R","B"],"character_chosen":"THE_AUTOMATON","items_purchased":["bronze:Optimize","Frozen Eye","Nunchaku"],"campfire_rested":2,"item_purchase_floors":[10,10,10],"current_hp_per_floor":[77,71,71,71,71,42,42,35,58,68,42,42,65,70,70,0,0],"gold":301,"neow_bonus":"TEN_PERCENT_HP_BONUS","is_daily":false,"chose_seed":false,"campfire_upgraded":1,"win_rate":0.0,"timestamp":1610818946,"path_taken":["M","M","?","?","M","E","T","?","R","$","?","M","R","?","R","BOSS"],"items_purchased_type":["Card","Relic","Relic"],"build_version":"2020-12-22","purchased_purges":1,"victory":false,"max_hp_per_floor":[77,77,77,77,77,77,77,77,77,77,77,77,77,82,82,82,82],"card_choices":[{"not_picked":["bronze:Deprecate","bronze:DelayedGuard"],"picked":"bronze:DelayedSlice","floor":1},{"not_picked":["bronze:Shield","bronze:BuggyMess"],"picked":"bronze:Backtrace","floor":2},{"not_picked":["bronze:DelayedGuard","bronze:Shield"],"picked":"bronze:Boost","floor":5},{"not_picked":["bronze:ItsAFeature","bronze:WhirlingStrike"],"picked":"bronze:Iterate","floor":6},{"not_picked":["bronze:NullPointer","bronze:DelayedGuard","bronze:BronzeOrb"],"picked":"SKIP","floor":8},{"not_picked":["bronze:Iterate","bronze:Turbo"],"picked":"bronze:RecursiveStrike","floor":10},{"not_picked":["bronze:BuggyMess","bronze:Deprecate"],"picked":"bronze:GetLatest","floor":12}],"player_experience":501824,"relics_obtained":[{"floor":6,"key":"bronze:SilverBullet"},{"floor":7,"key":"MealTicket"},{"floor":11,"key":"CeramicFish"}],"event_choices":[{"damage_healed":0,"gold_gain":0,"player_choice":"Donut","damage_taken":0,"max_hp_gain":5,"max_hp_loss":0,"event_name":"Big Fish","floor":14,"gold_loss":0}],"is_beta":false,"boss_relics":[],"items_purged_floors":[10],"is_endless":false,"potions_floor_spawned":[8,11,12],"killed_by":"SI_SHIV_ARCHETYPE","ascension_level":0}}