{"host":"j36qkj20jqndbw01","time":1610761277,"event":{"mods":["AchievementEnabler","BaseMod","Colored Map","DeckTracker","Highlight Path","Keyboard Shortcuts","Minty Spire (QoL Compilation)","Quick Restart","Relic Stats","StSLib","SuperFastMode","everything is the same but u backflip on backflip"],"gold_per_floor":[110,124,139,154,174,174,225,225,249,249,249,268,283,283,283],"floor_reached":14,"language":"KOR","playtime":1127,"items_purged":[],"score":160,"play_id":"7305e4db-df4e-4a57-b5f6-e9b9f00a0306","local_time":"20210116104117","is_ascension_mode":true,"campfire_choices":[{"data":"Defragment","floor":6,"key":"SMITH"},{"data":"Defragment","floor":8,"key":"SMITH"},{"data":"Zap","floor":10,"key":"SMITH"}],"circlet_count":0,"master_deck":["AscendersBane","Strike_B","Strike_B","Strike_B","Strike_B","Defend_B","Defend_B","Defend_B","Defend_B","Zap+1","Dualcast","Ball Lightning","Defragment+1","Conserve Battery","Defragment+1","Doom and Gloom","Beam Cell","Beam Cell"],"relics":["Cracked Core","Nunchaku","Oddly Smooth Stone","Darkstone Periapt"],"acts_visited":["Exordium"],"potions_floor_usage":[14],"damage_taken":[{"damage":0,"enemies":"Cultist","floor":1,"turns":3},{"damage":2,"enemies":"Jaw Worm","floor":2,"turns":3},{"damage":13,"enemies":"2 Louse","floor":3,"turns":3},{"damage":0,"enemies":"Large Slime","floor":4,"turns":5},{"damage":5,"enemies":"Looter","floor":5,"turns":3},{"damage":9,"enemies":"Blue Slaver","floor":12,"turns":3},{"damage":6,"enemies":"Large Slime","floor":13,"turns":4},{"damage":36,"enemies":"Gremlin Nob","floor":14,"turns":3}],"seed_played":"-577761659560372150","potions_obtained":[{"floor":2,"key":"CultistPotion"},{"floor":3,"key":"Strength Potion"}],"is_trial":false,"path_per_floor":["M","M","M","M","M","R","T","R","T","R","T","M","M","E"],"character_chosen":"DEFECT","items_purchased":[],"campfire_rested":0,"item_purchase_floors":[],"current_hp_per_floor":[71,69,56,56,51,51,51,51,51,51,51,42,36,0,0],"gold":283,"neow_bonus":"TEN_PERCENT_HP_BONUS","is_daily":false,"chose_seed":false,"campfire_upgraded":3,"win_rate":0.0,"timestamp":1610761277,"path_taken":["M","M","M","M","M","R","?","R","T","R","?","M","M","E"],"items_purchased_type":[],"build_version":"2020-12-22","purchased_purges":0,"victory":false,"max_hp_per_floor":[78,78,78,78,78,78,78,78,78,78,78,78,78,78,78],"relic_stats":{"Darkstone Periapt":0,"Nunchaku":[1],"counters":[8,27],"obtain_stats":[{"Darkstone Periapt":11,"Nunchaku":7,"Oddly Smooth Stone":9,"Cracked Core":0},{"Darkstone Periapt":5,"Nunchaku":5,"Oddly Smooth Stone":5,"Cracked Core":0},{"Darkstone Periapt":17,"Nunchaku":17,"Oddly Smooth Stone":17,"Cracked Core":0}]},"card_choices":[{"not_picked":["Gash","Coolheaded"],"picked":"Ball Lightning","floor":1},{"not_picked":["Gash","Leap"],"picked":"Defragment","floor":2},{"not_picked":["Streamline","Redo"],"picked":"Conserve Battery","floor":3},{"not_picked":["Stack","Gash"],"picked":"Defragment","floor":4},{"not_picked":["Turbo","Auto Shields"],"picked":"Doom and Gloom","floor":5},{"not_picked":["Conserve Battery","Redo"],"picked":"Beam Cell","floor":12},{"not_picked":["Conserve Battery","Darkness"],"picked":"Beam Cell","floor":13}],"player_experience":1738586,"relics_obtained":[{"floor":7,"key":"Nunchaku"},{"floor":9,"key":"Oddly Smooth Stone"},{"floor":11,"key":"Darkstone Periapt"}],"event_choices":[],"is_beta":false,"boss_relics":[],"items_purged_floors":[],"is_endless":false,"potions_floor_spawned":[2,3],"killed_by":"Gremlin Nob","ascension_level":18}}