{"host":"rfd0aujzbne52cnp","time":1610762419,"event":{"mods":["2.2 Compatiblity","BaseMod","Better Match","Better Third Choice","BetterRewards","Colored Powertips","Hermit","Jorbs\u0027s Wanderer Trilogy","Minty Spire (QoL Compilation)","Quick Restart","Spicy Shops","StSLib","everything is the same but u backflip on backflip"],"gold_per_floor":[114,79,92,104,114,114,140,140,166,166,192,192,37,37,37,215,215,231,59,86,115,133,202,202,236,236,236,298,314,348,418,418,602,602,644,4,38,0,0,75,1,1,1,1,1,62,104,141,153,172],"floor_reached":51,"language":"ENG","playtime":4942,"items_purged":["hermit:Strike_Hermit","hermit:Defend_Hermit"],"score":1009,"play_id":"0d779361-0b9f-4c01-8636-ffa22d659f3d","local_time":"20210115210019","is_ascension_mode":true,"campfire_choices":[{"data":"hermit:Snapshot","floor":6,"key":"SMITH"},{"floor":8,"key":"REST"},{"data":"hermit:Desperado","floor":10,"key":"SMITH"},{"data":"hermit:DeadOrAlive","floor":12,"key":"SMITH"},{"data":"hermit:CalledShot","floor":15,"key":"SMITH"},{"data":"Apotheosis","floor":24,"key":"SMITH"},{"floor":27,"key":"REST"},{"floor":32,"key":"REST"},{"data":"hermit:FlashPowder","floor":42,"key":"SMITH"},{"data":"hermit:BigShot","floor":44,"key":"SMITH"},{"floor":49,"key":"REST"}],"circlet_count":0,"master_deck":["hermit:Defend_Hermit+1","hermit:Defend_Hermit","hermit:Defend_Hermit+1","hermit:Snapshot+1","hermit:Covet","hermit:CalledShot+1","hermit:EyeOfTheStorm+1","hermit:ItchyTrigger+1","hermit:Desperado+1","hermit:Glare","hermit:DeadOrAlive+1","hermit:BlackWind+1","hermit:LowProfile+1","hermit:Purgatory+1","hermit:Dive","Apotheosis+1","hermit:BigShot+1","hermit:RoundhouseKick","hermit:Dive+1","hermit:Scavenge+1","hermit:Deadeye","hermit:FlashPowder+1","Blind+1","hermit:Determination+1"],"relics":["hermit:Momento","Sling","MealTicket","WingedGreaves","Lantern","Bronze Scales","War Paint","Lee\u0027s Waffle","Astrolabe","Whetstone","Dream Catcher","FossilizedHelix","Happy Flower","hermit:DentedPlate","CaptainsWheel","Vajra","Medical Kit","Red Mask","Boot","Dead Branch","Bottled Lightning","Bottled Flame","MawBank"],"acts_visited":["Exordium","TheCity","TheBeyond"],"potions_floor_usage":[16,22,22,31,31,33,50],"damage_taken":[{"damage":2,"enemies":"Jaw Worm","floor":1,"turns":4},{"damage":1,"enemies":"Cultist","floor":3,"turns":3},{"damage":0,"enemies":"2 Louse","floor":4,"turns":2},{"damage":11,"enemies":"Large Slime","floor":5,"turns":4},{"damage":25,"enemies":"3 Sentries","floor":7,"turns":6},{"damage":20,"enemies":"Lagavulin","floor":11,"turns":4},{"damage":24,"enemies":"Slime Boss","floor":16,"turns":7},{"damage":13,"enemies":"Spheric Guardian","floor":18,"turns":3},{"damage":0,"enemies":"3 Byrds","floor":20,"turns":4},{"damage":0,"enemies":"Snake Plant","floor":21,"turns":6},{"damage":0,"enemies":"3 Cultists","floor":22,"turns":6},{"damage":33,"enemies":"Book of Stabbing","floor":23,"turns":5},{"damage":0,"enemies":"Centurion and Healer","floor":25,"turns":4},{"damage":14,"enemies":"Slavers","floor":28,"turns":5},{"damage":0,"enemies":"Cultist and Chosen","floor":29,"turns":6},{"damage":0,"enemies":"3 Cultists","floor":30,"turns":4},{"damage":18,"enemies":"Gremlin Leader","floor":31,"turns":5},{"damage":18,"enemies":"Champ","floor":33,"turns":14},{"damage":19,"enemies":"3 Darklings","floor":35,"turns":7},{"damage":0,"enemies":"Orb Walker","floor":37,"turns":6},{"damage":0,"enemies":"Reptomancer","floor":40,"turns":8},{"damage":9,"enemies":"Nemesis","floor":46,"turns":7},{"damage":0,"enemies":"Writhing Mass","floor":47,"turns":6},{"damage":15,"enemies":"Reptomancer","floor":48,"turns":9},{"damage":81,"enemies":"Donu and Deca","floor":50,"turns":13}],"seed_played":"6146694517362520780","potions_obtained":[{"floor":7,"key":"Weak Potion"},{"floor":11,"key":"DistilledChaos"},{"floor":18,"key":"SteroidPotion"},{"floor":21,"key":"Fire Potion"},{"floor":28,"key":"PowerPotion"},{"floor":30,"key":"Explosive Potion"},{"floor":31,"key":"Ancient Potion"},{"floor":40,"key":"LiquidBronze"}],"is_trial":false,"path_per_floor":["M","?","M","M","M","R","E","R","T","R","E","R","$","?","R","B",null,"M","$","M","M","M","E","R","M","T","R","E","M","M","E","R","B",null,"M","$","M","?","?","E","$","R","T","R","$","E","M","E","R","B",null],"character_chosen":"HERMIT","items_purchased":["Sling","MealTicket","WingedGreaves","hermit:CalledShot","Lee\u0027s Waffle","Apotheosis","hermit:Deadeye","CaptainsWheel","Vajra","Medical Kit","hermit:FlashPowder","Swift Potion","Dead Branch"],"campfire_rested":4,"item_purchase_floors":[0,0,0,0,13,19,36,36,36,36,36,36,41],"current_hp_per_floor":[41,58,57,57,46,46,21,42,42,42,22,22,77,77,77,53,77,64,77,77,77,77,44,44,44,44,67,53,53,53,35,58,40,72,53,68,68,68,68,68,83,83,83,83,98,89,89,74,106,25],"gold":184,"neow_bonus":"","is_daily":false,"chose_seed":false,"campfire_upgraded":7,"win_rate":0.0,"timestamp":1610762419,"path_taken":["M","?","M","M","M","R","E","R","T","R","E","R","$","?","R","BOSS","M","$","M","?","M","E","R","M","T","R","E","M","M","E","R","BOSS","M","$","M","?","?","E","$","R","T","R","$","E","?","E","R","BOSS"],"items_purchased_type":["Relic","Relic","Relic","Card","Relic","Card","Card","Relic","Relic","Relic","Card","Potion","Relic"],"build_version":"2020-12-22","purchased_purges":2,"victory":true,"max_hp_per_floor":[70,70,70,70,70,70,70,70,70,70,70,70,77,77,77,77,77,77,77,77,77,77,77,77,77,77,77,77,77,77,77,77,77,109,109,109,109,109,109,109,109,109,109,109,109,109,109,109,109,109],"card_choices":[{"not_picked":["hermit:Manifest","hermit:HighCaliber"],"picked":"hermit:ItchyTrigger","floor":1},{"not_picked":["hermit:Cheat","hermit:Roulette"],"picked":"hermit:Desperado","floor":3},{"not_picked":["hermit:Desperado","hermit:Vantage","hermit:Shortfuse"],"picked":"SKIP","floor":4},{"not_picked":["hermit:SprayPray","hermit:Grudge","hermit:Magnum"],"picked":"SKIP","floor":5},{"not_picked":["hermit:HighCaliber","hermit:Cheat"],"picked":"hermit:Glare","floor":7},{"not_picked":["hermit:TakeAim","hermit:Coalescence"],"picked":"hermit:DeadOrAlive","floor":11},{"not_picked":["hermit:SprayPray","hermit:Maintenance"],"picked":"hermit:Dive","floor":18},{"not_picked":["hermit:Dive","hermit:EyeOfTheStorm","hermit:Virtue"],"picked":"SKIP","floor":20},{"not_picked":["hermit:TakeCover","hermit:SprayPray","hermit:Manifest+1"],"picked":"SKIP","floor":21},{"not_picked":["hermit:HighCaliber","hermit:BodyArmor+1"],"picked":"hermit:BigShot","floor":22},{"not_picked":["hermit:TrackingShot","hermit:Coalescence+1"],"picked":"hermit:RoundhouseKick","floor":23},{"not_picked":["hermit:Feint","hermit:HighCaliber","hermit:Ricochet+1"],"picked":"SKIP","floor":25},{"not_picked":["hermit:HighNoon","hermit:Snipe"],"picked":"hermit:Dive+1","floor":28},{"not_picked":["hermit:Desperado","hermit:Quickdraw","hermit:FullyLoaded"],"picked":"SKIP","floor":29},{"not_picked":["hermit:BodyArmor","hermit:CalledShot","hermit:Snipe"],"picked":"SKIP","floor":30},{"not_picked":["hermit:BodyArmor","hermit:TrackingShot","hermit:Coalescence"],"picked":"SKIP","floor":31},{"not_picked":["hermit:Headshot","hermit:Spite"],"picked":"hermit:Scavenge+1","floor":32},{"not_picked":["hermit:Shortfuse","hermit:Maintenance","hermit:BodyArmor"],"picked":"SKIP","floor":35},{"not_picked":["hermit:Vantage","hermit:Glare+1","hermit:Manifest+1"],"picked":"SKIP","floor":37},{"not_picked":["Dramatic Entrance+1","PanicButton+1"],"picked":"Blind+1","floor":39},{"not_picked":["hermit:Virtue+1","hermit:Glare+1","hermit:Showdown"],"picked":"SKIP","floor":40},{"not_picked":["hermit:PistolWhip","hermit:TrackingShot","hermit:FullyLoaded"],"picked":"SKIP","floor":46},{"not_picked":["hermit:Vantage+1","hermit:Midnight","hermit:CalledShot"],"picked":"SKIP","floor":47},{"not_picked":["hermit:Dive","hermit:HoleUp","hermit:Reprieve"],"picked":"SKIP","floor":48},{"not_picked":["hermit:HoleUp","hermit:Misfire+1"],"picked":"hermit:Determination+1","floor":49}],"player_experience":1546401,"relics_obtained":[{"floor":7,"key":"Lantern"},{"floor":9,"key":"Bronze Scales"},{"floor":11,"key":"War Paint"},{"floor":23,"key":"Whetstone"},{"floor":26,"key":"Dream Catcher"},{"floor":28,"key":"FossilizedHelix"},{"floor":31,"key":"Happy Flower"},{"floor":40,"key":"Boot"},{"floor":43,"key":"Bottled Lightning"},{"floor":46,"key":"Bottled Flame"},{"floor":48,"key":"MawBank"}],"event_choices":[{"damage_healed":17,"gold_gain":0,"player_choice":"Healed","damage_taken":0,"max_hp_gain":0,"max_hp_loss":0,"event_name":"The Cleric","floor":2,"gold_loss":35},{"damage_healed":0,"gold_gain":0,"player_choice":"Upgraded","damage_taken":0,"max_hp_gain":0,"max_hp_loss":0,"event_name":"Upgrade Shrine","floor":14,"gold_loss":0,"cards_upgraded":["hermit:EyeOfTheStorm"]},{"damage_healed":0,"gold_gain":0,"player_choice":"Paid","damage_taken":0,"relics_obtained":["Red Mask"],"max_hp_gain":0,"max_hp_loss":0,"event_name":"Tomb of Lord Red Mask","floor":38,"gold_loss":38},{"damage_healed":0,"gold_gain":0,"player_choice":"Random: Orange","damage_taken":0,"max_hp_gain":0,"max_hp_loss":0,"event_name":"betterThird:BetterPortal","floor":39,"gold_loss":0},{"damage_healed":0,"gold_gain":0,"player_choice":"2","damage_taken":0,"max_hp_gain":0,"max_hp_loss":0,"event_name":"betterMatch:BetterMatch","floor":39,"gold_loss":0,"cards_obtained":["betterMatch:ColorlessUncommonCard"]}],"is_beta":false,"boss_relics":[{"not_picked":["Philosopher\u0027s Stone","Runic Pyramid"],"picked":"Astrolabe"},{"not_picked":["Coffee Dripper","hermit:ClaspedLocket"],"picked":"hermit:DentedPlate"}],"items_purged_floors":[0,36],"is_endless":false,"potions_floor_spawned":[7,11,18,21,28,30,31,40,46],"ascension_level":4}}