{"host":"04hh9gplt9wkfmr1","time":1610803029,"event":{"mods":["AchievementEnabler","BaseMod","Colored Map","KOR Keyword Fix","Minty Spire (QoL Compilation)","Rare Cards Sparkle","SuperFastMode"],"gold_per_floor":[113,125,200,219,231,231,257,277,277,289,332,344,130,149,149,247,247,263,276,276,291,310,344,344,377,424,96,123,123,152,169,169,273,273,286,25,25,25,36,36,36,36,36,61,61,86,104,116,116,116,116],"floor_reached":50,"language":"KOR","playtime":1416,"items_purged":["Regret","Normality"],"score":769,"play_id":"c24395fe-a10b-4cd7-bbd6-1b4ea3945219","local_time":"20210116221709","is_ascension_mode":true,"campfire_choices":[{"data":"Adrenaline","floor":6,"key":"SMITH"},{"data":"Blade Dance","floor":10,"key":"SMITH"},{"data":"Blade Dance","floor":15,"key":"SMITH"},{"floor":24,"key":"REST"},{"data":"Venomology","floor":32,"key":"SMITH"},{"data":"Accuracy","floor":41,"key":"SMITH"},{"data":"Accuracy","floor":45,"key":"SMITH"},{"data":"Finisher","floor":49,"key":"SMITH"}],"circlet_count":0,"master_deck":["Strike_G+1","Strike_G","Strike_G","Defend_G","Defend_G+1","Defend_G","Defend_G","Defend_G","Survivor+1","Neutralize+1","Blade Dance+1","Finisher+1","Adrenaline+1","Blade Dance+1","Escape Plan","Blade Dance","Bullet Time","Venomology+1","Accuracy+1","Die Die Die","Doppelganger","Backflip","Accuracy+1","Parasite","Blade Dance","Venomology+1","Cloak And Dagger+1","PiercingWail"],"relics":["Ring of the Snake","MealTicket","Odd Mushroom","MawBank","Ninja Scroll","Dream Catcher","Tiny Chest","Cursed Key","War Paint","Happy Flower","Toy Ornithopter","Snake Skull","Juzu Bracelet","MutagenicStrength","Omamori","SacredBark","Shuriken","The Courier","Whetstone","Bottled Lightning"],"acts_visited":["TheCity","TheBeyond"],"potions_floor_usage":[7,14,18,21,22,23,25,30,31,33,33,35,35,38,39,40,46,48,50,50,50],"damage_taken":[{"damage":0,"enemies":"Jaw Worm","floor":1,"turns":5},{"damage":7,"enemies":"2 Louse","floor":2,"turns":3},{"damage":0,"enemies":"Small Slimes","floor":4,"turns":2},{"damage":0,"enemies":"3 Louse","floor":5,"turns":4},{"damage":7,"enemies":"3 Sentries","floor":7,"turns":4},{"damage":15,"enemies":"The Mushroom Lair","floor":8,"turns":3},{"damage":22,"enemies":"Gremlin Nob","floor":11,"turns":4},{"damage":0,"enemies":"Gremlin Gang","floor":14,"turns":2},{"damage":14,"enemies":"Hexaghost","floor":16,"turns":8},{"damage":3,"enemies":"3 Byrds","floor":18,"turns":4},{"damage":7,"enemies":"2 Thieves","floor":19,"turns":2},{"damage":11,"enemies":"Shelled Parasite and Fungi","floor":21,"turns":2},{"damage":0,"enemies":"Chosen and Byrds","floor":22,"turns":3},{"damage":17,"enemies":"Gremlin Leader","floor":23,"turns":5},{"damage":31,"enemies":"Book of Stabbing","floor":25,"turns":4},{"damage":0,"enemies":"Gremlin Leader","floor":30,"turns":3},{"damage":0,"enemies":"Centurion and Healer","floor":31,"turns":3},{"damage":19,"enemies":"Collector","floor":33,"turns":6},{"damage":8,"enemies":"3 Shapes","floor":35,"turns":5},{"damage":0,"enemies":"Orb Walker","floor":38,"turns":1},{"damage":3,"enemies":"Maw","floor":39,"turns":3},{"damage":0,"enemies":"Nemesis","floor":40,"turns":1},{"damage":2,"enemies":"Reptomancer","floor":46,"turns":3},{"damage":0,"enemies":"Jaw Worm Horde","floor":47,"turns":2},{"damage":0,"enemies":"4 Shapes","floor":48,"turns":2},{"damage":148,"enemies":"Time Eater","floor":50,"turns":12}],"seed_played":"-4457248249411441380","potions_obtained":[{"floor":2,"key":"AttackPotion"},{"floor":4,"key":"Ancient Potion"},{"floor":11,"key":"DistilledChaos"},{"floor":16,"key":"Block Potion"},{"floor":19,"key":"Strength Potion"},{"floor":22,"key":"CunningPotion"},{"floor":33,"key":"EssenceOfSteel"},{"floor":35,"key":"SmokeBomb"}],"is_trial":false,"path_per_floor":["M","M","?","M","M","R","E","?","T","R","E","?","$","M","R","B",null,"M","M","?","M","M","E","R","E","T","$","T","?","E","M","R","B",null,"M","$","?","M","M","E","R","?","T","T","R","E","M","M","R","B"],"character_chosen":"THE_SILENT","items_purchased":["Tiny Chest","Snake Skull","Accuracy","Shuriken"],"campfire_rested":1,"item_purchase_floors":[13,27,27,36],"current_hp_per_floor":[77,70,59,59,59,59,52,37,37,37,15,15,30,30,30,16,62,59,52,52,41,41,24,47,16,16,31,31,31,36,41,41,32,66,68,77,77,77,77,77,77,77,77,77,77,75,75,77,77,0,0],"gold":116,"neow_bonus":"TEN_PERCENT_HP_BONUS","is_daily":false,"chose_seed":false,"campfire_upgraded":7,"win_rate":0.0,"timestamp":1610803029,"path_taken":["M","M","?","M","M","R","E","?","T","R","E","?","$","M","R","BOSS","M","M","?","?","M","E","R","E","T","?","?","?","E","M","R","BOSS","M","$","?","M","M","E","R","?","T","?","R","E","M","M","R","BOSS"],"items_purchased_type":["Relic","Relic","Card","Relic"],"build_version":"2020-12-22","purchased_purges":2,"victory":false,"max_hp_per_floor":[77,77,77,77,77,77,77,77,77,77,77,77,77,77,77,77,77,77,77,77,77,77,77,77,77,77,77,77,77,77,77,77,77,77,77,77,77,77,77,77,77,77,77,77,77,77,77,77,77,77,77],"card_choices":[{"not_picked":["Sucker Punch","Bane"],"picked":"Blade Dance","floor":1},{"not_picked":["Reflex","Flying Knee"],"picked":"Finisher","floor":2},{"not_picked":["Expertise","Slice"],"picked":"Adrenaline","floor":4},{"not_picked":["Slice","Underhanded Strike"],"picked":"Blade Dance","floor":5},{"not_picked":["Flying Knee","Outmaneuver"],"picked":"Escape Plan","floor":7},{"not_picked":["Backstab","Quick Slash"],"picked":"Blade Dance","floor":8},{"not_picked":["Acrobatics","Sucker Punch"],"picked":"Bullet Time","floor":11},{"not_picked":["Masterful Stab","Deflect","Dagger Spray"],"picked":"SKIP","floor":14},{"not_picked":["Die Die Die","Malaise"],"picked":"Venomology","floor":16},{"not_picked":["Prepared+1","Choke"],"picked":"Accuracy","floor":18},{"not_picked":["Dodge and Roll","Prepared","Underhanded Strike"],"picked":"SKIP","floor":19},{"not_picked":["Dodge and Roll","Dagger Throw","Underhanded Strike+1"],"picked":"SKIP","floor":21},{"not_picked":["Underhanded Strike","Deflect"],"picked":"Die Die Die","floor":22},{"not_picked":["Quick Slash","Skewer+1"],"picked":"Doppelganger","floor":23},{"not_picked":["Dagger Throw+1","Dodge and Roll"],"picked":"Backflip","floor":24},{"not_picked":["Flying Knee+1","Outmaneuver","Grand Finale"],"picked":"SKIP","floor":25},{"not_picked":["Deadly Poison","Poisoned Stab"],"picked":"Blade Dance","floor":30},{"not_picked":["Dodge and Roll","Slice","Dagger Throw"],"picked":"SKIP","floor":31},{"not_picked":["Burst","Malaise"],"picked":"Venomology","floor":33},{"not_picked":["Deadly Poison","Slice","Acrobatics+1"],"picked":"SKIP","floor":35},{"not_picked":["Poisoned Stab+1","Choke"],"picked":"Cloak And Dagger+1","floor":39},{"not_picked":["Outmaneuver","Expertise","Flying Knee"],"picked":"SKIP","floor":46},{"not_picked":["Concentrate","Acrobatics+1","Die Die Die"],"picked":"SKIP","floor":47},{"not_picked":["Predator+1","Bane+1"],"picked":"PiercingWail","floor":48}],"player_experience":38061,"relics_obtained":[{"floor":7,"key":"MealTicket"},{"floor":8,"key":"Odd Mushroom"},{"floor":9,"key":"MawBank"},{"floor":11,"key":"Ninja Scroll"},{"floor":23,"key":"War Paint"},{"floor":25,"key":"Happy Flower"},{"floor":26,"key":"Toy Ornithopter"},{"floor":28,"key":"Juzu Bracelet"},{"floor":30,"key":"Omamori"},{"floor":43,"key":"The Courier"},{"floor":44,"key":"Whetstone"},{"floor":46,"key":"Bottled Lightning"}],"event_choices":[{"damage_healed":0,"gold_gain":75,"player_choice":"Gather Gold","damage_taken":11,"max_hp_gain":0,"max_hp_loss":0,"event_name":"World of Goop","floor":3,"gold_loss":0},{"damage_healed":0,"gold_gain":0,"player_choice":"Fought Mushrooms","damage_taken":0,"max_hp_gain":0,"max_hp_loss":0,"event_name":"Mushrooms","floor":8,"gold_loss":0},{"damage_healed":0,"gold_gain":0,"player_choice":"Box","damage_taken":0,"relics_obtained":["Dream Catcher"],"max_hp_gain":0,"max_hp_loss":0,"event_name":"Big Fish","floor":12,"gold_loss":0,"cards_obtained":["Regret"]},{"cards_removed":["Strike_G"],"damage_healed":0,"gold_gain":0,"player_choice":"Purged","damage_taken":0,"max_hp_gain":0,"max_hp_loss":0,"event_name":"Purifier","floor":20,"gold_loss":0},{"damage_healed":0,"gold_gain":0,"player_choice":"Inject Mutagens","damage_taken":0,"relics_obtained":["MutagenicStrength"],"max_hp_gain":0,"max_hp_loss":0,"event_name":"Drug Dealer","floor":29,"gold_loss":0},{"damage_healed":0,"gold_gain":0,"player_choice":"Forge","damage_taken":0,"max_hp_gain":0,"max_hp_loss":0,"event_name":"Accursed Blacksmith","floor":37,"gold_loss":0,"cards_upgraded":["Venomology"]},{"cards_removed":["Strike_G"],"damage_healed":0,"gold_gain":0,"player_choice":"Removed Attack","damage_taken":0,"max_hp_gain":0,"max_hp_loss":0,"event_name":"Falling","floor":42,"gold_loss":0}],"is_beta":false,"boss_relics":[{"not_picked":["Sozu","SlaversCollar"],"picked":"Cursed Key"},{"not_picked":["Runic Dome","Astrolabe"],"picked":"SacredBark"}],"items_purged_floors":[13,27],"is_endless":false,"potions_floor_spawned":[2,4,11,16,19,22,23,33,35],"killed_by":"Time Eater","ascension_level":5}}