{"host":"wogey4gsknv4ot2d","time":1610838532,"event":{"mods":["2.2 Compatiblity","AchievementEnabler","BaseMod","Bestiary","Better Third Choice","Colored Map","Colored Powertips","Googly Eyes","Key Reminder","Minty Spire (QoL Compilation)","Permanent Neow","Rare Cards Sparkle","Relic Stats","StSLib","The IronCluck","slay the spire mod where everything is the same but ironclad has a cowboy hat"],"gold_per_floor":[113,125,36,36,111,150,169,237,263,263,277,301,332,345,345,469,469,488,488,488,488,500,535,535,561,561,591,591,591,608,624,624,721,721,732,197,207,56,74,102,120,120,120,120,120,131,141,141,141,141],"floor_reached":51,"language":"ENG","playtime":1722,"items_purged":[],"score":802,"play_id":"d7eae33a-1424-4a25-987a-7e29e7b3fc14","local_time":"20210116170851","is_ascension_mode":false,"campfire_choices":[{"floor":10,"key":"REST"},{"floor":15,"key":"REST"},{"floor":24,"key":"REST"},{"data":"Immolate","floor":28,"key":"SMITH"},{"data":"Carnage","floor":32,"key":"SMITH"},{"floor":42,"key":"REST"},{"floor":45,"key":"REST"},{"floor":49,"key":"REST"}],"circlet_count":0,"master_deck":["Strike_R","Strike_R","Strike_R","Strike_R","Strike_R","Defend_R","Defend_R","Defend_R","Defend_R","Bash","Immolate","Carnage+1","Hemokinesis","Intimidate","Thunderclap","Intimidate","Havoc","Thunderclap","Reaper","Intimidate","Spot Weakness","Feed","Cleave","Immolate+1","Twin Strike+1","Thunderclap+1","Clash","J.A.X.","Pommel Strike","Feed","Twin Strike","Whirlwind","Spot Weakness","Heavy Blade+1","Cleave","Immolate","Carnage+1","Clothesline+1","Heavy Blade+1","Twin Strike+1","Exhume","Pommel Strike"],"relics":["Burning Blood","Bloody Idol","Omamori","Pen Nib","Nunchaku","Calling Bell","Juzu Bracelet","Meat on the Bone","Lizard Tail","Orichalcum","CultistMask","Pear","Red Mask","Self Forming Clay","PreservedInsect","Black Star","Ancient Tea Set","Vajra","Membership Card","Oddly Smooth Stone","Orrery","CaptainsWheel","Bag of Preparation","InkBottle"],"acts_visited":["Exordium","TheCity","TheBeyond"],"potions_floor_usage":[23,27,27,39,39,50],"damage_taken":[{"damage":6,"enemies":"Cultist","floor":1,"turns":3},{"damage":1,"enemies":"Jaw Worm","floor":2,"turns":3},{"damage":26,"enemies":"3 Sentries","floor":6,"turns":6},{"damage":0,"enemies":"2 Louse","floor":7,"turns":1},{"damage":0,"enemies":"2 Fungi Beasts","floor":11,"turns":2},{"damage":0,"enemies":"Exordium Wildlife","floor":12,"turns":2},{"damage":28,"enemies":"Lagavulin","floor":13,"turns":5},{"damage":10,"enemies":"3 Louse","floor":14,"turns":2},{"damage":28,"enemies":"Slime Boss","floor":16,"turns":7},{"damage":36,"enemies":"2 Thieves","floor":18,"turns":3},{"damage":25,"enemies":"3 Byrds","floor":22,"turns":6},{"damage":36,"enemies":"Slavers","floor":23,"turns":4},{"damage":0,"enemies":"Masked Bandits","floor":25,"turns":1},{"damage":17,"enemies":"Gremlin Leader","floor":27,"turns":5},{"damage":5,"enemies":"Snecko","floor":30,"turns":3},{"damage":17,"enemies":"Shelled Parasite and Fungi","floor":31,"turns":3},{"damage":74,"enemies":"Collector","floor":33,"turns":8},{"damage":9,"enemies":"3 Shapes","floor":35,"turns":3},{"damage":26,"enemies":"3 Darklings","floor":37,"turns":3},{"damage":33,"enemies":"Transient","floor":39,"turns":5},{"damage":58,"enemies":"Giant Head","floor":40,"turns":7},{"damage":24,"enemies":"Sphere and 2 Shapes","floor":41,"turns":4},{"damage":47,"enemies":"Maw","floor":46,"turns":7},{"damage":39,"enemies":"Transient","floor":47,"turns":5},{"damage":139,"enemies":"Donu and Deca","floor":50,"turns":10}],"seed_played":"3722680957917942396","potions_obtained":[{"floor":16,"key":"Weak Potion"},{"floor":22,"key":"BloodPotion"},{"floor":23,"key":"EssenceOfSteel"},{"floor":46,"key":"Weak Potion"}],"is_trial":false,"path_per_floor":["M","M","$","?","?","E","M","?","T","R","M","M","E","M","R","B",null,"M","?","?","?","M","E","R","?","T","E","R","?","M","M","R","B",null,"M","$","M","$","M","E","M","R","T","?","R","M","M","?","R","B",null],"character_chosen":"IRONCLAD","items_purchased":["Intimidate","Thunderclap","Ancient Tea Set","Vajra","Membership Card","Explosive Potion","Explosive Potion","Whirlwind","Oddly Smooth Stone","Orrery"],"campfire_rested":6,"item_purchase_floors":[3,3,36,36,36,36,36,36,38,38],"current_hp_per_floor":[56,61,61,41,30,10,16,16,16,40,46,52,36,32,56,34,80,50,50,50,50,55,68,93,93,93,90,90,90,96,90,90,39,96,96,96,85,85,63,37,39,69,69,69,99,63,55,55,85,26],"gold":141,"neow_bonus":"THREE_RARE_CARDS","is_daily":false,"chose_seed":false,"campfire_upgraded":2,"win_rate":0.0,"timestamp":1610838531,"path_taken":["M","M","?","?","?","E","M","?","T","R","M","?","E","M","R","BOSS","M","?","?","?","M","E","R","?","T","E","R","?","M","M","R","BOSS","M","$","M","$","M","E","M","R","T","?","R","M","M","?","R","BOSS"],"items_purchased_type":["Card","Card","Relic","Relic","Relic","Potion","Potion","Card","Relic","Relic"],"build_version":"2020-12-22","purchased_purges":0,"victory":true,"max_hp_per_floor":[80,80,80,80,80,80,80,80,80,80,80,80,80,80,80,80,80,80,80,80,80,83,93,93,93,93,96,96,96,96,96,96,96,96,96,96,96,96,96,99,102,102,102,102,102,102,102,102,102,102],"relic_stats":{"counters":[25,108],"Self Forming Clay":[186],"Pen Nib":[19],"PreservedInsect":125,"Juzu Bracelet":2,"Bag of Preparation":[8],"Orichalcum":[168],"Burning Blood":140,"Nunchaku":[17],"Lizard Tail":51,"Bloody Idol":55,"Black Star":1,"obtain_stats":[{"Vajra":36,"Juzu Bracelet":17,"Bag of Preparation":40,"Ancient Tea Set":36,"Burning Blood":0,"Nunchaku":13,"Lizard Tail":17,"Red Mask":25,"InkBottle":43,"Pear":23,"Golden Idol":4,"Self Forming Clay":26,"Oddly Smooth Stone":38,"Pen Nib":9,"PreservedInsect":27,"Omamori":6,"Orichalcum":20,"Calling Bell":17,"CaptainsWheel":40,"Bloody Idol":19,"Orrery":38,"CultistMask":21,"Black Star":34,"Membership Card":36,"Meat on the Bone":17},{"Vajra":18,"Juzu Bracelet":9,"Bag of Preparation":21,"Ancient Tea Set":18,"Burning Blood":0,"Nunchaku":7,"Lizard Tail":9,"Red Mask":13,"InkBottle":22,"Pear":12,"Golden Idol":2,"Self Forming Clay":13,"Oddly Smooth Stone":19,"Pen Nib":4,"PreservedInsect":14,"Omamori":3,"Orichalcum":10,"Calling Bell":9,"CaptainsWheel":21,"Bloody Idol":10,"Orrery":19,"CultistMask":10,"Black Star":17,"Membership Card":18,"Meat on the Bone":9},{"Vajra":67,"Juzu Bracelet":31,"Bag of Preparation":82,"Ancient Tea Set":67,"Burning Blood":0,"Nunchaku":22,"Lizard Tail":31,"Red Mask":45,"InkBottle":86,"Pear":44,"Golden Idol":6,"Self Forming Clay":45,"Oddly Smooth Stone":70,"Pen Nib":13,"PreservedInsect":50,"Omamori":12,"Orichalcum":34,"Calling Bell":31,"CaptainsWheel":82,"Bloody Idol":34,"Orrery":70,"CultistMask":34,"Black Star":64,"Membership Card":67,"Meat on the Bone":31}],"InkBottle":[7],"Meat on the Bone":84},"card_choices":[{"not_picked":["Barricade","Corruption"],"picked":"Immolate","floor":0},{"not_picked":["Headbutt","Body Slam"],"picked":"Carnage","floor":1},{"not_picked":["Wild Strike","Warcry"],"picked":"Hemokinesis","floor":2},{"not_picked":["Rupture","True Grit"],"picked":"Intimidate","floor":6},{"not_picked":["Flex","Dual Wield"],"picked":"Havoc","floor":7},{"not_picked":["Anger","Sentinel"],"picked":"Thunderclap","floor":11},{"not_picked":["Hemokinesis","Iron Wave"],"picked":"Reaper","floor":12},{"not_picked":["True Grit","Warcry"],"picked":"Intimidate","floor":13},{"not_picked":["Rupture","Havoc"],"picked":"Spot Weakness","floor":14},{"not_picked":["Impervious","Berserk"],"picked":"Feed","floor":16},{"not_picked":["Bloodletting","Anger"],"picked":"Cleave","floor":18},{"not_picked":["Body Slam+1","Dark Embrace"],"picked":"Immolate","floor":22},{"not_picked":["Combust","Headbutt"],"picked":"Twin Strike+1","floor":23},{"not_picked":["Armaments","Headbutt+1"],"picked":"Thunderclap+1","floor":25},{"not_picked":["Second Wind+1","Fire Breathing"],"picked":"Clash","floor":27},{"not_picked":["Power Through","Evolve"],"picked":"Pommel Strike","floor":30},{"not_picked":["Warcry","Flex","Power Through"],"picked":"SKIP","floor":31},{"not_picked":["Demon Form","Fiend Fire"],"picked":"Feed","floor":33},{"not_picked":["Bloodletting","Power Through+1"],"picked":"Twin Strike","floor":35},{"not_picked":["Headbutt","Anger"],"picked":"Rupture","floor":37},{"not_picked":["Anger","Havoc+1"],"picked":"Spot Weakness","floor":38},{"not_picked":["Power Through","Infernal Blade+1"],"picked":"Heavy Blade+1","floor":38},{"not_picked":["True Grit","Feed"],"picked":"Cleave","floor":38},{"not_picked":["Dark Embrace+1","Perfected Strike"],"picked":"Immolate","floor":38},{"not_picked":["Havoc+1","Blood for Blood"],"picked":"Carnage+1","floor":38},{"not_picked":["Armaments","Cleave+1"],"picked":"Clothesline+1","floor":39},{"not_picked":["Perfected Strike","Sever Soul+1"],"picked":"Heavy Blade+1","floor":40},{"not_picked":["Sever Soul","Heavy Blade+1"],"picked":"Twin Strike+1","floor":41},{"not_picked":["Flex+1","Sever Soul"],"picked":"Exhume","floor":46},{"not_picked":["Sever Soul+1","Fire Breathing"],"picked":"Pommel Strike","floor":47}],"player_experience":34799,"relics_obtained":[{"floor":6,"key":"Omamori"},{"floor":9,"key":"Pen Nib"},{"floor":13,"key":"Nunchaku"},{"floor":17,"key":"Juzu Bracelet"},{"floor":17,"key":"Meat on the Bone"},{"floor":17,"key":"Lizard Tail"},{"floor":23,"key":"Pear"},{"floor":25,"key":"Red Mask"},{"floor":26,"key":"Self Forming Clay"},{"floor":27,"key":"PreservedInsect"},{"floor":40,"key":"CaptainsWheel"},{"floor":40,"key":"Bag of Preparation"},{"floor":43,"key":"InkBottle"}],"event_choices":[{"damage_healed":0,"gold_gain":0,"player_choice":"Take Damage","damage_taken":20,"relics_obtained":["Golden Idol"],"max_hp_gain":0,"max_hp_loss":0,"event_name":"Golden Idol","floor":4,"gold_loss":0},{"damage_healed":0,"gold_gain":75,"player_choice":"Gold","damage_taken":11,"max_hp_gain":0,"max_hp_loss":0,"event_name":"betterThird:BetterGoop","floor":5,"gold_loss":0},{"damage_healed":0,"gold_gain":68,"player_choice":"Gained Gold","damage_taken":0,"max_hp_gain":0,"max_hp_loss":0,"event_name":"Golden Wing","floor":8,"gold_loss":0},{"damage_healed":0,"gold_gain":0,"player_choice":"Gave Idol","damage_taken":0,"relics_obtained":["Bloody Idol"],"max_hp_gain":0,"max_hp_loss":0,"event_name":"Forgotten Altar","floor":19,"relics_lost":["Golden Idol"],"gold_loss":0},{"damage_healed":0,"gold_gain":0,"player_choice":"Opened","damage_taken":0,"relics_obtained":["Orichalcum"],"max_hp_gain":0,"max_hp_loss":0,"event_name":"The Mausoleum","floor":20,"gold_loss":0,"cards_obtained":["Writhe"]},{"damage_healed":0,"gold_gain":0,"player_choice":"Trade","damage_taken":0,"relics_obtained":["CultistMask"],"max_hp_gain":0,"max_hp_loss":0,"event_name":"FaceTrader","floor":21,"gold_loss":0},{"damage_healed":0,"gold_gain":0,"player_choice":"Fought Bandits","damage_taken":0,"max_hp_gain":0,"max_hp_loss":0,"event_name":"Masked Bandits","floor":25,"gold_loss":0},{"damage_healed":0,"gold_gain":0,"player_choice":"Obtain J.A.X.","damage_taken":0,"max_hp_gain":0,"max_hp_loss":0,"event_name":"Drug Dealer","floor":29,"gold_loss":0,"cards_obtained":["J.A.X."]},{"damage_healed":0,"gold_gain":0,"player_choice":"Ignored","damage_taken":0,"max_hp_gain":0,"max_hp_loss":0,"event_name":"NoteForYourself","floor":44,"gold_loss":0},{"cards_removed":["Rupture"],"damage_healed":0,"gold_gain":0,"player_choice":"Removed Power","damage_taken":0,"max_hp_gain":0,"max_hp_loss":0,"event_name":"Falling","floor":48,"gold_loss":0}],"is_beta":false,"boss_relics":[{"not_picked":["Cursed Key","Mark of Pain"],"picked":"Calling Bell"},{"not_picked":["Velvet Choker","Philosopher\u0027s Stone"],"picked":"Black Star"}],"items_purged_floors":[],"is_endless":false,"potions_floor_spawned":[7,11,14,16,22,23,25,37,41,46],"ascension_level":0}}