{"host":"vyjryxuuuxkt43k4","time":1610815763,"event":{"mods":["AchievementEnabler","BaseMod","Colored Map","DeckTracker","Minty Spire (QoL Compilation)","Permanent Neow","Quick Restart","StSLib","SuperFastMode","everything is the same but u backflip on backflip"],"gold_per_floor":[111,129,146,66,76,105,105,132,157,157,107,107,107,107,107],"floor_reached":14,"language":"KOR","playtime":535,"items_purged":[],"score":137,"play_id":"d504824f-4944-4dce-ac83-7e588f9082ea","local_time":"20210117014923","is_ascension_mode":true,"campfire_choices":[{"data":"Clothesline","floor":10,"key":"SMITH"}],"circlet_count":0,"master_deck":["Strike_R+1","Defend_R","Defend_R","Defend_R","Defend_R","Bash","Metallicize","Headbutt+1","Pummel","Clash","Flame Barrier","Reaper","Burning Pact","Clothesline+1"],"relics":["Burning Blood","Bronze Scales","Blood Vial","Orichalcum"],"acts_visited":["Exordium"],"potions_floor_usage":[8,14],"damage_taken":[{"damage":5,"enemies":"Jaw Worm","floor":1,"turns":6},{"damage":4,"enemies":"2 Louse","floor":2,"turns":4},{"damage":4,"enemies":"Small Slimes","floor":3,"turns":4},{"damage":20,"enemies":"Exordium Wildlife","floor":5,"turns":6},{"damage":31,"enemies":"Lagavulin","floor":6,"turns":8},{"damage":21,"enemies":"Gremlin Nob","floor":8,"turns":4},{"damage":8,"enemies":"Lagavulin","floor":14,"turns":3}],"seed_played":"-6411936462527380082","potions_obtained":[{"floor":1,"key":"SneckoOil"},{"floor":2,"key":"Ancient Potion"}],"is_trial":false,"path_per_floor":["M","M","M","$","M","E","?","E","T","R","?","?","?","E"],"character_chosen":"IRONCLAD","items_purchased":["Flame Barrier"],"campfire_rested":0,"item_purchase_floors":[4],"current_hp_per_floor":[72,72,72,72,58,33,33,22,22,22,22,8,1,0,0],"gold":107,"neow_bonus":"TRANSFORM_TWO_CARDS","is_daily":false,"chose_seed":false,"campfire_upgraded":1,"win_rate":0.0,"timestamp":1610815763,"path_taken":["M","M","M","$","M","E","?","E","T","R","?","?","?","E"],"items_purchased_type":["Card"],"build_version":"2020-12-22","purchased_purges":0,"victory":false,"max_hp_per_floor":[72,72,72,72,72,72,72,72,72,72,72,72,72,72,72],"card_choices":[{"not_picked":["Whirlwind","Burning Pact"],"picked":"Headbutt","floor":1},{"not_picked":["True Grit","Twin Strike"],"picked":"Pummel","floor":2},{"not_picked":["Flex","Second Wind"],"picked":"Clash","floor":3},{"not_picked":["Headbutt","Heavy Blade","Anger"],"picked":"SKIP","floor":5},{"not_picked":["Wild Strike","Hemokinesis"],"picked":"Reaper","floor":6},{"not_picked":["Flex","Thunderclap"],"picked":"Clothesline","floor":8}],"player_experience":373450,"relics_obtained":[{"floor":6,"key":"Bronze Scales"},{"floor":8,"key":"Blood Vial"},{"floor":9,"key":"Orichalcum"}],"event_choices":[{"damage_healed":0,"gold_gain":0,"cards_transformed":["Strike_R"],"player_choice":"Change","damage_taken":0,"max_hp_gain":0,"max_hp_loss":0,"event_name":"Living Wall","floor":7,"gold_loss":0,"cards_obtained":["Burning Pact"]},{"cards_removed":["Burning Pact"],"damage_healed":0,"gold_gain":0,"player_choice":"Card Removal","damage_taken":0,"max_hp_gain":0,"max_hp_loss":0,"event_name":"The Cleric","floor":11,"gold_loss":50},{"damage_healed":0,"gold_gain":0,"player_choice":"Entered Light","damage_taken":14,"max_hp_gain":0,"max_hp_loss":0,"event_name":"Shining Light","floor":12,"gold_loss":0,"cards_upgraded":["Strike_R","Headbutt"]},{"cards_removed":["Strike_R"],"damage_healed":0,"gold_gain":0,"player_choice":"Card Removal","damage_taken":7,"max_hp_gain":0,"max_hp_loss":0,"event_name":"Golden Wing","floor":13,"gold_loss":0}],"is_beta":false,"boss_relics":[],"items_purged_floors":[],"is_endless":false,"potions_floor_spawned":[1,2],"killed_by":"Lagavulin","ascension_level":8}}