{"host":"cjhtzh7tp54jdfyv","time":1610837265,"event":{"mods":["AchievementEnabler","BaseMod","Colored Map","Colored Powertips","Curses Come First","DeckTracker","Filter the Spire","Minty Spire (QoL Compilation)","RNG Fix","Relic Sorter","Relic Stats","StSLib","UnlockEverythingMod","ojb\u0027s Better Paths Mod","ojb\u0027s Info Mod"],"gold_per_floor":[117,128,53,64,84,84,114,129,179,179,179,40,55,72,72,150,150,167,167,167,180,200,200,233,233,258,278,295,6,40,50,50,128,128,147,147,159,171,190,220,245,245,245,257,90,90,123,141,141,141,141,141,141,27,56,56,56],"floor_reached":56,"language":"ENG","playtime":8605,"items_purged":["Shame","Strike_G+1"],"score":2031,"play_id":"d042442e-03dd-4810-8c81-68ff05efbb07","local_time":"20210116174745","is_ascension_mode":true,"campfire_choices":[{"data":"Skewer","floor":6.0,"key":"SMITH"},{"floor":10.0,"key":"REST"},{"floor":15.0,"key":"REST"},{"floor":23.0,"key":"REST"},{"floor":25.0,"key":"REST"},{"floor":32.0,"key":"REST"},{"floor":42,"key":"REST"},{"floor":46,"key":"RECALL"},{"floor":49,"key":"REST"},{"floor":53,"key":"REST"}],"circlet_count":0,"master_deck":["AscendersBane","Strike_G+1","Strike_G+1","Strike_G+1","Defend_G+1","Defend_G+1","Defend_G+1","Defend_G+1","Defend_G+1","Survivor","Neutralize","Endless Agony","Noxious Fumes","Leg Sweep+1","Skewer+1","Endless Agony","Slice","Leg Sweep","Burst","Heel Hook","Venomology","Prepared+1","Backflip+1","Dagger Spray+1","Backflip","Die Die Die","Escape Plan+1","Panache","Envenom","Acrobatics+1","Tools of the Trade","Bouncing Flask+1","Deflect+1","Expertise+1","Deadly Poison+1","Footwork+1","Acrobatics+1","Flechettes+1","Leg Sweep+1","Deflect+1","Prepared+1","Terror+1","Backflip+1","Outmaneuver+1"],"relics":["Ring of the Snake","Calipers","Dream Catcher","Potion Belt","Fusion Hammer","GremlinMask","PreservedInsect","Regal Pillow","Kunai","SlaversCollar","Ginger","TungstenRod","War Paint","Toxic Egg 2","Anchor"],"acts_visited":["Exordium","TheCity","TheBeyond","TheEnding"],"potions_floor_usage":[39,40,41,47,50,51,51,55,55,55,56,56],"damage_taken":[{"damage":7.0,"enemies":"Small Slimes","floor":1.0,"turns":5.0},{"damage":1.0,"enemies":"Cultist","floor":2.0,"turns":4.0},{"damage":5.0,"enemies":"Jaw Worm","floor":4.0,"turns":5.0},{"damage":16.0,"enemies":"Gremlin Gang","floor":5.0,"turns":10.0},{"damage":19.0,"enemies":"3 Sentries","floor":7.0,"turns":9.0},{"damage":0.0,"enemies":"2 Fungi Beasts","floor":8.0,"turns":3.0},{"damage":1.0,"enemies":"3 Louse","floor":13.0,"turns":4.0},{"damage":5.0,"enemies":"Large Slime","floor":14.0,"turns":6.0},{"damage":0.0,"enemies":"Slime Boss","floor":16.0,"turns":11.0},{"damage":2.0,"enemies":"3 Byrds","floor":18.0,"turns":5.0},{"damage":7.0,"enemies":"Shell Parasite","floor":21.0,"turns":8.0},{"damage":17.0,"enemies":"Snecko","floor":22.0,"turns":7.0},{"damage":2.0,"enemies":"Gremlin Leader","floor":24.0,"turns":7.0},{"damage":4.0,"enemies":"Cultist and Chosen","floor":27.0,"turns":6.0},{"damage":26.0,"enemies":"Sentry and Sphere","floor":28.0,"turns":6.0},{"damage":6.0,"enemies":"Book of Stabbing","floor":30.0,"turns":5.0},{"damage":15.0,"enemies":"Snecko","floor":31.0,"turns":8.0},{"damage":1.0,"enemies":"Champ","floor":33.0,"turns":23.0},{"damage":21.0,"enemies":"3 Darklings","floor":35.0,"turns":6.0},{"damage":1.0,"enemies":"3 Shapes","floor":37.0,"turns":7.0},{"damage":0.0,"enemies":"Sphere and 2 Shapes","floor":38.0,"turns":8.0},{"damage":34,"enemies":"Jaw Worm Horde","floor":39,"turns":6},{"damage":0,"enemies":"Giant Head","floor":40,"turns":8},{"damage":0,"enemies":"Mind Bloom Boss Battle","floor":41,"turns":5},{"damage":0,"enemies":"4 Shapes","floor":44,"turns":8},{"damage":4,"enemies":"Reptomancer","floor":47,"turns":5},{"damage":6,"enemies":"3 Darklings","floor":48,"turns":7},{"damage":5,"enemies":"Donu and Deca","floor":50,"turns":15},{"damage":9,"enemies":"Awakened One","floor":51,"turns":26},{"damage":13,"enemies":"Shield and Spear","floor":55,"turns":4},{"damage":54,"enemies":"The Heart","floor":56,"turns":5}],"seed_played":"-4819705875443807763","potions_obtained":[{"floor":1.0,"key":"EssenceOfSteel"},{"floor":7.0,"key":"Strength Potion"},{"floor":13.0,"key":"SteroidPotion"},{"floor":14.0,"key":"GamblersBrew"},{"floor":16.0,"key":"CultistPotion"},{"floor":18.0,"key":"Explosive Potion"},{"floor":24.0,"key":"SneckoOil"},{"floor":27.0,"key":"ColorlessPotion"},{"floor":33.0,"key":"Regen Potion"},{"floor":38.0,"key":"CultistPotion"},{"floor":40,"key":"Energy Potion"},{"floor":41,"key":"LiquidMemories"}],"is_trial":false,"path_per_floor":["M","M","$","M","M","R","E","M","T","R","?","$","M","M","R","B",null,"M","?","?","M","M","R","E","R","T","M","M","$","E","M","R","B",null,"M","?","M","M","M","E","?","R","T","M","$","R","E","M","R","B","B",null,"R","$","E","B"],"character_chosen":"THE_SILENT","items_purchased":["LiquidMemories","FearPotion","Panache","War Paint","SteroidPotion","Backflip+1"],"campfire_rested":8,"item_purchase_floors":[12,12,29,45,54,54],"current_hp_per_floor":[52,51,51,46,30,30,11,11,11,30,10,10,9,4,23,23,55,53,53,53,46,29,48,46,65,65,61,35,35,29,14,48,47,61,55,55,54,54,20,20,20,54,54,54,54,54,50,44,66,61,52,63,66,66,53,0,0],"gold":56,"neow_bonus":"ONE_RARE_RELIC","is_daily":false,"chose_seed":false,"campfire_upgraded":1,"win_rate":0.0,"timestamp":1610837265,"path_taken":["M","M","$","M","?","R","E","M","T","R","?","?","M","M","R","BOSS","M","?","?","M","?","R","E","R","T","M","M","$","E","M","R","BOSS","M","?","M","M","M","E","?","R","T","M","$","R","E","?","R","BOSS","BOSS","R","$","E","BOSS"],"items_purchased_type":["Potion","Potion","Card","Relic","Potion","Card"],"build_version":"2020-12-22","purchased_purges":2,"victory":false,"max_hp_per_floor":[66,66,66,66,66,66,66,66,66,66,66,66,66,66,66,66,66,66,66,66,66,66,66,66,66,66,66,66,66,66,66,66,66,66,66,66,66,66,66,66,66,66,66,66,66,66,66,66,66,66,66,66,66,66,66,66,66],"relic_stats":{"Dream Catcher":8,"Regal Pillow":33,"counters":[31,242],"PreservedInsect":311,"Kunai":[62],"Ginger":[11],"War Paint":["Escape Plan","Acrobatics"],"obtain_stats":[{"Potion Belt":9,"Regal Pillow":26,"Calipers":0,"GremlinMask":20,"PreservedInsect":24,"Ginger":40,"War Paint":45,"SlaversCollar":34,"Dream Catcher":7,"Anchor":55,"Fusion Hammer":17,"Kunai":30,"Toxic Egg 2":47,"TungstenRod":41,"Ring of the Snake":0},{"Potion Belt":6,"Regal Pillow":13,"Calipers":0,"GremlinMask":10,"PreservedInsect":13,"Ginger":23,"War Paint":25,"SlaversCollar":18,"Dream Catcher":5,"Anchor":30,"Fusion Hammer":9,"Kunai":16,"Toxic Egg 2":26,"TungstenRod":24,"Ring of the Snake":0},{"Potion Belt":36,"Regal Pillow":84,"Calipers":0,"GremlinMask":62,"PreservedInsect":84,"Ginger":167,"War Paint":180,"SlaversCollar":132,"Dream Catcher":33,"Anchor":237,"Fusion Hammer":57,"Kunai":101,"Toxic Egg 2":185,"TungstenRod":172,"Ring of the Snake":0}],"TungstenRod":37,"Ring of the Snake":[66]},"card_choices":[{"not_picked":["Bane","Deadly Poison"],"picked":"Endless Agony","floor":1.0},{"not_picked":["Catalyst","Quick Slash"],"picked":"Noxious Fumes","floor":2.0},{"not_picked":["Sucker Punch","Cloak And Dagger"],"picked":"Leg Sweep","floor":4.0},{"not_picked":["Deadly Poison","Endless Agony"],"picked":"Skewer","floor":5.0},{"not_picked":["Escape Plan","Eviscerate","Riddle With Holes"],"picked":"SKIP","floor":7.0},{"not_picked":["Deflect","Acrobatics"],"picked":"Endless Agony","floor":8.0},{"not_picked":["Dodge and Roll","Acrobatics"],"picked":"Slice","floor":10.0},{"not_picked":["Flying Knee","Flechettes"],"picked":"Leg Sweep","floor":13.0},{"not_picked":["Dash","Dodge and Roll"],"picked":"Burst","floor":14.0},{"not_picked":["Accuracy","Underhanded Strike"],"picked":"Heel Hook","floor":15.0},{"not_picked":["Die Die Die","Bullet Time"],"picked":"Venomology","floor":16.0},{"not_picked":["Underhanded Strike","Caltrops"],"picked":"Prepared+1","floor":18.0},{"not_picked":["Dodge and Roll","Quick Slash","Dagger Spray"],"picked":"SKIP","floor":21.0},{"not_picked":["Blade Dance","Outmaneuver"],"picked":"Backflip+1","floor":22.0},{"not_picked":["Sucker Punch","Finisher"],"picked":"Dagger Spray+1","floor":23.0},{"not_picked":["Caltrops","Flying Knee"],"picked":"Backflip","floor":24.0},{"not_picked":["Choke","Masterful Stab+1"],"picked":"Die Die Die","floor":25.0},{"not_picked":["Underhanded Strike","Backflip","Outmaneuver"],"picked":"SKIP","floor":27.0},{"not_picked":["Underhanded Strike","Backflip","Outmaneuver"],"picked":"SKIP","floor":27.0},{"not_picked":["Crippling Poison","Blade Dance"],"picked":"Escape Plan","floor":28.0},{"not_picked":["Cloak And Dagger","Deflect"],"picked":"Envenom","floor":30.0},{"not_picked":["Dash","Eviscerate","Underhanded Strike"],"picked":"SKIP","floor":31.0},{"not_picked":["Dagger Throw","Catalyst"],"picked":"Acrobatics","floor":32.0},{"not_picked":["Doppelganger","A Thousand Cuts"],"picked":"Tools of the Trade","floor":33.0},{"not_picked":["Endless Agony","Caltrops+1"],"picked":"Bouncing Flask+1","floor":35.0},{"not_picked":["Flechettes","Underhanded Strike"],"picked":"Deflect+1","floor":37.0},{"not_picked":["Dagger Spray","Setup"],"picked":"Expertise+1","floor":38.0},{"not_picked":["Leg Sweep","Dagger Spray"],"picked":"Deadly Poison+1","floor":39},{"not_picked":["Slice","Choke","Finisher"],"picked":"SKIP","floor":40},{"not_picked":["Sucker Punch+1","Quick Slash"],"picked":"Footwork+1","floor":41},{"not_picked":["Slice","Backflip"],"picked":"Acrobatics+1","floor":42},{"not_picked":["Blur+1","Dagger Throw"],"picked":"Flechettes+1","floor":44},{"not_picked":["Flechettes","Dagger Throw"],"picked":"Leg Sweep+1","floor":47},{"not_picked":["Slice","Accuracy"],"picked":"Deflect+1","floor":48},{"not_picked":["Blur+1","Dodge and Roll+1"],"picked":"Prepared+1","floor":49},{"not_picked":["Phantasmal Killer+1","Skewer"],"picked":"Terror+1","floor":53},{"not_picked":["Acrobatics+1","Heel Hook+1"],"picked":"Outmaneuver+1","floor":55}],"player_experience":4398301,"relics_obtained":[{"floor":7.0,"key":"Dream Catcher"},{"floor":9.0,"key":"Potion Belt"},{"floor":24.0,"key":"PreservedInsect"},{"floor":26.0,"key":"Regal Pillow"},{"floor":30.0,"key":"Kunai"},{"floor":40,"key":"Ginger"},{"floor":41,"key":"TungstenRod"},{"floor":47,"key":"Toxic Egg 2"},{"floor":55,"key":"Anchor"}],"event_choices":[{"damage_healed":0.0,"max_hp_gain":0.0,"max_hp_loss":0.0,"gold_gain":0.0,"event_name":"Shining Light","player_choice":"Entered Light","floor":11.0,"gold_loss":0.0,"damage_taken":20.0,"cards_upgraded":["Defend_G","Leg Sweep"]},{"damage_healed":0.0,"max_hp_gain":0.0,"max_hp_loss":0.0,"gold_gain":0.0,"event_name":"Back to Basics","player_choice":"Simplicity","floor":19.0,"gold_loss":0.0,"damage_taken":0.0,"cards_upgraded":["Strike_G","Strike_G","Strike_G","Strike_G","Strike_G","Defend_G","Defend_G","Defend_G","Defend_G"]},{"damage_healed":0.0,"max_hp_gain":0.0,"max_hp_loss":0.0,"gold_gain":0.0,"event_name":"FaceTrader","player_choice":"Trade","floor":20.0,"gold_loss":0.0,"damage_taken":0.0,"relics_obtained":["GremlinMask"]},{"cards_removed":["Strike_G"],"damage_healed":0.0,"max_hp_gain":0.0,"max_hp_loss":0.0,"gold_gain":0.0,"event_name":"Falling","player_choice":"Removed Attack","floor":36.0,"gold_loss":0.0,"damage_taken":0.0},{"damage_healed":0,"gold_gain":0,"player_choice":"Fight","damage_taken":0,"max_hp_gain":0,"max_hp_loss":0,"event_name":"MindBloom","floor":41,"gold_loss":0}],"is_beta":false,"boss_relics":[{"not_picked":["Runic Pyramid","Black Star"],"picked":"Fusion Hammer"},{"not_picked":["Empty Cage","Runic Dome"],"picked":"SlaversCollar"}],"items_purged_floors":[3,29],"is_endless":false,"potions_floor_spawned":[1,7,13,14,16,18,24,27,33,38,40,41,44,47],"killed_by":"The Heart","ascension_level":20}}