{"host":"w9yruvs4bqht6bhw","time":1610835574,"event":{"mods":["BaseMod","Colored Powertips","Minty Spire (QoL Compilation)"],"gold_per_floor":[116,116,133,133,149,183,183,212,212,212,232,283,124,149,149,246,246,218,250,250,262,262,262,262,262,262,288,288,288,288,68,68,68,68],"floor_reached":33,"language":"ENG","playtime":1182,"items_purged":["Strike_R"],"score":443,"play_id":"bdb1381c-6e72-4384-b099-44e1c14f7d18","local_time":"20210116171934","is_ascension_mode":true,"campfire_choices":[{"floor":7,"key":"REST"},{"floor":10,"key":"REST"},{"floor":15,"key":"DIG"},{"floor":23,"key":"DIG"},{"floor":25,"key":"DIG"},{"floor":30,"key":"DIG"},{"floor":32,"key":"DIG"}],"circlet_count":0,"master_deck":["AscendersBane","Strike_R","Strike_R","Strike_R","Strike_R","Defend_R","Defend_R","Defend_R","Defend_R","Bash+1","Fire Breathing","Headbutt","Feel No Pain","True Grit","Flame Barrier","Pummel","Disarm","Power Through","Reaper","Disarm","Spot Weakness","True Grit+1"],"relics":["Burning Blood","Tiny Chest","Shovel","Meat on the Bone","Red Skull","HornCleat","Bottled Lightning","Red Mask","Mummified Hand","MutagenicStrength","Smiling Mask","Centennial Puzzle","White Beast Statue","Letter Opener","Lantern","Pantograph","Ginger","Art of War","Question Card"],"acts_visited":["Exordium","TheCity"],"potions_floor_usage":[6,8,8,14,16,18,19,21,27,33,33],"damage_taken":[{"damage":23,"enemies":"Small Slimes","floor":1,"turns":4},{"damage":12,"enemies":"Jaw Worm","floor":3,"turns":3},{"damage":7,"enemies":"2 Louse","floor":5,"turns":3},{"damage":43,"enemies":"Gremlin Nob","floor":6,"turns":5},{"damage":33,"enemies":"Lagavulin","floor":8,"turns":10},{"damage":6,"enemies":"Exordium Wildlife","floor":11,"turns":6},{"damage":17,"enemies":"3 Sentries","floor":14,"turns":6},{"damage":19,"enemies":"The Guardian","floor":16,"turns":14},{"damage":34,"enemies":"2 Thieves","floor":18,"turns":5},{"damage":65,"enemies":"Masked Bandits","floor":19,"turns":6},{"damage":3,"enemies":"Shell Parasite","floor":21,"turns":9},{"damage":34,"enemies":"Book of Stabbing","floor":27,"turns":12},{"damage":114,"enemies":"Automaton","floor":33,"turns":12}],"seed_played":"3327394525574980855","potions_obtained":[{"floor":0,"key":"BlessingOfTheForge"},{"floor":0,"key":"BlessingOfTheForge"},{"floor":6,"key":"Dexterity Potion"},{"floor":8,"key":"Dexterity Potion"},{"floor":14,"key":"Explosive Potion"},{"floor":18,"key":"Explosive Potion"},{"floor":19,"key":"Energy Potion"},{"floor":21,"key":"BloodPotion"},{"floor":27,"key":"ColorlessPotion"}],"is_trial":false,"path_per_floor":["M","?","M","?","M","E","R","E","T","R","M","T","$","E","R","B",null,"M","?","T","M","?","R","?","R","T","E","T","T","R","$","R","B"],"character_chosen":"IRONCLAD","items_purchased":["PowerPotion","Disarm","Regen Potion","Art of War"],"campfire_rested":2,"item_purchase_floors":[13,13,31,31],"current_hp_per_floor":[55,55,49,49,48,11,35,8,8,32,44,44,44,45,45,44,71,55,22,22,53,53,53,53,53,53,37,37,37,37,37,37,0,0],"gold":68,"neow_bonus":"THREE_SMALL_POTIONS","is_daily":false,"chose_seed":false,"campfire_upgraded":0,"win_rate":0.0,"timestamp":1610835574,"path_taken":["M","?","M","?","M","E","R","E","T","R","M","?","?","E","R","BOSS","M","?","?","?","?","R","?","R","T","E","?","?","R","$","R","BOSS"],"items_purchased_type":["Potion","Card","Potion","Relic"],"build_version":"2020-12-22","purchased_purges":1,"victory":false,"max_hp_per_floor":[80,80,80,80,80,80,80,80,80,80,80,80,80,80,80,80,80,80,80,80,80,80,80,80,80,80,80,80,80,80,80,80,80,80],"card_choices":[{"not_picked":["Pommel Strike","Perfected Strike"],"picked":"Fire Breathing","floor":1},{"not_picked":["Warcry","Havoc"],"picked":"Headbutt","floor":3},{"not_picked":["Second Wind","Flex"],"picked":"Feel No Pain","floor":5},{"not_picked":["Dual Wield","Offering"],"picked":"True Grit","floor":6},{"not_picked":["Inflame","Warcry"],"picked":"Flame Barrier","floor":8},{"not_picked":["Feel No Pain","Dropkick"],"picked":"Pummel","floor":11},{"not_picked":["Havoc","Warcry"],"picked":"Power Through","floor":14},{"not_picked":["Berserk","Impervious"],"picked":"Reaper","floor":16},{"not_picked":["Twin Strike+1","Entrench"],"picked":"Disarm","floor":18},{"not_picked":["Anger","Armaments"],"picked":"Spot Weakness","floor":19},{"not_picked":["Pommel Strike","Flex","Twin Strike"],"picked":"SKIP","floor":21},{"not_picked":["Fire Breathing","Clothesline"],"picked":"True Grit+1","floor":27}],"player_experience":412488,"relics_obtained":[{"floor":6,"key":"Tiny Chest"},{"floor":8,"key":"Shovel"},{"floor":9,"key":"Meat on the Bone"},{"floor":12,"key":"Red Skull"},{"floor":14,"key":"HornCleat"},{"floor":15,"key":"Bottled Lightning"},{"floor":19,"key":"Red Mask"},{"floor":20,"key":"Mummified Hand"},{"floor":23,"key":"Smiling Mask"},{"floor":25,"key":"Centennial Puzzle"},{"floor":26,"key":"White Beast Statue"},{"floor":27,"key":"Letter Opener"},{"floor":28,"key":"Lantern"},{"floor":29,"key":"Pantograph"},{"floor":30,"key":"Ginger"},{"floor":32,"key":"Question Card"}],"event_choices":[{"damage_healed":0,"gold_gain":0,"player_choice":"Ignored","damage_taken":0,"max_hp_gain":0,"max_hp_loss":0,"event_name":"Liars Game","floor":2,"gold_loss":0},{"damage_healed":0,"gold_gain":0,"player_choice":"Grow","damage_taken":0,"max_hp_gain":0,"max_hp_loss":0,"event_name":"Living Wall","floor":4,"gold_loss":0,"cards_upgraded":["Bash"]},{"damage_healed":0,"gold_gain":0,"player_choice":"Fought Bandits","damage_taken":0,"max_hp_gain":0,"max_hp_loss":0,"event_name":"Masked Bandits","floor":19,"gold_loss":0},{"damage_healed":0,"gold_gain":0,"player_choice":"Inject Mutagens","damage_taken":0,"relics_obtained":["MutagenicStrength"],"max_hp_gain":0,"max_hp_loss":0,"event_name":"Drug Dealer","floor":22,"gold_loss":0},{"damage_healed":0,"gold_gain":0,"player_choice":"Ignored","damage_taken":0,"max_hp_gain":0,"max_hp_loss":0,"event_name":"Beggar","floor":24,"gold_loss":0}],"is_beta":false,"boss_relics":[{"not_picked":["Ectoplasm","Philosopher\u0027s Stone","Pandora\u0027s Box"]}],"items_purged_floors":[13],"is_endless":false,"potions_floor_spawned":[1,6,8,14,18,19,21,27],"killed_by":"Automaton","ascension_level":12}}