{"host":"bydnmyvf669xu6ab","time":1610832142,"event":{"mods":["BaseMod","BetterRewards","Colored Map","Highlight Path","Minty Spire (QoL Compilation)","Poor People Problems","Rare Cards Sparkle","Relic Stats","Shop Mod","Spikes Relics","StSLib","SuperFastMode"],"gold_per_floor":[118,128,143,143,154,185,185,217,217,234,234,264,214,135,135,230,230,241,254,272,288,303,303,317,317,317,2,20,20,40,59,59,162,162,172,12,29,43,63,63,97,97,97,97,97],"floor_reached":44,"language":"ENG","playtime":6629,"items_purged":[],"score":698,"play_id":"aac2d457-915d-4034-b7e1-c9c0b5b55242","local_time":"20210116132222","is_ascension_mode":true,"campfire_choices":[{"data":"Apotheosis","floor":7,"key":"SMITH"},{"data":"Metallicize","floor":11,"key":"SMITH"},{"data":"Rage","floor":15,"key":"SMITH"},{"data":"Limit Break","floor":23,"key":"SMITH"},{"data":"Spot Weakness","floor":25,"key":"SMITH"},{"data":"Heavy Blade","floor":32,"key":"SMITH"},{"floor":40,"key":"RECALL"},{"floor":42,"key":"REST"}],"circlet_count":0,"master_deck":["Strike_R","Strike_R","Strike_R","Strike_R","Defend_R","Defend_R","Defend_R","Defend_R","Bash","Apotheosis+1","Invigoration","Battle Trance","Rage+1","Pommel Strike","Headbutt+1","Metallicize+1","Invigoration","Fire Breathing","Headbutt+1","Reaper","Limit Break+1","Dual Wield+1","Metallicize","Shrug It Off+1","Shrug It Off","Whirlwind","Spot Weakness+1","Demon Form","Heavy Blade+1","Juggernaut","Cleave+1","Metallicize","Sharp Hide","Sentinel+1","Body Slam+1","Armaments+1","Shrug It Off+1"],"relics":["Black Blood","Boot","Blood Vial","Bottled Tornado","Vajra","Self Forming Clay","Philosopher\u0027s Stone","Whetstone","Torii","Pen Nib","Bottled Lightning"],"acts_visited":["Exordium","TheCity","TheBeyond"],"potions_floor_usage":[41,41,44],"damage_taken":[{"damage":8,"enemies":"Jaw Worm","floor":1,"turns":4},{"damage":5,"enemies":"2 Louse","floor":2,"turns":3},{"damage":2,"enemies":"Small Slimes","floor":3,"turns":4},{"damage":6,"enemies":"Blue Slaver","floor":5,"turns":3},{"damage":13,"enemies":"Lagavulin","floor":6,"turns":7},{"damage":26,"enemies":"Gremlin Nob","floor":8,"turns":4},{"damage":0,"enemies":"2 Fungi Beasts","floor":10,"turns":3},{"damage":15,"enemies":"Lagavulin","floor":12,"turns":5},{"damage":25,"enemies":"Slime Boss","floor":16,"turns":7},{"damage":23,"enemies":"Shell Parasite","floor":18,"turns":4},{"damage":28,"enemies":"Chosen","floor":19,"turns":6},{"damage":14,"enemies":"Centurion and Healer","floor":20,"turns":8},{"damage":16,"enemies":"Shelled Parasite and Fungi","floor":21,"turns":5},{"damage":21,"enemies":"3 Cultists","floor":22,"turns":8},{"damage":19,"enemies":"Cultist and Chosen","floor":24,"turns":8},{"damage":21,"enemies":"Centurion and Healer","floor":28,"turns":9},{"damage":18,"enemies":"3 Cultists","floor":30,"turns":5},{"damage":10,"enemies":"Shelled Parasite and Fungi","floor":31,"turns":5},{"damage":76,"enemies":"Automaton","floor":33,"turns":10},{"damage":33,"enemies":"3 Shapes","floor":35,"turns":4},{"damage":32,"enemies":"3 Darklings","floor":37,"turns":4},{"damage":80,"enemies":"4 Shapes","floor":38,"turns":6},{"damage":22,"enemies":"Writhing Mass","floor":39,"turns":7},{"damage":47,"enemies":"Nemesis","floor":41,"turns":7},{"damage":73,"enemies":"Reptomancer","floor":44,"turns":5}],"seed_played":"-4124931307897575974","potions_obtained":[{"floor":1,"key":"Ancient Potion"},{"floor":6,"key":"Dexterity Potion"},{"floor":10,"key":"FearPotion"},{"floor":18,"key":"FairyPotion"},{"floor":38,"key":"Explosive Potion"}],"is_trial":false,"path_per_floor":["M","M","M","?","M","E","R","E","T","M","R","E","?","$","R","B",null,"M","M","M","M","M","R","M","R","T","$","M","?","M","M","R","B",null,"M","$","M","M","M","R","E","R","T","E"],"character_chosen":"IRONCLAD","items_purchased":["Apotheosis","Invigoration","Battle Trance","Boot","Blood Vial","Reaper","Torii","Metallicize","Sharp Hide"],"campfire_rested":1,"item_purchase_floors":[0,0,0,0,0,14,27,36,36],"current_hp_per_floor":[51,54,60,65,67,62,62,44,44,52,52,45,45,45,45,35,85,75,62,72,64,65,65,75,75,75,75,85,69,59,57,57,84,90,69,69,51,37,49,49,34,61,61,0,0],"gold":97,"neow_bonus":"","is_daily":false,"chose_seed":false,"campfire_upgraded":6,"win_rate":0.0,"timestamp":1610832142,"path_taken":["M","M","M","?","M","E","R","E","T","M","R","E","?","?","R","BOSS","M","M","M","M","M","R","M","R","T","$","M","?","M","M","R","BOSS","M","$","M","M","M","R","E","R","T","E"],"items_purchased_type":["Card","Card","Card","Relic","Relic","Card","Relic","Card","Card"],"build_version":"2020-12-22","purchased_purges":0,"victory":false,"max_hp_per_floor":[80,80,80,85,85,85,85,85,85,85,85,85,85,85,85,85,85,85,85,85,85,85,85,85,85,85,85,85,90,90,90,90,90,90,90,90,90,90,90,90,90,90,90,90,90],"relic_stats":{"Blood Vial":46,"Torii":33,"counters":[211,970],"Self Forming Clay":[201],"Black Blood":1169,"Pen Nib":[17],"Whetstone":["Headbutt","Headbutt"],"Boot":[22],"obtain_stats":[{"infinitespire:BottledMercury":29,"Nilry\u0027s Codex":30,"Vajra":26,"Ginger":10,"Whetstone":26,"Bottled Tornado":6,"Boot":54,"Sozu":17,"Blood Vial":20,"Lizard Tail":28,"HornCleat":26,"DollysMirror":28,"Sundial":24,"Strawberry":31,"MealTicket":41,"infinitespire:Golems Mask":25,"Prayer Wheel":0,"Philosopher\u0027s Stone":17,"Fusion Hammer":17,"Kunai":0,"Toxic Egg 2":0,"LugNut":2,"MerchantsRug":8,"Happy Flower":23,"GiantMaggot":9,"Dead Branch":0,"Blue Candle":41,"Velvet Choker":17,"Eternal Feather":44,"Pen Nib":8,"Letter Opener":0,"War Paint":0,"Question Card":11,"Bottled Flame":41,"Shuriken":19,"infinitespire:Lychee Nut":26,"Bird Faced Urn":23,"Bronze Scales":22,"MutagenicStrength":20,"Molten Egg 2":0,"Pandora\u0027s Box":17,"Mark of Pain":17,"Black Star":17,"infinitespire:PuzzleCube":26,"Unceasing Top":14,"Darkstone Periapt":11,"SnailShell":43,"Regal Pillow":0,"Lantern":28,"Torii":27,"Black Blood":34,"BrokenLever":12,"Incense Burner":38,"Bag of Preparation":0,"Juzu Bracelet":0,"HeavenlyBonsai":24,"PrismaticShard":0,"Cursed Key":34,"Burning Blood":0,"ClockworkSouvenir":20,"HailfireSword":17,"Nunchaku":7,"Matryoshka":0,"Gambling Chip":40,"Pantograph":0,"RollingBoulder":13,"Red Mask":42,"Chemical X":0,"InkBottle":0,"Red Skull":10,"Paper Frog":42,"Potion Belt":38,"Self Forming Clay":12,"Thread and Needle":39,"infinitespire:Joker Card":8,"infinitespire:FocusingShard":43,"PreservedInsect":0,"Omamori":12,"infinitespire:CheckeredPen":9,"infinitespire:Lucky Rock":9,"Orichalcum":14,"Mercury Hourglass":10,"Sandwich":34,"CaptainsWheel":29,"Busted Crown":34,"infinitespire:WardingShard":46,"infinitespire:Satchel":44,"SpikesRelics:DaevaFist":7,"Art of War":11,"GolemAmulet":46,"Bag of Marbles":26,"Membership Card":0,"Bottled Lightning":43,"Toy Ornithopter":23,"infinitespire:Midas Blood":13},{"infinitespire:BottledMercury":100,"Nilry\u0027s Codex":100,"Vajra":142,"Ginger":31,"Whetstone":201,"Bottled Tornado":191,"Boot":82,"Sozu":68,"Blood Vial":115,"Lizard Tail":160,"HornCleat":71,"DollysMirror":50,"Sundial":159,"Strawberry":52,"MealTicket":57,"infinitespire:Golems Mask":71,"Prayer Wheel":130,"Philosopher\u0027s Stone":195,"Fusion Hammer":9,"Kunai":83,"Toxic Egg 2":0,"LugNut":28,"MerchantsRug":5,"Happy Flower":96,"GiantMaggot":167,"Dead Branch":0,"Blue Candle":77,"Velvet Choker":91,"Eternal Feather":184,"Pen Nib":5,"Letter Opener":27,"War Paint":0,"Question Card":111,"Bottled Flame":183,"Shuriken":10,"infinitespire:Lychee Nut":15,"Bird Faced Urn":13,"Bronze Scales":69,"MutagenicStrength":139,"Molten Egg 2":61,"Pandora\u0027s Box":114,"Mark of Pain":46,"Black Star":138,"infinitespire:PuzzleCube":49,"Unceasing Top":126,"Darkstone Periapt":31,"SnailShell":25,"Regal Pillow":83,"Lantern":142,"Torii":201,"Black Blood":19,"BrokenLever":65,"Incense Burner":56,"Bag of Preparation":83,"Juzu Bracelet":147,"HeavenlyBonsai":37,"PrismaticShard":27,"Cursed Key":53,"Burning Blood":0,"ClockworkSouvenir":35,"HailfireSword":33,"Nunchaku":134,"Matryoshka":61,"Gambling Chip":23,"Pantograph":27,"RollingBoulder":66,"Red Mask":77,"Chemical X":61,"InkBottle":83,"Red Skull":135,"Paper Frog":57,"Potion Belt":21,"Self Forming Clay":194,"Thread and Needle":56,"infinitespire:Joker Card":42,"infinitespire:FocusingShard":77,"PreservedInsect":83,"Omamori":6,"infinitespire:CheckeredPen":30,"infinitespire:Lucky Rock":87,"Orichalcum":170,"Mercury Hourglass":124,"Sandwich":102,"CaptainsWheel":161,"Busted Crown":73,"infinitespire:WardingShard":26,"infinitespire:Satchel":78,"SpikesRelics:DaevaFist":42,"Art of War":44,"GolemAmulet":79,"Bag of Marbles":175,"Membership Card":0,"Bottled Lightning":210,"Toy Ornithopter":70,"infinitespire:Midas Blood":90},{"infinitespire:BottledMercury":388,"Nilry\u0027s Codex":388,"Vajra":611,"Ginger":129,"Whetstone":908,"Bottled Tornado":850,"Boot":332,"Sozu":289,"Blood Vial":461,"Lizard Tail":701,"HornCleat":296,"DollysMirror":215,"Sundial":700,"Strawberry":223,"MealTicket":249,"infinitespire:Golems Mask":296,"Prayer Wheel":549,"Philosopher\u0027s Stone":869,"Fusion Hammer":34,"Kunai":340,"Toxic Egg 2":0,"LugNut":114,"MerchantsRug":17,"Happy Flower":376,"GiantMaggot":733,"Dead Branch":0,"Blue Candle":313,"Velvet Choker":365,"Eternal Feather":813,"Pen Nib":17,"Letter Opener":111,"War Paint":0,"Question Card":439,"Bottled Flame":810,"Shuriken":36,"infinitespire:Lychee Nut":54,"Bird Faced Urn":48,"Bronze Scales":290,"MutagenicStrength":599,"Molten Egg 2":268,"Pandora\u0027s Box":456,"Mark of Pain":199,"Black Star":592,"infinitespire:PuzzleCube":210,"Unceasing Top":523,"Darkstone Periapt":129,"SnailShell":102,"Regal Pillow":340,"Lantern":611,"Torii":908,"Black Blood":75,"BrokenLever":278,"Incense Burner":242,"Bag of Preparation":340,"Juzu Bracelet":650,"HeavenlyBonsai":154,"PrismaticShard":111,"Cursed Key":231,"Burning Blood":0,"ClockworkSouvenir":146,"HailfireSword":139,"Nunchaku":570,"Matryoshka":268,"Gambling Chip":93,"Pantograph":111,"RollingBoulder":281,"Red Mask":313,"Chemical X":268,"InkBottle":340,"Red Skull":575,"Paper Frog":249,"Potion Belt":84,"Self Forming Clay":862,"Thread and Needle":242,"infinitespire:Joker Card":180,"infinitespire:FocusingShard":313,"PreservedInsect":340,"Omamori":21,"infinitespire:CheckeredPen":123,"infinitespire:Lucky Rock":351,"Orichalcum":748,"Mercury Hourglass":514,"Sandwich":401,"CaptainsWheel":709,"Busted Crown":304,"infinitespire:WardingShard":107,"infinitespire:Satchel":318,"SpikesRelics:DaevaFist":180,"Art of War":188,"GolemAmulet":321,"Bag of Marbles":775,"Membership Card":0,"Bottled Lightning":965,"Toy Ornithopter":294,"infinitespire:Midas Blood":361}]},"card_choices":[{"not_picked":["Anger","Havoc"],"picked":"Rage","floor":1},{"not_picked":["Ghostly Armor","Shockwave"],"picked":"Pommel Strike","floor":2},{"not_picked":["Disarm","Body Slam"],"picked":"Headbutt","floor":3},{"not_picked":["True Grit","Perfected Strike"],"picked":"Metallicize","floor":5},{"not_picked":["Dark Embrace","Reckless Charge","Thunderclap"],"picked":"SKIP","floor":6},{"not_picked":["Body Slam","Clothesline"],"picked":"Invigoration","floor":8},{"not_picked":["Armaments","Anger"],"picked":"Fire Breathing","floor":10},{"not_picked":["Carnage","True Grit"],"picked":"Headbutt","floor":12},{"not_picked":["Berserk","Demon Form"],"picked":"Limit Break","floor":16},{"not_picked":["Invigoration","Headbutt+1"],"picked":"Dual Wield+1","floor":18},{"not_picked":["Perfected Strike","Dark Embrace+1"],"picked":"Metallicize","floor":19},{"not_picked":["Intimidate+1","Rampage"],"picked":"Shrug It Off+1","floor":20},{"not_picked":["Clothesline","Clash+1"],"picked":"Shrug It Off","floor":21},{"not_picked":["Second Wind+1","Clothesline"],"picked":"Whirlwind","floor":22},{"not_picked":["Inflame","Iron Wave"],"picked":"Spot Weakness","floor":24},{"not_picked":["Clash","Twin Strike+1"],"picked":"Demon Form","floor":28},{"not_picked":["Body Slam","Headbutt","Wild Strike+1"],"picked":"SKIP","floor":30},{"not_picked":["Warcry","Sword Boomerang"],"picked":"Heavy Blade","floor":31},{"not_picked":["Bludgeon","Limit Break"],"picked":"Juggernaut","floor":33},{"not_picked":["Blood for Blood+1","Clothesline"],"picked":"Cleave+1","floor":35},{"not_picked":["Fire Breathing","Havoc"],"picked":"Sentinel+1","floor":37},{"not_picked":["Flex+1","Anger"],"picked":"Body Slam+1","floor":38},{"not_picked":["Combust","Anger+1"],"picked":"Armaments+1","floor":39},{"not_picked":["Havoc+1","Armaments"],"picked":"Shrug It Off+1","floor":41}],"player_experience":2237734,"relics_obtained":[{"floor":6,"key":"Bottled Tornado"},{"floor":8,"key":"Vajra"},{"floor":12,"key":"Self Forming Clay"},{"floor":26,"key":"Whetstone"},{"floor":41,"key":"Pen Nib"},{"floor":43,"key":"Bottled Lightning"}],"event_choices":[{"damage_healed":0,"gold_gain":0,"player_choice":"Donut","damage_taken":0,"max_hp_gain":5,"max_hp_loss":0,"event_name":"Big Fish","floor":4,"gold_loss":0},{"cards_removed":["Strike_R"],"damage_healed":0,"gold_gain":0,"player_choice":"Card Removal","damage_taken":0,"max_hp_gain":0,"max_hp_loss":0,"event_name":"The Cleric","floor":13,"gold_loss":50},{"damage_healed":0,"gold_gain":0,"player_choice":"Shed Blood","damage_taken":21,"max_hp_gain":5,"max_hp_loss":0,"event_name":"Forgotten Altar","floor":29,"gold_loss":0}],"is_beta":false,"boss_relics":[{"not_picked":["Black Star","CosmicIsotope"],"picked":"Philosopher\u0027s Stone"},{"not_picked":["Empty Cage","Runic Cube"],"picked":"Black Blood"}],"items_purged_floors":[],"is_endless":false,"potions_floor_spawned":[1,6,10,12,18,22,24,28,30,37,38],"killed_by":"Reptomancer","ascension_level":1}}