{"host":"1a3cjta80tad0aqj","time":1610823722,"event":{"mods":["2.2 Compatiblity","AchievementEnabler","BaseMod","Colored Map","DeckTracker","KOR Keyword Fix","Keyboard Shortcuts","Minty Spire (QoL Compilation)","Permanent Neow","Quick Restart","Random Character Button","StSLib","SuperFastMode","everything is the same but u backflip on backflip"],"gold_per_floor":[109,120,137,153,153,153,178,191,246,260,42,42,71,84,84,179,179,196,208,225,27,47,47,47,47,98,117,117,137,137,168,168,271,271,291,146,160,160,120,120,155,155,155,175,188,198,208,133,133,133,133,133,33,63,63,63],"floor_reached":55,"language":"KOR","playtime":2726,"items_purged":["Decay","Writhe"],"score":774,"play_id":"d18e9be0-70ac-4c4a-8bb3-3c4da7025e20","local_time":"20210117040202","is_ascension_mode":true,"campfire_choices":[{"data":"Dualcast","floor":6.0,"key":"SMITH"},{"data":"Double Energy","floor":12.0,"key":"SMITH"},{"data":"Genetic Algorithm","floor":15.0,"key":"SMITH"},{"floor":23.0,"key":"REST"},{"floor":25.0,"key":"RECALL"},{"data":"Core Surge","floor":28.0,"key":"SMITH"},{"data":"Static Discharge","floor":30.0,"key":"SMITH"},{"data":"Defragment","floor":32.0,"key":"SMITH"},{"data":"Heatsinks","floor":40.0,"key":"SMITH"},{"floor":42.0,"key":"REST"},{"data":"Echo Form","floor":49.0,"key":"SMITH"},{"data":"Melter","floor":52.0,"key":"SMITH"}],"circlet_count":0,"master_deck":["Strike_B","Strike_B","Strike_B","Defend_B","Defend_B","Defend_B","Zap","Dualcast+1","Genetic Algorithm+1","Melter+1","Self Repair","Static Discharge+1","Double Energy+1","Heatsinks+1","Defragment+1","Tempest+1","Conserve Battery+1","Reboot+1","Storm+1","Coolheaded+1","Genetic Algorithm+1","Glacier+1","Core Surge+1","Double Energy+1","Stack+1","Hologram+1","Leap+1","Barrage+1","Streamline+1","Coolheaded+1","Electrodynamics+1","Turbo+1","Coolheaded+1","Echo Form+1","Double Energy+1","Stack+1","Cold Snap+1","Hologram+1"],"relics":["Cracked Core","DataDisk","Ice Cream","Oddly Smooth Stone","Runic Capacitor","Toxic Egg 2","Cursed Key","Orrery","Red Mask","Inserter","TheAbacus","Pen Nib","Calipers","Unceasing Top"],"acts_visited":["Exordium","TheCity","TheBeyond","TheEnding"],"potions_floor_usage":[55,55,55],"damage_taken":[{"damage":0.0,"enemies":"2 Louse","floor":1.0,"turns":2.0},{"damage":0.0,"enemies":"Cultist","floor":2.0,"turns":2.0},{"damage":2.0,"enemies":"Small Slimes","floor":3.0,"turns":3.0},{"damage":16.0,"enemies":"Gremlin Gang","floor":4.0,"turns":7.0},{"damage":2.0,"enemies":"Lagavulin","floor":7.0,"turns":7.0},{"damage":5.0,"enemies":"Exordium Wildlife","floor":8.0,"turns":4.0},{"damage":18.0,"enemies":"Blue Slaver","floor":10.0,"turns":3.0},{"damage":24.0,"enemies":"Gremlin Nob","floor":13.0,"turns":4.0},{"damage":0.0,"enemies":"2 Fungi Beasts","floor":14.0,"turns":3.0},{"damage":23.0,"enemies":"Slime Boss","floor":16.0,"turns":5.0},{"damage":10.0,"enemies":"Chosen","floor":18.0,"turns":4.0},{"damage":28.0,"enemies":"2 Thieves","floor":19.0,"turns":3.0},{"damage":21.0,"enemies":"Snake Plant","floor":20.0,"turns":3.0},{"damage":6.0,"enemies":"Snecko","floor":22.0,"turns":4.0},{"damage":0.0,"enemies":"Cultist and Chosen","floor":27.0,"turns":6.0},{"damage":22.0,"enemies":"Sentry and Sphere","floor":29.0,"turns":4.0},{"damage":2.0,"enemies":"Masked Bandits","floor":31.0,"turns":4.0},{"damage":10.0,"enemies":"Champ","floor":33.0,"turns":9.0},{"damage":9.0,"enemies":"3 Shapes","floor":35.0,"turns":4.0},{"damage":0.0,"enemies":"Orb Walker","floor":37.0,"turns":4.0},{"damage":49.0,"enemies":"Nemesis","floor":41.0,"turns":5.0},{"damage":0.0,"enemies":"Maw","floor":44.0,"turns":7.0},{"damage":0.0,"enemies":"4 Shapes","floor":45.0,"turns":3.0},{"damage":7.0,"enemies":"3 Darklings","floor":46.0,"turns":4.0},{"damage":0.0,"enemies":"Writhing Mass","floor":47.0,"turns":4.0},{"damage":0.0,"enemies":"Awakened One","floor":50.0,"turns":9.0},{"damage":28.0,"enemies":"Shield and Spear","floor":54.0,"turns":4.0},{"damage":56,"enemies":"The Heart","floor":55,"turns":3}],"seed_played":"-3310554683803087825","potions_obtained":[{"floor":1.0,"key":"BlessingOfTheForge"},{"floor":3.0,"key":"EntropicBrew"},{"floor":13.0,"key":"SpeedPotion"},{"floor":19.0,"key":"LiquidMemories"},{"floor":22.0,"key":"Fire Potion"},{"floor":29.0,"key":"ColorlessPotion"},{"floor":31.0,"key":"EssenceOfSteel"},{"floor":35.0,"key":"ColorlessPotion"}],"is_trial":false,"path_per_floor":["M","M","M","M","?","R","E","M","T","M","$","R","E","M","R","B",null,"M","M","M","$","M","R","?","R","T","M","R","M","R","?","R","B",null,"M","$","M","?","?","R","E","R","T","M","M","M","M","$","R","B",null,"R","$","E","B"],"character_chosen":"DEFECT","items_purchased":["Runic Capacitor","Defragment","Orrery","Hologram+1","TheAbacus"],"campfire_rested":2,"item_purchase_floors":[11,11,21,21,36],"current_hp_per_floor":[75,75,73,57,57,57,62,64,64,53,53,53,36,43,43,20,75,72,51,37,37,38,60,60,60,60,67,67,52,52,50,50,40,75,73,73,75,75,75,75,33,55,55,62,69,69,75,75,75,75,75,75,75,54,0,0],"gold":63,"neow_bonus":"RANDOM_COMMON_RELIC","is_daily":false,"chose_seed":true,"campfire_upgraded":9,"win_rate":0.0,"timestamp":1610823722,"path_taken":["M","M","M","M","?","R","E","M","T","M","$","R","E","M","R","BOSS","M","M","?","$","M","R","?","R","T","M","R","?","R","?","R","BOSS","M","$","M","?","?","R","E","R","T","M","?","M","M","$","R","BOSS","R","$","E","BOSS"],"items_purchased_type":["Relic","Card","Relic","Card","Relic"],"build_version":"2020-12-22","purchased_purges":2,"victory":false,"max_hp_per_floor":[75,75,75,75,75,75,75,75,75,75,75,75,75,75,75,75,75,75,75,75,75,75,75,75,75,75,75,75,75,75,75,75,75,75,75,75,75,75,75,75,75,75,75,75,75,75,75,75,75,75,75,75,75,75,75,75],"card_choices":[{"not_picked":["Reprogram","Steam","Recycle"],"picked":"SKIP","floor":1.0},{"not_picked":["Stack","Streamline"],"picked":"Genetic Algorithm","floor":2.0},{"not_picked":["Stack","Hologram"],"picked":"Melter","floor":3.0},{"not_picked":["Rebound","Conserve Battery"],"picked":"Self Repair","floor":4.0},{"not_picked":["Beam Cell","Rip and Tear"],"picked":"Static Discharge","floor":7.0},{"not_picked":["Scrape","Reprogram"],"picked":"Double Energy","floor":8.0},{"not_picked":["Recycle","Barrage"],"picked":"Heatsinks","floor":10.0},{"not_picked":["Melter","Recycle+1"],"picked":"Tempest+1","floor":13.0},{"not_picked":["Self Repair","Core Surge"],"picked":"Conserve Battery+1","floor":14.0},{"not_picked":["Machine Learning","Core Surge"],"picked":"Reboot+1","floor":16.0},{"not_picked":["Redo+1","Steam+1"],"picked":"Storm+1","floor":18.0},{"not_picked":["Rip and Tear","Go for the Eyes","Beam Cell"],"picked":"SKIP","floor":19.0},{"not_picked":["Loop","FTL"],"picked":"Coolheaded+1","floor":20.0},{"not_picked":["Recycle+1","Fusion+1"],"picked":"Genetic Algorithm+1","floor":21.0},{"not_picked":["Sweeping Beam+1","Auto Shields+1"],"picked":"Glacier+1","floor":21.0},{"not_picked":["Compile Driver","Stack+1"],"picked":"Core Surge","floor":21.0},{"not_picked":["Stack+1","Sweeping Beam"],"picked":"Double Energy+1","floor":21.0},{"not_picked":["Coolheaded+1","Conserve Battery+1"],"picked":"Stack+1","floor":21.0},{"not_picked":["Streamline","FTL+1"],"picked":"Leap+1","floor":22.0},{"not_picked":["Turbo+1","Steam Power+1"],"picked":"Barrage+1","floor":27.0},{"not_picked":["Cold Snap","Beam Cell"],"picked":"Streamline+1","floor":29.0},{"not_picked":["Rip and Tear","Steam+1"],"picked":"Coolheaded+1","floor":31.0},{"not_picked":["Echo Form","Reboot+1"],"picked":"Electrodynamics","floor":33.0},{"not_picked":["Gash+1","Beam Cell"],"picked":"Turbo+1","floor":35.0},{"not_picked":["Streamline+1","Beam Cell","Rip and Tear+1"],"picked":"SKIP","floor":37.0},{"not_picked":["Heatsinks","Streamline"],"picked":"Coolheaded+1","floor":41.0},{"not_picked":["Scrape+1","Turbo+1"],"picked":"Echo Form","floor":44.0},{"not_picked":["Conserve Battery+1","Ball Lightning+1"],"picked":"Double Energy+1","floor":45.0},{"not_picked":["Beam Cell","Conserve Battery+1"],"picked":"Stack+1","floor":46.0},{"not_picked":["Rip and Tear","Loop+1"],"picked":"Cold Snap+1","floor":47.0},{"not_picked":["FTL","Lockon+1"],"picked":"Hologram+1","floor":54.0}],"player_experience":684938,"relics_obtained":[{"floor":7.0,"key":"Ice Cream"},{"floor":9.0,"key":"Oddly Smooth Stone"},{"floor":13.0,"key":"Toxic Egg 2"},{"floor":31.0,"key":"Red Mask"},{"floor":41.0,"key":"Pen Nib"},{"floor":43.0,"key":"Calipers"},{"floor":54.0,"key":"Unceasing Top"}],"event_choices":[{"damage_healed":0.0,"max_hp_gain":0.0,"max_hp_loss":0.0,"gold_gain":0.0,"event_name":"NoteForYourself","player_choice":"Ignored","floor":5.0,"gold_loss":0.0,"damage_taken":0.0},{"cards_removed":["Defend_B"],"damage_healed":0.0,"max_hp_gain":0.0,"max_hp_loss":0.0,"gold_gain":0.0,"event_name":"Purifier","player_choice":"Purged","floor":24.0,"gold_loss":0.0,"damage_taken":0.0},{"damage_healed":0.0,"max_hp_gain":0.0,"max_hp_loss":0.0,"gold_gain":0.0,"event_name":"Masked Bandits","player_choice":"Fought Bandits","floor":31.0,"gold_loss":0.0,"damage_taken":0.0},{"cards_removed":["Strike_B"],"damage_healed":0.0,"max_hp_gain":0.0,"max_hp_loss":0.0,"gold_gain":0.0,"event_name":"Falling","player_choice":"Removed Attack","floor":38.0,"gold_loss":0.0,"damage_taken":0.0},{"damage_healed":0.0,"max_hp_gain":0.0,"max_hp_loss":0.0,"gold_gain":0.0,"event_name":"Designer","player_choice":"Upgrade","floor":39.0,"gold_loss":40.0,"damage_taken":0.0,"cards_upgraded":["Electrodynamics"]}],"is_beta":false,"boss_relics":[{"not_picked":["Snecko Eye","SacredBark"],"picked":"Cursed Key"},{"not_picked":["Runic Pyramid","Velvet Choker"],"picked":"Inserter"}],"items_purged_floors":[48,53],"is_endless":false,"potions_floor_spawned":[1,3,13,14,19,22,29,31,35,47,54],"killed_by":"The Heart","ascension_level":1}}