{"host":"0t7ytk9pge2ncgeb","time":1610838094,"event":{"mods":["2.2 Compatiblity","Act Like it!","Aspiration","BaseMod","BetterRewards","Conspire","Downfall","Googly Eyes","Hubris","Infinite Spire","Minty Spire (QoL Compilation)","Relic Stats","Shop Mod","Spicy Shops","StSLib","slay the spire mod where everything is the same but ironclad has a cowboy hat"],"gold_per_floor":[99,112,129,129,18,28,28,28,54,74,74,74,74,92,111,111,111],"floor_reached":16,"language":"ENG","playtime":1440,"items_purged":[],"score":92,"play_id":"e600c06d-95a3-4774-8bad-96369f9ca77d","local_time":"20210116180134","is_ascension_mode":false,"campfire_choices":[{"data":"bronze:Replicate","floor":1,"key":"SMITH"},{"data":"bronze:Invalidate","floor":8,"key":"SMITH"},{"data":"bronze:BronzeArmor","floor":11,"key":"SMITH"},{"data":"bronze:DelayedSlice","floor":13,"key":"SMITH"}],"circlet_count":0,"master_deck":["bronze:Strike","bronze:Strike","bronze:Strike","bronze:Strike","bronze:Defend","bronze:Defend","bronze:Defend","bronze:Defend","bronze:Replicate+1","bronze:Goto","bronze:DelayedSlice+1","bronze:BronzeArmor+1","bronze:Invalidate+1","expansioncontent:AwakenDeath","bronze:Shield","bronze:Optimize","bronze:WhirlingStrike","Pain","bronze:CleanCode","bronze:BronzeOrb"],"relics":["bronze:BronzeCore","Blood Vial","Odd Mushroom","WarpedTongs"],"acts_visited":["Exordium"],"potions_floor_usage":[16,16],"damage_taken":[{"damage":0,"enemies":"2 Louse","floor":2,"turns":3},{"damage":1,"enemies":"Cultist","floor":3,"turns":3},{"damage":0,"enemies":"downfall:FleeingMerchant","floor":5,"turns":4},{"damage":0,"enemies":"Small Slimes","floor":6,"turns":3},{"damage":9,"enemies":"The Mushroom Lair","floor":9,"turns":4},{"damage":0,"enemies":"3 Louse","floor":10,"turns":3},{"damage":3,"enemies":"2 Fungi Beasts","floor":14,"turns":3},{"damage":15,"enemies":"Red Slaver","floor":15,"turns":4},{"damage":83,"enemies":"IC_STATUS_ARCHETYPE","floor":16,"turns":13}],"seed_played":"5119349719432852977","potions_obtained":[{"floor":2,"key":"Ancient Potion"},{"floor":6,"key":"BlessingOfTheForge"},{"floor":9,"key":"Weak Potion"},{"floor":14,"key":"PowerPotion"}],"is_trial":false,"path_per_floor":["R","M","M","?","$","M","T","R","?","M","R","?","R","M","M","B"],"character_chosen":"THE_AUTOMATON","items_purchased":["expansioncontent:AwakenDeath"],"campfire_rested":0,"item_purchase_floors":[5],"current_hp_per_floor":[77,77,76,76,76,76,76,76,68,70,70,70,70,69,56,0,0],"gold":111,"neow_bonus":"TEN_PERCENT_HP_BONUS","is_daily":false,"chose_seed":false,"campfire_upgraded":4,"win_rate":0.0,"timestamp":1610838094,"path_taken":["R","M","M","?","?","M","T","R","?","M","R","?","R","M","M","BOSS"],"items_purchased_type":["Card"],"build_version":"2020-12-22","purchased_purges":0,"victory":false,"max_hp_per_floor":[77,77,77,77,77,77,77,77,77,77,77,77,77,77,77,77,77],"relic_stats":{"Blood Vial":9,"counters":[9,40],"obtain_stats":[{"Blood Vial":7,"bronze:BronzeCore":0,"Odd Mushroom":9,"WarpedTongs":12},{"Blood Vial":4,"bronze:BronzeCore":0,"Odd Mushroom":5,"WarpedTongs":6},{"Blood Vial":13,"bronze:BronzeCore":0,"Odd Mushroom":17,"WarpedTongs":20}],"WarpedTongs":[17]},"card_choices":[{"not_picked":["bronze:BitShift","bronze:MaxOutput"],"picked":"bronze:DelayedSlice","floor":2},{"not_picked":["bronze:DarkDash","bronze:Overload"],"picked":"bronze:BronzeArmor","floor":3},{"not_picked":["bronze:Deprecate","bronze:WildBeam"],"picked":"bronze:Invalidate","floor":5},{"not_picked":["bronze:Return","bronze:NullPointer"],"picked":"bronze:Shield","floor":6},{"not_picked":["bronze:FineTuning","bronze:Deprecate"],"picked":"bronze:Optimize","floor":9},{"not_picked":["bronze:CutThrough","bronze:Frontload"],"picked":"bronze:WhirlingStrike","floor":10},{"not_picked":["bronze:Iterate","bronze:Repair"],"picked":"bronze:CleanCode","floor":14},{"not_picked":["bronze:BugBarrage","bronze:Return"],"picked":"bronze:BronzeOrb","floor":15}],"player_experience":316975,"relics_obtained":[{"floor":7,"key":"Blood Vial"},{"floor":9,"key":"Odd Mushroom"}],"event_choices":[{"damage_healed":0,"gold_gain":0,"player_choice":"Fought Mushrooms","damage_taken":0,"max_hp_gain":0,"max_hp_loss":0,"event_name":"Mushrooms","floor":9,"gold_loss":0}],"is_beta":false,"boss_relics":[],"items_purged_floors":[],"is_endless":false,"potions_floor_spawned":[2,6,9,14],"killed_by":"IC_STATUS_ARCHETYPE","ascension_level":0}}