{"host":"41zuqv3z4fqqx8y0","time":1610760093,"event":{"mods":["BaseMod","Minty Spire (QoL Compilation)","Replay The Spire","StSLib","The Saiyan"],"gold_per_floor":[90,101,33,45,62,62,81,81,81,6,6,20,32,67,67,166,166,176,186,86,102,102,102,0,0,23,61,61,61,61],"floor_reached":29,"language":"FRA","playtime":2463,"items_purged":["Saiyan:SAIYA_Strike","Saiyan:SAIYA_Strike"],"score":277,"play_id":"d2cc6803-d36c-490d-a521-627a0ead41c4","local_time":"20210116022133","is_ascension_mode":false,"campfire_choices":[{"data":"Saiyan:Makankosappo","floor":6,"key":"SMITH"},{"data":"Saiyan:Planning","floor":8,"key":"SMITH"},{"data":"Saiyan:KaioKen","floor":11,"key":"SMITH"},{"data":"Saiyan:Pacing","floor":15,"key":"SMITH"},{"data":"Saiyan:Rekindle","floor":23,"key":"SMITH"},{"data":"Saiyan:GhostAttack","floor":25,"key":"SMITH"}],"circlet_count":0,"master_deck":["Saiyan:SAIYA_Strike","Saiyan:SAIYA_Strike","Saiyan:SAIYA_Defend","Saiyan:SAIYA_Defend","Saiyan:SAIYA_Defend","Saiyan:SAIYA_Defend","Saiyan:EnergyBlast","Saiyan:KaioKen+1","Saiyan:RuthlessBlow","Saiyan:ExpandingShockwave","Saiyan:Planning+1","Saiyan:SpiritSword","Saiyan:BackAttack","Saiyan:Makankosappo+1","Saiyan:Medicine","Saiyan:GhostAttack+1","Saiyan:Pacing+1","Saiyan:Rekindle+1","Saiyan:Teleport+1","Saiyan:KameHameHa+1","Ghostly","Ghostly","Ghostly","Ghostly","Ghostly"],"relics":["SaiyanSoul","SaiyanHeart","Sundial","Simple Rune","Snecko Heart","Centennial Puzzle"],"acts_visited":["Exordium","TheCity"],"potions_floor_usage":[5,14,18,21,21,27,27,29,29],"damage_taken":[{"damage":0,"enemies":"Cultist","floor":1,"turns":3},{"damage":0,"enemies":"2 Louse","floor":2,"turns":2},{"damage":3,"enemies":"Small Slimes","floor":4,"turns":3},{"damage":7,"enemies":"Exordium Thugs","floor":5,"turns":4},{"damage":0,"enemies":"Large Slime","floor":7,"turns":4},{"damage":11,"enemies":"Exordium Wildlife","floor":12,"turns":5},{"damage":0,"enemies":"Looter","floor":13,"turns":1},{"damage":0,"enemies":"Lagavulin","floor":14,"turns":4},{"damage":12,"enemies":"Slime Boss","floor":16,"turns":5},{"damage":8,"enemies":"Chosen","floor":18,"turns":4},{"damage":39,"enemies":"3 Byrds","floor":19,"turns":6},{"damage":16,"enemies":"Cultist and Chosen","floor":21,"turns":7},{"damage":46,"enemies":"Centurion and Healer","floor":27,"turns":5},{"damage":14,"enemies":"Slavers","floor":29,"turns":1}],"seed_played":"3637423039336532874","potions_obtained":[{"floor":2,"key":"Block Potion"},{"floor":4,"key":"SteroidPotion"},{"floor":14,"key":"Block Potion"},{"floor":16,"key":"Dexterity Potion"},{"floor":19,"key":"EntropicBrew"},{"floor":27,"key":"LiquidBronze"}],"is_trial":false,"path_per_floor":["M","M","$","M","M","R","M","R","T","$","R","M","M","E","R","B",null,"M","M","$","M","?","R","?","R","T","M","?","E"],"character_chosen":"SAIYAJIN","items_purchased":["Saiyan:SpiritSword"],"campfire_rested":0,"item_purchase_floors":[3],"current_hp_per_floor":[66,67,67,64,58,58,60,60,60,60,60,53,54,58,58,50,74,71,35,35,23,49,49,49,49,49,7,7,0,0],"gold":61,"neow_bonus":"TEN_PERCENT_HP_BONUS","is_daily":false,"chose_seed":false,"campfire_upgraded":6,"win_rate":0.0,"timestamp":1610760093,"path_taken":["M","M","?","M","M","R","M","R","T","$","R","M","M","E","R","BOSS","M","?","$","M","?","R","?","R","T","M","?","E"],"items_purchased_type":["Card"],"build_version":"2020-12-22","purchased_purges":2,"victory":false,"max_hp_per_floor":[66,67,67,67,68,68,70,70,70,70,70,71,72,73,73,74,74,77,78,78,79,79,79,79,79,79,80,40,40,40],"card_choices":[{"not_picked":["Saiyan:FingerParry","Saiyan:Reset"],"picked":"Saiyan:ExpandingShockwave","floor":1},{"not_picked":["Saiyan:Scouter","Saiyan:RemoveWeights"],"picked":"Saiyan:Planning","floor":2},{"not_picked":["Saiyan:BigBangAttack","Saiyan:Quickening"],"picked":"Saiyan:BackAttack","floor":4},{"not_picked":["Saiyan:FinalFlash","Saiyan:SaiyanHubris"],"picked":"Saiyan:Makankosappo","floor":5},{"not_picked":["Saiyan:Overexert","Saiyan:KiExplosion"],"picked":"Saiyan:Medicine","floor":7},{"not_picked":["Saiyan:SpiritSword","Saiyan:Endure"],"picked":"Saiyan:GhostAttack","floor":12},{"not_picked":["Saiyan:BigBangAttack","Saiyan:FingerParry","Saiyan:ExpandingShockwave"],"picked":"SKIP","floor":13},{"not_picked":["Saiyan:Flurry","Saiyan:FingerParry"],"picked":"Saiyan:Pacing","floor":14},{"not_picked":["Saiyan:HyperTimeChamber","Saiyan:GhostAttack"],"picked":"Saiyan:Rekindle","floor":16},{"not_picked":["Saiyan:ReverberatingForce+1","Saiyan:SaiyanHubris"],"picked":"Saiyan:Teleport+1","floor":18},{"not_picked":["Saiyan:BurningSoul+1","Saiyan:Planning","Saiyan:SaiyanHubris"],"picked":"SKIP","floor":19},{"not_picked":["Saiyan:PowerUp+1","Saiyan:MeteorDash"],"picked":"Saiyan:KameHameHa+1","floor":21},{"not_picked":["Saiyan:Honing","Saiyan:BackAttack","Saiyan:Flurry"],"picked":"SKIP","floor":27}],"player_experience":558441,"relics_obtained":[{"floor":9,"key":"Sundial"},{"floor":14,"key":"Simple Rune"},{"floor":26,"key":"Centennial Puzzle"}],"event_choices":[{"damage_healed":26,"gold_gain":0,"player_choice":"Heal","damage_taken":0,"max_hp_gain":0,"max_hp_loss":0,"event_name":"The Library","floor":22,"gold_loss":0},{"damage_healed":0,"gold_gain":0,"player_choice":"Paid Fearfully","damage_taken":0,"max_hp_gain":0,"max_hp_loss":0,"event_name":"Masked Bandits","floor":24,"gold_loss":102},{"damage_healed":0,"gold_gain":0,"player_choice":"Became a Ghost","damage_taken":0,"max_hp_gain":0,"max_hp_loss":40,"event_name":"Ghosts","floor":28,"gold_loss":0,"cards_obtained":["Ghostly","Ghostly","Ghostly","Ghostly","Ghostly"]}],"is_beta":false,"boss_relics":[{"not_picked":["Velvet Choker","Runic Dome"],"picked":"Snecko Heart"}],"items_purged_floors":[10,20],"is_endless":false,"potions_floor_spawned":[2,4,14,16,19,21,27],"killed_by":"Slavers","ascension_level":0}}