{"host":"kh6fvhxn285ncg0o","time":1610786262,"event":{"mods":["Act Like it!","BaseMod","Colored Map","Friendly Minions","Keyboard Shortcuts","Minty Spire (QoL Compilation)","Quick Restart","Relic Stats","StSLib","SuperFastMode"],"gold_per_floor":[11,11,11,24,34,34,62,62,62,89,89,107,107,136,136,210,210,225,225,242,253,267,297,297,331,331,331,363,378,378,396,396,471,471,489,504,518,572,572,604,604,634,634,651,680,680,694,711,711,711,711,711,711,84,109,109],"floor_reached":57,"language":"KOR","playtime":2633,"items_purged":["Strike_R"],"score":3694,"play_id":"6501b36e-26eb-4430-82ed-0f24582101d9","local_time":"20210116173742","is_ascension_mode":true,"campfire_choices":[{"data":"Bash","floor":6.0,"key":"SMITH"},{"floor":8.0,"key":"REST"},{"data":"Rage","floor":15.0,"key":"SMITH"},{"floor":24.0,"key":"REST"},{"data":"Feel No Pain","floor":27.0,"key":"SMITH"},{"data":"Body Slam","floor":32.0,"key":"SMITH"},{"data":"Entrench","floor":41.0,"key":"SMITH"},{"floor":49,"key":"RECALL"},{"data":"Offering","floor":53,"key":"SMITH"}],"circlet_count":0,"master_deck":["AscendersBane","Strike_R","Defend_R","Defend_R","Defend_R","Defend_R","Bash+1","Hemokinesis+1","Corruption","Rage+1","Entrench+1","Dropkick","Burning Pact","Double Tap","Inflame+1","Armaments+1","Shockwave+1","Feel No Pain+1","Writhe","Body Slam+1","Feed","Fiend Fire","Dark Embrace","Offering+1","Power Through","Pommel Strike+1","Impervious","Master of Strategy","Flash of Steel","Purity"],"relics":["Burning Blood","Calipers","Pocketwatch","Torii","Pantograph","Pear","Cursed Key","Nilry\u0027s Codex","Bottled Lightning","Shuriken","Oddly Smooth Stone","Coffee Dripper","Gambling Chip","Unceasing Top","Juzu Bracelet","Smiling Mask","Bag of Preparation","HornCleat","Paper Frog"],"acts_visited":["Exordium","TheCity","TheBeyond","TheEnding"],"potions_floor_usage":[56,56],"damage_taken":[{"damage":13.0,"enemies":"Small Slimes","floor":1.0,"turns":3.0},{"damage":9.0,"enemies":"Jaw Worm","floor":4.0,"turns":3.0},{"damage":2.0,"enemies":"Cultist","floor":5.0,"turns":2.0},{"damage":54.0,"enemies":"3 Sentries","floor":7.0,"turns":10.0},{"damage":6.0,"enemies":"Lagavulin","floor":10.0,"turns":5.0},{"damage":5.0,"enemies":"Blue Slaver","floor":12.0,"turns":3.0},{"damage":12.0,"enemies":"Gremlin Nob","floor":14.0,"turns":3.0},{"damage":37.0,"enemies":"Slime Boss","floor":16.0,"turns":7.0},{"damage":13.0,"enemies":"Shell Parasite","floor":18.0,"turns":5.0},{"damage":14.0,"enemies":"Spheric Guardian","floor":20.0,"turns":5.0},{"damage":0.0,"enemies":"3 Cultists","floor":21.0,"turns":5.0},{"damage":3.0,"enemies":"Snake Plant","floor":22.0,"turns":3.0},{"damage":5.0,"enemies":"Gremlin Leader","floor":23.0,"turns":5.0},{"damage":14.0,"enemies":"Slavers","floor":25.0,"turns":3.0},{"damage":3.0,"enemies":"Gremlin Leader","floor":28.0,"turns":5.0},{"damage":4.0,"enemies":"Cultist and Chosen","floor":29.0,"turns":5.0},{"damage":1.0,"enemies":"Chosen and Byrds","floor":31.0,"turns":6.0},{"damage":2.0,"enemies":"Automaton","floor":33.0,"turns":6.0},{"damage":11.0,"enemies":"Orb Walker","floor":35.0,"turns":5.0},{"damage":0.0,"enemies":"3 Shapes","floor":36.0,"turns":5.0},{"damage":4.0,"enemies":"3 Darklings","floor":37.0,"turns":5.0},{"damage":19.0,"enemies":"2 Orb Walkers","floor":38.0,"turns":4.0},{"damage":0.0,"enemies":"Giant Head","floor":40.0,"turns":3.0},{"damage":6.0,"enemies":"Reptomancer","floor":42.0,"turns":6.0},{"damage":6.0,"enemies":"Writhing Mass","floor":44.0,"turns":2.0},{"damage":0,"enemies":"Giant Head","floor":45,"turns":4},{"damage":6,"enemies":"Jaw Worm Horde","floor":47,"turns":13},{"damage":9,"enemies":"4 Shapes","floor":48,"turns":12},{"damage":14,"enemies":"Awakened One","floor":50,"turns":10},{"damage":19,"enemies":"Time Eater","floor":51,"turns":6},{"damage":6,"enemies":"Shield and Spear","floor":55,"turns":4},{"damage":6,"enemies":"The Heart","floor":56,"turns":6}],"seed_played":"867055358495673840","potions_obtained":[{"floor":5.0,"key":"SkillPotion"},{"floor":14.0,"key":"ElixirPotion"},{"floor":20.0,"key":"Fire Potion"},{"floor":22.0,"key":"CultistPotion"},{"floor":23.0,"key":"DistilledChaos"},{"floor":28.0,"key":"Fire Potion"},{"floor":31.0,"key":"LiquidBronze"},{"floor":33.0,"key":"Strength Potion"},{"floor":35.0,"key":"Dexterity Potion"},{"floor":36.0,"key":"DistilledChaos"},{"floor":37.0,"key":"ColorlessPotion"},{"floor":45,"key":"Strength Potion"}],"is_trial":false,"path_per_floor":["M","?","?","M","M","R","E","R","T","E","?","M","T","E","R","B",null,"M","?","M","M","M","E","R","E","T","R","E","M","?","M","R","B",null,"M","M","M","?","?","E","R","E","T","M","E","?","M","M","R","B","B",null,"R","$","E","B",null],"character_chosen":"IRONCLAD","items_purchased":["Bag of Preparation","HornCleat","Swift Potion","ElixirPotion"],"campfire_rested":2,"item_purchase_floors":[54,54,54,54],"current_hp_per_floor":[61,61,61,58,62,62,14,36,36,36,36,37,37,41,41,35,73,66,45,37,43,46,47,72,64,64,64,67,69,44,52,52,81,90,88,98,100,87,100,104,104,107,107,107,111,101,105,106,106,114,112,122,122,122,126,129],"gold":109,"neow_bonus":"TRANSFORM_TWO_CARDS","is_daily":false,"chose_seed":false,"campfire_upgraded":6,"win_rate":0.0,"timestamp":1610786262,"path_taken":["M","?","?","?","M","R","E","R","T","E","?","M","?","E","R","BOSS","M","?","M","M","M","E","R","E","T","R","E","M","?","M","R","BOSS","M","M","M","?","?","E","R","E","T","M","E","?","M","M","R","BOSS","BOSS","R","$","E","BOSS"],"items_purchased_type":["Relic","Relic","Potion","Potion"],"build_version":"2020-12-22","purchased_purges":1,"victory":true,"max_hp_per_floor":[75,75,75,75,75,75,75,75,75,75,75,75,75,85,85,85,85,85,85,85,85,85,85,85,85,85,85,85,85,90,93,93,93,93,96,100,100,100,100,104,104,107,107,107,111,111,115,119,119,122,125,125,125,125,129,129],"relic_stats":{"Torii":42,"counters":[32,169],"Juzu Bracelet":1,"Bag of Preparation":[4],"Cursed Key":1,"Smiling Mask":25,"Burning Blood":180,"Shuriken":[39],"Pantograph":74,"Gambling Chip":[37],"obtain_stats":[{"Calipers":7,"Pear":14,"Torii":10,"Nilry\u0027s Codex":19,"Oddly Smooth Stone":28,"Juzu Bracelet":42,"Bag of Preparation":54,"Cursed Key":17,"Smiling Mask":45,"Burning Blood":0,"HornCleat":54,"Shuriken":25,"Pantograph":13,"Gambling Chip":38,"Coffee Dripper":34,"Bottled Lightning":23,"Unceasing Top":40,"Pocketwatch":9,"Paper Frog":55},{"Calipers":4,"Pear":7,"Torii":5,"Nilry\u0027s Codex":9,"Oddly Smooth Stone":15,"Juzu Bracelet":24,"Bag of Preparation":30,"Cursed Key":8,"Smiling Mask":26,"Burning Blood":0,"HornCleat":30,"Shuriken":14,"Pantograph":6,"Gambling Chip":22,"Coffee Dripper":18,"Bottled Lightning":13,"Unceasing Top":23,"Pocketwatch":4,"Paper Frog":31},{"Calipers":18,"Pear":29,"Torii":23,"Nilry\u0027s Codex":41,"Oddly Smooth Stone":67,"Juzu Bracelet":112,"Bag of Preparation":159,"Cursed Key":36,"Smiling Mask":118,"Burning Blood":0,"HornCleat":159,"Shuriken":62,"Pantograph":26,"Gambling Chip":103,"Coffee Dripper":84,"Bottled Lightning":59,"Unceasing Top":106,"Pocketwatch":18,"Paper Frog":163}],"Unceasing Top":[1],"Pocketwatch":[188]},"card_choices":[{"not_picked":["Headbutt","Thunderclap"],"picked":"Rage","floor":1.0},{"not_picked":["Twin Strike","True Grit","Warcry"],"picked":"SKIP","floor":4.0},{"not_picked":["Wild Strike","Warcry"],"picked":"Entrench","floor":7.0},{"not_picked":["Rampage","Flex","Reckless Charge"],"picked":"SKIP","floor":10.0},{"not_picked":["Reckless Charge","Heavy Blade"],"picked":"Dropkick","floor":12.0},{"not_picked":["Flex","Intimidate"],"picked":"Burning Pact","floor":14.0},{"not_picked":["Limit Break","Bludgeon"],"picked":"Double Tap","floor":16.0},{"not_picked":["True Grit","Shrug It Off"],"picked":"Inflame+1","floor":18.0},{"not_picked":["Clothesline","Pummel"],"picked":"Armaments+1","floor":20.0},{"not_picked":["Wild Strike","Warcry","Anger"],"picked":"SKIP","floor":21.0},{"not_picked":["Intimidate","Headbutt"],"picked":"Shockwave+1","floor":22.0},{"not_picked":["Armaments","Cleave"],"picked":"Feel No Pain","floor":23.0},{"not_picked":["Blood for Blood","Sentinel","Havoc"],"picked":"SKIP","floor":25.0},{"not_picked":["Infernal Blade","Rampage"],"picked":"Body Slam","floor":28.0},{"not_picked":["Searing Blow","Havoc"],"picked":"Feed","floor":29.0},{"not_picked":["Spot Weakness+1","Cleave","Searing Blow"],"picked":"SKIP","floor":31.0},{"not_picked":["Bludgeon","Corruption"],"picked":"Fiend Fire","floor":33.0},{"not_picked":["Flex","Pummel"],"picked":"Dark Embrace","floor":35.0},{"not_picked":["Clash+1","Flex","Pummel"],"picked":"SKIP","floor":36.0},{"not_picked":["Clash+1","Rupture"],"picked":"Offering","floor":37.0},{"not_picked":["Perfected Strike+1","Wild Strike"],"picked":"Power Through","floor":38.0},{"not_picked":["Infernal Blade+1","Carnage","Flame Barrier"],"picked":"SKIP","floor":40.0},{"not_picked":["Anger","Power Through","Bloodletting"],"picked":"SKIP","floor":42.0},{"not_picked":["Heavy Blade","Burning Pact"],"picked":"Pommel Strike+1","floor":44.0},{"not_picked":["Inflame","Hemokinesis"],"picked":"Impervious","floor":45},{"not_picked":["Forethought","Purity"],"picked":"Master of Strategy","floor":46},{"not_picked":["Madness","Secret Technique"],"picked":"Flash of Steel","floor":46},{"not_picked":["Mind Blast","Deep Breath"],"picked":"Purity","floor":46},{"not_picked":["Clash","Cleave+1","Armaments"],"picked":"SKIP","floor":47},{"not_picked":["Fire Breathing","Clothesline","Iron Wave"],"picked":"SKIP","floor":48},{"not_picked":["Thunderclap","Warcry","Clothesline"],"picked":"SKIP","floor":55}],"player_experience":3459041,"relics_obtained":[{"floor":7.0,"key":"Calipers"},{"floor":9.0,"key":"Pocketwatch"},{"floor":10.0,"key":"Torii"},{"floor":13.0,"key":"Pantograph"},{"floor":14.0,"key":"Pear"},{"floor":19.0,"key":"Nilry\u0027s Codex"},{"floor":23.0,"key":"Bottled Lightning"},{"floor":25.0,"key":"Shuriken"},{"floor":28.0,"key":"Oddly Smooth Stone"},{"floor":38.0,"key":"Gambling Chip"},{"floor":40.0,"key":"Unceasing Top"},{"floor":42.0,"key":"Juzu Bracelet"},{"floor":45,"key":"Smiling Mask"},{"floor":55,"key":"Paper Frog"}],"event_choices":[{"damage_healed":0.0,"max_hp_gain":0.0,"max_hp_loss":0.0,"gold_gain":0.0,"event_name":"Living Wall","player_choice":"Grow","floor":2.0,"gold_loss":0.0,"damage_taken":0.0,"cards_upgraded":["Hemokinesis"]},{"cards_removed":["Strike_R"],"damage_healed":0.0,"max_hp_gain":0.0,"max_hp_loss":0.0,"gold_gain":0.0,"event_name":"Purifier","player_choice":"Purged","floor":3.0,"gold_loss":0.0,"damage_taken":0.0},{"damage_healed":0.0,"max_hp_gain":0.0,"max_hp_loss":0.0,"gold_gain":0.0,"event_name":"Shining Light","player_choice":"Ignored","floor":11.0,"gold_loss":0.0,"damage_taken":0.0},{"damage_healed":0.0,"max_hp_gain":0.0,"max_hp_loss":0.0,"gold_gain":0.0,"event_name":"Cursed Tome","player_choice":"Obtained Book","floor":19.0,"gold_loss":0.0,"damage_taken":21.0},{"damage_healed":0.0,"max_hp_gain":5.0,"max_hp_loss":0.0,"gold_gain":0.0,"event_name":"Forgotten Altar","player_choice":"Shed Blood","floor":30.0,"gold_loss":0.0,"damage_taken":30.0},{"damage_healed":0.0,"max_hp_gain":0.0,"max_hp_loss":0.0,"gold_gain":0.0,"event_name":"Mysterious Sphere","player_choice":"Fight","floor":38.0,"gold_loss":0.0,"damage_taken":0.0},{"damage_healed":13.0,"max_hp_gain":0.0,"max_hp_loss":0.0,"gold_gain":0.0,"event_name":"Wheel of Change","player_choice":"Full Heal","floor":39.0,"gold_loss":0.0,"damage_taken":0.0},{"damage_healed":0,"gold_gain":0,"player_choice":"Memory 3","damage_taken":10,"max_hp_gain":0,"max_hp_loss":0,"event_name":"SensoryStone","floor":46,"gold_loss":0}],"is_beta":false,"boss_relics":[{"not_picked":["SlaversCollar","Fusion Hammer"],"picked":"Cursed Key"},{"not_picked":["Calling Bell","Runic Dome"],"picked":"Coffee Dripper"}],"items_purged_floors":[54],"is_endless":false,"potions_floor_spawned":[5,14,20,22,23,28,31,33,35,36,37,45],"ascension_level":20}}