{"host":"pno9h1fupbyz205f","time":1610756644,"event":{"mods":["Aspiration","BaseMod","Better Altar","Better Match","Better Note","Better Sensory Stone","Better Skull","Better Third Choice","Colored Map","Colored Powertips","Hubris","Infinite Spire","Jedi Mod","Mad Scientist","Marisa????????","Minty Spire (QoL Compilation)","Permanent Neow","Potionbrewer","Replay The Spire","Shop Mod","Spicy Shops","StSLib","Td1madao Mod","The Blackbeard","The Gatherer","The Hierophant","The Poker Player","The Runesmith","The Servant 0.9.4","The Vixen","thorton","vexMod"],"gold_per_floor":[109,184,194,194,194,194,213,213,236,236,250,260,276,294,294,392,392,404,414,30,30,39,39,65,82,82,82,89,189,206,186,186],"floor_reached":31,"language":"ENG","playtime":1438,"items_purged":["Battle Trance"],"score":251,"play_id":"d957a5f8-a31b-4400-91d4-66e86162ef3b","local_time":"20210115162404","is_ascension_mode":false,"campfire_choices":[{"data":"Iron Wave","floor":6,"key":"SMITH"},{"data":"Warcry","floor":8,"key":"SMITH"},{"data":"jedi:fear","floor":15,"key":"SMITH"},{"floor":23,"key":"REST"}],"circlet_count":0,"master_deck":["Strike_R","Strike_R+1","Strike_R+1","Strike_R+1","Strike_R+1","Defend_R+1","Defend_R+1","Defend_R+1","Defend_R","Iron Wave+1","Warcry+1","jedi:hate+1","jedi:fear+1","jedi:fear+1","hierophant:ChurchCoffers+1","Shockwave","ReplayTheSpireMod:Corrosion Curse+1","Iron Wave","hubris:DuctTapeCard","Thunderclap","Seeing Red","ReplayTheSpireMod:Corrosion Curse+1"],"relics":["Burning Blood","aspiration:Nostalgia","m_SerpentRing","Runesmith:AutoHammer","hubris:Towel","infinitespire:Lucky Rock","hubris:Backtick","ReplayTheSpireMod:Ninjato","vexMod:PlasmaPancake","aspiration:Lifesprig","War Paint","Matryoshka","Tiny Chest","hubris:DuctTape","Replay:Blank Codex","vexMod:HeadHunter","InkBottle"],"acts_visited":["Exordium","TheCity"],"potions_floor_usage":[3,7,11,16,16,24,24,29],"damage_taken":[{"damage":0,"enemies":"2 Louse","floor":1,"turns":3},{"damage":6,"enemies":"Cultist","floor":3,"turns":3},{"damage":0,"enemies":"Small Slimes","floor":7,"turns":2},{"damage":8,"enemies":"Blue Slaver","floor":11,"turns":5},{"damage":10,"enemies":"Exordium Wildlife","floor":12,"turns":4},{"damage":11,"enemies":"Lots of Slimes","floor":13,"turns":5},{"damage":18,"enemies":"Looter","floor":14,"turns":3},{"damage":59,"enemies":"Fading Forest","floor":16,"turns":11},{"damage":11,"enemies":"Shell Parasite","floor":18,"turns":6},{"damage":38,"enemies":"2 Thieves","floor":19,"turns":5},{"damage":8,"enemies":"3 Cultists","floor":22,"turns":4},{"damage":21,"enemies":"Nightmare","floor":24,"turns":5},{"damage":10,"enemies":"Cultist and Chosen","floor":25,"turns":4},{"damage":12,"enemies":"Shelled Parasite and Fungi","floor":28,"turns":2},{"damage":0,"enemies":"Colosseum Slavers","floor":29,"turns":2},{"damage":15,"enemies":"Colosseum Nobs","floor":29,"turns":4},{"damage":14,"enemies":"Snecko","floor":30,"turns":4},{"damage":23,"enemies":"Snake Plant","floor":31,"turns":2}],"seed_played":"4075101547206107580","potions_obtained":[{"floor":1,"key":"Adrenaline Potion"},{"floor":3,"key":"SteroidPotion"},{"floor":7,"key":"Block Potion"},{"floor":13,"key":"Fire Potion"},{"floor":14,"key":"Milkshake"},{"floor":19,"key":"PowerPotion"},{"floor":22,"key":"Explosive Potion"},{"floor":28,"key":"Flashbang"},{"floor":30,"key":"FearPotion"}],"is_trial":false,"path_per_floor":["M","?","M","T","?","R","M","R","T","?","M","M","M","M","R","B",null,"M","M","$","?","M","R","NM","M","T","?","M","?","M","M"],"character_chosen":"IRONCLAD","items_purchased":["vexMod:PlasmaPancake","aspiration:Lifesprig","War Paint"],"campfire_rested":1,"item_purchase_floors":[20,20,20],"current_hp_per_floor":[80,72,72,72,72,72,78,78,78,78,76,72,67,55,55,16,80,75,43,49,49,47,72,57,53,53,37,31,28,20,0,0],"gold":186,"neow_bonus":"NOSTALGIA","is_daily":false,"chose_seed":false,"campfire_upgraded":3,"win_rate":0.0,"timestamp":1610756644,"path_taken":["M","?","?","?","?","R","M","R","T","?","M","M","M","M","R","BOSS","M","?","$","?","?","R","NM","M","T","?","M","?","?","M"],"items_purchased_type":["Relic","Relic","Relic"],"build_version":"2020-12-22","purchased_purges":1,"victory":false,"max_hp_per_floor":[80,80,80,80,80,80,80,80,80,80,80,80,80,80,80,80,80,80,80,86,86,86,86,86,86,86,86,86,86,86,86,86],"card_choices":[{"not_picked":["Rampage","Pommel Strike","Flex"],"picked":"SKIP","floor":1},{"not_picked":["Run Through","Searing Blow"],"picked":"Iron Wave","floor":3},{"not_picked":["Clothesline","Entrench","Warcry"],"picked":"SKIP","floor":7},{"not_picked":["Clothesline","Entrench"],"picked":"Warcry","floor":7},{"not_picked":["Juggernaut","Life Link"],"picked":"jedi:hate","floor":11},{"not_picked":["Sword Boomerang","ReplayTheSpireMod:Stacked"],"picked":"jedi:fear","floor":12},{"not_picked":["Life Link","Cloak And Dagger"],"picked":"Battle Trance","floor":13},{"not_picked":["Hemokinesis","Second Wind","Havoc"],"picked":"SKIP","floor":14},{"not_picked":["Corruption","Venomology"],"picked":"After Image","floor":16},{"not_picked":["Havoc+1","Iron Wave"],"picked":"jedi:fear","floor":18},{"not_picked":["Clothesline","Flex","Body Slam"],"picked":"SKIP","floor":19},{"not_picked":["Massacre","Havoc+1"],"picked":"Shockwave","floor":22},{"not_picked":["Shrug It Off","Havoc"],"picked":"ReplayTheSpireMod:Corrosion Curse+1","floor":24},{"not_picked":["Warcry","Twin Strike"],"picked":"Iron Wave","floor":25},{"not_picked":["Warcry","Bloodletting+1"],"picked":"Thunderclap","floor":28},{"not_picked":["Sever Soul+1","Run Through+1"],"picked":"Seeing Red","floor":29},{"not_picked":["Perfected Strike","hubris:ReadiedAction"],"picked":"ReplayTheSpireMod:Corrosion Curse+1","floor":30}],"player_experience":177376,"relics_obtained":[{"floor":4,"key":"Runesmith:AutoHammer"},{"floor":9,"key":"infinitespire:Lucky Rock"},{"floor":24,"key":"Matryoshka"},{"floor":26,"key":"Tiny Chest"},{"floor":26,"key":"hubris:DuctTape"},{"floor":27,"key":"Replay:Blank Codex"},{"floor":29,"key":"vexMod:HeadHunter"},{"floor":29,"key":"InkBottle"}],"event_choices":[{"damage_healed":0,"gold_gain":75,"player_choice":"Touch","damage_taken":8,"max_hp_gain":0,"max_hp_loss":0,"event_name":"FaceTrader","floor":2,"gold_loss":0},{"damage_healed":0,"gold_gain":0,"cards_transformed":["Bash"],"player_choice":"Transformed","damage_taken":0,"max_hp_gain":0,"max_hp_loss":0,"event_name":"Transmorgrifier","floor":10,"gold_loss":0,"cards_obtained":["jedi:bloodyhammer"]},{"cards_removed":["After Image"],"damage_healed":0,"gold_gain":0,"player_choice":"Take \u0026 Give","damage_taken":0,"max_hp_gain":0,"max_hp_loss":0,"event_name":"betterNote:BetterNote","floor":21,"gold_loss":0,"cards_obtained":["hierophant:ChurchCoffers"]},{"damage_healed":0,"gold_gain":0,"player_choice":"Obtained Book","damage_taken":16,"max_hp_gain":0,"max_hp_loss":0,"event_name":"Cursed Tome","floor":27,"gold_loss":0},{"damage_healed":0,"gold_gain":0,"player_choice":"Fight","damage_taken":0,"max_hp_gain":0,"max_hp_loss":0,"event_name":"Colosseum","floor":29,"gold_loss":0},{"damage_healed":0,"gold_gain":0,"player_choice":"Fought Nobs","damage_taken":0,"max_hp_gain":0,"max_hp_loss":0,"event_name":"Colosseum","floor":29,"gold_loss":0}],"is_beta":false,"boss_relics":[{"not_picked":["Ooze Armor","hubris:Stopwatch"],"picked":"hubris:Backtick"}],"items_purged_floors":[20],"is_endless":true,"potions_floor_spawned":[1,3,7,13,14,19,22,28,30],"killed_by":"Snake Plant","ascension_level":0}}