{"host":"e4wnmsyty9uvvtwf","time":1610808780,"event":{"mods":["Act Like it!","Aspiration","BaseMod","Colored Map","Colored Powertips","Gensokyo","Minty Spire (QoL Compilation)","Rare Cards Sparkle","Reimu£®≤©¿ˆ¡È√Œ£©","Replay The Spire","StSLib"],"gold_per_floor":[119,199,109,109,123,149,149,167,191,291,291,309,73,93,93,190,190,206,206,206,218,101,101,135,135,181,209,249,249,249],"floor_reached":29,"language":"ZHS","playtime":1251,"items_purged":[],"score":261,"play_id":"6d253f61-e538-4d52-8932-ddcb24e4ab7e","local_time":"20210116225300","is_ascension_mode":false,"campfire_choices":[{"floor":7,"key":"REST"},{"data":"HakureiPhantom:ReiMu","floor":11,"key":"SMITH"},{"data":"MountainWay:ReiMu","floor":15,"key":"SMITH"},{"data":"MikOfLucky:ReiMu","floor":23,"key":"SMITH"},{"floor":25,"key":"REST"}],"circlet_count":0,"master_deck":["Strike_Lin:ReiMu","Strike_Lin:ReiMu","Strike_Lin:ReiMu","Strike_Lin:ReiMu","Defend_Lin:ReiMu","Defend_Lin:ReiMu","Defend_Lin:ReiMu","Defend_Lin:ReiMu","NB:ReiMu","Stagnation:ReiMu","Defend_P","Strike_B","HakureiPhantom:ReiMu+1","LovePray:ReiMu","SubAcupoint:ReiMu+1","MikOfLucky:ReiMu+1","Conquer:ReiMu","TightArray:ReiMu","Mountainwind:ReiMu","Gathering:ReiMu","Good Instincts","Secret Technique","Master of Strategy","MountainWay:ReiMu+1","SpreadBorder2:ReiMu","CardOfSanctity:ReiMu","CareerPray:ReiMu+1","Gensokyo:Shovel","Mountainwind:ReiMu+1","YinYang:ReiMu","RainPray2:ReiMu","DependentForm:ReiMu+1"],"relics":["FlyPower:ReiMu","Replay:Mystery Machine","Replay:Bottled Steam","Strawberry","RuthlessExorcism:ReiMu","ReplayTheSpireMod:ShopPack","CrownOfHeavens:ReiMu","CeramicFish","Gensokyo:MosesMiracle","aspiration:AnachronicSnailShell","Bronze Scales","Potion Belt","Frozen Egg 2"],"acts_visited":["Exordium","Gensokyo:Gensokyo"],"potions_floor_usage":[6,24],"damage_taken":[{"damage":0,"enemies":"Gensokyo:Gryphon","floor":1,"turns":5},{"damage":10,"enemies":"Gensokyo:3_Fairies","floor":5,"turns":7},{"damage":34,"enemies":"Gensokyo:Aya","floor":6,"turns":10},{"damage":5,"enemies":"Gensokyo:2_Kodama","floor":8,"turns":4},{"damage":0,"enemies":"Gensokyo:2_Rabbits","floor":12,"turns":5},{"damage":0,"enemies":"Gensokyo:LivingMonolith","floor":14,"turns":3},{"damage":7,"enemies":"Gensokyo:Kokoro","floor":16,"turns":14},{"damage":16,"enemies":"Gensokyo:3_Dogs","floor":18,"turns":6},{"damage":0,"enemies":"Gensokyo:2_Gloops","floor":21,"turns":4},{"damage":48,"enemies":"Gensokyo:Reisen","floor":24,"turns":9},{"damage":9,"enemies":"Gensokyo:Wraith","floor":27,"turns":5},{"damage":11,"enemies":"Gensokyo:Tenshi","floor":28,"turns":10},{"damage":9,"enemies":"Gensokyo:3_Gloops","floor":29,"turns":4}],"seed_played":"-2642555527384424768","potions_obtained":[{"floor":5,"key":"FearPotion"},{"floor":6,"key":"Fire Potion"},{"floor":8,"key":"FearPotion"},{"floor":18,"key":"PinkPotion:ReiMu"},{"floor":27,"key":"LiquidFlight:ReiMu"}],"is_trial":false,"path_per_floor":["M","?","COS","?","M","E","R","M","T","?","R","M","$","M","R_BF","B",null,"M","?","?","M","COS","R","E","R","T","M","E","M"],"character_chosen":"REIMU","items_purchased":["Gathering:ReiMu","ReplayTheSpireMod:ShopPack","MountainWay:ReiMu"],"campfire_rested":2,"item_purchase_floors":[13,13,13],"current_hp_per_floor":[65,65,65,65,55,21,40,42,42,42,42,42,42,42,42,35,72,56,56,56,56,56,56,8,28,28,19,8,0,0],"gold":249,"neow_bonus":"THREE_RARE_CARDS","is_daily":false,"chose_seed":false,"campfire_upgraded":3,"win_rate":0.0,"timestamp":1610808780,"path_taken":["M","?","COS","?","M","E","R","M","T","?","R","?","$","M","R_BF","BOSS","M","?","?","M","COS","R","E","R","T","?","E","M"],"items_purchased_type":["Card","Relic","Card"],"build_version":"2020-12-22","purchased_purges":0,"victory":false,"max_hp_per_floor":[65,65,65,65,65,65,65,72,72,72,72,72,72,72,72,72,72,72,67,67,67,67,67,67,67,67,67,67,67,67],"card_choices":[{"not_picked":["Shading:ReiMu","CeremonyResonance:ReiMu"],"picked":"HakureiPhantom:ReiMu","floor":0},{"not_picked":["OrbThrow:ReiMu","EmergencyTakeOff:ReiMu"],"picked":"LovePray:ReiMu","floor":1},{"not_picked":["SpreadBorder2:ReiMu","Meditation:ReiMu"],"picked":"MikOfLucky:ReiMu","floor":5},{"not_picked":["Shading:ReiMu","AirStrike:ReiMu"],"picked":"Conquer:ReiMu","floor":6},{"not_picked":["ManaGlint:ReiMu","MikOfLucky:ReiMu"],"picked":"TightArray:ReiMu","floor":8},{"not_picked":["RainPray2:ReiMu","AlertArray:ReiMu"],"picked":"Mountainwind:ReiMu","floor":12},{"not_picked":["Dark Shackles","Swift Strike"],"picked":"Good Instincts","floor":13},{"not_picked":["Mind Blast","Jack Of All Trades"],"picked":"Secret Technique","floor":13},{"not_picked":["Thinking Ahead","Mayhem"],"picked":"Master of Strategy","floor":13},{"not_picked":["YinYangSange:ReiMu","SafetyPray:ReiMu"],"picked":"SpreadBorder2:ReiMu","floor":14},{"not_picked":["DependentForm:ReiMu","Authority:ReiMu"],"picked":"CardOfSanctity:ReiMu","floor":16},{"not_picked":["YinYangSign:ReiMu","AirManeuver:ReiMu"],"picked":"CareerPray:ReiMu+1","floor":18},{"not_picked":["Mountainwind:ReiMu","SafetyPray:ReiMu","SubAcupoint:ReiMu"],"picked":"SKIP","floor":21},{"not_picked":["AirManeuver:ReiMu","TightArray:ReiMu"],"picked":"Mountainwind:ReiMu+1","floor":24},{"not_picked":["CeremonyResonance:ReiMu","PrayRite:ReiMu"],"picked":"YinYang:ReiMu","floor":27},{"not_picked":["AirStrike:ReiMu","CareerPray:ReiMu"],"picked":"RainPray2:ReiMu","floor":27},{"not_picked":["RainPray2:ReiMu","PayForSelf:ReiMu"],"picked":"DependentForm:ReiMu+1","floor":28}],"player_experience":561402,"relics_obtained":[{"floor":6,"key":"Replay:Bottled Steam"},{"floor":9,"key":"RuthlessExorcism:ReiMu"},{"floor":24,"key":"aspiration:AnachronicSnailShell"},{"floor":26,"key":"Bronze Scales"},{"floor":27,"key":"Gensokyo:MosesMiracle"},{"floor":28,"key":"Frozen Egg 2"}],"event_choices":[],"is_beta":false,"boss_relics":[{"not_picked":["Snecko Eye","ReplayTheSpireMod:DimensionalGlitch"],"picked":"CrownOfHeavens:ReiMu"}],"items_purged_floors":[],"is_endless":false,"potions_floor_spawned":[5,6,8,18,21,27],"killed_by":"Gensokyo:3_Gloops","ascension_level":0}}