{"host":"jl3raagrljzztomj","time":1610768340,"event":{"mods":["Aspiration","BaseMod","Better Third Choice","BetterRewards","Colored Map","Colored Powertips","Custom Start","Hermit","Highlight Path","Marked Mod","Minty Spire (QoL Compilation)","Permanent Neow","Relic Stats","StSLib","SuperFastMode","The Runesmith"],"gold_per_floor":[116,116,116,134,134,134,154,187,187,187,15,45,45,59,59,160,160,177,177,177,190,190,233,245,257,257],"floor_reached":25,"language":"ENG","playtime":755,"items_purged":["Injury"],"score":227,"play_id":"927fde1d-5d59-4a7e-af10-341f5b4be716","local_time":"20210115213900","is_ascension_mode":false,"campfire_choices":[{"data":"Disarm","floor":6,"key":"SMITH"},{"data":"Combust","floor":10,"key":"SMITH"},{"floor":13,"key":"REST"},{"data":"Bash","floor":15,"key":"SMITH"},{"floor":24,"key":"REST"}],"circlet_count":0,"master_deck":["Strike_R","Strike_R","Strike_R","Strike_R","Strike_R+1","Defend_R","Defend_R","Defend_R","Defend_R","Bash+1","Offering+1","Disarm+1","Combust+1","Finesse","Pummel+1","Limit Break","Writhe","Blood for Blood+1"],"relics":["Burning Blood","WingedGreaves","Matryoshka","Bronze Scales","Sozu","Nloth\u0027s Gift","MawBank","Blood Vial"],"acts_visited":["Exordium","TheCity"],"potions_floor_usage":[14,18],"damage_taken":[{"damage":6,"enemies":"Cultist","floor":1,"turns":2},{"damage":8,"enemies":"Jaw Worm","floor":4,"turns":7},{"damage":0,"enemies":"2 Louse","floor":7,"turns":3},{"damage":20,"enemies":"Gremlin Nob","floor":8,"turns":4},{"damage":27,"enemies":"3 Sentries","floor":12,"turns":6},{"damage":12,"enemies":"Exordium Thugs","floor":14,"turns":3},{"damage":34,"enemies":"Hexaghost","floor":16,"turns":10},{"damage":6,"enemies":"Chosen","floor":18,"turns":4},{"damage":11,"enemies":"3 Byrds","floor":21,"turns":3},{"damage":61,"enemies":"Gremlin Leader","floor":23,"turns":8},{"damage":52,"enemies":"Slavers","floor":25,"turns":4}],"seed_played":"-3890622731895161206","potions_obtained":[{"floor":12,"key":"Weak Potion"},{"floor":16,"key":"DuplicationPotion"}],"is_trial":false,"path_per_floor":["M","$","?","M","?","R","M","E","T","R","$","E","R","M","R","B",null,"M","$","?","M","?","E","R","E"],"character_chosen":"IRONCLAD","items_purchased":["Finesse"],"campfire_rested":2,"item_purchase_floors":[11],"current_hp_per_floor":[80,80,64,62,62,62,68,54,54,54,54,33,57,51,51,23,80,80,80,80,75,75,20,44,0,0],"gold":257,"neow_bonus":"ONE_RANDOM_RARE_CARD","is_daily":false,"chose_seed":false,"campfire_upgraded":3,"win_rate":0.0,"timestamp":1610768340,"path_taken":["M","?","?","M","?","R","M","E","T","R","$","E","R","?","R","BOSS","M","$","?","?","?","E","R","E"],"items_purchased_type":["Card"],"build_version":"2020-12-22","purchased_purges":1,"victory":false,"max_hp_per_floor":[80,80,80,80,80,80,80,80,80,80,80,80,80,80,80,80,80,80,80,80,80,80,80,80,80,80],"relic_stats":{"Sozu":1,"Blood Vial":2,"counters":[11,54],"Bronze Scales":[151],"Nloth\u0027s Gift":0,"MawBank":36,"obtain_stats":[{"Sozu":17,"Blood Vial":23,"Matryoshka":9,"Bronze Scales":12,"Molten Egg 2":5,"WingedGreaves":8,"Nloth\u0027s Gift":20,"MawBank":22,"Burning Blood":0},{"Sozu":7,"Blood Vial":10,"Matryoshka":4,"Bronze Scales":5,"Molten Egg 2":2,"WingedGreaves":4,"Nloth\u0027s Gift":8,"MawBank":9,"Burning Blood":0},{"Sozu":35,"Blood Vial":50,"Matryoshka":16,"Bronze Scales":22,"Molten Egg 2":9,"WingedGreaves":16,"Nloth\u0027s Gift":39,"MawBank":42,"Burning Blood":0}],"Burning Blood":60},"card_choices":[{"not_picked":["Shrug It Off","True Grit","Inflame"],"picked":"SKIP","floor":1},{"not_picked":["Twin Strike","Clothesline"],"picked":"Disarm","floor":4},{"not_picked":["Iron Wave+1","Anger+1","Twin Strike+1"],"picked":"SKIP","floor":7},{"not_picked":["Intimidate","Sword Boomerang+1"],"picked":"Combust","floor":8},{"not_picked":["Rampage+1","Pommel Strike+1","Cleave+1"],"picked":"SKIP","floor":12},{"not_picked":["Dual Wield","Clothesline+1"],"picked":"Pummel+1","floor":14},{"not_picked":["Double Tap","Exhume"],"picked":"Limit Break","floor":16},{"not_picked":["True Grit","Armaments","Wild Strike+1"],"picked":"SKIP","floor":18},{"not_picked":["Armaments","Clothesline","Cleave+1"],"picked":"SKIP","floor":21},{"not_picked":["Dropkick","Whirlwind"],"picked":"Blood for Blood+1","floor":23}],"player_experience":971476,"relics_obtained":[{"floor":8,"key":"WingedGreaves"},{"floor":9,"key":"Matryoshka"},{"floor":12,"key":"Bronze Scales"},{"floor":23,"key":"Blood Vial"}],"event_choices":[{"damage_healed":80,"gold_gain":0,"player_choice":"Upgrade","damage_taken":16,"max_hp_gain":0,"max_hp_loss":80,"event_name":"betterThird:BetterShining","floor":3,"gold_loss":0,"cards_upgraded":["Strike_R","Offering"]},{"damage_healed":0,"gold_gain":0,"player_choice":"Traded Relic","damage_taken":0,"relics_obtained":["Nloth\u0027s Gift"],"max_hp_gain":0,"max_hp_loss":0,"event_name":"N\u0027loth","floor":20,"relics_lost":["Molten Egg 2"],"gold_loss":0},{"damage_healed":0,"gold_gain":0,"player_choice":"Opened","damage_taken":0,"relics_obtained":["MawBank"],"max_hp_gain":0,"max_hp_loss":0,"event_name":"The Mausoleum","floor":22,"gold_loss":0,"cards_obtained":["Writhe"]}],"is_beta":false,"boss_relics":[{"not_picked":["Tiny House","aspiration:RitualDagger"],"picked":"Sozu"}],"items_purged_floors":[11],"is_endless":false,"potions_floor_spawned":[12,16,21],"killed_by":"Slavers","ascension_level":0}}