{"host":"56d873i5r3uhle0q","time":1610764426,"event":{"mods":["100% Spire Juice","Act Like it!","BaseMod","Block Reminder","Conspire","Gensokyo","Hermit","Marisa????????","Marked Mod","Minty Spire (QoL Compilation)","Replay The Spire","StSLib","The Animator","The Bug Knight","The Cursed","The Jungle","The Marked","The Servant 0.9.4","everything is the same but u backflip on backflip","vexMod"],"gold_per_floor":[116,129,75,75,90,90,110,110,110,110,8,8,26,339,339,444,444,762,780,780,505,505,505],"floor_reached":22,"language":"ENG","playtime":1861,"items_purged":[],"score":176,"play_id":"e28b20b8-7842-4cf3-bb55-4033ef87ac8a","local_time":"20210115193346","is_ascension_mode":false,"campfire_choices":[{"data":"PathToVictory","floor":6.0,"key":"SMITH"},{"floor":8.0,"key":"REST"}],"circlet_count":0,"master_deck":["Defend_P","Defend_P","Defend_P","Vigilance","PathToVictory+1","Establishment","Injury","Languid","Protect","Gensokyo:Kunekune","Gensokyo:TarnishedGold","Gensokyo:ScrapIron"],"relics":["PureWater","Happy Flower","Gensokyo:OccultBall","Kintsugi","Old Coin","Gensokyo:UndefinedDarkness"],"acts_visited":["Gensokyo:Gensokyo","Gensokyo:Gensokyoer"],"potions_floor_usage":[22],"damage_taken":[{"damage":8.0,"enemies":"Gensokyo:2_Kodama","floor":1.0,"turns":4.0},{"damage":0.0,"enemies":"Gensokyo:Python","floor":2.0,"turns":2.0},{"damage":9.0,"enemies":"Gensokyo:Gryphon","floor":5.0,"turns":4.0},{"damage":2.0,"enemies":"Gensokyo:Python_and_Kodama","floor":7.0,"turns":5.0},{"damage":7.0,"enemies":"Gensokyo:CorruptedTreant","floor":13.0,"turns":4.0},{"damage":8.0,"enemies":"Gensokyo:Kitsune","floor":14.0,"turns":4.0},{"damage":33.0,"enemies":"Gensokyo:Kokoro","floor":16.0,"turns":16.0},{"damage":57,"enemies":"Gensokyo:3_Dogs","floor":18,"turns":14},{"damage":0,"enemies":"Gensokyo:CosmicMonolith","floor":19,"turns":4}],"seed_played":"1246215927430046403","potions_obtained":[{"floor":7.0,"key":"FearPotion"},{"floor":12.0,"key":"DistilledChaos"},{"floor":13.0,"key":"FearPotion"},{"floor":18,"key":"Cursed Concoction"}],"is_trial":false,"path_per_floor":["M","M","$","?","M","R","M","R","T","?","COS","?","M","M","R","B",null,"M","M","?","COS","M"],"character_chosen":"WATCHER","items_purchased":["PathToVictory"],"campfire_rested":1,"item_purchase_floors":[3],"current_hp_per_floor":[64,64,64,64,55,55,53,72,72,72,72,72,65,57,57,24,72,15,15,15,15,0,0],"gold":505,"neow_bonus":"RANDOM_COLORLESS","is_daily":false,"chose_seed":false,"campfire_upgraded":1,"win_rate":0.0,"timestamp":1610764426,"path_taken":["M","M","$","?","M","R","M","R","T","?","COS","?","M","M","R","BOSS","M","M","?","COS","M"],"items_purchased_type":["Card"],"build_version":"2020-12-22","purchased_purges":0,"victory":false,"max_hp_per_floor":[72,72,72,72,72,72,72,72,72,72,72,72,72,72,72,72,72,72,72,72,72,72,72],"card_choices":[{"not_picked":["Good Instincts","PanicButton"],"picked":"Deep Breath","floor":0.0},{"not_picked":["FlyingSleeves","EmptyBody","Replay:BluntJabs"],"picked":"SKIP","floor":1.0},{"not_picked":["Indignation","FlyingSleeves","FearNoEvil"],"picked":"SKIP","floor":2.0},{"not_picked":["Replay:BluntJabs","Consecrate","FlurryOfBlows"],"picked":"SKIP","floor":5.0},{"not_picked":["Weave","Meditate","Omniscience"],"picked":"SKIP","floor":7.0},{"not_picked":["SashWhip","Consecrate","Conclude"],"picked":"SKIP","floor":13.0},{"not_picked":["InnerPeace","FearNoEvil","Evaluate"],"picked":"SKIP","floor":14.0},{"not_picked":["Ragnarok","DevaForm"],"picked":"Establishment","floor":16.0},{"not_picked":["Replay:DivineShield","Sanctity+1","FlyingSleeves+1"],"picked":"SKIP","floor":18},{"not_picked":["EmptyBody","CarveReality"],"picked":"Protect","floor":19}],"player_experience":525822,"relics_obtained":[{"floor":16.0,"key":"Gensokyo:OccultBall"}],"event_choices":[{"damage_healed":0.0,"max_hp_gain":0.0,"max_hp_loss":0.0,"gold_gain":0.0,"event_name":"conspire:Investor","player_choice":"Leave","floor":10.0,"gold_loss":0.0,"damage_taken":0.0}],"is_beta":false,"boss_relics":[{"not_picked":["SlaversCollar","Painkiller Herb"],"picked":"Kintsugi"}],"items_purged_floors":[],"is_endless":false,"potions_floor_spawned":[7,13,18],"killed_by":"Gensokyo:Slime_Group","ascension_level":0}}