{"host":"4rvk26w7t08d5zdj","time":1610770855,"event":{"mods":["AchievementEnabler","BaseMod","Colored Powertips","Conspire","Energized Spire","GifTheSpireLib","Minty Spire (QoL Compilation)","Rare Cards Sparkle","StSLib","The Animator","The Blue Laboratory"],"gold_per_floor":[125,139,156,156,231,266,266,18,70,95,122,155,155,178,178,298,323,348,392,417,417,45,110,41,62,160,183,183,183,209,234,234,363,451,474,492,525,575,595,615,681,706,731,751,751,751,751],"floor_reached":46,"language":"ENG","playtime":3855,"items_purged":[],"score":603,"play_id":"0fb9af83-8d0e-4bab-a478-6a728f9d370b","local_time":"20210115202055","is_ascension_mode":false,"campfire_choices":[{"floor":7.0,"key":"REST"},{"floor":13.0,"key":"REST"},{"data":"animator:YachiyoNanami","floor":15.0,"key":"SMITH"},{"floor":29.0,"key":"REST"},{"floor":32.0,"key":"REST"},{"floor":45,"key":"REST"}],"circlet_count":0,"master_deck":["animator:Strike_MadokaMagica","animator:Defend_MadokaMagica","animator:Strike+1","animator:Strike+1","animator:Defend","animator:Defend","animator:Defend","animator:IrohaTamaki+1","animator:YuiTsuruno","animator:NagisaMomoe","animator:Verdia","animator:Pride","Injury","animator:OrikoMikuni","animator:Gilgamesh+12","animator:YuiTsuruno","animator:SayakaMiki","animator:DolaSchwi","animator:YachiyoNanami+1","animator:Greed","animator:MamiTomoe","animator:KyokoSakura","animator:Rimuru","animator:IzunaHatsuse","animator:WinryRockbell","animator:MamiTomoe+1","animator:Tet+1","animator:Mikaela","animator:Yuuichirou","animator:Kyubey","animator:Benimaru+1","animator:ElricEdward+1","animator:Vesta","animator:KrulTepes+1","animator:Kyubey","animator:YunYun+1","animator:Shinoa","animator:Verdia","animator:Chris+1"],"relics":["animator:VividPicture","animator:TheMissingPiece","Golden Idol","Pear","Whetstone","Darkstone Periapt","Du-Vu Doll","Vajra","Strawberry","Matryoshka","MealTicket","Nunchaku","Tiny House","Mercury Hourglass","Paper Frog","Bag of Preparation","The Courier"],"acts_visited":["Exordium","TheCity","TheBeyond"],"potions_floor_usage":[44,46],"damage_taken":[{"damage":0.0,"enemies":"Small Slimes","floor":1.0,"turns":4.0},{"damage":0.0,"enemies":"conspire:RoseBush","floor":2.0,"turns":4.0},{"damage":0.0,"enemies":"Jaw Worm","floor":3.0,"turns":6.0},{"damage":45.0,"enemies":"Lagavulin","floor":6.0,"turns":8.0},{"damage":0.0,"enemies":"Blue Slaver","floor":11.0,"turns":2.0},{"damage":0.0,"enemies":"3 Louse","floor":12.0,"turns":3.0},{"damage":12.0,"enemies":"conspire:2 RoseBushes","floor":14.0,"turns":5.0},{"damage":38.0,"enemies":"Slime Boss","floor":16.0,"turns":11.0},{"damage":2.0,"enemies":"Spheric Guardian","floor":18.0,"turns":5.0},{"damage":1.0,"enemies":"Shell Parasite","floor":19.0,"turns":6.0},{"damage":10.0,"enemies":"conspire:SneckoGhost","floor":23.0,"turns":7.0},{"damage":62.0,"enemies":"3 Cultists","floor":25.0,"turns":8.0},{"damage":0.0,"enemies":"Snake Plant","floor":27.0,"turns":2.0},{"damage":0.0,"enemies":"conspire:HollyBat","floor":30.0,"turns":8.0},{"damage":18.0,"enemies":"Centurion and Healer","floor":31.0,"turns":4.0},{"damage":72.0,"enemies":"Collector","floor":33.0,"turns":7.0},{"damage":37,"enemies":"3 Darklings","floor":35,"turns":5},{"damage":0,"enemies":"3 Shapes","floor":36,"turns":2},{"damage":54,"enemies":"3 Darklings","floor":37,"turns":5},{"damage":21,"enemies":"Spire Growth","floor":39,"turns":4},{"damage":0,"enemies":"4 Shapes","floor":40,"turns":3},{"damage":0,"enemies":"Nemesis","floor":41,"turns":7},{"damage":0,"enemies":"Sphere and 2 Shapes","floor":42,"turns":3},{"damage":7,"enemies":"3 Darklings","floor":44,"turns":3},{"damage":46,"enemies":"Reptomancer","floor":46,"turns":3}],"seed_played":"-5123279960358325909","potions_obtained":[{"floor":1.0,"key":"Block Potion"},{"floor":3.0,"key":"FearPotion"},{"floor":14.0,"key":"blueLaboratory:BottledHope"},{"floor":18.0,"key":"blueLaboratory:BubblePotion"},{"floor":27.0,"key":"PowerPotion"},{"floor":33.0,"key":"blueLaboratory:BottleOfVodka"},{"floor":34.0,"key":"blueLaboratory:ImpenetrablePotion"},{"floor":37,"key":"Weak Potion"},{"floor":40,"key":"blueLaboratory:RecallPotion"},{"floor":42,"key":"blueLaboratory:ImpenetrablePotion"}],"is_trial":false,"path_per_floor":["M","M","M","?","?","E","R","$","T","T","M","M","R","M","R","B",null,"M","M","?","?","$","E","$","M","T","M","?","R","M","M","R","B",null,"M","M","M","T","M","M","E","M","T","M","R","E"],"character_chosen":"THE_ANIMATOR","items_purchased":["animator:Gilgamesh","animator:YuiTsuruno","animator:SayakaMiki","Vajra","Strawberry","animator:Rimuru","animator:WinryRockbell"],"campfire_rested":5,"item_purchase_floors":[8,8,8,22,22,22,24],"current_hp_per_floor":[66,66,66,66,55,21,44,44,44,44,44,44,67,55,55,20,77,76,75,81,81,88,82,82,23,23,26,26,53,56,42,69,5,100,63,63,20,20,7,7,12,12,12,9,39,0,0],"gold":751,"neow_bonus":"UPGRADE_CARD","is_daily":false,"chose_seed":false,"campfire_upgraded":1,"win_rate":0.0,"timestamp":1610770855,"path_taken":["M","M","M","?","?","E","R","?","T","?","M","M","R","M","R","BOSS","M","M","?","?","$","E","$","M","T","M","?","R","M","M","R","BOSS","M","M","M","?","M","M","E","M","T","M","R","E"],"items_purchased_type":["Card","Card","Card","Relic","Relic","Card","Card"],"build_version":"2020-12-22","purchased_purges":0,"victory":false,"max_hp_per_floor":[66,66,66,66,66,77,77,77,77,77,77,77,77,77,77,77,77,78,78,84,84,91,92,92,92,92,92,92,92,92,93,93,95,100,100,100,100,100,100,100,101,101,101,101,101,101,101],"card_choices":[{"not_picked":["animator:Souei","animator:Shigure"],"picked":"animator:NagisaMomoe","floor":1.0},{"not_picked":["animator:GazelDwargon","animator:Shion"],"picked":"animator:Verdia","floor":2.0},{"not_picked":["animator:Jibril","animator:RoyMustang"],"picked":"animator:Pride","floor":3.0},{"not_picked":["animator:IrohaTamaki","animator:SayakaMiki"],"picked":"animator:OrikoMikuni","floor":6.0},{"not_picked":["animator:Elsword","animator:Sloth"],"picked":"animator:DolaSchwi","floor":11.0},{"not_picked":["animator:RinTohsaka","animator:Shuna"],"picked":"animator:YachiyoNanami","floor":12.0},{"not_picked":["animator:CrowleyEusford","animator:SakuraMatou"],"picked":"animator:Eris","floor":14.0},{"not_picked":["animator:Wiz","animator:Hans"],"picked":"animator:Greed","floor":16.0},{"not_picked":["animator:YachiyoNanami","animator:OrikoMikuni"],"picked":"animator:MamiTomoe","floor":18.0},{"not_picked":["animator:Caster","animator:Shinoa+1"],"picked":"animator:KyokoSakura","floor":19.0},{"not_picked":["animator:Saber","animator:Jibril+1"],"picked":"animator:IzunaHatsuse","floor":23.0},{"not_picked":["animator:Assassin","animator:Verdia"],"picked":"animator:MamiTomoe+1","floor":25.0},{"not_picked":["animator:Shinoa","animator:IzunaHatsuse"],"picked":"animator:Mikaela","floor":30.0},{"not_picked":["animator:Gluttony","animator:Tet+1"],"picked":"animator:Yuuichirou","floor":31.0},{"not_picked":["animator:FeridBathory","animator:Hans"],"picked":"animator:Kyubey","floor":33.0},{"not_picked":["animator:Lu","animator:Lancer"],"picked":"animator:Benimaru+1","floor":34.0},{"not_picked":["animator:Illya+1","animator:CrowleyEusford+1"],"picked":"animator:ElricEdward+1","floor":35},{"not_picked":["animator:Shion","animator:Benimaru"],"picked":"animator:Vesta","floor":36},{"not_picked":["animator:Berserker+1","animator:Shinoa+1"],"picked":"animator:KrulTepes+1","floor":37},{"not_picked":["animator:Sloth","animator:Ciel+1"],"picked":"animator:Kyubey","floor":39},{"not_picked":["animator:Illya+1","animator:Mitsuba"],"picked":"animator:YunYun+1","floor":40},{"not_picked":["animator:Mitsuba","animator:HiiragiShinya"],"picked":"animator:Shinoa","floor":41},{"not_picked":["animator:SuzuneAmano","animator:Berserker+1"],"picked":"animator:Verdia","floor":42},{"not_picked":["animator:Sora","animator:Kazuma+1"],"picked":"animator:Chris+1","floor":44}],"player_experience":1036774,"relics_obtained":[{"floor":6.0,"key":"Pear"},{"floor":9.0,"key":"Whetstone"},{"floor":10.0,"key":"Darkstone Periapt"},{"floor":23.0,"key":"Matryoshka"},{"floor":26.0,"key":"MealTicket"},{"floor":26.0,"key":"Nunchaku"},{"floor":38,"key":"Mercury Hourglass"},{"floor":38,"key":"Paper Frog"},{"floor":41,"key":"Bag of Preparation"},{"floor":43,"key":"The Courier"}],"event_choices":[{"damage_healed":0.0,"max_hp_gain":0.0,"max_hp_loss":0.0,"gold_gain":0.0,"event_name":"Golden Idol","player_choice":"Take Wound","floor":4.0,"gold_loss":0.0,"damage_taken":0.0,"relics_obtained":["Golden Idol"],"cards_obtained":["Injury"]},{"damage_healed":0.0,"max_hp_gain":0.0,"max_hp_loss":0.0,"gold_gain":75.0,"event_name":"World of Goop","player_choice":"Gather Gold","floor":5.0,"gold_loss":0.0,"damage_taken":11.0},{"damage_healed":0.0,"max_hp_gain":0.0,"max_hp_loss":0.0,"gold_gain":0.0,"event_name":"Addict","player_choice":"Stole Relic","floor":20.0,"gold_loss":0.0,"damage_taken":0.0,"relics_obtained":["Du-Vu Doll"],"cards_obtained":["Shame"]},{"cards_removed":["Shame"],"damage_healed":0.0,"max_hp_gain":0.0,"max_hp_loss":0.0,"gold_gain":0.0,"event_name":"Back to Basics","player_choice":"Elegance","floor":21.0,"gold_loss":0.0,"damage_taken":0.0},{"damage_healed":0.0,"max_hp_gain":0.0,"max_hp_loss":0.0,"gold_gain":0.0,"cards_transformed":["animator:Strike"],"event_name":"Transmorgrifier","player_choice":"Transformed","floor":28.0,"gold_loss":0.0,"damage_taken":0.0,"cards_obtained":["animator:Tet"]}],"is_beta":false,"boss_relics":[{"not_picked":["Mark of Pain","Sozu"],"picked":"animator:VividPicture"},{"not_picked":["animator:CursedBlade","energizedSpire:RedRose"],"picked":"Tiny House"}],"items_purged_floors":[],"is_endless":false,"potions_floor_spawned":[1,3,14,18,27,33,37,40,41,42],"killed_by":"Reptomancer","ascension_level":0}}