{"host":"lnt5dzsuhru0aonl","time":1610816021,"event":{"mods":["2.2 Compatiblity","BaseMod","Colored Map","DeckTracker","Keyboard Shortcuts","Minty Spire (QoL Compilation)","Permanent Neow","StSLib","SuperFastMode","everything is the same but u backflip on backflip"],"gold_per_floor":[115,40,40,59,76,102,102,129,155,155,186,206,221,221,221,311,311,326,326,9,23,23,23],"floor_reached":22,"language":"KOR","playtime":714,"items_purged":["Defend_P","Defend_P"],"score":357,"play_id":"1a313a13-f187-4d0a-94d5-86a90b6e2d80","local_time":"20210117015341","is_ascension_mode":true,"campfire_choices":[{"floor":7.0,"key":"REST"},{"floor":15,"key":"REST"}],"circlet_count":0,"master_deck":["AscendersBane","Strike_P+1","Defend_P","Eruption+1","Vigilance","FlurryOfBlows","SandsOfTime","Prostrate+1","FearNoEvil","CrushJoints+1","Wireheading+1","SpiritShield+1","TalkToTheHand","EmptyMind"],"relics":["Black Star","Smiling Mask","Pen Nib","Happy Flower","Pantograph","Nunchaku","Golden Idol","The Courier","Potion Belt","Astrolabe","Sundial"],"acts_visited":["Exordium","TheCity"],"potions_floor_usage":[13,16,21],"damage_taken":[{"damage":0.0,"enemies":"2 Louse","floor":1.0,"turns":4.0},{"damage":0.0,"enemies":"Small Slimes","floor":4.0,"turns":2.0},{"damage":0.0,"enemies":"Cultist","floor":5.0,"turns":2.0},{"damage":7.0,"enemies":"Gremlin Nob","floor":6.0,"turns":3.0},{"damage":9.0,"enemies":"Lagavulin","floor":8.0,"turns":6.0},{"damage":34.0,"enemies":"Gremlin Nob","floor":11.0,"turns":5.0},{"damage":2.0,"enemies":"3 Louse","floor":12.0,"turns":3.0},{"damage":0,"enemies":"Exordium Wildlife","floor":13,"turns":4},{"damage":21,"enemies":"Hexaghost","floor":16,"turns":7},{"damage":5,"enemies":"3 Byrds","floor":18,"turns":4},{"damage":19,"enemies":"2 Thieves","floor":21,"turns":4},{"damage":31,"enemies":"3 Cultists","floor":22,"turns":4}],"seed_played":"-3531853572162735037","potions_obtained":[{"floor":4.0,"key":"DistilledChaos"},{"floor":12.0,"key":"DuplicationPotion"},{"floor":13,"key":"DuplicationPotion"},{"floor":16,"key":"EssenceOfSteel"}],"is_trial":false,"path_per_floor":["M","$","?","M","M","E","R","E","T","?","E","M","M","?","R","B",null,"M","?","$","M","M"],"character_chosen":"WATCHER","items_purchased":["Sundial","TalkToTheHand"],"campfire_rested":2,"item_purchase_floors":[20,20],"current_hp_per_floor":[61,61,41,41,41,34,54,45,45,45,11,9,9,2,20,24,53,48,48,48,29,0,0],"gold":23,"neow_bonus":"BOSS_RELIC","is_daily":false,"chose_seed":false,"campfire_upgraded":0,"win_rate":0.0,"timestamp":1610816021,"path_taken":["M","$","?","M","M","E","R","E","T","?","E","M","M","?","R","BOSS","M","?","$","M","?"],"items_purchased_type":["Relic","Card"],"build_version":"2020-12-22","purchased_purges":2,"victory":false,"max_hp_per_floor":[68,68,68,68,68,68,68,68,68,62,62,62,62,62,62,62,62,62,62,62,62,62,62],"card_choices":[{"not_picked":["CutThroughFate","Study"],"picked":"FlurryOfBlows","floor":1.0},{"not_picked":["ReachHeaven","CrushJoints"],"picked":"SandsOfTime","floor":4.0},{"not_picked":["ThirdEye","DeceiveReality"],"picked":"Prostrate","floor":5.0},{"not_picked":["Consecrate","Prostrate","JustLucky"],"picked":"SKIP","floor":6.0},{"not_picked":["Crescendo","BowlingBash","CutThroughFate"],"picked":"SKIP","floor":8.0},{"not_picked":["Fasting2","ClearTheMind"],"picked":"FearNoEvil","floor":11.0},{"not_picked":["PathToVictory","SashWhip","DevaForm"],"picked":"SKIP","floor":12.0},{"not_picked":["BowlingBash","Wireheading","ClearTheMind"],"picked":"SKIP","floor":13},{"not_picked":["FlurryOfBlows","Weave+1","Protect"],"picked":"SKIP","floor":18},{"not_picked":["Wallop+1","WheelKick"],"picked":"EmptyMind","floor":21}],"player_experience":674980,"relics_obtained":[{"floor":6.0,"key":"Smiling Mask"},{"floor":6.0,"key":"Pen Nib"},{"floor":8.0,"key":"Happy Flower"},{"floor":8.0,"key":"Pantograph"},{"floor":9.0,"key":"Nunchaku"},{"floor":11.0,"key":"The Courier"},{"floor":11.0,"key":"Potion Belt"}],"event_choices":[{"damage_healed":0.0,"max_hp_gain":0.0,"max_hp_loss":0.0,"gold_gain":0.0,"event_name":"Shining Light","player_choice":"Entered Light","floor":3.0,"gold_loss":0.0,"damage_taken":20.0,"cards_upgraded":["Eruption","Strike_P"]},{"damage_healed":0.0,"max_hp_gain":0.0,"max_hp_loss":6.0,"gold_gain":0.0,"event_name":"Golden Idol","player_choice":"Lose Max HP","floor":10.0,"gold_loss":0.0,"damage_taken":0.0,"relics_obtained":["Golden Idol"]},{"cards_removed":["Strike_P"],"damage_healed":0,"gold_gain":0,"player_choice":"Card Removal","damage_taken":7,"max_hp_gain":0,"max_hp_loss":0,"event_name":"Golden Wing","floor":14,"gold_loss":0},{"damage_healed":0,"gold_gain":0,"player_choice":"Upgraded","damage_taken":0,"max_hp_gain":0,"max_hp_loss":0,"event_name":"Upgrade Shrine","floor":19,"gold_loss":0,"cards_upgraded":["Prostrate"]}],"is_beta":false,"boss_relics":[{"not_picked":["Philosopher\u0027s Stone","Runic Dome"],"picked":"Astrolabe"}],"items_purged_floors":[2,20],"is_endless":false,"potions_floor_spawned":[4,12,13,16],"killed_by":"3 Cultists","ascension_level":15}}