{"host":"vumwfieg2b2mnrfl","time":1610755502,"event":{"mods":["AchievementEnabler","BaseMod","Minty Spire (QoL Compilation)","Rare Cards Sparkle","Relic Stats"],"gold_per_floor":[162,162,162,179,199,233,233,233,233,50,50,60,388,403,403,481,481,496,496,386,118,133,161,161,161,161],"floor_reached":25,"language":"ENG","playtime":902,"items_purged":["Strike_G"],"score":435,"play_id":"73201d77-edf6-49bb-a760-93e28f16917d","local_time":"20210115180502","is_ascension_mode":true,"campfire_choices":[{"floor":8,"key":"REST"},{"data":"Noxious Fumes","floor":11,"key":"SMITH"},{"floor":15,"key":"REST"},{"floor":24,"key":"REST"}],"circlet_count":0,"master_deck":["AscendersBane","Strike_G","Strike_G+1","Strike_G","Defend_G","Defend_G","Defend_G","Defend_G","Survivor","Neutralize","All Out Attack","Dash+1","Poisoned Stab","Backstab","Noxious Fumes+1","Bouncing Flask","Glass Knife","Poisoned Stab","Night Terror","Dagger Throw","Noxious Fumes","Prepared","Leg Sweep","Catalyst"],"relics":["Tiny House","Ice Cream","Kunai","Centennial Puzzle","Tingsha","Membership Card","Old Coin","HoveringKite","Toy Ornithopter","Juzu Bracelet","Bag of Marbles"],"acts_visited":["Exordium","TheCity"],"potions_floor_usage":[6,22,23,25],"damage_taken":[{"damage":0,"enemies":"Jaw Worm","floor":1,"turns":4},{"damage":7,"enemies":"Small Slimes","floor":4,"turns":3},{"damage":0,"enemies":"Cultist","floor":5,"turns":4},{"damage":19,"enemies":"Lagavulin","floor":6,"turns":8},{"damage":2,"enemies":"3 Louse","floor":12,"turns":3},{"damage":21,"enemies":"3 Sentries","floor":13,"turns":6},{"damage":5,"enemies":"Looter","floor":14,"turns":2},{"damage":9,"enemies":"The Guardian","floor":16,"turns":10},{"damage":12,"enemies":"Chosen","floor":18,"turns":5},{"damage":7,"enemies":"3 Byrds","floor":22,"turns":3},{"damage":44,"enemies":"Gremlin Leader","floor":23,"turns":7},{"damage":34,"enemies":"Shelled Parasite and Fungi","floor":25,"turns":3}],"seed_played":"7336539974079628471","potions_obtained":[{"floor":0,"key":"Weak Potion"},{"floor":5,"key":"AttackPotion"},{"floor":12,"key":"CunningPotion"},{"floor":13,"key":"Explosive Potion"},{"floor":23,"key":"Fire Potion"}],"is_trial":false,"path_per_floor":["M","?","?","M","M","E","$","R","T","$","R","M","E","M","R","B",null,"M","?","?","$","M","E","R","M"],"character_chosen":"THE_SILENT","items_purchased":["Membership Card","Noxious Fumes","Noxious Fumes","Prepared","Toy Ornithopter","Juzu Bracelet"],"campfire_rested":3,"item_purchase_floors":[10,10,21,21,21,21],"current_hp_per_floor":[64,46,46,39,39,20,20,41,41,41,41,39,18,13,34,25,60,48,48,48,48,46,7,28,0,0],"gold":161,"neow_bonus":"BOSS_RELIC","is_daily":false,"chose_seed":false,"campfire_upgraded":1,"win_rate":0.0,"timestamp":1610755502,"path_taken":["M","?","?","M","?","E","$","R","T","$","R","M","E","M","R","BOSS","M","?","?","$","M","E","R","M"],"items_purchased_type":["Relic","Card","Card","Card","Relic","Relic"],"build_version":"2020-12-22","purchased_purges":1,"victory":false,"max_hp_per_floor":[71,71,71,71,71,71,71,71,71,71,71,71,71,71,71,71,71,71,71,71,71,71,71,71,71,71],"relic_stats":{"Centennial Puzzle":[24],"counters":[12,58],"HoveringKite":[8],"Tingsha":[39],"Juzu Bracelet":0,"Kunai":[20],"obtain_stats":[{"Ice Cream":2,"Centennial Puzzle":6,"Tiny House":0,"HoveringKite":17,"Tingsha":9,"Juzu Bracelet":21,"Bag of Marbles":23,"Kunai":3,"Membership Card":10,"Toy Ornithopter":21,"Ring of the Snake":0,"Old Coin":13},{"Ice Cream":1,"Centennial Puzzle":4,"Tiny House":0,"HoveringKite":8,"Tingsha":4,"Juzu Bracelet":9,"Bag of Marbles":11,"Kunai":1,"Membership Card":4,"Toy Ornithopter":9,"Ring of the Snake":0,"Old Coin":6},{"Ice Cream":4,"Centennial Puzzle":19,"Tiny House":0,"HoveringKite":40,"Tingsha":19,"Juzu Bracelet":45,"Bag of Marbles":55,"Kunai":4,"Membership Card":19,"Toy Ornithopter":45,"Ring of the Snake":0,"Old Coin":28}],"Toy Ornithopter":15},"card_choices":[{"not_picked":["Dagger Spray","Outmaneuver"],"picked":"All Out Attack","floor":0},{"not_picked":["Deflect","Endless Agony","Underhanded Strike"],"picked":"SKIP","floor":1},{"not_picked":["Quick Slash","Heel Hook"],"picked":"Dash","floor":4},{"not_picked":["Outmaneuver","Predator"],"picked":"Poisoned Stab","floor":5},{"not_picked":["Prepared","Acrobatics"],"picked":"Backstab","floor":6},{"not_picked":["Poisoned Stab","Skewer"],"picked":"Bouncing Flask","floor":12},{"not_picked":["PiercingWail","Heel Hook"],"picked":"Glass Knife","floor":13},{"not_picked":["Bane","Terror"],"picked":"Poisoned Stab","floor":14},{"not_picked":["Grand Finale","After Image"],"picked":"Night Terror","floor":16},{"not_picked":["Quick Slash","Bane"],"picked":"Dagger Throw","floor":18},{"not_picked":["Bane+1","Die Die Die"],"picked":"Leg Sweep","floor":22},{"not_picked":["Bullet Time","Tactician"],"picked":"Catalyst","floor":23}],"player_experience":422941,"relics_obtained":[{"floor":6,"key":"Centennial Puzzle"},{"floor":9,"key":"Tingsha"},{"floor":13,"key":"Old Coin"},{"floor":23,"key":"Bag of Marbles"}],"event_choices":[{"damage_healed":0,"gold_gain":0,"player_choice":"Success","damage_taken":18,"relics_obtained":["Ice Cream"],"max_hp_gain":0,"max_hp_loss":0,"event_name":"Scrap Ooze","floor":2,"gold_loss":0},{"damage_healed":0,"gold_gain":0,"player_choice":"Gave Potion","damage_taken":0,"relics_obtained":["Kunai"],"max_hp_gain":0,"max_hp_loss":0,"event_name":"WeMeetAgain","floor":3,"gold_loss":0},{"cards_removed":["Strike_G"],"damage_healed":0,"gold_gain":0,"player_choice":"Elegance","damage_taken":0,"max_hp_gain":0,"max_hp_loss":0,"event_name":"Back to Basics","floor":19,"gold_loss":0},{"cards_removed":["Defend_G"],"damage_healed":0,"gold_gain":0,"player_choice":"Upgrade and Remove","damage_taken":0,"max_hp_gain":0,"max_hp_loss":0,"event_name":"Designer","floor":20,"gold_loss":110,"cards_upgraded":["Dash"]}],"is_beta":false,"boss_relics":[{"not_picked":["WristBlade","Empty Cage"],"picked":"HoveringKite"}],"items_purged_floors":[21],"is_endless":false,"potions_floor_spawned":[5,12,13,23],"killed_by":"Shelled Parasite and Fungi","ascension_level":18}}