{"host":"840yoaz69lavfcgt","time":1610764235,"event":{"mods":["BaseMod","Colored Powertips","DeckTracker","Highlight Path","Minty Spire (QoL Compilation)","Synergy Search"],"gold_per_floor":[117,117,131,148,158,188,202,236,236,253,253,278,278,303,303,408,408,422,422,12,12,25,60,73,73,118,136,147,147,163,163,163,265,265,285,285,301,315,315,345,360,360,360],"floor_reached":42,"language":"ENG","playtime":3612,"items_purged":["Decay"],"score":647,"play_id":"2461dad6-2cc5-4ece-a7c2-3363006a2224","local_time":"20210115213035","is_ascension_mode":false,"campfire_choices":[{"floor":13,"key":"REST"},{"floor":15,"key":"REST"},{"floor":25,"key":"REST"},{"data":"Envenom","floor":29,"key":"SMITH"},{"data":"Corpse Explosion","floor":32,"key":"SMITH"}],"circlet_count":0,"master_deck":["Defend_G","Defend_G","Defend_G","Defend_G","Survivor","Neutralize","Apotheosis+1","Dagger Throw","Deflect","Bane","Envenom+1","Dagger Throw","Bane","Dodge and Roll","Corpse Explosion+1","Bane","Crippling Poison","Corpse Explosion","Dagger Throw","Ghostly","Ghostly","Ghostly","Ghostly","Ghostly","Bouncing Flask","Deflect","Bane","Dash","Well Laid Plans","Dagger Throw+1","Leg Sweep+1","Bite","Bite","Bite","Bite","Bite","Night Terror","Deflect","Slice","Flechettes","Writhe","Masterful Stab+1","Flechettes+1"],"relics":["Ring of the Snake","Eternal Feather","Mercury Hourglass","Sundial","Odd Mushroom","Kunai","HoveringKite","Matryoshka","White Beast Statue","Bottled Tornado","Regal Pillow","SlaversCollar","Potion Belt"],"acts_visited":["Exordium","TheCity","TheBeyond"],"potions_floor_usage":[6,8,14,22,24,28,30,33,38,38,40],"damage_taken":[{"damage":0,"enemies":"Jaw Worm","floor":1,"turns":6},{"damage":7,"enemies":"Small Slimes","floor":3,"turns":3},{"damage":0,"enemies":"2 Louse","floor":4,"turns":4},{"damage":0,"enemies":"2 Fungi Beasts","floor":5,"turns":3},{"damage":7,"enemies":"Gremlin Nob","floor":6,"turns":4},{"damage":22,"enemies":"Exordium Thugs","floor":7,"turns":7},{"damage":2,"enemies":"3 Sentries","floor":8,"turns":8},{"damage":3,"enemies":"Looter","floor":10,"turns":3},{"damage":17,"enemies":"The Mushroom Lair","floor":12,"turns":3},{"damage":22,"enemies":"Gremlin Nob","floor":14,"turns":4},{"damage":24,"enemies":"The Guardian","floor":16,"turns":8},{"damage":15,"enemies":"Spheric Guardian","floor":18,"turns":5},{"damage":0,"enemies":"Chosen","floor":22,"turns":6},{"damage":26,"enemies":"Slavers","floor":23,"turns":4},{"damage":2,"enemies":"Sentry and Sphere","floor":24,"turns":5},{"damage":21,"enemies":"Centurion and Healer","floor":27,"turns":5},{"damage":7,"enemies":"Snecko","floor":28,"turns":4},{"damage":6,"enemies":"Chosen and Byrds","floor":30,"turns":4},{"damage":0,"enemies":"Collector","floor":33,"turns":8},{"damage":3,"enemies":"Orb Walker","floor":35,"turns":5},{"damage":5,"enemies":"3 Darklings","floor":37,"turns":4},{"damage":14,"enemies":"Sphere and 2 Shapes","floor":38,"turns":6},{"damage":2,"enemies":"Giant Head","floor":40,"turns":9},{"damage":2,"enemies":"Transient","floor":41,"turns":5},{"damage":53,"enemies":"Nemesis","floor":42,"turns":2}],"seed_played":"-2911258937169816339","potions_obtained":[{"floor":1,"key":"Poison Potion"},{"floor":3,"key":"Swift Potion"},{"floor":7,"key":"Block Potion"},{"floor":10,"key":"Weak Potion"},{"floor":12,"key":"SteroidPotion"},{"floor":18,"key":"ColorlessPotion"},{"floor":24,"key":"DuplicationPotion"},{"floor":27,"key":"Regen Potion"},{"floor":28,"key":"EssenceOfSteel"},{"floor":30,"key":"Strength Potion"},{"floor":33,"key":"GamblersBrew"},{"floor":35,"key":"Poison Potion"},{"floor":37,"key":"SkillPotion"},{"floor":38,"key":"Energy Potion"},{"floor":40,"key":"SteroidPotion"},{"floor":41,"key":"Explosive Potion"}],"is_trial":false,"path_per_floor":["M","?","M","M","M","E","M","E","T","M","?","?","R","E","R","B",null,"M","?","$","?","M","E","M","R","T","M","M","R","M","?","R","B",null,"M","?","M","M","?","E","M","E"],"character_chosen":"THE_SILENT","items_purchased":["Matryoshka","Bouncing Flask"],"campfire_rested":3,"item_purchase_floors":[20,20],"current_hp_per_floor":[70,56,49,49,49,42,20,18,18,15,38,21,54,32,65,41,70,55,35,35,35,35,9,7,35,35,14,21,35,29,24,24,24,24,24,24,21,15,21,24,24,0,0],"gold":360,"neow_bonus":"RANDOM_COLORLESS_2","is_daily":false,"chose_seed":false,"campfire_upgraded":2,"win_rate":0.0,"timestamp":1610764235,"path_taken":["M","?","M","M","M","E","M","E","T","M","?","?","R","E","R","BOSS","M","?","$","?","M","E","M","R","T","M","M","R","?","?","R","BOSS","M","?","M","M","?","E","M","E"],"items_purchased_type":["Relic","Card"],"build_version":"2020-12-22","purchased_purges":1,"victory":false,"max_hp_per_floor":[70,70,70,70,70,70,70,70,70,70,70,70,70,70,70,70,70,70,35,35,35,35,35,35,35,35,35,35,35,35,24,24,24,24,24,24,24,24,24,24,24,24,24],"card_choices":[{"not_picked":["Mayhem","HandOfGreed"],"picked":"Apotheosis","floor":0},{"not_picked":["Underhanded Strike","Bane"],"picked":"Dagger Throw","floor":1},{"not_picked":["Reflex","Infinite Blades"],"picked":"Deflect","floor":3},{"not_picked":["Acrobatics","Eviscerate"],"picked":"Bane","floor":4},{"not_picked":["Acrobatics","Dagger Throw"],"picked":"Envenom","floor":5},{"not_picked":["Flying Knee","All Out Attack"],"picked":"Dagger Throw","floor":6},{"not_picked":["Prepared","Acrobatics"],"picked":"Bane","floor":7},{"not_picked":["Quick Slash","Acrobatics"],"picked":"Dodge and Roll","floor":8},{"not_picked":["Acrobatics","Dodge and Roll"],"picked":"Corpse Explosion","floor":10},{"not_picked":["Masterful Stab","PiercingWail"],"picked":"Bane","floor":12},{"not_picked":["Prepared","Deadly Poison"],"picked":"Crippling Poison","floor":14},{"not_picked":["Doppelganger","Tools of the Trade"],"picked":"Corpse Explosion","floor":16},{"not_picked":["Dodge and Roll","Backflip"],"picked":"Dagger Throw","floor":18},{"not_picked":["Flechettes","Acrobatics+1"],"picked":"Deflect","floor":22},{"not_picked":["Footwork","Slice"],"picked":"Bane","floor":23},{"not_picked":["Heel Hook","Storm of Steel"],"picked":"Dash","floor":24},{"not_picked":["Infinite Blades","Blade Dance+1"],"picked":"Well Laid Plans","floor":27},{"not_picked":["Acrobatics","Cloak And Dagger"],"picked":"Dagger Throw+1","floor":28},{"not_picked":["Outmaneuver","Masterful Stab"],"picked":"Leg Sweep+1","floor":30},{"not_picked":["Doppelganger","Corpse Explosion"],"picked":"Night Terror","floor":33},{"not_picked":["Escape Plan","Quick Slash+1"],"picked":"Deflect","floor":35},{"not_picked":["Bane","Poisoned Stab+1"],"picked":"Slice","floor":37},{"not_picked":["Tactician+1","Backflip"],"picked":"Flechettes","floor":38},{"not_picked":["Sucker Punch","Reflex"],"picked":"Masterful Stab+1","floor":40},{"not_picked":["Quick Slash","Skewer+1"],"picked":"Flechettes+1","floor":41}],"player_experience":203238,"relics_obtained":[{"floor":6,"key":"Eternal Feather"},{"floor":8,"key":"Mercury Hourglass"},{"floor":9,"key":"Sundial"},{"floor":12,"key":"Odd Mushroom"},{"floor":14,"key":"Kunai"},{"floor":23,"key":"White Beast Statue"},{"floor":26,"key":"Bottled Tornado"},{"floor":26,"key":"Regal Pillow"},{"floor":40,"key":"Potion Belt"}],"event_choices":[{"damage_healed":0,"gold_gain":0,"player_choice":"Entered Light","damage_taken":14,"max_hp_gain":0,"max_hp_loss":0,"event_name":"Shining Light","floor":2,"gold_loss":0,"cards_upgraded":["Strike_G","Defend_G"]},{"damage_healed":23,"gold_gain":0,"player_choice":"Banana","damage_taken":0,"max_hp_gain":0,"max_hp_loss":0,"event_name":"Big Fish","floor":11,"gold_loss":0},{"damage_healed":0,"gold_gain":0,"player_choice":"Fought Mushrooms","damage_taken":0,"max_hp_gain":0,"max_hp_loss":0,"event_name":"Mushrooms","floor":12,"gold_loss":0},{"damage_healed":0,"gold_gain":0,"player_choice":"Became a Ghost","damage_taken":0,"max_hp_gain":0,"max_hp_loss":35,"event_name":"Ghosts","floor":19,"gold_loss":0,"cards_obtained":["Ghostly","Ghostly","Ghostly","Ghostly","Ghostly"]},{"damage_healed":0,"gold_gain":0,"player_choice":"Forge","damage_taken":0,"max_hp_gain":0,"max_hp_loss":0,"event_name":"Accursed Blacksmith","floor":21,"gold_loss":0,"cards_upgraded":["Apotheosis"]},{"damage_healed":0,"gold_gain":0,"player_choice":"Became a vampire","damage_taken":0,"max_hp_gain":0,"max_hp_loss":11,"event_name":"Vampires","floor":31,"gold_loss":0,"cards_obtained":["Bite","Bite","Bite","Bite","Bite"]},{"cards_removed":["Defend_G"],"damage_healed":0,"gold_gain":0,"player_choice":"Removed Skill","damage_taken":0,"max_hp_gain":0,"max_hp_loss":0,"event_name":"Falling","floor":36,"gold_loss":0},{"damage_healed":6,"gold_gain":0,"player_choice":"Writhe","damage_taken":0,"max_hp_gain":0,"max_hp_loss":0,"event_name":"Winding Halls","floor":39,"gold_loss":0,"cards_obtained":["Writhe"]}],"is_beta":false,"boss_relics":[{"not_picked":["Cursed Key","Snecko Eye"],"picked":"HoveringKite"},{"not_picked":["Runic Pyramid","Tiny House"],"picked":"SlaversCollar"}],"items_purged_floors":[20],"is_endless":false,"potions_floor_spawned":[1,3,7,10,12,18,24,27,28,30,33,35,37,38,40,41],"killed_by":"Nemesis","ascension_level":0}}