{"host":"01gbg40krdpein5y","time":1610823070,"event":{"mods":["BaseMod","BetterRewards","Minty Spire (QoL Compilation)","Permanent Neow","Remove Card Discount Mod","SuperFastMode","Transform Curses"],"gold_per_floor":[109,125,125,143,143,143,186,186,186,186,224,239,254,429,429,558,558,574,590,590,40,40,40,80,80,80,105,128,128,128,9,9,130,130,148,167,10,10,10,10,35,79,133,146,4,4,24,48,48,48,48],"floor_reached":50,"language":"ENG","playtime":66033,"items_purged":["Pain","Injury","Writhe","Doubt","Strike_B"],"score":525,"play_id":"afa61398-ffd5-4969-bfa3-16c43257eb14","local_time":"20210116105110","is_ascension_mode":false,"campfire_choices":[{"data":"Zap","floor":6,"key":"SMITH"},{"data":"Dualcast","floor":8,"key":"SMITH"},{"data":"Strike_B","floor":10,"key":"SMITH"},{"floor":15,"key":"REST"},{"data":"Echo Form","floor":23,"key":"SMITH"},{"floor":25,"key":"REST"},{"floor":30,"key":"REST"},{"floor":32,"key":"REST"},{"data":"Storm","floor":40,"key":"SMITH"},{"data":"Storm","floor":46,"key":"SMITH"},{"data":"Amplify","floor":49,"key":"SMITH"}],"circlet_count":0,"master_deck":["Strike_B","Strike_B+1","Defend_B","Defend_B","Defend_B+1","Defend_B","Zap+1","Dualcast+1","Biased Cognition","CurseOfTheBell","Lockon","Steam","Zap","Blind","Violence","Echo Form+1","Consume+1","Biased Cognition","Amplify+1","Static Discharge+1","Self Repair+1","Storm+1","Heatsinks","Self Repair","Loop+1","Steam+1","Turbo+1","Storm+1","Seek+1","White Noise+1","Turbo+1"],"relics":["FrozenCore","NeowsBlessing","Golden Idol","WarpedTongs","Gremlin Horn","Happy Flower","Boot","Calling Bell","Nunchaku","Symbiotic Virus","Mango","ClockworkSouvenir","Tiny Chest","Blood Vial","Toxic Egg 2","Meat on the Bone","War Paint","Bronze Scales"],"acts_visited":["Exordium","TheCity","TheBeyond"],"potions_floor_usage":[7,11,16,19,19,27,33,36,41,42,48,48,50],"damage_taken":[{"damage":0,"enemies":"Jaw Worm","floor":1,"turns":1},{"damage":0,"enemies":"2 Louse","floor":2,"turns":1},{"damage":0,"enemies":"Cultist","floor":4,"turns":1},{"damage":6,"enemies":"Gremlin Nob","floor":7,"turns":3},{"damage":41,"enemies":"3 Sentries","floor":11,"turns":7},{"damage":7,"enemies":"Large Slime","floor":12,"turns":5},{"damage":5,"enemies":"Blue Slaver","floor":13,"turns":4},{"damage":32,"enemies":"The Guardian","floor":16,"turns":17},{"damage":16,"enemies":"Shell Parasite","floor":18,"turns":8},{"damage":7,"enemies":"2 Thieves","floor":19,"turns":5},{"damage":54,"enemies":"Slavers","floor":24,"turns":6},{"damage":24,"enemies":"Centurion and Healer","floor":27,"turns":16},{"damage":7,"enemies":"Snecko","floor":28,"turns":5},{"damage":39,"enemies":"Champ","floor":33,"turns":5},{"damage":22,"enemies":"3 Darklings","floor":35,"turns":6},{"damage":0,"enemies":"3 Shapes","floor":36,"turns":3},{"damage":3,"enemies":"Transient","floor":41,"turns":5},{"damage":1,"enemies":"Giant Head","floor":42,"turns":5},{"damage":10,"enemies":"Sphere and 2 Shapes","floor":44,"turns":3},{"damage":25,"enemies":"3 Darklings","floor":47,"turns":4},{"damage":10,"enemies":"Jaw Worm Horde","floor":48,"turns":2},{"damage":81,"enemies":"Time Eater","floor":50,"turns":5}],"seed_played":"951317061996726032","potions_obtained":[{"floor":2,"key":"Swift Potion"},{"floor":4,"key":"DistilledChaos"},{"floor":12,"key":"Weak Potion"},{"floor":13,"key":"DistilledChaos"},{"floor":18,"key":"FearPotion"},{"floor":24,"key":"SneckoOil"},{"floor":33,"key":"Fire Potion"},{"floor":35,"key":"PowerPotion"},{"floor":36,"key":"Swift Potion"},{"floor":47,"key":"Swift Potion"},{"floor":48,"key":"Dexterity Potion"}],"is_trial":false,"path_per_floor":["M","M","?","M","?","R","E","R","T","R","E","M","M","?","R","B",null,"M","M","?","$","?","R","E","R","T","M","M","?","R","$","R","B",null,"M","M","$","T","?","R","M","E","T","M","$","R","M","M","R","B"],"character_chosen":"DEFECT","items_purchased":["Violence","Echo Form","ClockworkSouvenir","Consume","Storm","PowerPotion","Self Repair","DuplicationPotion","Storm","Seek+1"],"campfire_rested":4,"item_purchase_floors":[21,21,21,21,31,31,37,37,45,45],"current_hp_per_floor":[75,75,75,75,75,75,69,69,69,69,28,21,16,16,38,6,89,73,66,66,66,66,66,12,38,38,16,11,11,37,37,63,36,89,77,79,79,79,79,79,89,88,88,89,89,89,74,76,76,0,0],"gold":48,"neow_bonus":"THREE_ENEMY_KILL","is_daily":false,"chose_seed":false,"campfire_upgraded":7,"win_rate":0.0,"timestamp":1610823070,"path_taken":["M","M","?","M","?","R","E","R","T","R","E","M","?","?","R","BOSS","M","M","?","?","?","R","E","R","T","M","?","?","R","$","R","BOSS","M","M","?","?","?","R","?","E","T","M","?","R","M","M","R","BOSS"],"items_purchased_type":["Card","Card","Relic","Card","Card","Potion","Card","Potion","Card","Card"],"build_version":"2020-12-22","purchased_purges":5,"victory":false,"max_hp_per_floor":[75,75,75,75,75,75,75,75,75,75,75,75,75,75,75,75,89,89,89,89,89,89,89,89,89,89,89,89,89,89,89,89,89,89,89,89,89,89,89,89,89,89,89,89,89,89,89,89,89,89,89],"card_choices":[{"not_picked":["Sweeping Beam","Go for the Eyes","Genetic Algorithm"],"picked":"SKIP","floor":1},{"not_picked":["Doom and Gloom","Leap","Compile Driver"],"picked":"SKIP","floor":2},{"not_picked":["Beam Cell","Fusion","Coolheaded"],"picked":"SKIP","floor":4},{"not_picked":["Compile Driver","FTL","Reinforced Body"],"picked":"SKIP","floor":7},{"not_picked":["Leap","Go for the Eyes","Sunder"],"picked":"SKIP","floor":11},{"not_picked":["Compile Driver","Sweeping Beam","Reprogram"],"picked":"SKIP","floor":12},{"not_picked":["Cold Snap","Turbo"],"picked":"Glacier","floor":13},{"not_picked":["Reboot","Seek"],"picked":"Biased Cognition","floor":16},{"not_picked":["Turbo","Streamline"],"picked":"Lockon","floor":18},{"not_picked":["Rebound","Cold Snap+1","Hologram"],"picked":"SKIP","floor":19},{"not_picked":["Hologram","Beam Cell+1"],"picked":"Amplify","floor":24},{"not_picked":["Go for the Eyes","Barrage"],"picked":"Static Discharge+1","floor":27},{"not_picked":["Redo","Stack"],"picked":"Self Repair+1","floor":28},{"not_picked":["Barrage","Reprogram+1","Ball Lightning"],"picked":"SKIP","floor":35},{"not_picked":["Redo+1","Gash+1"],"picked":"Heatsinks","floor":36},{"not_picked":["Compile Driver","Beam Cell+1"],"picked":"Loop+1","floor":41},{"not_picked":["FTL","Hologram+1"],"picked":"Steam+1","floor":42},{"not_picked":["Rebound+1","Ball Lightning"],"picked":"Turbo+1","floor":44},{"not_picked":["Rip and Tear+1","Gash+1"],"picked":"White Noise+1","floor":47},{"not_picked":["Hologram+1","Meteor Strike"],"picked":"Turbo+1","floor":48}],"player_experience":324378,"relics_obtained":[{"floor":7,"key":"Gremlin Horn"},{"floor":9,"key":"Happy Flower"},{"floor":11,"key":"Boot"},{"floor":17,"key":"Nunchaku"},{"floor":17,"key":"Symbiotic Virus"},{"floor":17,"key":"Mango"},{"floor":24,"key":"Tiny Chest"},{"floor":26,"key":"Blood Vial"},{"floor":38,"key":"Toxic Egg 2"},{"floor":42,"key":"War Paint"},{"floor":43,"key":"Bronze Scales"}],"event_choices":[{"damage_healed":0,"gold_gain":0,"player_choice":"Take Wound","damage_taken":0,"relics_obtained":["Golden Idol"],"max_hp_gain":0,"max_hp_loss":0,"event_name":"Golden Idol","floor":3,"gold_loss":0,"cards_obtained":["Injury"]},{"damage_healed":0,"gold_gain":0,"player_choice":"Rummage","damage_taken":0,"relics_obtained":["WarpedTongs"],"max_hp_gain":0,"max_hp_loss":0,"event_name":"Accursed Blacksmith","floor":5,"gold_loss":0,"cards_obtained":["Pain"]},{"damage_healed":0,"gold_gain":175,"player_choice":"AGREE","damage_taken":0,"max_hp_gain":0,"max_hp_loss":0,"event_name":"Liars Game","floor":14,"gold_loss":0,"cards_obtained":["Doubt"]},{"damage_healed":0,"gold_gain":0,"player_choice":"4 cards matched","damage_taken":0,"max_hp_gain":0,"max_hp_loss":0,"event_name":"Match and Keep!","floor":20,"gold_loss":0,"cards_obtained":["Steam","Zap","Blind","Writhe"]},{"damage_healed":0,"gold_gain":0,"player_choice":"Copied","damage_taken":0,"max_hp_gain":0,"max_hp_loss":0,"event_name":"Duplicator","floor":22,"gold_loss":0,"cards_obtained":["Biased Cognition"]},{"cards_removed":["Strike_B"],"damage_healed":0,"gold_gain":0,"player_choice":"Purged","damage_taken":0,"max_hp_gain":0,"max_hp_loss":0,"event_name":"Purifier","floor":29,"gold_loss":0},{"cards_removed":["Glacier"],"damage_healed":0,"gold_gain":0,"player_choice":"Gave Card","damage_taken":0,"relics_obtained":["Meat on the Bone"],"max_hp_gain":0,"max_hp_loss":0,"event_name":"WeMeetAgain","floor":39,"gold_loss":0}],"is_beta":false,"boss_relics":[{"not_picked":["Snecko Eye","Sozu"],"picked":"Calling Bell"},{"not_picked":["Runic Pyramid","Cursed Key"],"picked":"FrozenCore"}],"items_purged_floors":[21,21,21,21,37],"is_endless":false,"potions_floor_spawned":[2,4,12,13,18,24,33,35,36,47,48],"killed_by":"Time Eater","ascension_level":0}}