{"host":"po0gzr6h085cygwo","time":1610793804,"event":{"mods":["AchievementEnabler","BaseMod","Colored Map","KOR Keyword Fix","Minty Spire (QoL Compilation)","Rare Cards Sparkle","Replay The Spire","StSLib","SuperFastMode"],"gold_per_floor":[112,125,135,62,72,72,132,132,155,165,165,248,263,279,279,378,378,390,390,408,105,119,152,176,216,294,312,352,352,375,398,398,505,505,530,530,179,199,217,264,264,285,285,349,378,405,445,469,469,489,489,489,262,300,318],"floor_reached":56,"language":"KOR","playtime":2565,"items_purged":["Blade Dance","Prepared+1"],"score":1780,"play_id":"e85adbab-1ea4-499b-bf91-64c2e2188cc6","local_time":"20210116194324","is_ascension_mode":true,"campfire_choices":[{"data":"Cloak And Dagger","floor":6,"key":"SMITH"},{"data":"Expertise","floor":8,"key":"SMITH"},{"data":"Hidden Blade","floor":11,"key":"SMITH"},{"data":"Prepared","floor":15,"key":"SMITH"},{"data":"Wraith Form v2","floor":29,"key":"SMITH"},{"floor":32,"key":"RECALL"},{"data":"Expertise","floor":41,"key":"SMITH"},{"data":"Backflip","floor":49,"key":"SMITH"},{"data":"Sneak Up","floor":52,"key":"SMITH"}],"circlet_count":0,"master_deck":["Cloak And Dagger+1","Accuracy+1","Accuracy+1","Accuracy+1","Accuracy+1","Accuracy+1","Accuracy+1","Accuracy+1","Accuracy+1","Accuracy+1","Accuracy+1","Expertise+1","Hidden Blade+1","Infinite Blades","Cloak And Dagger+1","Backflip+1","Wraith Form v2+1","Sneak Up+1","A Thousand Cuts+1","Adrenaline+1","Expertise+1"],"relics":["Ring of the Snake","Nunchaku","Mummified Hand","Kunai","Gremlin Food","Akabeko","WristBlade","Membership Card","Replay:Bandana","Lantern","Darkstone Periapt","Replay:Ringing Soul","SlaversCollar","ReplayTheSpireMod:Lightbulb","Guide Book","Paper Crane","Smiling Mask","Bird Faced Urn","Pocketwatch","Replay:Wax Seal","Unceasing Top","Toy Ornithopter","Bag of Marbles"],"acts_visited":["Exordium","TheCity","TheBeyond","TheEnding"],"potions_floor_usage":[55,55],"damage_taken":[{"damage":0,"enemies":"Jaw Worm","floor":1,"turns":1},{"damage":0,"enemies":"2 Louse","floor":2,"turns":1},{"damage":0,"enemies":"Small Slimes","floor":3,"turns":1},{"damage":0,"enemies":"Red Slaver","floor":5,"turns":1},{"damage":0,"enemies":"Gremlin Nob","floor":7,"turns":1},{"damage":13,"enemies":"Blue Slaver","floor":10,"turns":2},{"damage":0,"enemies":"Looter","floor":13,"turns":1},{"damage":0,"enemies":"Red Slaver","floor":14,"turns":1},{"damage":0,"enemies":"Fading Forest","floor":16,"turns":5},{"damage":0,"enemies":"3 Byrds","floor":18,"turns":2},{"damage":17,"enemies":"2 Thieves","floor":20,"turns":2},{"damage":0,"enemies":"Centurion and Healer","floor":22,"turns":2},{"damage":12,"enemies":"Slavers","floor":23,"turns":3},{"damage":0,"enemies":"Cultist and Chosen","floor":24,"turns":2},{"damage":0,"enemies":"Gremlin Leader","floor":25,"turns":3},{"damage":1,"enemies":"Snecko","floor":27,"turns":3},{"damage":3,"enemies":"Slavers","floor":28,"turns":3},{"damage":0,"enemies":"Snake Plant","floor":30,"turns":2},{"damage":2,"enemies":"Chosen and Byrds","floor":31,"turns":2},{"damage":4,"enemies":"Pondfish","floor":33,"turns":4},{"damage":0,"enemies":"3 Shapes","floor":35,"turns":2},{"damage":0,"enemies":"3 Darklings","floor":38,"turns":2},{"damage":1,"enemies":"Writhing Mass","floor":39,"turns":3},{"damage":0,"enemies":"Reptomancer","floor":40,"turns":2},{"damage":0,"enemies":"Jaw Worm Horde","floor":42,"turns":2},{"damage":0,"enemies":"2 Orb Walkers","floor":44,"turns":1},{"damage":3,"enemies":"4 Shapes","floor":45,"turns":2},{"damage":0,"enemies":"3 Darklings","floor":46,"turns":2},{"damage":0,"enemies":"Giant Head","floor":47,"turns":1},{"damage":0,"enemies":"Spire Growth","floor":48,"turns":1},{"damage":0,"enemies":"Awakened One","floor":50,"turns":2},{"damage":0,"enemies":"Shield and Spear","floor":54,"turns":2},{"damage":30,"enemies":"The Heart","floor":55,"turns":4}],"seed_played":"-1861996545772639354","potions_obtained":[{"floor":1,"key":"BlessingOfTheForge"},{"floor":2,"key":"Strength Potion"},{"floor":3,"key":"FearPotion"},{"floor":14,"key":"DuplicationPotion"},{"floor":42,"key":"DuplicationPotion"}],"is_trial":false,"path_per_floor":["M","M","M","$","M","R","?","R","T","M","R","?","M","M","R","B",null,"M","?","M","$","M","E","M","E","T","M","E","R","M","M","R","B",null,"M","?","$","M","M","E","R","M","T","?","M","M","E","M","R","B",null,"R","$","E","B",null],"character_chosen":"THE_SILENT","items_purchased":["Infinite Blades","Sneak Up","Membership Card","ReplayTheSpireMod:Lightbulb","Guide Book","Paper Crane","Unceasing Top","Toy Ornithopter"],"campfire_rested":0,"item_purchase_floors":[4,21,21,37,37,37,53,53],"current_hp_per_floor":[70,70,70,70,70,70,70,70,70,57,57,29,29,29,29,37,70,70,70,53,53,53,41,41,41,41,40,37,37,37,35,35,34,73,73,76,76,76,75,75,75,75,75,76,73,76,76,76,76,76,76,76,76,76,65],"gold":318,"neow_bonus":"RANDOM_EVENT","is_daily":false,"chose_seed":false,"campfire_upgraded":8,"win_rate":0.0,"timestamp":1610793804,"path_taken":["M","M","M","$","M","R","?","R","T","M","R","?","M","?","R","BOSS","M","?","M","$","M","E","M","E","T","M","E","R","M","M","R","BOSS","M","?","$","M","M","E","R","?","T","?","M","M","E","M","R","BOSS","R","$","E","BOSS"],"items_purchased_type":["Card","Card","Relic","Relic","Relic","Relic","Relic","Relic"],"build_version":"2020-12-22","purchased_purges":2,"victory":true,"max_hp_per_floor":[70,70,70,70,70,70,70,70,70,70,70,70,70,70,70,70,70,70,70,70,70,70,70,70,70,70,70,70,70,70,70,70,73,73,73,76,76,76,76,76,76,76,76,76,76,76,76,76,76,76,76,76,76,76,76],"card_choices":[{"not_picked":["Backflip","Blur"],"picked":"Expertise","floor":1},{"not_picked":["ReplayTheSpireMod:Tripwire","Caltrops"],"picked":"Hidden Blade","floor":2},{"not_picked":["Flying Knee","Underhanded Strike","Deadly Poison"],"picked":"SKIP","floor":3},{"not_picked":["Deflect","Dash"],"picked":"Cloak And Dagger","floor":5},{"not_picked":["Outmaneuver","Underhanded Strike","Quick Slash"],"picked":"SKIP","floor":10},{"not_picked":["Slice","Tactician"],"picked":"Blade Dance","floor":12},{"not_picked":["All Out Attack","ReplayTheSpireMod:Scrap Shanks"],"picked":"Prepared","floor":13},{"not_picked":["Prepared","Deflect"],"picked":"Backflip","floor":14},{"not_picked":["Atom Bomb","Poison Darts"],"picked":"Wraith Form v2","floor":16},{"not_picked":["Crippling Poison","Catalyst","Acrobatics"],"picked":"SKIP","floor":18},{"not_picked":["Footwork","Dagger Throw+1","Outmaneuver+1"],"picked":"SKIP","floor":20},{"not_picked":["Flying Knee","Leg Sweep","Terror"],"picked":"SKIP","floor":22},{"not_picked":["Poisoned Stab+1","Bouncing Flask+1"],"picked":"A Thousand Cuts","floor":23},{"not_picked":["All Out Attack","Poisoned Stab","Flying Knee"],"picked":"SKIP","floor":24},{"not_picked":["Flying Knee","Dagger Spray+1"],"picked":"Calculated Gamble","floor":25},{"not_picked":["Noxious Fumes","Riddle With Holes","Bane+1"],"picked":"SKIP","floor":27},{"not_picked":["Footwork+1","Hidden Blade+1","Sucker Punch"],"picked":"SKIP","floor":28},{"not_picked":["Tactician","Dagger Spray+1","Skewer"],"picked":"SKIP","floor":30},{"not_picked":["Dagger Spray","Deflect","Prepared"],"picked":"SKIP","floor":31},{"not_picked":["Bullet Time","ReplayTheSpireMod:From All Sides"],"picked":"Adrenaline","floor":33},{"not_picked":["Dodge and Roll","Sneak Up+1","Acrobatics+1"],"picked":"SKIP","floor":35},{"not_picked":["Quick Slash","Deadly Poison+1","Finisher+1"],"picked":"SKIP","floor":38},{"not_picked":["Distraction+1","Bane","Quick Slash"],"picked":"SKIP","floor":39},{"not_picked":["Flying Knee+1","ReplayTheSpireMod:Speed Training","Deflect+1"],"picked":"SKIP","floor":40},{"not_picked":["Noxious Fumes","A Thousand Cuts","Poisoned Stab"],"picked":"SKIP","floor":42},{"not_picked":["Riddle With Holes+1","Hidden Blade","Dodge and Roll"],"picked":"SKIP","floor":45},{"not_picked":["Deflect","Riddle With Holes+1","Fluid Movement+1"],"picked":"SKIP","floor":46},{"not_picked":["ReplayTheSpireMod:Exploit Weakness+1","Terror+1","Concentrate"],"picked":"SKIP","floor":47},{"not_picked":["Quick Slash","Infinite Blades","Blade Dance+1"],"picked":"SKIP","floor":48},{"not_picked":["Concentrate","Calculated Gamble+1","Blade Dance+1"],"picked":"SKIP","floor":54}],"player_experience":76788,"relics_obtained":[{"floor":7,"key":"Gremlin Food"},{"floor":12,"key":"Akabeko"},{"floor":23,"key":"Replay:Bandana"},{"floor":25,"key":"Lantern"},{"floor":26,"key":"Darkstone Periapt"},{"floor":28,"key":"Replay:Ringing Soul"},{"floor":40,"key":"Smiling Mask"},{"floor":43,"key":"Bird Faced Urn"},{"floor":44,"key":"Pocketwatch"},{"floor":47,"key":"Replay:Wax Seal"},{"floor":54,"key":"Bag of Marbles"}],"event_choices":[{"damage_healed":0,"gold_gain":0,"player_choice":"Box","damage_taken":0,"relics_obtained":["Nunchaku"],"max_hp_gain":0,"max_hp_loss":0,"event_name":"Big Fish","floor":0,"gold_loss":0,"cards_obtained":["Regret"]},{"damage_healed":0,"gold_gain":30,"player_choice":"Searched \u00273\u0027 times","damage_taken":0,"max_hp_gain":0,"max_hp_loss":0,"event_name":"Dead Adventurer","floor":7,"gold_loss":0},{"damage_healed":0,"gold_gain":0,"player_choice":"Ignored","damage_taken":0,"max_hp_gain":0,"max_hp_loss":0,"event_name":"Ghosts","floor":19,"gold_loss":0},{"damage_healed":0,"gold_gain":0,"cards_transformed":["Calculated Gamble"],"player_choice":"Transformed","damage_taken":0,"max_hp_gain":0,"max_hp_loss":0,"event_name":"Transmorgrifier","floor":36,"gold_loss":0,"cards_obtained":["Expertise"]},{"damage_healed":0,"gold_gain":0,"player_choice":"Fight","damage_taken":0,"max_hp_gain":0,"max_hp_loss":0,"event_name":"Mysterious Sphere","floor":44,"gold_loss":0}],"is_beta":false,"boss_relics":[{"not_picked":["Calling Bell","Replay:Drink Me"],"picked":"WristBlade"},{"not_picked":["Painkiller Herb","Snecko Eye"],"picked":"SlaversCollar"}],"items_purged_floors":[21,37],"is_endless":false,"potions_floor_spawned":[1,2,3,13,14,20,24,25,39,40,42,48],"ascension_level":4}}