{"host":"03a85bwj0a5skoit","time":1610796628,"event":{"mods":["BaseMod","Block Reminder","Minty Spire (QoL Compilation)","Relic Stats","StSLib"],"gold_per_floor":[115,115,115,40,40,66,81,81,81,81,115,126,136,19,19,19,19],"floor_reached":16,"language":"ENG","playtime":307,"items_purged":["Strike_R"],"score":266,"play_id":"26a2f4c7-389e-4fbd-aec3-6e39c416bdf5","local_time":"20210116220028","is_ascension_mode":true,"campfire_choices":[{"data":"Whirlwind","floor":8,"key":"SMITH"},{"data":"Bash","floor":10,"key":"SMITH"},{"data":"Rampage","floor":15,"key":"SMITH"}],"circlet_count":0,"master_deck":["AscendersBane","Strike_R+1","Strike_R+1","Defend_R","Defend_R","Defend_R+1","Defend_R","Bash+1","Anger","Flame Barrier+1","Whirlwind+1","Hemokinesis","Dropkick","Rampage+1"],"relics":["Burning Blood","NeowsBlessing","Incense Burner","War Paint","Omamori"],"acts_visited":["Exordium"],"potions_floor_usage":[],"damage_taken":[{"damage":0,"enemies":"2 Louse","floor":1,"turns":1},{"damage":0,"enemies":"Gremlin Nob","floor":6,"turns":1},{"damage":0,"enemies":"Small Slimes","floor":7,"turns":1},{"damage":25,"enemies":"3 Sentries","floor":11,"turns":4},{"damage":0,"enemies":"Cultist","floor":12,"turns":2},{"damage":9,"enemies":"Gremlin Gang","floor":13,"turns":3},{"damage":41,"enemies":"Hexaghost","floor":16,"turns":9}],"seed_played":"2935139750112304076","potions_obtained":[{"floor":5,"key":"AttackPotion"},{"floor":5,"key":"CultistPotion"}],"is_trial":false,"path_per_floor":["M","?","?","?","?","E","M","R","T","R","E","M","M","$","R","B"],"character_chosen":"IRONCLAD","items_purchased":["Rampage"],"campfire_rested":0,"item_purchase_floors":[14],"current_hp_per_floor":[74,67,44,44,44,50,56,56,56,56,37,43,40,40,40,0,0],"gold":19,"neow_bonus":"THREE_ENEMY_KILL","is_daily":false,"chose_seed":false,"campfire_upgraded":3,"win_rate":0.0,"timestamp":1610796628,"path_taken":["M","?","?","?","?","E","M","R","T","R","E","M","M","$","R","BOSS"],"items_purchased_type":["Card"],"build_version":"2020-12-22","purchased_purges":1,"victory":false,"max_hp_per_floor":[75,75,75,75,75,75,75,75,75,75,75,75,75,75,75,75,75],"relic_stats":{"counters":[7,21],"War Paint":["Defend_R","Flame Barrier"],"obtain_stats":[{"NeowsBlessing":0,"Incense Burner":6,"Omamori":11,"War Paint":9,"Burning Blood":0},{"NeowsBlessing":0,"Incense Burner":2,"Omamori":4,"War Paint":3,"Burning Blood":0},{"NeowsBlessing":0,"Incense Burner":2,"Omamori":7,"War Paint":3,"Burning Blood":0}],"Burning Blood":36},"card_choices":[{"not_picked":["Shrug It Off","Dropkick"],"picked":"Anger","floor":1},{"not_picked":["Perfected Strike","Hemokinesis"],"picked":"Flame Barrier","floor":6},{"not_picked":["Dual Wield","Clothesline"],"picked":"Whirlwind","floor":7},{"not_picked":["Dual Wield","Twin Strike","Anger"],"picked":"SKIP","floor":11},{"not_picked":["Searing Blow","Headbutt"],"picked":"Hemokinesis","floor":12},{"not_picked":["Battle Trance","Fire Breathing"],"picked":"Dropkick","floor":13}],"player_experience":2342975,"relics_obtained":[{"floor":6,"key":"Incense Burner"},{"floor":9,"key":"War Paint"},{"floor":11,"key":"Omamori"}],"event_choices":[{"cards_removed":["Strike_R"],"damage_healed":0,"gold_gain":0,"player_choice":"Card Removal","damage_taken":7,"max_hp_gain":0,"max_hp_loss":0,"event_name":"Golden Wing","floor":2,"gold_loss":0},{"damage_healed":0,"gold_gain":0,"player_choice":"Entered Light","damage_taken":23,"max_hp_gain":0,"max_hp_loss":0,"event_name":"Shining Light","floor":3,"gold_loss":0,"cards_upgraded":["Strike_R","Strike_R"]},{"cards_removed":["Strike_R"],"damage_healed":0,"gold_gain":0,"player_choice":"Card Removal","damage_taken":0,"max_hp_gain":0,"max_hp_loss":0,"event_name":"The Cleric","floor":4,"gold_loss":75},{"damage_healed":0,"gold_gain":0,"player_choice":"Got Potions","damage_taken":0,"max_hp_gain":0,"max_hp_loss":0,"event_name":"Lab","floor":5,"gold_loss":0}],"is_beta":false,"boss_relics":[],"items_purged_floors":[14],"is_endless":false,"potions_floor_spawned":[6,11],"killed_by":"Hexaghost","ascension_level":20}}