{"host":"bydnmyvf669xu6ab","time":1610840846,"event":{"mods":["BaseMod","BetterRewards","Colored Map","Highlight Path","Minty Spire (QoL Compilation)","Poor People Problems","Rare Cards Sparkle","Relic Stats","Shop Mod","Spikes Relics","StSLib","SuperFastMode"],"gold_per_floor":[114,114,114,134,152,152,177,177,225,225,241,187,227,245,245,369,369,388,413,428,284,284,284,55,55,55,99,17,38,77,100,100,220,220,245,578,578,531,531,531,562,577,577,577,597,597,597,614,614,614,614,614,4,30,30,30],"floor_reached":55,"language":"ENG","playtime":6116,"items_purged":[],"score":1031,"play_id":"a62e6f74-2795-4d84-9331-ab636580fe95","local_time":"20210116154726","is_ascension_mode":true,"campfire_choices":[{"data":"BarbarianYell","floor":6,"key":"SMITH"},{"data":"Metallicize","floor":8,"key":"SMITH"},{"data":"Armaments","floor":15,"key":"SMITH"},{"data":"Berserk","floor":23,"key":"SMITH"},{"data":"Barricade","floor":25,"key":"SMITH"},{"floor":32,"key":"RECALL"},{"data":"Juggernaut","floor":40,"key":"SMITH"},{"data":"Juggernaut","floor":44,"key":"SMITH"},{"data":"Spot Weakness","floor":47,"key":"SMITH"},{"floor":49,"key":"REST"},{"data":"Rage","floor":52,"key":"SMITH"}],"circlet_count":0,"master_deck":["Strike_R","Strike_R+1","Strike_R+1","Strike_R","Strike_R","Defend_R","Defend_R","Defend_R","Defend_R","Bash+1","Shrug It Off","Battle Trance","BarbarianYell+1","Metallicize+1","Barricade+1","Shrug It Off","Berserk+1","Armaments+1","Impervious","Metallicize+1","Cleave","Metallicize+1","Entrench+1","BlessedFruit","BlessedFruit","Rage+1","Rampage","Whirlwind","Spot Weakness+1","Thunderclap+1","Juggernaut+1","Bloodletting","Heavy Blade","Juggernaut+1","Perfected Strike","Flash of Steel","Headbutt+1","True Grit+1","Heavy Blade+1","Armaments+1","Perfected Strike+1","Iron Wave","Iron Wave"],"relics":["Burning Blood","Juzu Bracelet","Happy Flower","Dream Catcher","CosmicIsotope","DollysMirror","Art of War","Toolbox","HeavenlyBonsai","Centennial Puzzle","Philosopher\u0027s Stone","Bottled Lightning","HornCleat","GiantMaggot","SnailShell","Lantern"],"acts_visited":["Exordium","TheCity","TheBeyond","TheEnding"],"potions_floor_usage":[13,16,30,41,41,54,55,55,55],"damage_taken":[{"damage":3,"enemies":"Cultist","floor":1,"turns":5},{"damage":9,"enemies":"Small Slimes","floor":4,"turns":4},{"damage":5,"enemies":"2 Louse","floor":5,"turns":3},{"damage":2,"enemies":"Blue Slaver","floor":7,"turns":4},{"damage":0,"enemies":"Exordium Thugs","floor":11,"turns":4},{"damage":6,"enemies":"3 Sentries","floor":13,"turns":9},{"damage":5,"enemies":"3 Louse","floor":14,"turns":3},{"damage":6,"enemies":"The Guardian","floor":16,"turns":12},{"damage":19,"enemies":"Spheric Guardian","floor":18,"turns":6},{"damage":6,"enemies":"Chosen","floor":19,"turns":10},{"damage":0,"enemies":"Shelled Parasite and Fungi","floor":20,"turns":6},{"damage":0,"enemies":"Gremlin Leader","floor":27,"turns":13},{"damage":14,"enemies":"Snecko","floor":29,"turns":9},{"damage":30,"enemies":"Slavers","floor":30,"turns":9},{"damage":3,"enemies":"Snake Plant","floor":31,"turns":5},{"damage":26,"enemies":"Collector","floor":33,"turns":9},{"damage":4,"enemies":"3 Shapes","floor":35,"turns":2},{"damage":15,"enemies":"Giant Head","floor":41,"turns":7},{"damage":13,"enemies":"Orb Walker","floor":42,"turns":3},{"damage":27,"enemies":"Transient","floor":45,"turns":5},{"damage":7,"enemies":"Writhing Mass","floor":48,"turns":5},{"damage":68,"enemies":"Awakened One","floor":50,"turns":12},{"damage":56,"enemies":"Shield and Spear","floor":54,"turns":9},{"damage":60,"enemies":"The Heart","floor":55,"turns":5}],"seed_played":"-4916164222836706324","potions_obtained":[{"floor":4,"key":"Energy Potion"},{"floor":14,"key":"BlessingOfTheForge"},{"floor":16,"key":"Explosive Potion"},{"floor":20,"key":"FearPotion"},{"floor":31,"key":"Ancient Potion"},{"floor":33,"key":"Fire Potion"},{"floor":35,"key":"DuplicationPotion"},{"floor":54,"key":"AttackPotion"}],"is_trial":false,"path_per_floor":["M","?","?","M","M","R","M","R","T","?","M","$","E","M","R","B",null,"M","M","M","$","?","R","$","R","T","E","$","M","E","M","R","B",null,"M","?","?","$","?","R","E","M","T","R","M","?","R","M","R","B",null,"R","$","E","B"],"character_chosen":"IRONCLAD","items_purchased":["Juzu Bracelet","Shrug It Off","DollysMirror","Toolbox","Entrench","Rampage","Heavy Blade","GiantMaggot","SnailShell","CultistPotion","Weak Potion","Iron Wave"],"campfire_rested":1,"item_purchase_floors":[0,12,21,24,24,28,38,53,53,53,53,53],"current_hp_per_floor":[80,80,60,57,58,58,62,62,62,46,52,52,52,53,53,53,80,67,67,73,73,73,73,73,73,73,79,79,73,51,55,55,37,87,88,88,88,88,88,88,81,77,77,77,58,58,58,57,85,26,98,98,98,50,0,0],"gold":30,"neow_bonus":"","is_daily":false,"chose_seed":false,"campfire_upgraded":9,"win_rate":0.0,"timestamp":1610840846,"path_taken":["M","?","?","M","M","R","M","R","T","?","M","$","E","M","R","BOSS","M","M","M","$","?","R","$","R","T","E","?","M","E","M","R","BOSS","M","?","?","$","?","R","E","M","T","R","M","?","R","M","R","BOSS","R","$","E","BOSS"],"items_purchased_type":["Relic","Card","Relic","Relic","Card","Card","Card","Relic","Relic","Potion","Potion","Card"],"build_version":"2020-12-22","purchased_purges":0,"victory":false,"max_hp_per_floor":[80,80,80,80,80,80,80,80,80,80,80,80,80,80,80,80,80,80,80,80,80,80,80,80,80,80,80,80,82,84,85,85,87,87,88,88,88,88,88,88,90,93,93,93,95,95,95,95,95,98,98,98,98,100,102,102],"relic_stats":{"Dream Catcher":1,"Centennial Puzzle":[30],"Happy Flower":[47],"counters":[242,1171],"Juzu Bracelet":2,"Art of War":[18],"obtain_stats":[{"infinitespire:BottledMercury":29,"Ginger":10,"Whetstone":26,"Bottled Tornado":6,"Boot":54,"Blood Vial":20,"Sundial":24,"MealTicket":41,"infinitespire:Golems Mask":25,"Fusion Hammer":17,"Kunai":0,"MerchantsRug":8,"GiantMaggot":9,"Blue Candle":41,"Velvet Choker":17,"Eternal Feather":44,"Pen Nib":8,"infinitespire:Lychee Nut":26,"Bird Faced Urn":23,"MutagenicStrength":20,"Pandora\u0027s Box":17,"Mark of Pain":17,"infinitespire:PuzzleCube":26,"Unceasing Top":14,"Regal Pillow":0,"Lantern":28,"Torii":27,"Bag of Preparation":0,"HeavenlyBonsai":24,"Cursed Key":34,"Burning Blood":0,"Matryoshka":0,"Toolbox":24,"Chemical X":0,"InkBottle":0,"Paper Frog":42,"Potion Belt":38,"Self Forming Clay":12,"Golden Idol":3,"Thread and Needle":39,"infinitespire:Joker Card":8,"PreservedInsect":0,"Omamori":12,"infinitespire:CheckeredPen":9,"infinitespire:Lucky Rock":9,"Busted Crown":34,"SpikesRelics:DaevaFist":7,"Art of War":11,"Bottled Lightning":43,"Toy Ornithopter":23,"infinitespire:Midas Blood":13,"Nilry\u0027s Codex":30,"Vajra":26,"Sozu":17,"Lizard Tail":28,"Centennial Puzzle":30,"HornCleat":26,"DollysMirror":28,"Strawberry":31,"Prayer Wheel":0,"Philosopher\u0027s Stone":17,"Toxic Egg 2":0,"LugNut":2,"Happy Flower":23,"Dead Branch":0,"Letter Opener":0,"War Paint":0,"Question Card":11,"Bottled Flame":41,"Shuriken":19,"Bronze Scales":22,"Molten Egg 2":0,"Black Star":17,"CosmicIsotope":17,"Darkstone Periapt":11,"SnailShell":43,"Black Blood":34,"BrokenLever":12,"Incense Burner":38,"Juzu Bracelet":0,"PrismaticShard":0,"ClockworkSouvenir":20,"HailfireSword":17,"Nunchaku":7,"Dream Catcher":13,"Mummified Hand":0,"Gambling Chip":40,"Pantograph":0,"MiniBlackHole":8,"RollingBoulder":13,"Red Mask":42,"Red Skull":10,"infinitespire:FocusingShard":43,"Orichalcum":14,"White Beast Statue":14,"Mercury Hourglass":10,"Sandwich":34,"CaptainsWheel":29,"infinitespire:WardingShard":46,"infinitespire:Satchel":44,"GolemAmulet":46,"Bag of Marbles":26,"Membership Card":0},{"infinitespire:BottledMercury":100,"Ginger":31,"Whetstone":201,"Bottled Tornado":191,"Boot":82,"Blood Vial":115,"Sundial":159,"MealTicket":57,"infinitespire:Golems Mask":71,"Fusion Hammer":9,"Kunai":83,"MerchantsRug":5,"GiantMaggot":167,"Blue Candle":77,"Velvet Choker":91,"Eternal Feather":184,"Pen Nib":5,"infinitespire:Lychee Nut":15,"Bird Faced Urn":13,"MutagenicStrength":139,"Pandora\u0027s Box":114,"Mark of Pain":46,"infinitespire:PuzzleCube":49,"Unceasing Top":126,"Regal Pillow":83,"Lantern":142,"Torii":201,"Bag of Preparation":83,"HeavenlyBonsai":37,"Cursed Key":53,"Burning Blood":0,"Matryoshka":61,"Toolbox":229,"Chemical X":61,"InkBottle":83,"Paper Frog":57,"Potion Belt":21,"Self Forming Clay":194,"Golden Idol":219,"Thread and Needle":56,"infinitespire:Joker Card":42,"PreservedInsect":83,"Omamori":6,"infinitespire:CheckeredPen":30,"infinitespire:Lucky Rock":87,"Busted Crown":73,"SpikesRelics:DaevaFist":42,"Art of War":44,"Bottled Lightning":210,"Toy Ornithopter":70,"infinitespire:Midas Blood":90,"Nilry\u0027s Codex":100,"Vajra":142,"Sozu":68,"Lizard Tail":160,"Centennial Puzzle":232,"HornCleat":71,"DollysMirror":50,"Strawberry":52,"Prayer Wheel":130,"Philosopher\u0027s Stone":195,"Toxic Egg 2":0,"LugNut":28,"Happy Flower":96,"Dead Branch":0,"Letter Opener":27,"War Paint":0,"Question Card":111,"Bottled Flame":183,"Shuriken":10,"Bronze Scales":69,"Molten Egg 2":61,"Black Star":138,"CosmicIsotope":226,"Darkstone Periapt":31,"SnailShell":25,"Black Blood":19,"BrokenLever":65,"Incense Burner":56,"Juzu Bracelet":147,"PrismaticShard":27,"ClockworkSouvenir":35,"HailfireSword":33,"Nunchaku":134,"Dream Catcher":224,"Mummified Hand":211,"Gambling Chip":23,"Pantograph":27,"MiniBlackHole":216,"RollingBoulder":66,"Red Mask":77,"Red Skull":135,"infinitespire:FocusingShard":77,"Orichalcum":170,"White Beast Statue":217,"Mercury Hourglass":124,"Sandwich":102,"CaptainsWheel":161,"infinitespire:WardingShard":26,"infinitespire:Satchel":78,"GolemAmulet":79,"Bag of Marbles":175,"Membership Card":0},{"infinitespire:BottledMercury":388,"Ginger":129,"Whetstone":908,"Bottled Tornado":850,"Boot":332,"Blood Vial":461,"Sundial":700,"MealTicket":249,"infinitespire:Golems Mask":296,"Fusion Hammer":34,"Kunai":340,"MerchantsRug":17,"GiantMaggot":733,"Blue Candle":313,"Velvet Choker":365,"Eternal Feather":813,"Pen Nib":17,"infinitespire:Lychee Nut":54,"Bird Faced Urn":48,"MutagenicStrength":599,"Pandora\u0027s Box":456,"Mark of Pain":199,"infinitespire:PuzzleCube":210,"Unceasing Top":523,"Regal Pillow":340,"Lantern":611,"Torii":908,"Bag of Preparation":340,"HeavenlyBonsai":154,"Cursed Key":231,"Burning Blood":0,"Matryoshka":268,"Toolbox":1078,"Chemical X":268,"InkBottle":340,"Paper Frog":249,"Potion Belt":84,"Self Forming Clay":862,"Golden Idol":1017,"Thread and Needle":242,"infinitespire:Joker Card":180,"PreservedInsect":340,"Omamori":21,"infinitespire:CheckeredPen":123,"infinitespire:Lucky Rock":351,"Busted Crown":304,"SpikesRelics:DaevaFist":180,"Art of War":188,"Bottled Lightning":965,"Toy Ornithopter":294,"infinitespire:Midas Blood":361,"Nilry\u0027s Codex":388,"Vajra":611,"Sozu":289,"Lizard Tail":701,"Centennial Puzzle":1109,"HornCleat":296,"DollysMirror":215,"Strawberry":223,"Prayer Wheel":549,"Philosopher\u0027s Stone":869,"Toxic Egg 2":0,"LugNut":114,"Happy Flower":376,"Dead Branch":0,"Letter Opener":111,"War Paint":0,"Question Card":439,"Bottled Flame":810,"Shuriken":36,"Bronze Scales":290,"Molten Egg 2":268,"Black Star":592,"CosmicIsotope":1056,"Darkstone Periapt":129,"SnailShell":102,"Black Blood":75,"BrokenLever":278,"Incense Burner":242,"Juzu Bracelet":650,"PrismaticShard":111,"ClockworkSouvenir":146,"HailfireSword":139,"Nunchaku":570,"Dream Catcher":1041,"Mummified Hand":970,"Gambling Chip":93,"Pantograph":111,"MiniBlackHole":997,"RollingBoulder":281,"Red Mask":313,"Red Skull":575,"infinitespire:FocusingShard":313,"Orichalcum":748,"White Beast Statue":1004,"Mercury Hourglass":514,"Sandwich":401,"CaptainsWheel":709,"infinitespire:WardingShard":107,"infinitespire:Satchel":318,"GolemAmulet":321,"Bag of Marbles":775,"Membership Card":0}],"Burning Blood":1338},"card_choices":[{"not_picked":["Twin Strike","True Grit"],"picked":"Shrug It Off","floor":1},{"not_picked":["True Grit","Clash"],"picked":"Battle Trance","floor":4},{"not_picked":["Hemokinesis","Thunderclap"],"picked":"BarbarianYell","floor":5},{"not_picked":["Flex","Clash"],"picked":"Metallicize","floor":7},{"not_picked":["Heavy Blade","Armaments"],"picked":"Barricade","floor":11},{"not_picked":["Absolvement","Bloodletting"],"picked":"Berserk","floor":13},{"not_picked":["Reckless Charge","Cleave"],"picked":"Armaments","floor":14},{"not_picked":["Brutality","Barricade"],"picked":"Impervious","floor":16},{"not_picked":["Anger","Twin Strike","Thunderclap"],"picked":"SKIP","floor":18},{"not_picked":["Flame Barrier","Headbutt"],"picked":"Metallicize+1","floor":19},{"not_picked":["True Grit","Iron Wave"],"picked":"Cleave","floor":20},{"not_picked":["Fiend Fire","Havoc"],"picked":"Rage","floor":27},{"not_picked":["Shockwave","Warcry+1"],"picked":"Whirlwind","floor":29},{"not_picked":["Pommel Strike","Clash+1"],"picked":"Spot Weakness","floor":30},{"not_picked":["Whirlwind","Warcry+1"],"picked":"Thunderclap+1","floor":31},{"not_picked":["Reaper","Offering"],"picked":"Juggernaut","floor":33},{"not_picked":["Inflame","Evolve+1"],"picked":"Bloodletting","floor":35},{"not_picked":["Pummel","Sever Soul+1"],"picked":"Headbutt+1","floor":41},{"not_picked":["Combust+1","Clothesline+1"],"picked":"True Grit+1","floor":42},{"not_picked":["Iron Wave+1","Rampage+1"],"picked":"Heavy Blade+1","floor":45},{"not_picked":["Wild Strike+1","Intimidate+1"],"picked":"Armaments+1","floor":48},{"not_picked":["Whirlwind+1","Bloodletting"],"picked":"Perfected Strike+1","floor":49},{"not_picked":["Absolvement","Pommel Strike"],"picked":"Iron Wave","floor":54}],"player_experience":2245152,"relics_obtained":[{"floor":9,"key":"Happy Flower"},{"floor":13,"key":"Dream Catcher"},{"floor":27,"key":"HeavenlyBonsai"},{"floor":30,"key":"Centennial Puzzle"},{"floor":41,"key":"Bottled Lightning"},{"floor":43,"key":"HornCleat"},{"floor":54,"key":"Lantern"}],"event_choices":[{"damage_healed":0,"gold_gain":0,"player_choice":"Grow","damage_taken":0,"max_hp_gain":0,"max_hp_loss":0,"event_name":"Living Wall","floor":2,"gold_loss":0,"cards_upgraded":["Bash"]},{"damage_healed":0,"gold_gain":0,"player_choice":"Take Damage","damage_taken":20,"relics_obtained":["Golden Idol"],"max_hp_gain":0,"max_hp_loss":0,"event_name":"Golden Idol","floor":3,"gold_loss":0},{"damage_healed":0,"gold_gain":0,"player_choice":"Entered Light","damage_taken":16,"max_hp_gain":0,"max_hp_loss":0,"event_name":"Shining Light","floor":10,"gold_loss":0,"cards_upgraded":["Strike_R","Strike_R"]},{"damage_healed":0,"gold_gain":0,"player_choice":"Gave Potion","damage_taken":0,"relics_obtained":["Art of War"],"max_hp_gain":0,"max_hp_loss":0,"event_name":"WeMeetAgain","floor":22,"gold_loss":0},{"damage_healed":0,"gold_gain":333,"player_choice":"Gave Idol","damage_taken":0,"max_hp_gain":0,"max_hp_loss":0,"event_name":"The Moai Head","floor":36,"relics_lost":["Golden Idol"],"gold_loss":0},{"damage_healed":0,"gold_gain":0,"player_choice":"Ignored","damage_taken":0,"max_hp_gain":0,"max_hp_loss":0,"event_name":"Tomb of Lord Red Mask","floor":37,"gold_loss":0},{"damage_healed":0,"gold_gain":0,"player_choice":"3 cards matched","damage_taken":0,"max_hp_gain":0,"max_hp_loss":0,"event_name":"Match and Keep!","floor":39,"gold_loss":0,"cards_obtained":["Juggernaut","Perfected Strike","Flash of Steel"]},{"damage_healed":0,"gold_gain":0,"player_choice":"Upgraded","damage_taken":0,"max_hp_gain":0,"max_hp_loss":0,"event_name":"Upgrade Shrine","floor":46,"gold_loss":0,"cards_upgraded":["Entrench"]}],"is_beta":false,"boss_relics":[{"not_picked":["Astrolabe","Tiny House"],"picked":"CosmicIsotope"},{"not_picked":["SlaversCollar","Runic Pyramid"],"picked":"Philosopher\u0027s Stone"}],"items_purged_floors":[],"is_endless":false,"potions_floor_spawned":[4,14,16,20,31,33,35,54],"killed_by":"The Heart","ascension_level":1}}