{"host":"isy2gwbfe91wqj1j","time":1610810243,"event":{"mods":["AchievementEnabler","BaseMod","Better Altar","Better Match","Better Note","Better Sensory Stone","Better Skull","Better Third Choice","BetterRewards","Minty Spire (QoL Compilation)","StSLib"],"gold_per_floor":[114,126,76,92,92,92,166,66,91,117,117,133,133,33,33,128,128,143,143,44,55,55,55,81,92,172,188,217,228,228,243,243,340,340,355,122,132,7,0,0,26,44,44,77,77,77,87,106,106,106],"floor_reached":51,"language":"ENG","playtime":2099,"items_purged":["Strike_B","Strike_B+1","Defend_B"],"score":867,"play_id":"3baacae0-7dce-455d-a481-4368280df855","local_time":"20210116081723","is_ascension_mode":true,"campfire_choices":[{"data":"Defragment","floor":6,"key":"SMITH"},{"floor":11,"key":"REST"},{"data":"Defragment","floor":13,"key":"SMITH"},{"data":"Coolheaded","floor":15,"key":"SMITH"},{"floor":23,"key":"REST"},{"floor":30,"key":"REST"},{"floor":32,"key":"REST"},{"data":"Echo Form","floor":40,"key":"SMITH"},{"floor":49,"key":"REST"}],"circlet_count":0,"master_deck":["Strike_B+1","Defend_B","Defend_B","Defend_B","Zap","Defragment+1","Blizzard+1","Reinforced Body","Coolheaded+1","Defragment+1","Conserve Battery","Coolheaded","Cold Snap+1","Blizzard+1","Coolheaded+1","White Noise+1","Echo Form+1","Capacitor","Capacitor","Chill","Coolheaded+1","Cold Snap+1"],"relics":["Cracked Core","FossilizedHelix","Molten Egg 2","Sundial","Whetstone","Lantern","Cursed Key","Juzu Bracelet","Meat on the Bone","Nunchaku","Empty Cage","Lee\u0027s Waffle","Red Mask","MealTicket","Bag of Marbles"],"acts_visited":["Exordium","TheCity","TheBeyond"],"potions_floor_usage":[24,28,41,41,47,50],"damage_taken":[{"damage":15,"enemies":"Small Slimes","floor":1,"turns":5},{"damage":0,"enemies":"Jaw Worm","floor":2,"turns":5},{"damage":6,"enemies":"2 Louse","floor":4,"turns":3},{"damage":4,"enemies":"3 Sentries","floor":10,"turns":9},{"damage":0,"enemies":"Blue Slaver","floor":12,"turns":5},{"damage":2,"enemies":"Slime Boss","floor":16,"turns":14},{"damage":27,"enemies":"3 Byrds","floor":18,"turns":6},{"damage":0,"enemies":"Shell Parasite","floor":21,"turns":8},{"damage":28,"enemies":"Slavers","floor":24,"turns":6},{"damage":12,"enemies":"Chosen and Byrds","floor":25,"turns":7},{"damage":0,"enemies":"Cultist and Chosen","floor":27,"turns":9},{"damage":1,"enemies":"Book of Stabbing","floor":28,"turns":7},{"damage":0,"enemies":"Sentry and Sphere","floor":29,"turns":6},{"damage":16,"enemies":"Snake Plant","floor":31,"turns":5},{"damage":30,"enemies":"Champ","floor":33,"turns":13},{"damage":30,"enemies":"3 Darklings","floor":35,"turns":4},{"damage":6,"enemies":"Orb Walker","floor":37,"turns":6},{"damage":51,"enemies":"Reptomancer","floor":41,"turns":8},{"damage":30,"enemies":"Jaw Worm Horde","floor":42,"turns":4},{"damage":0,"enemies":"Nemesis","floor":44,"turns":9},{"damage":22,"enemies":"3 Darklings","floor":47,"turns":5},{"damage":2,"enemies":"Transient","floor":48,"turns":5},{"damage":3,"enemies":"Awakened One","floor":50,"turns":10}],"seed_played":"2699921602133733898","potions_obtained":[{"floor":2,"key":"FearPotion"},{"floor":12,"key":"GamblersBrew"},{"floor":24,"key":"EssenceOfSteel"},{"floor":27,"key":"DuplicationPotion"},{"floor":31,"key":"Dexterity Potion"},{"floor":33,"key":"FairyPotion"},{"floor":44,"key":"ColorlessPotion"},{"floor":47,"key":"BlessingOfTheForge"}],"is_trial":false,"path_per_floor":["M","M","?","M","?","R","T","$","T","E","R","M","R","$","R","B",null,"M","?","$","M","$","R","E","M","T","M","E","M","R","M","R","B",null,"M","$","M","$","?","R","E","M","T","E","?","?","M","M","R","B",null],"character_chosen":"DEFECT","items_purchased":["Defragment","Molten Egg 2","Blizzard+1","Reinforced Body","Defragment","Conserve Battery","Cold Snap+1","Blizzard+1","Capacitor","Lee\u0027s Waffle"],"campfire_rested":5,"item_purchase_floors":[0,0,0,0,8,8,20,20,36,36],"current_hp_per_floor":[60,60,60,54,54,54,54,54,54,50,72,72,72,72,72,70,75,48,48,48,48,48,70,42,30,30,42,41,41,63,47,69,39,75,45,82,76,76,76,76,37,19,19,31,31,72,50,48,69,66],"gold":106,"neow_bonus":"","is_daily":false,"chose_seed":false,"campfire_upgraded":4,"win_rate":0.0,"timestamp":1610810243,"path_taken":["M","M","?","M","?","R","?","$","T","E","R","M","R","$","R","BOSS","M","?","$","M","$","R","E","M","T","M","E","M","R","M","R","BOSS","M","$","M","$","?","R","E","M","T","E","?","?","M","M","R","BOSS"],"items_purchased_type":["Card","Relic","Card","Card","Card","Card","Card","Card","Card","Relic"],"build_version":"2020-12-22","purchased_purges":3,"victory":true,"max_hp_per_floor":[75,75,75,75,75,75,75,75,75,75,75,75,75,75,75,75,75,75,75,75,75,75,75,75,75,75,75,75,75,75,75,75,75,75,75,82,82,82,82,82,82,82,82,82,82,72,72,72,72,72],"card_choices":[{"not_picked":["Streamline+1","Scrape+1","Recycle"],"picked":"SKIP","floor":1},{"not_picked":["Redo","Recycle","Rip and Tear+1"],"picked":"SKIP","floor":2},{"not_picked":["Go for the Eyes+1","Gash+1"],"picked":"Coolheaded","floor":4},{"not_picked":["Ball Lightning+1","Steam"],"picked":"Coolheaded","floor":10},{"not_picked":["Force Field","Heatsinks","Scrape+1"],"picked":"SKIP","floor":12},{"not_picked":["Steam+1","Loop","Leap+1"],"picked":"SKIP","floor":18},{"not_picked":["Leap","Double Energy","Undo"],"picked":"SKIP","floor":21},{"not_picked":["Force Field","Rebound+1","Steam"],"picked":"SKIP","floor":24},{"not_picked":["Hologram+1","Ball Lightning+1"],"picked":"Coolheaded+1","floor":25},{"not_picked":["Darkness","Scrape+1"],"picked":"White Noise+1","floor":27},{"not_picked":["Force Field","Genetic Algorithm","Storm+1"],"picked":"SKIP","floor":28},{"not_picked":["Leap","Conserve Battery","Recycle"],"picked":"SKIP","floor":29},{"not_picked":["Leap+1","Sunder+1","Gash+1"],"picked":"SKIP","floor":31},{"not_picked":["Rainbow","Amplify"],"picked":"Echo Form","floor":33},{"not_picked":["Sweeping Beam+1","Redo","Hologram+1"],"picked":"SKIP","floor":35},{"not_picked":["Gash+1","Rebound+1"],"picked":"Capacitor","floor":37},{"not_picked":["Rip and Tear+1","Recycle+1"],"picked":"Chill","floor":41},{"not_picked":["Sweeping Beam+1","Conserve Battery"],"picked":"Coolheaded+1","floor":42},{"not_picked":["Double Energy+1","Core Surge+1","Redo+1"],"picked":"SKIP","floor":44},{"not_picked":["Redo+1","Storm+1","Undo"],"picked":"SKIP","floor":47},{"not_picked":["Steam Power","Leap+1"],"picked":"Cold Snap+1","floor":48}],"player_experience":172970,"relics_obtained":[{"floor":7,"key":"Sundial"},{"floor":9,"key":"Whetstone"},{"floor":10,"key":"Lantern"},{"floor":24,"key":"Juzu Bracelet"},{"floor":26,"key":"Meat on the Bone"},{"floor":28,"key":"Nunchaku"},{"floor":41,"key":"MealTicket"},{"floor":44,"key":"Bag of Marbles"}],"event_choices":[{"cards_removed":["Strike_B"],"damage_healed":0,"gold_gain":0,"player_choice":"Card Removal","damage_taken":0,"max_hp_gain":0,"max_hp_loss":0,"event_name":"The Cleric","floor":3,"gold_loss":50},{"damage_healed":0,"gold_gain":1,"player_choice":"1","damage_taken":0,"max_hp_gain":0,"max_hp_loss":0,"event_name":"betterStone:BetterStone","floor":5,"gold_loss":0},{"damage_healed":0,"gold_gain":0,"player_choice":"Ignored","damage_taken":0,"max_hp_gain":0,"max_hp_loss":0,"event_name":"Ghosts","floor":19,"gold_loss":0},{"damage_healed":0,"gold_gain":0,"player_choice":"Paid","damage_taken":0,"relics_obtained":["Red Mask"],"max_hp_gain":0,"max_hp_loss":0,"event_name":"Tomb of Lord Red Mask","floor":39,"gold_loss":7},{"damage_healed":0,"gold_gain":0,"player_choice":"Ignored","damage_taken":0,"max_hp_gain":0,"max_hp_loss":0,"event_name":"Mysterious Sphere","floor":45,"gold_loss":0},{"damage_healed":72,"gold_gain":0,"player_choice":"Heal","damage_taken":0,"max_hp_gain":0,"max_hp_loss":10,"event_name":"The Moai Head","floor":46,"gold_loss":0}],"is_beta":false,"boss_relics":[{"not_picked":["Nuclear Battery","Calling Bell"],"picked":"Cursed Key"},{"not_picked":["Coffee Dripper","Fusion Hammer"],"picked":"Empty Cage"}],"items_purged_floors":[0,14,38],"is_endless":false,"potions_floor_spawned":[2,12,24,27,31,33,35,44,47],"ascension_level":2}}