{"host":"hl2lcm3kcu0x5jvn","time":1610781202,"event":{"mods":["AchievementEnabler","BaseMod","Conspire","Downfall","Friendly Minions","Highlight Path","Hubris","Infinite Spire","Lobotomy","Minty Spire (QoL Compilation)","Shop Mod","StSLib","everything is the same but u backflip on backflip","vexMod"],"gold_per_floor":[99,115,130,130,40,40,40,59,76,91,91,107,121,140,159,159,159],"floor_reached":16,"language":"ENG","playtime":1162,"items_purged":["Pain"],"score":98,"play_id":"91269597-c656-4ea5-8132-64f01eb0a40c","local_time":"20210116141322","is_ascension_mode":false,"campfire_choices":[{"floor":1,"key":"RECALL"},{"floor":11,"key":"REST"}],"circlet_count":0,"master_deck":["sneckomod:Strike","sneckomod:Strike","sneckomod:Strike","sneckomod:Defend","sneckomod:Defend","sneckomod:Defend","sneckomod:TailWhip","sneckomod:SnekBite","sneckomod:Unknown","sneckomod:Unknown","sneckomod:Nope","sneckomod:QuickMove","sneckomod:UnknownUncommonSkill","sneckomod:UnknownUncommonSkill","sneckomod:RainOfDice","sneckomod:UnknownCommonSkill","sneckomod:UnknownBlock","sneckomod:Unknown1Cost","sneckomod:Rotation","sneckomod:WideSting","sneckomod:UnknownRareSkill","sneckomod:SlitherStrike"],"relics":["sneckomod:SneckoSoul","WarpedTongs"],"acts_visited":["Exordium"],"potions_floor_usage":[16,16],"damage_taken":[{"damage":5,"enemies":"Small Slimes","floor":2,"turns":4},{"damage":2,"enemies":"Cultist","floor":3,"turns":5},{"damage":12,"enemies":"downfall:FleeingMerchant","floor":5,"turns":4},{"damage":7,"enemies":"2 Louse","floor":8,"turns":4},{"damage":13,"enemies":"Red Slaver","floor":9,"turns":4},{"damage":6,"enemies":"2 Fungi Beasts","floor":10,"turns":4},{"damage":11,"enemies":"Lots of Slimes","floor":12,"turns":2},{"damage":0,"enemies":"2 Fungi Beasts","floor":13,"turns":3},{"damage":14,"enemies":"Blue Slaver","floor":14,"turns":3},{"damage":5,"enemies":"Exordium Thugs","floor":15,"turns":5},{"damage":101,"enemies":"DF_ARCHETYPE_STREAMLINE","floor":16,"turns":14}],"seed_played":"-4178456028341809401","potions_obtained":[{"floor":9,"key":"Dexterity Potion"},{"floor":10,"key":"Dexterity Potion"},{"floor":12,"key":"Swift Potion"},{"floor":15,"key":"SteroidPotion"}],"is_trial":false,"path_per_floor":["R","M","M","?","$","?","T","M","M","M","R","M","M","M","M","B"],"character_chosen":"THE_SNECKO","items_purchased":[],"campfire_rested":1,"item_purchase_floors":[],"current_hp_per_floor":[99,94,92,92,80,80,80,73,60,61,90,79,79,65,60,0,0],"gold":159,"neow_bonus":"TEN_PERCENT_HP_BONUS","is_daily":false,"chose_seed":false,"campfire_upgraded":0,"win_rate":0.0,"timestamp":1610781202,"path_taken":["R","M","M","?","?","?","T","M","M","M","R","?","M","M","M","BOSS"],"items_purchased_type":[],"build_version":"2020-12-22","purchased_purges":1,"victory":false,"max_hp_per_floor":[99,99,99,99,99,99,99,99,99,99,99,99,99,99,99,99,99],"card_choices":[{"not_picked":["sneckomod:RainOfDice","sneckomod:DiceBlock"],"picked":"sneckomod:Nope","floor":2},{"not_picked":["sneckomod:SerpentIdol","sneckomod:PureSnecko"],"picked":"sneckomod:QuickMove","floor":3},{"not_picked":["sneckomod:SoulExchange","sneckomod:Nope"],"picked":"sneckomod:UnknownUncommonSkill","floor":5},{"not_picked":["sneckomod:SoulDraw","sneckomod:DiceBlock"],"picked":"sneckomod:RainOfDice","floor":8},{"not_picked":["sneckomod:Nope","sneckomod:MasterEye"],"picked":"sneckomod:UnknownCommonSkill","floor":9},{"not_picked":["sneckomod:Nope","sneckomod:Unknown1Cost"],"picked":"sneckomod:UnknownBlock","floor":10},{"not_picked":["sneckomod:WideSting","sneckomod:QuickBite"],"picked":"sneckomod:Unknown1Cost","floor":12},{"not_picked":["sneckomod:MixItUp","sneckomod:QuickMove"],"picked":"sneckomod:Rotation","floor":13},{"not_picked":["sneckomod:ImprovisedGuard","sneckomod:Nope"],"picked":"sneckomod:WideSting","floor":14},{"not_picked":["sneckomod:Unknown0Cost","sneckomod:UnknownStrike"],"picked":"sneckomod:UnknownRareSkill","floor":14},{"not_picked":["sneckomod:QuickBite","sneckomod:QuickMove"],"picked":"sneckomod:SlitherStrike","floor":15}],"player_experience":107472,"relics_obtained":[],"event_choices":[{"damage_healed":0,"gold_gain":0,"player_choice":"Rummage","damage_taken":0,"relics_obtained":["WarpedTongs"],"max_hp_gain":0,"max_hp_loss":0,"event_name":"Accursed Blacksmith","floor":4,"gold_loss":0,"cards_obtained":["Pain"]}],"is_beta":false,"boss_relics":[],"items_purged_floors":[5],"is_endless":false,"potions_floor_spawned":[9,10,12,15],"killed_by":"DF_ARCHETYPE_STREAMLINE","ascension_level":0}}