{"host":"78azdv0oxplymbah","time":1610804169,"event":{"mods":["Aspiration","BaseMod","BetterRewards","Challenge The Spire","Highlight Path","Minty Spire (QoL Compilation)","MostiFishMod","Quick Restart","Relic Stats","Remove Card Discount Mod","Replay The Spire","Spicy Shops","StSLib","The Servant 0.9.4","vexMod","°æπ¶ƒ‹Mod°øªÏ„Á÷Æª∑–ﬁ∏¥≤π∂°","°æ“≈ŒÔø®≈∆°øREMEMod"],"gold_per_floor":[119,139,414,430,450,476,476,509,509,509,509,542,542,563,563,684,684,707,728,168,168,168,187,187,223,250,275,275,306,331,345,345,464,464,489,489,504,24,44,75,100,75,75,75,98,142,155,190,190,190,190,190,69,104,104],"floor_reached":56,"language":"ZHS","playtime":2076,"items_purged":["Strike_B","Defend_B","Defend_B","Defend_B","Injury","Regret","Zap","Skim","Shame","Dualcast","Strike_B+1","Strike_B+1","Strike_B+1","ReplayTheSpireMod:Splinters","Chill"],"score":1764,"play_id":"a176c2de-6f28-4a04-ace2-0831c098a59c","local_time":"20210116213609","is_ascension_mode":true,"campfire_choices":[{"floor":7,"key":"RECALL"},{"data":"White Noise","floor":11,"key":"SMITH"},{"data":"Amplify","floor":15,"key":"SMITH"},{"data":"Defragment","floor":24,"key":"SMITH"},{"data":"White Noise","floor":52,"key":"SMITH"}],"circlet_count":0,"master_deck":["Ball Lightning","Defragment+1","White Noise+1","Amplify+1","Time Bomb","Multi-Cast","FIFO Queue","MostiFishMod:GatherIntelligence+1","White Noise+1","MostiFishMod:ActiveDefenseSystem+1","Defragment+1","BasicCrystalCard","Loop+1","Creative AI+1","Electrodynamics+1","Darkness","Loop+1","BasicCrystalCard+1","Tempest","White Noise+1","MostiFishMod:ATRI+1"],"relics":["Cracked Core","DaveBox","REME_ComplimentaryCards","PatriotShield","SynthV:TestCard","Lantern","Replay:Bottled Steam","vexMod:MemoryStick","Golden Idol","ChiXiaoBlade","BrkXgEgg","SynthV:C4","Replay:Bottled Flurry","aspiration:StickyExplosives_weak","Bottled Lightning","Bronze Scales","Bottled Tornado","Cursed Key","Membership Card","aspiration:Nostalgia","Sizzling Blood","Garlic","MealTicket","Matryoshka","aspiration:ArtOfWarUpgrade","Happy Flower","Frozen Egg 2","Strawberry","White Beast Statue","Thread and Needle","vexMod:PaidLearning","Frozen Eye","Replay:Antivirus Software"],"acts_visited":["Exordium","TheCity","TheBeyond","TheEnding"],"potions_floor_usage":[],"damage_taken":[{"damage":0,"enemies":"2 Louse","floor":1,"turns":2},{"damage":0,"enemies":"Cultist","floor":2,"turns":2},{"damage":0,"enemies":"Small Slimes","floor":4,"turns":2},{"damage":0,"enemies":"Blue Slaver","floor":5,"turns":1},{"damage":3,"enemies":"3 Sentries","floor":6,"turns":5},{"damage":2,"enemies":"Lagavulin","floor":8,"turns":4},{"damage":3,"enemies":"Gremlin Nob","floor":12,"turns":4},{"damage":5,"enemies":"Large Slime","floor":14,"turns":2},{"damage":12,"enemies":"Fading Forest","floor":16,"turns":11},{"damage":0,"enemies":"2 Thieves","floor":18,"turns":3},{"damage":2,"enemies":"Shell Parasite","floor":19,"turns":4},{"damage":0,"enemies":"3 Cultists","floor":23,"turns":3},{"damage":0,"enemies":"Replay:Snechameleon","floor":25,"turns":5},{"damage":0,"enemies":"Snake Plant","floor":27,"turns":3},{"damage":12,"enemies":"Slavers","floor":29,"turns":4},{"damage":0,"enemies":"Shelled Parasite and Fungi","floor":30,"turns":1},{"damage":0,"enemies":"Cultist and Chosen","floor":31,"turns":3},{"damage":0,"enemies":"Automaton","floor":33,"turns":5},{"damage":0,"enemies":"Orb Walker","floor":35,"turns":2},{"damage":4,"enemies":"3 Shapes","floor":37,"turns":2},{"damage":0,"enemies":"Writhing Mass","floor":39,"turns":3},{"damage":0,"enemies":"Giant Head","floor":40,"turns":4},{"damage":0,"enemies":"Transient","floor":41,"turns":5},{"damage":2,"enemies":"4 Shapes","floor":45,"turns":2},{"damage":0,"enemies":"R_Hoarder","floor":46,"turns":4},{"damage":0,"enemies":"Sphere and 2 Shapes","floor":47,"turns":1},{"damage":0,"enemies":"Reptomancer","floor":48,"turns":3},{"damage":10,"enemies":"Awakened One","floor":50,"turns":5},{"damage":0,"enemies":"Shield and Spear","floor":54,"turns":3},{"damage":13,"enemies":"The Heart","floor":55,"turns":5}],"seed_played":"-4315312882669839698","potions_obtained":[{"floor":5,"key":"EssenceOfSteel"},{"floor":6,"key":"Cursed Concoction"},{"floor":16,"key":"Dexterity Potion"},{"floor":29,"key":"SkillPotion"},{"floor":37,"key":"Elixir"}],"is_trial":false,"path_per_floor":["M","M","?","M","M","E","R","E","T","?","R","E","?","M","R","B",null,"M","M","$","?","?","M","R","E","T","M","?","E","M","M","R","B",null,"M","?","M","$","M","E","M","?","T","R","M","E","M","E","R","B",null,"R","$","E","B",null],"character_chosen":"DEFECT","items_purchased":["BrkXgEgg","SynthV:C4","White Noise","Replay:Bottled Flurry","Membership Card","aspiration:Nostalgia","Loop","Garlic","MealTicket","Thread and Needle","vexMod:PaidLearning","Frozen Eye"],"campfire_rested":0,"item_purchase_floors":[20,20,20,20,38,38,38,38,38,53,53,53],"current_hp_per_floor":[82,82,82,82,82,79,79,77,77,82,82,79,79,74,74,62,82,82,80,80,80,80,80,80,80,80,80,80,68,68,68,68,68,82,82,82,78,82,86,86,86,86,86,86,86,93,93,93,93,87,93,93,93,93,84],"gold":104,"neow_bonus":"TEN_PERCENT_HP_BONUS","is_daily":false,"chose_seed":false,"campfire_upgraded":4,"win_rate":0.0,"timestamp":1610804169,"path_taken":["M","M","?","?","M","E","R","E","T","?","R","E","?","M","R","BOSS","M","M","$","?","?","M","R","E","T","M","?","E","M","M","R","BOSS","M","?","M","$","M","E","?","?","T","R","M","E","M","E","R","BOSS","R","$","E","BOSS"],"items_purchased_type":["Relic","Relic","Card","Relic","Relic","Relic","Card","Relic","Relic","Relic","Relic","Relic"],"build_version":"2020-12-22","purchased_purges":15,"victory":true,"max_hp_per_floor":[82,82,82,82,82,82,82,82,82,82,82,82,82,82,82,82,82,82,82,82,82,82,82,82,82,82,82,82,82,82,82,82,82,82,82,82,82,86,86,86,86,86,86,86,86,93,93,93,93,93,93,93,93,93,93],"relic_stats":{"Happy Flower":[7],"counters":[30,103],"Golden Idol":193,"Bronze Scales":[214],"MealTicket":0,"Cursed Key":1,"obtain_stats":[{"PatriotShield":0,"Lantern":6,"vexMod:MemoryStick":12,"DaveBox":0,"Sizzling Blood":38,"Bottled Tornado":29,"Cursed Key":34,"SynthV:C4":20,"aspiration:StickyExplosives_weak":21,"Frozen Eye":53,"Matryoshka":40,"Strawberry":46,"MealTicket":38,"aspiration:ArtOfWarUpgrade":49,"Replay:Bottled Flurry":20,"Replay:Antivirus Software":54,"Cracked Core":0,"Replay:Bottled Steam":8,"Happy Flower":43,"Golden Idol":13,"aspiration:Nostalgia":38,"Thread and Needle":53,"BrkXgEgg":20,"vexMod:PaidLearning":53,"Frozen Egg 2":43,"White Beast Statue":48,"SynthV:TestCard":1,"Bronze Scales":26,"ChiXiaoBlade":17,"Garlic":38,"Art of War":42,"Bottled Lightning":25,"Membership Card":38,"REME_ComplimentaryCards":0},{"PatriotShield":0,"Lantern":5,"vexMod:MemoryStick":7,"DaveBox":0,"Sizzling Blood":20,"Bottled Tornado":15,"Cursed Key":18,"SynthV:C4":11,"aspiration:StickyExplosives_weak":11,"Frozen Eye":28,"Matryoshka":22,"Strawberry":25,"MealTicket":20,"aspiration:ArtOfWarUpgrade":27,"Replay:Bottled Flurry":11,"Replay:Antivirus Software":29,"Cracked Core":0,"Replay:Bottled Steam":6,"Happy Flower":23,"Golden Idol":7,"aspiration:Nostalgia":20,"Thread and Needle":28,"BrkXgEgg":11,"vexMod:PaidLearning":28,"Frozen Egg 2":23,"White Beast Statue":27,"SynthV:TestCard":1,"Bronze Scales":13,"ChiXiaoBlade":9,"Garlic":20,"Art of War":23,"Bottled Lightning":13,"Membership Card":20,"REME_ComplimentaryCards":0},{"PatriotShield":0,"Lantern":12,"vexMod:MemoryStick":20,"DaveBox":0,"Sizzling Blood":68,"Bottled Tornado":55,"Cursed Key":64,"SynthV:C4":40,"aspiration:StickyExplosives_weak":40,"Frozen Eye":95,"Matryoshka":75,"Strawberry":86,"MealTicket":68,"aspiration:ArtOfWarUpgrade":90,"Replay:Bottled Flurry":40,"Replay:Antivirus Software":98,"Cracked Core":0,"Replay:Bottled Steam":16,"Happy Flower":80,"Golden Idol":20,"aspiration:Nostalgia":68,"Thread and Needle":95,"BrkXgEgg":40,"vexMod:PaidLearning":95,"Frozen Egg 2":80,"White Beast Statue":90,"SynthV:TestCard":2,"Bronze Scales":48,"ChiXiaoBlade":33,"Garlic":68,"Art of War":80,"Bottled Lightning":48,"Membership Card":68,"REME_ComplimentaryCards":0}]},"card_choices":[{"not_picked":["Sweeping Beam","Turbo"],"picked":"Ball Lightning","floor":1},{"not_picked":["Compile Driver","MostiFishMod:PushDownKick","MostiFishMod:GatherIntelligence","Redo"],"picked":"Defragment","floor":2},{"not_picked":["FTL","Coolheaded","Stack","Reprogram"],"picked":"Chill","floor":4},{"not_picked":["REME_DataAnalysis","Reboot","Rebound","Beam Cell"],"picked":"White Noise","floor":5},{"not_picked":["Rebound","Turbo","Beam Cell","Coolheaded"],"picked":"Skim","floor":6},{"not_picked":["White Noise","Redo","Beam Cell","Steam","BootSequence"],"picked":"SKIP","floor":8},{"not_picked":["Leap","Compile Driver","BasicCrystalCard","Rebound"],"picked":"Amplify","floor":12},{"not_picked":["Stack","Barrage","Compile Driver","MostiFishMod:SeaWaves"],"picked":"Time Bomb","floor":14},{"not_picked":["Meteor Strike","MostiFishMod:TalkingToTheRain","MostiFishMod:Overload","MostiFishMod:Exploitation","Reboot","MostiFishMod:DeathFromBelow"],"picked":"Multi-Cast","floor":16},{"not_picked":["Rebound","Beam Cell+1","Sweeping Beam+1","Redo"],"picked":"FIFO Queue","floor":18},{"not_picked":["Hologram","Turbo","aspiration:Polymerization","ReplaySolidLightProjector","Ball Lightning+1"],"picked":"MostiFishMod:GatherIntelligence","floor":19},{"not_picked":["Beam Cell","Go for the Eyes+1","Sweeping Beam","Gash"],"picked":"MostiFishMod:ActiveDefenseSystem+1","floor":23},{"not_picked":["Cold Snap","Streamline","MostiFishMod:Culaccino+1","Reinforced Body","Sweeping Beam"],"picked":"SKIP","floor":25},{"not_picked":["MostiFishMod:ReprogramOld","Sweeping Beam","Beam Cell","Steam Power+1","MostiFishMod:Nova+1"],"picked":"SKIP","floor":27},{"not_picked":["Stack","Beam Cell","Genetic Algorithm+1","Ball Lightning"],"picked":"BasicCrystalCard","floor":29},{"not_picked":["ReplayTheSpireMod:Calculation Training","ReplayTheSpireMod:Reroute Power","BootSequence","Coolheaded+1"],"picked":"Loop+1","floor":30},{"not_picked":["Panic Button","Go for the Eyes","Leap","Turbo+1","Force Field"],"picked":"SKIP","floor":31},{"not_picked":["Buffer+1","ReplayTheSpireMod:Omega Cannon+1","MostiFishMod:IceShield+1","MostiFishMod:SeaWaves+1"],"picked":"Electrodynamics+1","floor":33},{"not_picked":["Sweeping Beam","Hologram","Scrape","Cold Snap","Stack"],"picked":"SKIP","floor":35},{"not_picked":["ReplayTheSpireMod:GoodbyeWorld+1","Rebound+1","Beam Cell+1","Redo"],"picked":"Darkness","floor":37},{"not_picked":["Barrage","Recycle","Compile Driver","Loop"],"picked":"BasicCrystalCard+1","floor":39},{"not_picked":["Conserve Battery","Compile Driver+1","Hologram","Recycle+1","Fission+1"],"picked":"SKIP","floor":40},{"not_picked":["Skim","Sweeping Beam","Leap+1","Hologram"],"picked":"Tempest","floor":41},{"not_picked":["MostiFishMod:PushDownKick","Undo","Conserve Battery","Auto Shields"],"picked":"White Noise+1","floor":45},{"not_picked":["Heatsinks+1","Compile Driver","Coolheaded+1","REME_Compress+1","REME_ForAll+1"],"picked":"SKIP","floor":46},{"not_picked":["Steam","BootSequence","Beam Cell+1","BasicCrystalCard","ReplayTheSpireMod:Calculation Training+1"],"picked":"SKIP","floor":47},{"not_picked":["Compile Driver+1","Steam+1","Hologram+1","ReplayTheSpireMod:GoodbyeWorld+1"],"picked":"MostiFishMod:ATRI+1","floor":48},{"not_picked":["Steam","Beam Cell","Turbo","Hologram","REME_DataAnalysis","Compile Driver+1","Conserve Battery+1"],"picked":"SKIP","floor":54}],"player_experience":31285,"relics_obtained":[{"floor":1,"key":"SynthV:TestCard"},{"floor":6,"key":"Lantern"},{"floor":8,"key":"Replay:Bottled Steam"},{"floor":12,"key":"vexMod:MemoryStick"},{"floor":25,"key":"Bottled Lightning"},{"floor":26,"key":"Bronze Scales"},{"floor":29,"key":"Bottled Tornado"},{"floor":40,"key":"Matryoshka"},{"floor":43,"key":"Happy Flower"},{"floor":43,"key":"Frozen Egg 2"},{"floor":46,"key":"Strawberry"},{"floor":48,"key":"White Beast Statue"},{"floor":54,"key":"Replay:Antivirus Software"}],"event_choices":[{"damage_healed":0,"gold_gain":275,"player_choice":"Desecrate","damage_taken":0,"max_hp_gain":0,"max_hp_loss":0,"event_name":"Golden Shrine","floor":3,"gold_loss":0,"cards_obtained":["Regret"]},{"damage_healed":0,"gold_gain":0,"player_choice":"Take Wound","damage_taken":0,"relics_obtained":["Golden Idol"],"max_hp_gain":0,"max_hp_loss":0,"event_name":"Golden Idol","floor":13,"gold_loss":0,"cards_obtained":["Injury"]},{"damage_healed":0,"gold_gain":0,"player_choice":"Stole Relic","damage_taken":0,"relics_obtained":["aspiration:StickyExplosives_weak"],"max_hp_gain":0,"max_hp_loss":0,"event_name":"Addict","floor":21,"gold_loss":0,"cards_obtained":["Shame"]},{"damage_healed":0,"gold_gain":0,"player_choice":"Simplicity","damage_taken":0,"max_hp_gain":0,"max_hp_loss":0,"event_name":"Back to Basics","floor":22,"gold_loss":0,"cards_upgraded":["Strike_B","Strike_B","Strike_B","Defend_B"]},{"damage_healed":0,"gold_gain":0,"player_choice":"Read","damage_taken":0,"max_hp_gain":0,"max_hp_loss":0,"event_name":"The Library","floor":28,"gold_loss":0,"cards_obtained":["Defragment"]},{"damage_healed":0,"gold_gain":0,"player_choice":"Upgraded","damage_taken":0,"max_hp_gain":0,"max_hp_loss":0,"event_name":"Upgrade Shrine","floor":36,"gold_loss":0,"cards_upgraded":["Defragment"]}],"is_beta":false,"boss_relics":[{"not_picked":["FrostBlade","Replay:Bronze Core"],"picked":"ChiXiaoBlade"},{"not_picked":["Transparent","aspiration:FutureDiary"],"picked":"Cursed Key"}],"items_purged_floors":[20,20,20,20,20,20,20,20,38,38,38,38,38,53,53],"is_endless":false,"potions_floor_spawned":[5,6,16,19,25,29,31,33,37,41,48,54],"ascension_level":1}}