{"host":"4id8injl4bo2b6ih","time":1610824225,"event":{"mods":["Act Like it!","BaseMod","Better Third Choice","Colored Map","Downfall","Friendly Minions","Hermit","Highlight Path","Ironclad Rager","Minty Spire (QoL Compilation)","Relic Stats","Robot Space Explorer","Shop Mod","Spicy Shops","StSLib"],"gold_per_floor":[99,118,134,154,254,154,154,174,193,212,212,26,26,46,58,157,157,157,171,183,183,183],"floor_reached":21,"language":"ENG","playtime":1397,"items_purged":[],"score":270,"play_id":"c49af67c-4b02-431b-84d0-666c97bf62de","local_time":"20210116201025","is_ascension_mode":true,"campfire_choices":[{"floor":1.0,"key":"RECALL"},{"floor":6.0,"key":"REST"},{"floor":11.0,"key":"REST"},{"floor":13.0,"key":"REST"}],"circlet_count":0,"master_deck":["sneckomod:Strike","sneckomod:Strike","sneckomod:Strike","sneckomod:Defend","sneckomod:Defend","sneckomod:Defend","sneckomod:TailWhip","sneckomod:SnekBite","sneckomod:Unknown","sneckomod:Unknown","sneckomod:Nope+1","sneckomod:UnknownClassTHE_CHAMP_GRAY","sneckomod:Unknown2Cost","sneckomod:UnknownRareSkill","sneckomod:UnknownUncommonPower","sneckomod:UnknownVulnerable","sneckomod:UnknownClassSLIMEBOUND","sneckomod:Nope","sneckomod:CheapStock","sneckomod:DefensiveFlair","Judgement","hermit:Determination","hermit:Vantage"],"relics":["sneckomod:SneckoSoul","Potion Belt","downfall:HeartBlessingRed","Letter Opener","PrismaticShard","bronze:MakeshiftBattery"],"acts_visited":["Exordium","TheCity"],"potions_floor_usage":[16,16,20],"damage_taken":[{"damage":2.0,"enemies":"2 Louse","floor":2.0,"turns":2.0},{"damage":0.0,"enemies":"Cultist","floor":3.0,"turns":2.0},{"damage":17.0,"enemies":"Small Slimes","floor":4.0,"turns":5.0},{"damage":44.0,"enemies":"downfall:LadyInBlue","floor":5.0,"turns":9.0},{"damage":15.0,"enemies":"Exordium Thugs","floor":8.0,"turns":5.0},{"damage":2.0,"enemies":"Gremlin Gang","floor":9.0,"turns":3.0},{"damage":0.0,"enemies":"3 Louse","floor":10.0,"turns":1.0},{"damage":4.0,"enemies":"downfall:FleeingMerchant","floor":12.0,"turns":4.0},{"damage":25.0,"enemies":"Exordium Thugs","floor":14.0,"turns":4.0},{"damage":14.0,"enemies":"Lots of Slimes","floor":15.0,"turns":3.0},{"damage":68,"enemies":"SI_SHIV_ARCHETYPE","floor":16,"turns":9},{"damage":52,"enemies":"3 Byrds","floor":19,"turns":5},{"damage":11,"enemies":"Spheric Guardian","floor":20,"turns":4},{"damage":39,"enemies":"Snecko","floor":21,"turns":4}],"seed_played":"-8309374148977616587","potions_obtained":[{"floor":3.0,"key":"BlessingOfTheForge"},{"floor":5.0,"key":"AttackPotion"},{"floor":5.0,"key":"BlessingOfTheForge"},{"floor":5.0,"key":"FearPotion"},{"floor":5.0,"key":"Dexterity Potion"},{"floor":14.0,"key":"LiquidBronze"},{"floor":15.0,"key":"FairyPotion"},{"floor":16,"key":"sneckomod:MuddlingPotion"},{"floor":19,"key":"Regen Potion"}],"is_trial":false,"path_per_floor":["R","M","M","M","?","R","T","M","M","M","R","$","R","M","M","B",null,"R","M","M","M"],"character_chosen":"THE_SNECKO","items_purchased":["PrismaticShard","sneckomod:Nope","sneckomod:CheapStock"],"campfire_rested":3,"item_purchase_floors":[12,12,12],"current_hp_per_floor":[75,73,73,56,12,44,44,29,27,27,59,55,87,62,48,16,85,85,33,34,0,0],"gold":183,"neow_bonus":"TWENTY_PERCENT_HP_BONUS","is_daily":false,"chose_seed":false,"campfire_upgraded":0,"win_rate":0.0,"timestamp":1610824225,"path_taken":["R","M","M","M","?","R","T","M","?","M","R","$","R","M","M","BOSS","R","M","M","M"],"items_purchased_type":["Relic","Card","Card"],"build_version":"2020-12-22","purchased_purges":0,"victory":false,"max_hp_per_floor":[108,108,108,108,108,108,108,108,108,108,108,108,108,108,108,108,108,108,108,108,108,108],"relic_stats":{"counters":[14,60],"Letter Opener":[52],"obtain_stats":[{"Potion Belt":5,"downfall:HeartBlessingRed":6,"Letter Opener":7,"sneckomod:SneckoSoul":0,"PrismaticShard":12,"bronze:MakeshiftBattery":17},{"Potion Belt":4,"downfall:HeartBlessingRed":4,"Letter Opener":4,"sneckomod:SneckoSoul":0,"PrismaticShard":8,"bronze:MakeshiftBattery":11},{"Potion Belt":18,"downfall:HeartBlessingRed":18,"Letter Opener":18,"sneckomod:SneckoSoul":0,"PrismaticShard":31,"bronze:MakeshiftBattery":47}]},"card_choices":[{"not_picked":["sneckomod:SoulCleanse","sneckomod:UnknownX"],"picked":"sneckomod:Nope","floor":2.0},{"not_picked":["sneckomod:UnknownClassBLUE","sneckomod:QuickMove"],"picked":"sneckomod:UnknownClassTHE_CHAMP_GRAY","floor":3.0},{"not_picked":["sneckomod:RainOfDice","sneckomod:Unknown1Cost"],"picked":"sneckomod:Unknown2Cost","floor":4.0},{"not_picked":["sneckomod:UnknownClassBLUE","sneckomod:Rotation"],"picked":"sneckomod:UnknownRareSkill","floor":5.0},{"not_picked":["sneckomod:UnknownCommonAttack","sneckomod:MasterEye"],"picked":"sneckomod:UnknownUncommonPower","floor":8.0},{"not_picked":["sneckomod:DiceCrush","sneckomod:UnknownCommonAttack"],"picked":"sneckomod:UnknownVulnerable","floor":9.0},{"not_picked":["sneckomod:DiceBlock","sneckomod:UnknownClassTHE_CHAMP_GRAY"],"picked":"sneckomod:UnknownStrength","floor":10.0},{"not_picked":["sneckomod:Unknown2Cost","sneckomod:UnknownClassBLUE"],"picked":"sneckomod:UnknownClassSLIMEBOUND","floor":12.0},{"not_picked":["Guardian:Recover","ThirdEye","hexamod:ShieldOfDarkness"],"picked":"SKIP","floor":14.0},{"not_picked":["sneckomod:Cheat","hexamod:ShieldOfDarkness"],"picked":"sneckomod:DefensiveFlair","floor":15.0},{"not_picked":["Slimebound:LeechLife","Guardian:GatlingBeam"],"picked":"Judgement","floor":16},{"not_picked":["Guardian:GuardianWhirl","hermit:HoleUp","champ:BringItOn"],"picked":"SKIP","floor":19},{"not_picked":["sneckomod:SoulDraw","Dropkick"],"picked":"hermit:Vantage","floor":20}],"player_experience":442080,"relics_obtained":[{"floor":5.0,"key":"Potion Belt"},{"floor":7.0,"key":"Letter Opener"}],"event_choices":[],"is_beta":false,"boss_relics":[{"not_picked":["Busted Crown","sneckomod:SneckoTalon"],"picked":"bronze:MakeshiftBattery"}],"items_purged_floors":[],"is_endless":false,"potions_floor_spawned":[3,5,14,15,16,19],"killed_by":"Snecko","ascension_level":8}}