{"host":"jak4ncvfzor9mys0","time":1610769058,"event":{"mods":["2.2 Compatiblity","AchievementEnabler","BaseMod","Better Altar","Better Match","Better Note","Better Sensory Stone","Better Skull","Better Third Choice","BetterRewards","Block Reminder","Colored Map","Colored Powertips","Dark Map","Energized Spire","Gold Saver","Hubris","Infinite Spire","Key Reminder","Minty Spire (QoL Compilation)","Rare Cards Sparkle","Red Circlet Mod","Relic Sorter","Relic Stats","Replay The Spire","Retaliation","Spicy Shops","StSLib","SuperFastMode","The Blue Laboratory"],"gold_per_floor":[702,702,702,702,719,719,145,165,165,195,210,210,110,130,130,231,231,246,264,264,277,100,100,116,116,142,142,153,163,163,174,174,279,279,299,299,316,329,329,329],"floor_reached":39,"language":"ENG","playtime":1558,"items_purged":["Regret","Strike_R","Strike_R","Defend_R"],"score":585,"play_id":"4529b044-9e60-461e-8249-7d9184504e2d","local_time":"20210115195058","is_ascension_mode":false,"campfire_choices":[{"data":"Shrug It Off","floor":6,"key":"SMITH"},{"data":"hubris:ReadiedAction","floor":12,"key":"SMITH"},{"data":"Bash","floor":12,"key":"SMITH"},{"data":"DDmod:UnstoppableAttack","floor":15,"key":"SMITH"},{"data":"ReplayTheSpireMod:Stacked","floor":15,"key":"SMITH"},{"data":"DDmod:SpikedSkill","floor":23,"key":"SMITH"},{"data":"Barricade","floor":23,"key":"SMITH"},{"data":"Shrug It Off","floor":25,"key":"SMITH"},{"data":"Defend_R","floor":25,"key":"SMITH"},{"data":"Iron Wave","floor":30,"key":"SMITH"},{"data":"Defend_R","floor":32,"key":"SMITH"}],"circlet_count":0,"master_deck":["Strike_R","Strike_R","Strike_R","Defend_R+1","Defend_R","Defend_R+1","Bash+1","Shrug It Off+1","hubris:ReadiedAction+1","ReplayTheSpireMod:Stacked+1","DDmod:UnstoppableAttack+1","Barricade+1","DDmod:SpikedSkill+1","Shrug It Off+1","Iron Wave+1","ReplayTheSpireMod:Stacked+1","Iron Wave","Sentinel"],"relics":["Burning Blood","Nunchaku","infinitespire:Broken Mirror","hubris:Towel","Bronze Scales","Replay:WaspNest","Mercury Hourglass","Gambling Chip","Replay:Grab Bag","energizedSpire:SpiderWeb","Coffee Dripper","SacredBark","Blue Doll","Nloth\u0027s Gift"],"acts_visited":["Exordium","TheCity","TheBeyond"],"potions_floor_usage":[33,38,38,39],"damage_taken":[{"damage":1,"enemies":"Jaw Worm","floor":1,"turns":4},{"damage":0,"enemies":"Small Slimes","floor":5,"turns":3},{"damage":0,"enemies":"2 Louse","floor":8,"turns":1},{"damage":12,"enemies":"3 Sentries","floor":10,"turns":5},{"damage":0,"enemies":"Looter","floor":11,"turns":2},{"damage":0,"enemies":"Exordium Thugs","floor":14,"turns":3},{"damage":24,"enemies":"The Guardian","floor":16,"turns":10},{"damage":0,"enemies":"Spheric Guardian","floor":18,"turns":4},{"damage":0,"enemies":"Shell Parasite","floor":19,"turns":4},{"damage":2,"enemies":"Shelled Parasite and Fungi","floor":21,"turns":4},{"damage":3,"enemies":"Snake Plant","floor":24,"turns":3},{"damage":0,"enemies":"Snecko","floor":28,"turns":5},{"damage":0,"enemies":"Chosen and Byrds","floor":29,"turns":5},{"damage":0,"enemies":"Centurion and Healer","floor":31,"turns":7},{"damage":42,"enemies":"hubris:MusketHawk","floor":33,"turns":8},{"damage":0,"enemies":"3 Shapes","floor":35,"turns":5},{"damage":0,"enemies":"Orb Walker","floor":37,"turns":4},{"damage":0,"enemies":"4 Shapes","floor":38,"turns":5},{"damage":84,"enemies":"Transient","floor":39,"turns":5}],"seed_played":"-651318738253628631","potions_obtained":[{"floor":10,"key":"Languid Potion"},{"floor":11,"key":"blueLaboratory:SavagePotion"},{"floor":19,"key":"PowerPotion"},{"floor":29,"key":"blueLaboratory:FrostheartPotion"},{"floor":35,"key":"HeartOfIron"}],"is_trial":false,"path_per_floor":["M","?","?","?","M","R","$","M","T","E","M","R","$","M","R","B",null,"M","M","AVR","M","$","R","M","R","T","?","M","M","R","M","R","B",null,"M","?","M","M","M"],"character_chosen":"IRONCLAD","items_purchased":["infinitespire:Broken Mirror","Bronze Scales","Replay:WaspNest","Mercury Hourglass","Shrug It Off"],"campfire_rested":0,"item_purchase_floors":[0,7,7,7,22],"current_hp_per_floor":[80,80,80,80,80,80,80,80,80,74,80,80,80,80,80,62,80,80,80,80,80,80,80,80,80,80,80,80,80,80,80,80,62,80,80,80,80,80,0,0],"gold":329,"neow_bonus":"","is_daily":false,"chose_seed":false,"campfire_upgraded":11,"win_rate":0.0,"timestamp":1610769058,"path_taken":["M","?","?","?","M","R","$","M","T","E","M","R","$","M","R","BOSS","M","M","AVR","M","$","R","M","R","T","?","M","M","R","M","R","BOSS","M","?","M","M","M"],"items_purchased_type":["Relic","Relic","Relic","Relic","Card"],"build_version":"2020-12-22","purchased_purges":4,"victory":false,"max_hp_per_floor":[80,80,80,80,80,80,80,80,80,80,80,80,80,80,80,80,80,80,80,80,80,80,80,80,80,80,80,80,80,80,80,80,80,80,80,80,80,80,80,80],"relic_stats":{"Nunchaku":[4],"counters":[185,744],"Bronze Scales":[242],"Gambling Chip":[32],"Nloth\u0027s Gift":5,"obtain_stats":[{"Whetstone":4,"Sling":38,"Boot":3,"Blood Vial":23,"HandDrill":132,"Runic Cube":34,"Pear":205,"Blue Candle":60,"infinitespire:Magic Flask":22,"infinitespire:EvilPickle":84,"SlaversCollar":80,"DDmod:StuhbiRelic":5,"infinitespire:Lychee Nut":13,"infinitespire:Broken Mirror":0,"MutagenicStrength":133,"Lantern":59,"Magic Flower":178,"StoneCalendar":43,"Blue Doll":26,"King of Hearts":109,"Bag of Preparation":200,"Smiling Mask":156,"Ancient Tea Set":207,"Burning Blood":0,"Shovel":189,"hubris:ScarierMask":17,"WingedGreaves":26,"energizedSpire:DecayingSkull":68,"hubris:GlazedTorus":4,"Potion Belt":102,"Lee\u0027s Waffle":24,"infinitespire:Lucky Rock":57,"Frozen Egg 2":179,"hubris:Towel":3,"energizedSpire:SpiderWeb":17,"MawBank":10,"Replay:Arrowhead":9,"Busted Crown":19,"Ornamental Fan":80,"hubris:Spice":99,"Bloody Idol":25,"Turnip":102,"Garlic":9,"ReplayTheSpireMod:Lightbulb":77,"infinitespire:Midas Blood":0,"Tiny House":17,"CeramicFish":3,"Vajra":197,"Sozu":85,"Centennial Puzzle":20,"HornCleat":31,"DollysMirror":4,"hubris:DuctTape":102,"Replay:Grab Bag":17,"Oddly Smooth Stone":26,"infinitespire:Beetle Shell":181,"Ring of Chaos":34,"Letter Opener":78,"War Paint":6,"Replay:Baseball":139,"ReplayTheSpireMod:Spearhead":11,"ReplayTheSpireMod:Shallot":48,"Bronze Scales":0,"Simple Rune":2,"hubris:ToyBattleship":8,"infinitespire:EmpoweringShard":25,"Nloth\u0027s Gift":27,"Meat on the Bone":131,"SacredBark":17,"Black Blood":153,"Mango":9,"hubris:SlimyHat":111,"Replay:Mystery Machine":92,"ClockworkSouvenir":11,"Replay:Bandana":30,"Dream Catcher":193,"Nunchaku":20,"TheAbacus":11,"hubris:Icosahedron":20,"hubris:Stopwatch":136,"Gambling Chip":10,"Gremlin Food":0,"ReplayTheSpireMod:Ninjato":109,"Quantum Egg":9,"Replay:WaspNest":7,"Odd Mushroom":10,"Mercury Hourglass":0,"Calling Bell":102,"Peace Pipe":196,"keyreminder:keyreminder":27,"Anchor":0,"CaptainsWheel":31,"infinitespire:WardingShard":94,"Another Sword":0,"Bag of Marbles":0,"Snack Pack":2,"Coffee Dripper":17,"Membership Card":58,"DDmod:BarbedSlagRelic":79},{"Whetstone":2,"Sling":18,"Boot":90,"Blood Vial":99,"HandDrill":57,"Runic Cube":15,"Pear":87,"Blue Candle":28,"infinitespire:Magic Flask":98,"infinitespire:EvilPickle":37,"SlaversCollar":35,"DDmod:StuhbiRelic":121,"infinitespire:Lychee Nut":112,"infinitespire:Broken Mirror":135,"MutagenicStrength":57,"Lantern":28,"Magic Flower":75,"StoneCalendar":19,"Blue Doll":177,"King of Hearts":46,"Bag of Preparation":85,"Smiling Mask":66,"Ancient Tea Set":88,"Burning Blood":0,"Shovel":82,"hubris:ScarierMask":97,"WingedGreaves":100,"energizedSpire:DecayingSkull":32,"hubris:GlazedTorus":90,"Potion Belt":44,"Lee\u0027s Waffle":164,"infinitespire:Lucky Rock":28,"Frozen Egg 2":75,"hubris:Towel":167,"energizedSpire:SpiderWeb":173,"MawBank":94,"Replay:Arrowhead":169,"Busted Crown":125,"Ornamental Fan":35,"hubris:Spice":43,"Bloody Idol":100,"Turnip":44,"Garlic":148,"ReplayTheSpireMod:Lightbulb":35,"infinitespire:Midas Blood":89,"Tiny House":9,"CeramicFish":90,"Vajra":84,"Sozu":37,"Centennial Puzzle":125,"HornCleat":101,"DollysMirror":90,"hubris:DuctTape":44,"Replay:Grab Bag":173,"Oddly Smooth Stone":13,"infinitespire:Beetle Shell":77,"Ring of Chaos":130,"Letter Opener":35,"War Paint":4,"Replay:Baseball":59,"ReplayTheSpireMod:Spearhead":94,"ReplayTheSpireMod:Shallot":23,"Bronze Scales":89,"Simple Rune":155,"hubris:ToyBattleship":6,"infinitespire:EmpoweringShard":13,"Nloth\u0027s Gift":177,"Meat on the Bone":57,"SacredBark":173,"Black Blood":65,"Mango":93,"hubris:SlimyHat":46,"Replay:Mystery Machine":40,"ClockworkSouvenir":122,"Replay:Bandana":13,"Dream Catcher":83,"Nunchaku":175,"TheAbacus":6,"hubris:Icosahedron":98,"hubris:Stopwatch":58,"Gambling Chip":170,"Gremlin Food":89,"ReplayTheSpireMod:Ninjato":46,"Quantum Egg":6,"Replay:WaspNest":168,"Odd Mushroom":112,"Mercury Hourglass":89,"Calling Bell":44,"Peace Pipe":84,"keyreminder:keyreminder":165,"Anchor":89,"CaptainsWheel":101,"infinitespire:WardingShard":40,"Another Sword":106,"Bag of Marbles":89,"Snack Pack":136,"Coffee Dripper":161,"Membership Card":28,"DDmod:BarbedSlagRelic":35},{"Whetstone":10,"Sling":91,"Boot":267,"Blood Vial":307,"HandDrill":204,"Runic Cube":76,"Pear":257,"Blue Candle":136,"infinitespire:Magic Flask":297,"infinitespire:EvilPickle":161,"SlaversCollar":153,"DDmod:StuhbiRelic":407,"infinitespire:Lychee Nut":365,"infinitespire:Broken Mirror":495,"MutagenicStrength":204,"Lantern":136,"Magic Flower":237,"StoneCalendar":95,"Blue Doll":702,"King of Hearts":186,"Bag of Preparation":254,"Smiling Mask":223,"Ancient Tea Set":258,"Burning Blood":0,"Shovel":249,"hubris:ScarierMask":294,"WingedGreaves":311,"energizedSpire:DecayingSkull":146,"hubris:GlazedTorus":267,"Potion Belt":184,"Lee\u0027s Waffle":646,"infinitespire:Lucky Rock":136,"Frozen Egg 2":237,"hubris:Towel":665,"energizedSpire:SpiderWeb":688,"MawBank":279,"Replay:Arrowhead":669,"Busted Crown":431,"Ornamental Fan":153,"hubris:Spice":179,"Bloody Idol":311,"Turnip":184,"Garlic":559,"ReplayTheSpireMod:Lightbulb":153,"infinitespire:Midas Blood":264,"Tiny House":46,"CeramicFish":267,"Vajra":252,"Sozu":161,"Centennial Puzzle":431,"HornCleat":316,"DollysMirror":267,"hubris:DuctTape":184,"Replay:Grab Bag":688,"Oddly Smooth Stone":62,"infinitespire:Beetle Shell":240,"Ring of Chaos":462,"Letter Opener":153,"War Paint":22,"Replay:Baseball":209,"ReplayTheSpireMod:Spearhead":279,"ReplayTheSpireMod:Shallot":115,"Bronze Scales":264,"Simple Rune":605,"hubris:ToyBattleship":31,"infinitespire:EmpoweringShard":62,"Nloth\u0027s Gift":702,"Meat on the Bone":204,"SacredBark":688,"Black Blood":222,"Mango":275,"hubris:SlimyHat":186,"Replay:Mystery Machine":169,"ClockworkSouvenir":412,"Replay:Bandana":62,"Dream Catcher":250,"Nunchaku":696,"TheAbacus":31,"hubris:Icosahedron":297,"hubris:Stopwatch":207,"Gambling Chip":674,"Gremlin Food":264,"ReplayTheSpireMod:Ninjato":186,"Quantum Egg":31,"Replay:WaspNest":668,"Odd Mushroom":365,"Mercury Hourglass":264,"Calling Bell":184,"Peace Pipe":252,"keyreminder:keyreminder":652,"Anchor":264,"CaptainsWheel":316,"infinitespire:WardingShard":169,"Another Sword":348,"Bag of Marbles":264,"Snack Pack":498,"Coffee Dripper":628,"Membership Card":136,"DDmod:BarbedSlagRelic":153}],"Burning Blood":558,"Mercury Hourglass":[349]},"card_choices":[{"not_picked":["ReplayTheSpireMod:Strike From Hell","Havoc"],"picked":"Shrug It Off","floor":1},{"not_picked":["Anger","Feel No Pain","Run Through"],"picked":"SKIP","floor":5},{"not_picked":["DDmod:CallousedSkill","ReplayTheSpireMod:Stacked"],"picked":"hubris:ReadiedAction","floor":8},{"not_picked":["Heavy Blade","ReplayTheSpireMod:Limb From Limb"],"picked":"ReplayTheSpireMod:Stacked","floor":10},{"not_picked":["Clothesline","ReplayTheSpireMod:Strike From Hell","Havoc"],"picked":"SKIP","floor":11},{"not_picked":["ReplayTheSpireMod:LeadingStrike","Cleave"],"picked":"DDmod:UnstoppableAttack","floor":14},{"not_picked":["Double Tap","DDmod:SpikeShotSkill"],"picked":"Barricade","floor":16},{"not_picked":["Rampage","ReplayTheSpireMod:Muscle Training","ReplayTheSpireMod:Strike From Hell"],"picked":"SKIP","floor":18},{"not_picked":["Flex","Shrug It Off"],"picked":"DDmod:SpikedSkill","floor":19},{"not_picked":["Burning Pact","Pommel Strike","hubris:ReadiedAction"],"picked":"SKIP","floor":21},{"not_picked":["Armaments","Thunderclap","Warcry+1"],"picked":"SKIP","floor":24},{"not_picked":["Heavy Blade","Double Tap","Cleave"],"picked":"SKIP","floor":28},{"not_picked":["Iron Wave","hubris:ReadiedAction","DDmod:UnstoppableAttack"],"picked":"SKIP","floor":29},{"not_picked":["hubris:ReadiedAction","DDmod:UnstoppableAttack"],"picked":"Iron Wave","floor":29},{"not_picked":["True Grit+1","DDmod:PokeAttack"],"picked":"ReplayTheSpireMod:Stacked+1","floor":31},{"not_picked":["Clothesline","Sword Boomerang+1"],"picked":"Iron Wave","floor":35},{"not_picked":["Thunderclap+1","infinitespire:OneForAll"],"picked":"Sentinel","floor":37},{"not_picked":["Heavy Blade+1","DDmod:EasePowerCard","Warcry+1"],"picked":"SKIP","floor":38}],"player_experience":2759994,"relics_obtained":[{"floor":9,"key":"Replay:Arrowhead"},{"floor":10,"key":"Gambling Chip"},{"floor":26,"key":"Blue Doll"}],"event_choices":[{"damage_healed":0,"gold_gain":0,"player_choice":"Ignored","damage_taken":702,"max_hp_gain":0,"max_hp_loss":0,"event_name":"betterThird:BetterSerpent","floor":2,"gold_loss":0},{"damage_healed":0,"gold_gain":0,"player_choice":"Traded Relic","damage_taken":0,"relics_obtained":["Nloth\u0027s Gift"],"max_hp_gain":0,"max_hp_loss":0,"event_name":"N\u0027loth","floor":27,"relics_lost":["Replay:Arrowhead"],"gold_loss":0},{"damage_healed":0,"gold_gain":0,"player_choice":"Ignored","damage_taken":0,"max_hp_gain":0,"max_hp_loss":0,"event_name":"betterThird:BetterPortal","floor":36,"gold_loss":0}],"is_beta":false,"boss_relics":[{"not_picked":["hubris:GrandSneckoEye","ReplayTheSpireMod:SealedPack"],"picked":"Replay:Grab Bag"},{"not_picked":["Replay:Wanted Poster","Ectoplasm"],"picked":"energizedSpire:SpiderWeb"},{"not_picked":["energizedSpire:EnergizedDie","Fusion Hammer"],"picked":"Coffee Dripper"},{"not_picked":["Runic Pyramid","Empty Cage"],"picked":"SacredBark"},{"not_picked":["infinitespire:Burning Sword","energizedSpire:StickyHand","hubris:HollowSoul"]}],"items_purged_floors":[7,13,20,22],"is_endless":false,"potions_floor_spawned":[10,11,19,21,29,35],"killed_by":"Transient","ascension_level":0}}