{"host":"i7jfea87xc8lz16p","time":1610813308,"event":{"mods":["AchievementEnabler","BaseMod","Colored Powertips","Minty Spire (QoL Compilation)","Relic Stats"],"gold_per_floor":[113,113,130,130,130,130,130],"floor_reached":6,"language":"ENG","playtime":173,"items_purged":[],"score":68,"play_id":"b1bf71c0-7887-4baf-add2-5ddc0be4d7eb","local_time":"20210116170828","is_ascension_mode":true,"campfire_choices":[],"circlet_count":0,"master_deck":["AscendersBane","Strike_R","Strike_R","Strike_R","Strike_R","Strike_R","Defend_R","Defend_R","Defend_R","Defend_R","Bash","Headbutt","Shockwave"],"relics":["SlaversCollar","Self Forming Clay","Tiny Chest"],"acts_visited":["Exordium"],"potions_floor_usage":[6],"damage_taken":[{"damage":5,"enemies":"2 Louse","floor":1,"turns":4},{"damage":14,"enemies":"Jaw Worm","floor":3,"turns":5},{"damage":32,"enemies":"Lagavulin","floor":6,"turns":7}],"seed_played":"7980479524313587079","potions_obtained":[{"floor":1,"key":"EssenceOfSteel"}],"is_trial":false,"path_per_floor":["M","?","M","?","T","E"],"character_chosen":"IRONCLAD","items_purchased":[],"campfire_rested":0,"item_purchase_floors":[],"current_hp_per_floor":[63,45,31,31,31,0,0],"gold":130,"neow_bonus":"BOSS_RELIC","is_daily":false,"chose_seed":false,"campfire_upgraded":0,"win_rate":0.0,"timestamp":1610813308,"path_taken":["M","?","M","?","?","E"],"items_purchased_type":[],"build_version":"2020-12-22","purchased_purges":0,"victory":false,"max_hp_per_floor":[75,75,75,75,75,75,75],"relic_stats":{"counters":[3,16],"Self Forming Clay":[15],"Tiny Chest":0,"obtain_stats":[{"SlaversCollar":0,"Self Forming Clay":2,"Tiny Chest":5,"Burning Blood":0},{"SlaversCollar":0,"Self Forming Clay":1,"Tiny Chest":2,"Burning Blood":0},{"SlaversCollar":0,"Self Forming Clay":4,"Tiny Chest":9,"Burning Blood":0}]},"card_choices":[{"not_picked":["Disarm","Heavy Blade"],"picked":"Headbutt","floor":1},{"not_picked":["Rupture","Shrug It Off"],"picked":"Shockwave","floor":3}],"player_experience":1781417,"relics_obtained":[{"floor":5,"key":"Tiny Chest"}],"event_choices":[{"damage_healed":0,"gold_gain":0,"player_choice":"Success","damage_taken":18,"relics_obtained":["Self Forming Clay"],"max_hp_gain":0,"max_hp_loss":0,"event_name":"Scrap Ooze","floor":2,"gold_loss":0},{"damage_healed":0,"gold_gain":0,"player_choice":"Ignored","damage_taken":0,"max_hp_gain":0,"max_hp_loss":0,"event_name":"Liars Game","floor":4,"gold_loss":0}],"is_beta":false,"boss_relics":[],"items_purged_floors":[],"is_endless":false,"potions_floor_spawned":[1],"killed_by":"Lagavulin","ascension_level":20}}