{"host":"g2yp6paluzgljz05","time":1610801649,"event":{"mods":["BaseMod","Bestiary","Colored Powertips","DeckTracker","Highlight Path","Minty Spire (QoL Compilation)","Quick Restart"],"gold_per_floor":[110,126,126,140,65,91,91,118,141,42,104,104,133,133,133,238,238,256,271,271,271,171,171,206,206,230,244,244,244,244,119,119,119,119],"floor_reached":33,"language":"ENG","playtime":1964,"items_purged":["Strike_R","Defend_R","Defend_R"],"score":332,"play_id":"a6d7a22d-e1ed-44ed-b03a-d1fc07828b13","local_time":"20210116235409","is_ascension_mode":true,"campfire_choices":[{"data":"Uppercut","floor":7,"key":"SMITH"},{"data":"Havoc","floor":12,"key":"SMITH"},{"data":"Dark Embrace","floor":15,"key":"SMITH"},{"data":"Warcry","floor":23,"key":"SMITH"},{"floor":28,"key":"REST"},{"data":"Berserk","floor":30,"key":"SMITH"},{"data":"Burning Pact","floor":32,"key":"SMITH"}],"circlet_count":0,"master_deck":["Strike_R","Strike_R","Strike_R","Strike_R","Defend_R","Bash","Anger","Uppercut+1","Anger","Shrug It Off","Havoc+1","Warcry+1","Dark Embrace+1","Sentinel","Berserk+1","Burning Pact+1","Battle Trance"],"relics":["Burning Blood","NeowsBlessing","Toy Ornithopter","Strawberry","Dream Catcher","MealTicket","Matryoshka","Potion Belt","Mark of Pain","Anchor","Boot","Art of War","MutagenicStrength"],"acts_visited":["Exordium","TheCity"],"potions_floor_usage":[11,13,24,24,27,33],"damage_taken":[{"damage":0,"enemies":"Jaw Worm","floor":1,"turns":1},{"damage":0,"enemies":"Cultist","floor":2,"turns":1},{"damage":0,"enemies":"2 Louse","floor":4,"turns":1},{"damage":26,"enemies":"Gremlin Nob","floor":6,"turns":4},{"damage":37,"enemies":"3 Sentries","floor":8,"turns":7},{"damage":22,"enemies":"3 Sentries","floor":11,"turns":7},{"damage":5,"enemies":"Gremlin Nob","floor":13,"turns":3},{"damage":29,"enemies":"Hexaghost","floor":16,"turns":9},{"damage":27,"enemies":"3 Byrds","floor":18,"turns":6},{"damage":21,"enemies":"Chosen","floor":19,"turns":6},{"damage":34,"enemies":"Gremlin Leader","floor":24,"turns":6},{"damage":61,"enemies":"Sentry and Sphere","floor":27,"turns":7},{"damage":70,"enemies":"Collector","floor":33,"turns":4}],"seed_played":"-7285531957235231795","potions_obtained":[{"floor":2,"key":"AttackPotion"},{"floor":4,"key":"DistilledChaos"},{"floor":8,"key":"BlessingOfTheForge"},{"floor":13,"key":"AttackPotion"},{"floor":19,"key":"DistilledChaos"},{"floor":24,"key":"BloodPotion"}],"is_trial":false,"path_per_floor":["M","M","?","M","$","E","R","E","T","$","?","R","E","?","R","B",null,"M","M","?","?","$","R","E","?","T","M","R","?","R","$","R","B"],"character_chosen":"IRONCLAD","items_purchased":["Havoc","Warcry"],"campfire_rested":1,"item_purchase_floors":[10,10],"current_hp_per_floor":[80,80,80,80,80,67,67,36,36,51,40,40,46,75,75,52,87,66,51,51,51,66,66,48,48,48,15,41,41,41,56,56,0,0],"gold":119,"neow_bonus":"THREE_ENEMY_KILL","is_daily":false,"chose_seed":false,"campfire_upgraded":6,"win_rate":0.0,"timestamp":1610801649,"path_taken":["M","M","?","?","$","E","R","E","T","$","?","R","E","?","R","BOSS","M","M","?","?","$","R","E","?","T","?","R","?","R","$","R","BOSS"],"items_purchased_type":["Card","Card"],"build_version":"2020-12-22","purchased_purges":3,"victory":false,"max_hp_per_floor":[80,80,80,80,80,87,87,87,87,87,87,87,87,87,87,87,87,87,87,87,87,87,87,87,87,87,87,87,87,87,87,87,87,87],"card_choices":[{"not_picked":["Warcry","Whirlwind"],"picked":"Anger","floor":1},{"not_picked":["Infernal Blade","Perfected Strike"],"picked":"Uppercut","floor":2},{"not_picked":["Perfected Strike","Flame Barrier"],"picked":"Anger","floor":4},{"not_picked":["Combust","Second Wind"],"picked":"Shrug It Off","floor":6},{"not_picked":["Spot Weakness","Dropkick","Wild Strike"],"picked":"SKIP","floor":8},{"not_picked":["Body Slam","Feel No Pain"],"picked":"Dark Embrace","floor":13},{"not_picked":["Cleave+1","Perfected Strike"],"picked":"Sentinel","floor":18},{"not_picked":["Clothesline","Whirlwind+1","Pummel+1"],"picked":"SKIP","floor":19},{"not_picked":["Anger","Warcry"],"picked":"Berserk","floor":24},{"not_picked":["Sword Boomerang","Perfected Strike"],"picked":"Burning Pact","floor":27},{"not_picked":["Rage+1","Seeing Red"],"picked":"Battle Trance","floor":28}],"player_experience":198416,"relics_obtained":[{"floor":3,"key":"Toy Ornithopter"},{"floor":6,"key":"Strawberry"},{"floor":8,"key":"Dream Catcher"},{"floor":9,"key":"MealTicket"},{"floor":11,"key":"Matryoshka"},{"floor":13,"key":"Potion Belt"},{"floor":24,"key":"Anchor"},{"floor":26,"key":"Boot"},{"floor":26,"key":"Art of War"}],"event_choices":[{"damage_healed":0,"gold_gain":0,"player_choice":"Relic","damage_taken":0,"max_hp_gain":0,"max_hp_loss":0,"event_name":"Wheel of Change","floor":3,"gold_loss":0},{"damage_healed":0,"gold_gain":0,"player_choice":"Searched \u00271\u0027 times","damage_taken":0,"max_hp_gain":0,"max_hp_loss":0,"event_name":"Dead Adventurer","floor":11,"gold_loss":0},{"damage_healed":29,"gold_gain":0,"player_choice":"Banana","damage_taken":0,"max_hp_gain":0,"max_hp_loss":0,"event_name":"Big Fish","floor":14,"gold_loss":0},{"damage_healed":0,"gold_gain":0,"player_choice":"Ignored","damage_taken":0,"max_hp_gain":0,"max_hp_loss":0,"event_name":"Ghosts","floor":20,"gold_loss":0},{"damage_healed":0,"gold_gain":0,"player_choice":"Ignored","damage_taken":0,"max_hp_gain":0,"max_hp_loss":0,"event_name":"Vampires","floor":21,"gold_loss":0},{"cards_removed":["Defend_R"],"damage_healed":0,"gold_gain":0,"player_choice":"Card Removal","damage_taken":0,"max_hp_gain":0,"max_hp_loss":0,"event_name":"Wheel of Change","floor":25,"gold_loss":0},{"damage_healed":0,"gold_gain":0,"player_choice":"Inject Mutagens","damage_taken":0,"relics_obtained":["MutagenicStrength"],"max_hp_gain":0,"max_hp_loss":0,"event_name":"Drug Dealer","floor":29,"gold_loss":0}],"is_beta":false,"boss_relics":[{"not_picked":["Astrolabe","SacredBark"],"picked":"Mark of Pain"}],"items_purged_floors":[5,22,31],"is_endless":false,"potions_floor_spawned":[2,4,8,13,19,24],"killed_by":"Collector","ascension_level":4}}