{"host":"ertz0a1vw3taca14","time":1610783589,"event":{"mods":["BaseMod","Downfall","KinomotoSakuraMod(ƒæ÷Æ±æ”£)","Luminous","Marisa£®ÏF”Í°°ƒß¿Ì…≥£©","Minty Spire (QoL Compilation)","Remilia£®¿Ÿ√◊¿Ú—«£©","StSLib","The Administrix","The Servant 0.9.4","Yakumo Yukari mod","Youmu£®ªÍ∆«—˝√Œ£©","Yuyuko"],"gold_per_floor":[111,186,204,220,239,269,280,251,302,337,337,357,387,259,259,362,362,372,372,388,144,144,173,173,199,199,217,236,248,280,296,296,401,401,411,423,423,47,47,81,81,111,111,144,144,144,144,144,12,12],"floor_reached":51,"language":"ZHS","playtime":2253,"items_purged":["Defend_RM","Defend_RM","RedMoon"],"score":1364,"play_id":"421b8743-ab08-49d6-81f2-134d985c76aa","local_time":"20210116155309","is_ascension_mode":true,"campfire_choices":[{"floor":15.0,"key":"RECALL"},{"floor":24.0,"key":"REST"},{"data":"QueenOfMidnight","floor":32.0,"key":"SMITH"},{"data":"TransientEternity","floor":41.0,"key":"SMITH"},{"data":"ScarletNetherworld","floor":48.0,"key":"SMITH"}],"circlet_count":0,"master_deck":["ScarletShoot","VampirishNight","GlobalNightmare","HunterOfTheNight","RedRainbow","StarOfDavid+1","StarOfDavid+1","DemonKingCradle","SuperhumanBloodyKnife","QueenOfMidnight+1","HunterOfTheNight","FitfulNightmare","BombardNight","CharismaGuard","BatForm","CurseOfTheBell","VampireClaw","ScarletGensokyo","BloodyHallows","ScarletNetherworld+1","MastersStateliness+1","MastersStateliness+1","ForecastOfChange","VampireSweep","NightDance","Stigmanizer+1","TransientEternity+1","BloodAndWine","UnstableMagic+1","TwelveNightmare+1","ScarletImprint+1","Pain","RedMagic+1","HeartBreak"],"relics":["ScarletHat","Akabeko","Bottled Lightning","Centennial Puzzle","Calling Bell","Toy Ornithopter","Shuriken","Lizard Tail","TheAbacus","FairyMaid","Dream Catcher","Mercury Hourglass","Happy Flower","Cursed Key","Meat on the Bone","FossilizedHelix","Whetstone","ScarletDevilRocket","Bag of Marbles"],"acts_visited":["Exordium","TheCity","TheBeyond","TheEnding"],"potions_floor_usage":[50],"damage_taken":[{"damage":0.0,"enemies":"Small Slimes","floor":1.0,"turns":4.0},{"damage":5.0,"enemies":"Cultist","floor":3.0,"turns":4.0},{"damage":3.0,"enemies":"Jaw Worm","floor":4.0,"turns":3.0},{"damage":0.0,"enemies":"Looter","floor":5.0,"turns":1.0},{"damage":6.0,"enemies":"Gremlin Nob","floor":6.0,"turns":3.0},{"damage":5.0,"enemies":"2 Fungi Beasts","floor":7.0,"turns":4.0},{"damage":14.0,"enemies":"3 Sentries","floor":10.0,"turns":7.0},{"damage":14.0,"enemies":"Exordium Thugs","floor":12.0,"turns":4.0},{"damage":2.0,"enemies":"Gremlin Nob","floor":13.0,"turns":3.0},{"damage":3.0,"enemies":"Slime Boss","floor":16.0,"turns":4.0},{"damage":15.0,"enemies":"2 Thieves","floor":18.0,"turns":2.0},{"damage":16.0,"enemies":"Spheric Guardian","floor":20.0,"turns":4.0},{"damage":48.0,"enemies":"Book of Stabbing","floor":23.0,"turns":5.0},{"damage":32.0,"enemies":"Gremlin Leader","floor":25.0,"turns":4.0},{"damage":22.0,"enemies":"Centurion and Healer","floor":27.0,"turns":5.0},{"damage":6.0,"enemies":"Shelled Parasite and Fungi","floor":28.0,"turns":3.0},{"damage":6.0,"enemies":"Sentry and Sphere","floor":29.0,"turns":3.0},{"damage":11.0,"enemies":"Book of Stabbing","floor":30.0,"turns":5.0},{"damage":11.0,"enemies":"3 Cultists","floor":31.0,"turns":3.0},{"damage":53.0,"enemies":"Collector","floor":33.0,"turns":5.0},{"damage":6.0,"enemies":"3 Shapes","floor":35.0,"turns":1.0},{"damage":8.0,"enemies":"Orb Walker","floor":36.0,"turns":2.0},{"damage":120.0,"enemies":"Giant Head","floor":40.0,"turns":4.0},{"damage":6.0,"enemies":"Nemesis","floor":42.0,"turns":5.0},{"damage":12.0,"enemies":"Reptomancer","floor":44.0,"turns":3.0},{"damage":52.0,"enemies":"Donu and Deca","floor":46.0,"turns":4.0},{"damage":91,"enemies":"The Heart","floor":50,"turns":9}],"seed_played":"8362508564957223946","potions_obtained":[{"floor":1.0,"key":"ColorlessPotion"},{"floor":4.0,"key":"PowerPotion"},{"floor":5.0,"key":"DestinyDice"},{"floor":7.0,"key":"AttackPotion"},{"floor":10.0,"key":"CultistPotion"},{"floor":16.0,"key":"Dexterity Potion"},{"floor":18.0,"key":"Swift Potion"},{"floor":20.0,"key":"Slimebound:ThreeZeroPotion"},{"floor":25.0,"key":"Fire Potion"},{"floor":33.0,"key":"Fire Potion"},{"floor":35.0,"key":"FearPotion"},{"floor":42.0,"key":"Guardian:BlockOnCardUsePotion"}],"is_trial":false,"path_per_floor":["M","?","M","M","M","E","M","?","T","E","?","M","E","$","R","B",null,"M","?","M","$","?","E","R","E","T","M","M","M","E","M","R","B",null,"M","M","?","$","?","E","R","E","T","E","?","B",null,"R","$","B",null],"character_chosen":"REMILIA","items_purchased":["CharismaGuard","TheAbacus","Meat on the Bone","HeartBreak","Block Potion"],"campfire_rested":1,"item_purchase_floors":[14,21,38,49,49],"current_hp_per_floor":[68,62,63,66,68,65,64,64,64,57,50,40,44,44,44,44,68,53,53,43,43,43,18,38,68,68,57,62,62,61,68,68,52,68,63,63,63,63,63,68,68,68,68,68,68,68,68,68,68,65],"gold":12,"neow_bonus":"TRANSFORM_TWO_CARDS","is_daily":false,"chose_seed":false,"campfire_upgraded":3,"win_rate":0.0,"timestamp":1610783589,"path_taken":["M","?","?","M","M","E","M","?","T","E","?","M","E","$","R","BOSS","M","?","M","$","?","E","R","E","T","M","M","?","E","M","R","BOSS","M","M","?","$","?","E","R","E","T","E","?","BOSS","R","$","BOSS"],"items_purchased_type":["Card","Relic","Relic","Card","Potion"],"build_version":"2020-12-22","purchased_purges":3,"victory":true,"max_hp_per_floor":[68,68,68,68,68,68,68,68,68,68,68,68,68,68,68,68,68,68,68,68,68,68,68,68,68,68,68,68,68,68,68,68,68,68,68,68,68,68,68,68,68,68,68,68,68,68,68,68,68,68],"card_choices":[{"not_picked":["ScarletImprint","ScarletDevil"],"picked":"HunterOfTheNight","floor":1.0},{"not_picked":["RedMagic","GlobalNightmare"],"picked":"RedRainbow","floor":3.0},{"not_picked":["FavorOfDestiny","UnderTheZenith"],"picked":"StarOfDavid","floor":4.0},{"not_picked":["BlasphemousPunishment","UnstableMagic"],"picked":"StarOfDavid","floor":5.0},{"not_picked":["LeisurelyOfLord","VampireSweep"],"picked":"DemonKingCradle","floor":6.0},{"not_picked":["BloodHunter","CharismaGuard"],"picked":"SuperhumanBloodyKnife","floor":7.0},{"not_picked":["BlasphemousPunishment","DiffusionOfMisfortune"],"picked":"QueenOfMidnight","floor":10.0},{"not_picked":["UltimateOffering","FavorOfDestiny"],"picked":"HunterOfTheNight","floor":10.0},{"not_picked":["MastersStateliness","CharismaGuard"],"picked":"FitfulNightmare","floor":12.0},{"not_picked":["RedRainbow","VampirishNight"],"picked":"BombardNight","floor":13.0},{"not_picked":["EquivalentExchange","CurseOfVladTepes"],"picked":"BatForm","floor":16.0},{"not_picked":["CharismaGuard","RedRainbow"],"picked":"VampireClaw","floor":18.0},{"not_picked":["UnderTheZenith","ChainGang"],"picked":"ScarletNetherworld","floor":20.0},{"not_picked":["BloodHunter","FavorOfDestiny"],"picked":"MastersStateliness+1","floor":23.0},{"not_picked":["VampireFantasy","VampireKiss"],"picked":"MastersStateliness+1","floor":25.0},{"not_picked":["MastersStateliness","HunterOfTheNight"],"picked":"ForecastOfChange","floor":27.0},{"not_picked":["ReincarnationDial","EndlessAdversity"],"picked":"VampireSweep","floor":28.0},{"not_picked":["VampirishNight","ScarletImprint"],"picked":"BombardNight+1","floor":29.0},{"not_picked":["EndlessAdversity","AfternoonTea"],"picked":"NightDance","floor":30.0},{"not_picked":["BloodHunter","RedRainbow"],"picked":"Stigmanizer+1","floor":31.0},{"not_picked":["BatForm","BloodyHallows"],"picked":"TransientEternity","floor":33.0},{"not_picked":["BombardNight","Septette+1"],"picked":"BloodAndWine","floor":35.0},{"not_picked":["FitfulNightmare","BlasphemousPunishment"],"picked":"UnstableMagic+1","floor":36.0},{"not_picked":["FitfulNightmare+1","BombardNight"],"picked":"TwelveNightmare+1","floor":40.0},{"not_picked":["UnstableMagic","StarOfDavid+1"],"picked":"ScarletImprint+1","floor":42.0},{"not_picked":["FavorOfDestiny","FitfulNightmare"],"picked":"RedMagic+1","floor":44.0}],"player_experience":153238,"relics_obtained":[{"floor":6.0,"key":"Akabeko"},{"floor":10.0,"key":"Bottled Lightning"},{"floor":13.0,"key":"Centennial Puzzle"},{"floor":17.0,"key":"Toy Ornithopter"},{"floor":17.0,"key":"Shuriken"},{"floor":17.0,"key":"Lizard Tail"},{"floor":23.0,"key":"FairyMaid"},{"floor":25.0,"key":"Dream Catcher"},{"floor":26.0,"key":"Mercury Hourglass"},{"floor":30.0,"key":"Happy Flower"},{"floor":40.0,"key":"FossilizedHelix"},{"floor":42.0,"key":"Whetstone"},{"floor":43.0,"key":"ScarletDevilRocket"},{"floor":44.0,"key":"Bag of Marbles"}],"event_choices":[{"damage_healed":0.0,"max_hp_gain":0.0,"max_hp_loss":0.0,"gold_gain":75.0,"event_name":"FaceTrader","player_choice":"Touch","floor":2.0,"gold_loss":0.0,"damage_taken":6.0},{"damage_healed":0.0,"max_hp_gain":0.0,"max_hp_loss":0.0,"gold_gain":0.0,"event_name":"World of Goop","player_choice":"Left Gold","floor":8.0,"gold_loss":29.0,"damage_taken":0.0},{"cards_removed":["Strike_RM"],"damage_healed":0.0,"max_hp_gain":0.0,"max_hp_loss":0.0,"gold_gain":0.0,"event_name":"Golden Wing","player_choice":"Card Removal","floor":11.0,"gold_loss":0.0,"damage_taken":7.0},{"damage_healed":0.0,"max_hp_gain":0.0,"max_hp_loss":0.0,"gold_gain":0.0,"cards_transformed":["Defend_RM","Strike_RM"],"event_name":"Drug Dealer","player_choice":"Became Test Subject","floor":19.0,"gold_loss":0.0,"damage_taken":0.0,"cards_obtained":["ScarletGensokyo","BloodyHallows"]},{"cards_removed":["Strike_RM"],"damage_healed":0.0,"max_hp_gain":0.0,"max_hp_loss":0.0,"gold_gain":0.0,"event_name":"Purifier","player_choice":"Purged","floor":22.0,"gold_loss":0.0,"damage_taken":0.0},{"damage_healed":0.0,"max_hp_gain":0.0,"max_hp_loss":0.0,"gold_gain":0.0,"event_name":"Tomb of Lord Red Mask","player_choice":"Ignored","floor":37.0,"gold_loss":0.0,"damage_taken":0.0},{"cards_removed":["BombardNight"],"damage_healed":0.0,"max_hp_gain":0.0,"max_hp_loss":0.0,"gold_gain":0.0,"event_name":"Falling","player_choice":"Removed Attack","floor":39.0,"gold_loss":0.0,"damage_taken":0.0},{"damage_healed":0.0,"max_hp_gain":0.0,"max_hp_loss":0.0,"gold_gain":0.0,"event_name":"SecretPortal","player_choice":"Took Portal","floor":45.0,"gold_loss":0.0,"damage_taken":0.0}],"is_beta":false,"boss_relics":[{"not_picked":["Snecko Eye","Runic Dome"],"picked":"Calling Bell"},{"not_picked":["Philosopher\u0027s Stone","bronze:MakeshiftBattery"],"picked":"Cursed Key"}],"items_purged_floors":[14,21,38],"is_endless":false,"potions_floor_spawned":[1,4,5,7,10,16,18,20,25,33,35,42],"ascension_level":1}}