{"host":"6yklbc9za0aylqsj","time":1610823728,"event":{"mods":["AchievementEnabler","BaseMod","Bestiary","Colored Map","Colored Powertips","Minty Spire (QoL Compilation)","Rare Cards Sparkle","Relic Stats","Slay-I","StSLib"],"gold_per_floor":[118,129,129,147,160,186,186,215,215,229,242,269,269,344,344,449,449,461,479,496,516,528,558,558,558,558,572,572,606,625,645,645,645,645],"floor_reached":33,"language":"ENG","playtime":1516,"items_purged":[],"score":329,"play_id":"946fb4b9-a128-4d0f-875a-e7b449563aef","local_time":"20210116200208","is_ascension_mode":true,"campfire_choices":[{"floor":13.0,"key":"REST"},{"data":"Phantasmal Killer","floor":15.0,"key":"SMITH"},{"data":"After Image","floor":24.0,"key":"SMITH"},{"floor":32,"key":"REST"}],"circlet_count":0,"master_deck":["Strike_G","Strike_G","Strike_G","Strike_G","Defend_G","Defend_G","Defend_G","Defend_G","Defend_G","Survivor","Neutralize","Unload","Blade Dance","Sucker Punch","Noxious Fumes","Crippling Poison","Phantasmal Killer+1","After Image+1","Escape Plan+1","Cloak And Dagger+1","Dodge and Roll+1","Cloak And Dagger+1","Leg Sweep+1","Deflect+1","Catalyst+1","All Out Attack","Backflip+1"],"relics":["Ring of the Snake","Ancient Tea Set","Ginger","Blue Candle","Toxic Egg 2","HoveringKite","Ninja Scroll","Lantern"],"acts_visited":["TheCity"],"potions_floor_usage":[31,33],"damage_taken":[{"damage":0.0,"enemies":"2 Louse","floor":1.0,"turns":3.0},{"damage":2.0,"enemies":"Small Slimes","floor":2.0,"turns":2.0},{"damage":0.0,"enemies":"Jaw Worm","floor":4.0,"turns":3.0},{"damage":0.0,"enemies":"Exordium Wildlife","floor":5.0,"turns":4.0},{"damage":24.0,"enemies":"Gremlin Nob","floor":6.0,"turns":5.0},{"damage":18.0,"enemies":"3 Sentries","floor":8.0,"turns":10.0},{"damage":2.0,"enemies":"Exordium Thugs","floor":10.0,"turns":6.0},{"damage":1.0,"enemies":"Blue Slaver","floor":11.0,"turns":4.0},{"damage":18.0,"enemies":"Gremlin Nob","floor":12.0,"turns":4.0},{"damage":5.0,"enemies":"Hexaghost","floor":16.0,"turns":7.0},{"damage":6.0,"enemies":"Shell Parasite","floor":18.0,"turns":6.0},{"damage":18.0,"enemies":"2 Thieves","floor":19.0,"turns":5.0},{"damage":11.0,"enemies":"Sentry and Sphere","floor":20.0,"turns":6.0},{"damage":12.0,"enemies":"Snake Plant","floor":21.0,"turns":6.0},{"damage":1.0,"enemies":"Centurion and Healer","floor":22.0,"turns":8.0},{"damage":6.0,"enemies":"Book of Stabbing","floor":23.0,"turns":7.0},{"damage":0.0,"enemies":"3 Cultists","floor":27.0,"turns":5.0},{"damage":6.0,"enemies":"Slavers","floor":29.0,"turns":7.0},{"damage":7.0,"enemies":"Sentry and Sphere","floor":30.0,"turns":5.0},{"damage":0,"enemies":"Snake Plant","floor":31,"turns":3},{"damage":28,"enemies":"Champ","floor":33,"turns":12}],"seed_played":"-2876685467739186444","potions_obtained":[{"floor":2.0,"key":"DistilledChaos"},{"floor":5.0,"key":"GamblersBrew"},{"floor":8.0,"key":"Strength Potion"},{"floor":10.0,"key":"SkillPotion"},{"floor":18.0,"key":"SkillPotion"},{"floor":20.0,"key":"Energy Potion"},{"floor":22.0,"key":"LiquidMemories"},{"floor":27.0,"key":"Explosive Potion"},{"floor":30.0,"key":"SkillPotion"}],"is_trial":false,"path_per_floor":["M","M","?","M","M","E","?","E","T","M","M","E","R","?","R","B",null,"M","M","M","M","M","E","R","?","T","M","?","E","M","M","R","B"],"character_chosen":"THE_SILENT","items_purchased":[],"campfire_rested":2,"item_purchase_floors":[],"current_hp_per_floor":[70,68,73,73,73,49,42,24,24,22,21,3,25,14,14,9,75,69,51,40,28,27,21,21,21,21,21,15,9,2,2,24,0,0],"gold":645,"neow_bonus":"ONE_RANDOM_RARE_CARD","is_daily":false,"chose_seed":false,"campfire_upgraded":2,"win_rate":0.0,"timestamp":1610823728,"path_taken":["M","M","?","M","M","E","?","E","T","M","M","E","R","?","R","BOSS","M","M","M","M","M","E","R","?","T","M","?","E","M","?","R","BOSS"],"items_purchased_type":[],"build_version":"2020-12-22","purchased_purges":0,"victory":false,"max_hp_per_floor":[70,70,75,75,75,75,75,75,75,75,75,75,75,75,75,75,75,75,75,75,75,75,75,75,75,75,75,75,75,75,75,75,75,75],"relic_stats":{"counters":[21,118],"Blue Candle":[0],"HoveringKite":[24],"Ginger":[17],"obtain_stats":[{"Lantern":29,"Ninja Scroll":23,"Blue Candle":9,"HoveringKite":17,"Ginger":8,"Toxic Egg 2":12,"Ancient Tea Set":6,"Ring of the Snake":0},{"Lantern":18,"Ninja Scroll":16,"Blue Candle":6,"HoveringKite":10,"Ginger":6,"Toxic Egg 2":9,"Ancient Tea Set":5,"Ring of the Snake":0},{"Lantern":98,"Ninja Scroll":86,"Blue Candle":27,"HoveringKite":48,"Ginger":27,"Toxic Egg 2":41,"Ancient Tea Set":17,"Ring of the Snake":0}],"Ring of the Snake":[42]},"card_choices":[{"not_picked":["Dagger Throw","Deflect"],"picked":"Blade Dance","floor":1.0},{"not_picked":["Slice","Blade Dance","Riddle With Holes"],"picked":"SKIP","floor":2.0},{"not_picked":["All Out Attack","Escape Plan"],"picked":"Sucker Punch","floor":4.0},{"not_picked":["Bouncing Flask","Riddle With Holes","Crippling Poison"],"picked":"SKIP","floor":5.0},{"not_picked":["Flechettes","Underhanded Strike","Dodge and Roll"],"picked":"SKIP","floor":6.0},{"not_picked":["Escape Plan","Dodge and Roll"],"picked":"Noxious Fumes","floor":8.0},{"not_picked":["Setup","Dagger Throw"],"picked":"Crippling Poison","floor":10.0},{"not_picked":["Dagger Throw","Underhanded Strike"],"picked":"Phantasmal Killer","floor":11.0},{"not_picked":["Endless Agony","Distraction+1","Riddle With Holes"],"picked":"SKIP","floor":12.0},{"not_picked":["Malaise+1","Night Terror+1"],"picked":"After Image","floor":16.0},{"not_picked":["Outmaneuver+1","Poisoned Stab"],"picked":"Escape Plan+1","floor":18.0},{"not_picked":["Bouncing Flask+1","Distraction+1"],"picked":"Cloak And Dagger+1","floor":19.0},{"not_picked":["Backflip+1","Underhanded Strike"],"picked":"Dodge and Roll+1","floor":20.0},{"not_picked":["Acrobatics+1","Quick Slash"],"picked":"Cloak And Dagger+1","floor":21.0},{"not_picked":["Quick Slash","Expertise+1"],"picked":"Leg Sweep+1","floor":22.0},{"not_picked":["Dagger Throw","Heel Hook"],"picked":"Deflect+1","floor":23.0},{"not_picked":["Flying Knee","Choke"],"picked":"Catalyst+1","floor":27.0},{"not_picked":["Choke","Tools of the Trade","Eviscerate"],"picked":"SKIP","floor":29.0},{"not_picked":["Noxious Fumes","Dodge and Roll+1"],"picked":"All Out Attack","floor":30.0},{"not_picked":["Tactician+1","Dodge and Roll+1"],"picked":"Backflip+1","floor":31}],"player_experience":696908,"relics_obtained":[{"floor":6.0,"key":"Ancient Tea Set"},{"floor":8.0,"key":"Ginger"},{"floor":9.0,"key":"Blue Candle"},{"floor":12.0,"key":"Toxic Egg 2"},{"floor":23.0,"key":"Ninja Scroll"},{"floor":29.0,"key":"Lantern"}],"event_choices":[{"damage_healed":0.0,"max_hp_gain":5.0,"max_hp_loss":0.0,"gold_gain":0.0,"event_name":"Big Fish","player_choice":"Donut","floor":3.0,"gold_loss":0.0,"damage_taken":0.0},{"cards_removed":["Strike_G"],"damage_healed":0.0,"max_hp_gain":0.0,"max_hp_loss":0.0,"gold_gain":0.0,"event_name":"Golden Wing","player_choice":"Card Removal","floor":7.0,"gold_loss":0.0,"damage_taken":7.0},{"damage_healed":0.0,"max_hp_gain":0.0,"max_hp_loss":0.0,"gold_gain":75.0,"event_name":"World of Goop","player_choice":"Gather Gold","floor":14.0,"gold_loss":0.0,"damage_taken":11.0},{"damage_healed":0.0,"max_hp_gain":0.0,"max_hp_loss":0.0,"gold_gain":0.0,"event_name":"Ghosts","player_choice":"Ignored","floor":25.0,"gold_loss":0.0,"damage_taken":0.0},{"damage_healed":0.0,"max_hp_gain":0.0,"max_hp_loss":0.0,"gold_gain":0.0,"event_name":"Knowing Skull","player_choice":"","floor":28.0,"potions_obtained":[],"gold_loss":0.0,"damage_taken":6.0,"cards_obtained":[]}],"is_beta":false,"boss_relics":[{"not_picked":["SacredBark","Snecko Eye"],"picked":"HoveringKite"}],"items_purged_floors":[],"is_endless":false,"potions_floor_spawned":[2,5,8,10,18,20,22,27,30],"killed_by":"Champ","ascension_level":1}}