{"host":"94aus4jnk6thj94q","time":1610834681,"event":{"mods":["BaseMod","Minty Spire (QoL Compilation)","Quick Restart","StSLib"],"gold_per_floor":[16,16,35,51,71,71,411,411,479,497,497,17,35,55,55,179,179,192,208,53,73,98,98,112,112,138,138,0,99,74,93,93,93,93],"floor_reached":33,"language":"ENG","playtime":11832,"items_purged":[],"score":251,"play_id":"de16cd5f-e91e-4411-a1c6-f927feeb3140","local_time":"20210117000441","is_ascension_mode":false,"campfire_choices":[{"data":"1","floor":6,"key":"LIFT"},{"floor":11,"key":"REST"},{"floor":15,"key":"REST"},{"floor":23,"key":"REST"},{"floor":32,"key":"REST"}],"circlet_count":0,"master_deck":["Strike_B","Strike_B","Strike_B","Strike_B","Defend_B","Defend_B","Defend_B","Defend_B","Zap","Dualcast","Injury","Redo","Glacier","Darkness","Ball Lightning","Conserve Battery","Doom and Gloom+1","Redo","Ball Lightning+1","Leap","Core Surge+1","Blizzard+1","Melter+1","Cold Snap+1","Leap","Cold Snap+1","Cold Snap+1","Static Discharge","Regret","Ball Lightning+1","Rainbow"],"relics":["Cracked Core","Girya","Golden Idol","Old Coin","Ginger","Molten Egg 2","Blue Candle","Medical Kit","Cursed Key","MutagenicStrength","Oddly Smooth Stone"],"acts_visited":["Exordium","TheCity"],"potions_floor_usage":[7,21],"damage_taken":[{"damage":3,"enemies":"Small Slimes","floor":1,"turns":3},{"damage":1,"enemies":"Jaw Worm","floor":3,"turns":4},{"damage":1,"enemies":"2 Louse","floor":4,"turns":2},{"damage":0,"enemies":"Looter","floor":5,"turns":4},{"damage":15,"enemies":"3 Sentries","floor":7,"turns":8},{"damage":9,"enemies":"Blue Slaver","floor":10,"turns":3},{"damage":17,"enemies":"Large Slime","floor":13,"turns":4},{"damage":1,"enemies":"2 Fungi Beasts","floor":14,"turns":2},{"damage":41,"enemies":"The Guardian","floor":16,"turns":10},{"damage":14,"enemies":"3 Byrds","floor":18,"turns":4},{"damage":21,"enemies":"2 Thieves","floor":19,"turns":2},{"damage":4,"enemies":"Cultist and Chosen","floor":21,"turns":5},{"damage":6,"enemies":"Snecko","floor":22,"turns":4},{"damage":8,"enemies":"Centurion and Healer","floor":24,"turns":7},{"damage":30,"enemies":"Shelled Parasite and Fungi","floor":31,"turns":4},{"damage":56,"enemies":"Collector","floor":33,"turns":7}],"seed_played":"-7089635595831480138","potions_obtained":[{"floor":4,"key":"Fire Potion"},{"floor":13,"key":"Ancient Potion"},{"floor":16,"key":"SpeedPotion"},{"floor":18,"key":"SpeedPotion"}],"is_trial":false,"path_per_floor":["M","?","M","M","M","R","E","T","T","M","R","$","M","M","R","B",null,"M","M","$","M","M","R","M","?","T","$","?","?","$","M","R","B"],"character_chosen":"DEFECT","items_purchased":["Blue Candle","Medical Kit","Doom and Gloom+1","Redo","Melter+1","Cold Snap+1","Leap","Ball Lightning+1"],"campfire_rested":4,"item_purchase_floors":[12,12,12,12,20,20,20,30],"current_hp_per_floor":[72,72,71,70,70,70,55,55,55,46,68,68,51,50,72,31,75,61,40,40,36,30,52,44,44,44,44,44,44,44,14,36,0,0],"gold":93,"neow_bonus":"ONE_RARE_RELIC","is_daily":false,"chose_seed":false,"campfire_upgraded":0,"win_rate":0.0,"timestamp":1610834681,"path_taken":["M","?","M","M","M","R","E","?","T","M","R","$","M","M","R","BOSS","M","M","$","M","M","R","M","?","T","$","?","?","?","M","R","BOSS"],"items_purchased_type":["Relic","Relic","Card","Card","Card","Card","Card","Card"],"build_version":"2020-12-22","purchased_purges":0,"victory":false,"max_hp_per_floor":[75,75,75,75,75,75,75,75,75,75,75,75,75,75,75,75,75,75,75,75,75,75,75,75,75,75,75,75,75,75,75,75,75,75],"card_choices":[{"not_picked":["Barrage","Force Field","Skim"],"picked":"SKIP","floor":1},{"not_picked":["Go for the Eyes","Barrage"],"picked":"Redo","floor":3},{"not_picked":["Undo","Redo"],"picked":"Glacier","floor":4},{"not_picked":["Steam","Gash"],"picked":"Darkness","floor":5},{"not_picked":["Barrage","Turbo"],"picked":"Ball Lightning","floor":7},{"not_picked":["Blizzard+1","Steam"],"picked":"Conserve Battery","floor":10},{"not_picked":["Skim","Undo"],"picked":"Ball Lightning+1","floor":13},{"not_picked":["Amplify","Rebound+1"],"picked":"Leap","floor":14},{"not_picked":["Buffer","Echo Form"],"picked":"Core Surge+1","floor":16},{"not_picked":["Gash+1","Force Field"],"picked":"Blizzard+1","floor":18},{"not_picked":["Consume","Streamline+1","Rebound+1"],"picked":"SKIP","floor":19},{"not_picked":["Undo+1","Turbo+1"],"picked":"Cold Snap+1","floor":21},{"not_picked":["Rebound+1","Lockon+1"],"picked":"Cold Snap+1","floor":22},{"not_picked":["Steam","Compile Driver+1"],"picked":"Static Discharge","floor":24},{"not_picked":["Coolheaded","Go for the Eyes+1"],"picked":"Rainbow","floor":31}],"player_experience":5771117,"relics_obtained":[{"floor":7,"key":"Old Coin"},{"floor":8,"key":"Ginger"},{"floor":9,"key":"Molten Egg 2"},{"floor":26,"key":"Oddly Smooth Stone"}],"event_choices":[{"damage_healed":0,"gold_gain":0,"player_choice":"Take Wound","damage_taken":0,"relics_obtained":["Golden Idol"],"max_hp_gain":0,"max_hp_loss":0,"event_name":"Golden Idol","floor":2,"gold_loss":0,"cards_obtained":["Injury"]},{"damage_healed":0,"gold_gain":0,"player_choice":"Inject Mutagens","damage_taken":0,"relics_obtained":["MutagenicStrength"],"max_hp_gain":0,"max_hp_loss":0,"event_name":"Drug Dealer","floor":25,"gold_loss":0},{"damage_healed":0,"gold_gain":0,"player_choice":"Paid Fearfully","damage_taken":0,"max_hp_gain":0,"max_hp_loss":0,"event_name":"Masked Bandits","floor":28,"gold_loss":138},{"damage_healed":0,"gold_gain":99,"player_choice":"Stole From Cult","damage_taken":0,"max_hp_gain":0,"max_hp_loss":0,"event_name":"Nest","floor":29,"gold_loss":0}],"is_beta":false,"boss_relics":[{"not_picked":["Coffee Dripper","Runic Dome"],"picked":"Cursed Key"}],"items_purged_floors":[],"is_endless":false,"potions_floor_spawned":[4,13,16,18,19],"killed_by":"Collector","ascension_level":0}}