{"host":"u3jctbsl7uavviuy","time":1610798843,"event":{"mods":["ATMod(阿瑾Mod)","Arknights The Spire","BaseMod","BetterRewards","GungeonMod","HololiveMod","Luminous","Marisa（F雨　魔理沙）","Minty Spire (QoL Compilation)","Relic Stats","Replay The Spire","Shop Mod","Spicy Shops","StSLib","TestMod","The Animator","The Cursed","The Gatherer","The Servant 0.9.4","WarShipGirlsR/战舰少女R mod","vexMod","篝火指南"],"gold_per_floor":[111,111,111,125,125,156,156,189,189,202,202,222,232,232,232,330,330,346,361,376,28,45,80,80,111,137,172,190,190,190,206,55,156,156,175,575,590,117,135,161,161,179,205,219,245,245,99,125,125,125],"floor_reached":51,"language":"ZHS","playtime":1934,"items_purged":["Defend_G","Strike_G"],"score":1688,"play_id":"a515dbc9-5c80-4f50-8198-c48232165b9c","local_time":"20210116210723","is_ascension_mode":true,"campfire_choices":[{"data":"AT_ShadowStep","floor":7.0,"key":"SMITH"},{"data":"Crippling Poison","floor":15.0,"key":"SMITH"},{"data":"AT_ShadowStep","floor":24.0,"key":"SMITH"}],"circlet_count":0,"master_deck":["Strike_G","Defend_G","Defend_G","Defend_G","Defend_G","Survivor","Neutralize","AT_ThistleTea+1","Noxious Fumes","Backflip","Footwork","AT_ShadowStep+1","Prepared","AT_ShadowStep+1","Crippling Poison+1","Poisoned Stab","Deadly Poison","AT_ShadowStep+1","AT_ShadowStep+1","Crippling Poison+1","Outmaneuver+1","Deadly Poison+1","Catalyst+1","Setup+1","Noxious Fumes","Acrobatics+1"],"relics":["Ring of the Snake","AT_ATBox","testmod-Faith","Lee\u0027s Waffle","AT_ChloranthyRing","TwistedFunnel","vexMod:FocusSash","Chemical X","vexMod:PlasmaPancake","Orichalcum","DemoMod:MonsterBlood","DemoMod:JetPack","Replay:Ringing Soul","Spirit Poop","Hololive_Finger","DollysMirror","vexMod:Cooldron","ReplayFunnel","Toxic Egg 2","Tiny Chest","Centennial Puzzle","vexMod:GhostlyGear","SacredBark","Medical Kit","AT_EbonyIvory","testmod-IndustrialRevolution","testmod-Hope","Lantern","vexMod:Dragonfruit","Replay:Baseball","AT_DeathDance"],"acts_visited":["Exordium","TheCity","TheBeyond"],"potions_floor_usage":[42,44,44,44,50,50,50,50,50,50,50,50,50,50],"damage_taken":[{"damage":0.0,"enemies":"2 Louse","floor":1.0,"turns":1.0},{"damage":0.0,"enemies":"Small Slimes","floor":4.0,"turns":2.0},{"damage":22.0,"enemies":"Gremlin Nob","floor":6.0,"turns":5.0},{"damage":11.0,"enemies":"3 Sentries","floor":8.0,"turns":6.0},{"damage":0.0,"enemies":"Cultist","floor":10.0,"turns":3.0},{"damage":0.0,"enemies":"3 Louse","floor":12.0,"turns":1.0},{"damage":2.0,"enemies":"Looter","floor":13.0,"turns":3.0},{"damage":15.0,"enemies":"Slime Boss","floor":16.0,"turns":11.0},{"damage":6.0,"enemies":"Chosen","floor":18.0,"turns":4.0},{"damage":4.0,"enemies":"2 Thieves","floor":19.0,"turns":3.0},{"damage":7.0,"enemies":"3 Cultists","floor":20.0,"turns":4.0},{"damage":11.0,"enemies":"Snake Plant","floor":22.0,"turns":3.0},{"damage":20.0,"enemies":"Slavers","floor":23.0,"turns":3.0},{"damage":0.0,"enemies":"Book of Stabbing","floor":25.0,"turns":3.0},{"damage":6.0,"enemies":"Slavers","floor":27.0,"turns":2.0},{"damage":3.0,"enemies":"Snecko","floor":28.0,"turns":3.0},{"damage":0.0,"enemies":"Centurion and Healer","floor":31.0,"turns":3.0},{"damage":0.0,"enemies":"Collector","floor":33.0,"turns":5.0},{"damage":7.0,"enemies":"3 Shapes","floor":35.0,"turns":2.0},{"damage":17.0,"enemies":"3 Darklings","floor":37.0,"turns":3.0},{"damage":0.0,"enemies":"Transient","floor":39.0,"turns":5.0},{"damage":1.0,"enemies":"R_Hoarder","floor":40.0,"turns":3.0},{"damage":0,"enemies":"4 Shapes","floor":42,"turns":3},{"damage":0,"enemies":"Writhing Mass","floor":44,"turns":2},{"damage":0,"enemies":"Giant Head","floor":45,"turns":3},{"damage":0,"enemies":"Reptomancer","floor":48,"turns":2},{"damage":13,"enemies":"Time Eater","floor":50,"turns":5}],"seed_played":"-1990485698783168595","potions_obtained":[{"floor":4.0,"key":"Venom Potion"},{"floor":6.0,"key":"PowerPotion"},{"floor":12.0,"key":"AttackPotion"},{"floor":13.0,"key":"EssenceOfSteel"},{"floor":22.0,"key":"EntropicBrew"},{"floor":23.0,"key":"EntropicBrew"},{"floor":25.0,"key":"EntropicBrew"},{"floor":27.0,"key":"EntropicBrew"},{"floor":28.0,"key":"EntropicBrew"},{"floor":37.0,"key":"EntropicBrew"},{"floor":40.0,"key":"EntropicBrew"},{"floor":42,"key":"EntropicBrew"},{"floor":49,"key":"testmod-TimePotion"},{"floor":49,"key":"CultistPotion"}],"is_trial":false,"path_per_floor":["M","?","?","M","?","E","R","E","T","M","?","M","M","$","R","B",null,"M","M","M","$","M","E","R","E","T","E","M","?","?","M","R","B",null,"M","?","M","$","M","E","T","M","T","M","E","?","$","E","R","B",null],"character_chosen":"THE_SILENT","items_purchased":["Lee\u0027s Waffle","AT_ChloranthyRing","TwistedFunnel","Noxious Fumes","vexMod:FocusSash","testmod-SpacePotion","Chemical X","vexMod:PlasmaPancake","Backflip","Crippling Poison","DollysMirror","vexMod:Cooldron","vexMod:GhostlyGear","Medical Kit","Noxious Fumes","AT_EbonyIvory","Replay:Baseball"],"campfire_rested":0,"item_purchase_floors":[0,0,0,0,0,0,0,0,0,14,21,21,32,38,38,38,47],"current_hp_per_floor":[83,83,83,83,83,68,68,57,57,60,60,60,61,64,64,49,87,81,80,76,79,68,51,51,54,54,51,51,51,54,54,54,54,106,102,102,85,88,91,90,90,90,90,90,95,95,95,95,95,137],"gold":125,"neow_bonus":"","is_daily":false,"chose_seed":false,"campfire_upgraded":3,"win_rate":0.0,"timestamp":1610798843,"path_taken":["M","?","?","?","?","E","R","E","T","M","?","M","?","$","R","BOSS","M","M","M","$","M","E","R","E","T","E","M","?","?","M","R","BOSS","M","?","M","$","M","E","?","M","T","?","E","?","$","E","R","BOSS"],"items_purchased_type":["Relic","Relic","Relic","Card","Relic","Potion","Relic","Relic","Card","Card","Relic","Relic","Relic","Relic","Card","Relic","Relic"],"build_version":"2020-12-22","purchased_purges":2,"victory":true,"max_hp_per_floor":[83,83,83,83,83,90,90,90,90,93,93,93,96,99,99,99,99,99,102,105,108,108,111,111,114,114,117,120,120,123,123,123,123,123,126,126,126,129,132,132,132,132,132,132,137,137,137,137,137,137],"relic_stats":{"Lee\u0027s Waffle":104,"Centennial Puzzle":[15],"counters":[157,559],"Tiny Chest":1,"Chemical X":[1],"Orichalcum":[240],"Medical Kit":[0],"obtain_stats":[{"TwistedFunnel":49,"vexMod:MemoryStick":12,"AT_ATBox":6,"Spirit Poop":11,"Whetstone":49,"Ginger":45,"Boot":9,"Replay:Ringing Soul":9,"vexMod:CardConverter":45,"vexMod:EndlessSickness":34,"Hololive_Finger":17,"Replay:Wax Seal":0,"testmod-IntensifyImprint":0,"testmod-TestBox":0,"Pear":45,"testmod-TimeTraveler":17,"DemoMod:OrangeGuonStone":27,"Pen Nib":25,"AT_EbonyIvory":38,"Paper Crane":31,"testmod-Fortitude":47,"vexMod:GhostlyGear":32,"DemoMod:MeatBun":53,"Unceasing Top":0,"vexMod:PlasmaPancake":0,"Lantern":29,"DemoMod:BigBoy":34,"Blue Doll":31,"Bag of Preparation":10,"Ancient Tea Set":23,"Burning Blood":0,"testmod-CasingShield":32,"Replay:Rubber Ducky":19,"Matryoshka":0,"WristBlade":34,"WingedGreaves":13,"Chemical X":0,"Replay:Bottled Eggs":9,"Ring of the Snake":0,"AT_ChloranthyRing":0,"Lee\u0027s Waffle":0,"Golden Idol":4,"Thread and Needle":47,"PreservedInsect":6,"DemoMod:PinkGuonStone":36,"Frozen Egg 2":0,"testmod-ConstraintPeriapt":6,"MawBank":40,"Ornamental Fan":9,"testmod-Hope":43,"Orrery":20,"Garlic":30,"Durian":8,"Bottled Lightning":8,"Toy Ornithopter":27,"DemoMod:BlueGuonStone":43,"Tiny House":34,"Gremlin Horn":11,"Vajra":23,"testmod-IWantAll":0,"DemoMod:GlassGuonStoneRelic":8,"AT_ArchangelStaff":20,"Centennial Puzzle":27,"DemoMod:MonsterBlood":6,"DollysMirror":21,"Honey Jar":17,"Philosopher\u0027s Stone":34,"Toxic Egg 2":29,"Happy Flower":40,"Oddly Smooth Stone":53,"Charon\u0027s Ashes":26,"AT_SilverBalance":43,"vexMod:PaidLearning":12,"Question Card":31,"testmod-RealStoneCalender":47,"Replay:Baseball":32,"vexMod:Cooldron":21,"Shuriken":27,"testmod-Acrobat":8,"Bronze Scales":10,"Onion Ring":6,"Molten Egg 2":0,"Grinning Jar":40,"AT_DeathDance":48,"Meat on the Bone":24,"ReplayFunnel":8,"Darkstone Periapt":34,"AT_SeraphEmbrace":39,"SacredBark":34,"Snake Skull":47,"Juzu Bracelet":0,"DemoMod:WhiteGuonStone":6,"Empty Cage":31,"testmod-BouquetWithThorns":6,"testmod-Charity":39,"ClockworkSouvenir":39,"Nunchaku":14,"Chameleon Ring":38,"Pantograph":25,"Tiny Chest":3,"DemoMod:JetPack":8,"Gremlin Food":43,"ReplayTheSpireMod:Ninjato":42,"vexMod:ConsolationPrize":26,"Replay:WaspNest":24,"vexMod:FocusSash":19,"Orichalcum":5,"testmod-IndustrialRevolution":6,"Medical Kit":38,"White Beast Statue":49,"Calling Bell":34,"vexMod:Dragonfruit":45,"Anchor":0,"Hololive_LightStick":0,"vexMod:BarristanHead":6,"testmod-AssaultLearning":47,"Another Sword":0,"Bag of Marbles":12,"testmod-Faith":0,"Membership Card":32},{"TwistedFunnel":79,"vexMod:MemoryStick":6,"AT_ATBox":106,"Spirit Poop":135,"Whetstone":23,"Ginger":100,"Boot":84,"Replay:Ringing Soul":134,"vexMod:CardConverter":76,"vexMod:EndlessSickness":43,"Hololive_Finger":138,"Replay:Wax Seal":56,"testmod-IntensifyImprint":0,"testmod-TestBox":0,"Pear":50,"testmod-TimeTraveler":87,"DemoMod:OrangeGuonStone":117,"Pen Nib":13,"AT_EbonyIvory":150,"Paper Crane":69,"testmod-Fortitude":78,"vexMod:GhostlyGear":147,"DemoMod:MeatBun":54,"Unceasing Top":80,"vexMod:PlasmaPancake":130,"Lantern":42,"DemoMod:BigBoy":121,"Blue Doll":16,"Bag of Preparation":84,"Ancient Tea Set":90,"Burning Blood":0,"testmod-CasingShield":16,"Replay:Rubber Ducky":10,"Matryoshka":80,"WristBlade":95,"WingedGreaves":86,"Chemical X":0,"Replay:Bottled Eggs":60,"Ring of the Snake":0,"AT_ChloranthyRing":102,"Lee\u0027s Waffle":102,"Golden Idol":104,"Thread and Needle":101,"PreservedInsect":59,"DemoMod:PinkGuonStone":71,"Frozen Egg 2":0,"testmod-ConstraintPeriapt":28,"MawBank":19,"Ornamental Fan":108,"testmod-Hope":20,"Orrery":35,"Garlic":42,"Durian":108,"Bottled Lightning":5,"Toy Ornithopter":40,"DemoMod:BlueGuonStone":98,"Tiny House":17,"Gremlin Horn":109,"Vajra":12,"testmod-IWantAll":0,"DemoMod:GlassGuonStoneRelic":5,"AT_ArchangelStaff":113,"Centennial Puzzle":145,"DemoMod:MonsterBlood":133,"DollysMirror":141,"Honey Jar":33,"Philosopher\u0027s Stone":70,"Toxic Egg 2":68,"Happy Flower":46,"Oddly Smooth Stone":54,"Charon\u0027s Ashes":13,"AT_SilverBalance":127,"vexMod:PaidLearning":109,"Question Card":120,"testmod-RealStoneCalender":22,"Replay:Baseball":16,"vexMod:Cooldron":141,"Shuriken":67,"testmod-Acrobat":29,"Bronze Scales":84,"Onion Ring":4,"Molten Egg 2":24,"Grinning Jar":74,"AT_DeathDance":156,"Meat on the Bone":90,"ReplayFunnel":60,"Darkstone Periapt":121,"AT_SeraphEmbrace":124,"SacredBark":148,"Snake Skull":101,"Juzu Bracelet":102,"DemoMod:WhiteGuonStone":106,"Empty Cage":42,"testmod-BouquetWithThorns":106,"testmod-Charity":18,"ClockworkSouvenir":18,"Nunchaku":111,"Chameleon Ring":97,"Pantograph":116,"Tiny Chest":82,"DemoMod:JetPack":134,"Gremlin Food":75,"ReplayTheSpireMod:Ninjato":20,"vexMod:ConsolationPrize":67,"Replay:WaspNest":38,"vexMod:FocusSash":88,"Orichalcum":132,"testmod-IndustrialRevolution":84,"Medical Kit":150,"White Beast Statue":23,"Calling Bell":121,"vexMod:Dragonfruit":155,"Anchor":24,"Hololive_LightStick":80,"vexMod:BarristanHead":28,"testmod-AssaultLearning":52,"Another Sword":0,"Bag of Marbles":32,"testmod-Faith":0,"Membership Card":16},{"TwistedFunnel":323,"vexMod:MemoryStick":25,"AT_ATBox":400,"Spirit Poop":483,"Whetstone":96,"Ginger":386,"Boot":343,"Replay:Ringing Soul":480,"vexMod:CardConverter":316,"vexMod:EndlessSickness":180,"Hololive_Finger":498,"Replay:Wax Seal":232,"testmod-IntensifyImprint":0,"testmod-TestBox":0,"Pear":207,"testmod-TimeTraveler":356,"DemoMod:OrangeGuonStone":433,"Pen Nib":56,"AT_EbonyIvory":536,"Paper Crane":290,"testmod-Fortitude":321,"vexMod:GhostlyGear":526,"DemoMod:MeatBun":222,"Unceasing Top":329,"vexMod:PlasmaPancake":466,"Lantern":173,"DemoMod:BigBoy":443,"Blue Doll":65,"Bag of Preparation":343,"Ancient Tea Set":365,"Burning Blood":0,"testmod-CasingShield":65,"Replay:Rubber Ducky":40,"Matryoshka":329,"WristBlade":376,"WingedGreaves":349,"Chemical X":0,"Replay:Bottled Eggs":248,"Ring of the Snake":0,"AT_ChloranthyRing":392,"Lee\u0027s Waffle":392,"Golden Idol":396,"Thread and Needle":388,"PreservedInsect":244,"DemoMod:PinkGuonStone":300,"Frozen Egg 2":0,"testmod-ConstraintPeriapt":107,"MawBank":82,"Ornamental Fan":405,"testmod-Hope":86,"Orrery":139,"Garlic":173,"Durian":405,"Bottled Lightning":22,"Toy Ornithopter":164,"DemoMod:BlueGuonStone":382,"Tiny House":71,"Gremlin Horn":408,"Vajra":51,"testmod-IWantAll":0,"DemoMod:GlassGuonStoneRelic":22,"AT_ArchangelStaff":422,"Centennial Puzzle":520,"DemoMod:MonsterBlood":474,"DollysMirror":509,"Honey Jar":132,"Philosopher\u0027s Stone":297,"Toxic Egg 2":285,"Happy Flower":190,"Oddly Smooth Stone":222,"Charon\u0027s Ashes":56,"AT_SilverBalance":460,"vexMod:PaidLearning":408,"Question Card":439,"testmod-RealStoneCalender":91,"Replay:Baseball":65,"vexMod:Cooldron":509,"Shuriken":282,"testmod-Acrobat":113,"Bronze Scales":343,"Onion Ring":17,"Molten Egg 2":98,"Grinning Jar":308,"AT_DeathDance":554,"Meat on the Bone":365,"ReplayFunnel":248,"Darkstone Periapt":443,"AT_SeraphEmbrace":452,"SacredBark":531,"Snake Skull":388,"Juzu Bracelet":392,"DemoMod:WhiteGuonStone":401,"Empty Cage":173,"testmod-BouquetWithThorns":400,"testmod-Charity":78,"ClockworkSouvenir":78,"Nunchaku":413,"Chameleon Ring":379,"Pantograph":431,"Tiny Chest":334,"DemoMod:JetPack":480,"Gremlin Food":313,"ReplayTheSpireMod:Ninjato":86,"vexMod:ConsolationPrize":282,"Replay:WaspNest":151,"vexMod:FocusSash":358,"Orichalcum":469,"testmod-IndustrialRevolution":341,"Medical Kit":536,"White Beast Statue":96,"Calling Bell":443,"vexMod:Dragonfruit":552,"Anchor":98,"Hololive_LightStick":329,"vexMod:BarristanHead":109,"testmod-AssaultLearning":214,"Another Sword":0,"Bag of Marbles":125,"testmod-Faith":0,"Membership Card":65}],"Ring of the Snake":[202]},"card_choices":[{"not_picked":["ReplayTheSpireMod:Shiv Toss","Distraction","Toxin Wave"],"picked":"SKIP","floor":1.0},{"not_picked":["AT_TwilightShroud","Underhanded Strike"],"picked":"Footwork","floor":4.0},{"not_picked":["Underhanded Strike","Outmaneuver"],"picked":"AT_ShadowStep","floor":6.0},{"not_picked":["Reflex","Bane","Glass Knife"],"picked":"SKIP","floor":8.0},{"not_picked":["Deflect","AT_WindFlip"],"picked":"Prepared","floor":10.0},{"not_picked":["Flying Knee","Blade Dance","Hidden Blade"],"picked":"SKIP","floor":12.0},{"not_picked":["Poisoned Stab","PiercingWail"],"picked":"AT_ShadowStep","floor":13.0},{"not_picked":["Outmaneuver","Deflect","ReplayTheSpireMod:Scrap Shanks"],"picked":"SKIP","floor":18.0},{"not_picked":["Sucker Punch","Flechettes"],"picked":"Poisoned Stab","floor":19.0},{"not_picked":["Die Die Die","Hidden Blade"],"picked":"Deadly Poison","floor":20.0},{"not_picked":["Dagger Throw","Dodge and Roll","AT_WindFlip"],"picked":"SKIP","floor":22.0},{"not_picked":["Bane","Outmaneuver"],"picked":"AT_ShadowStep+1","floor":23.0},{"not_picked":["Underhanded Strike","Slice"],"picked":"Crippling Poison+1","floor":25.0},{"not_picked":["Skewer","ReplayTheSpireMod:Tripwire+1"],"picked":"Outmaneuver+1","floor":27.0},{"not_picked":["Poisoned Stab","Flying Knee"],"picked":"Deadly Poison+1","floor":28.0},{"not_picked":["Deflect+1","Poisoned Stab","Predator"],"picked":"SKIP","floor":31.0},{"not_picked":["Footwork","Riddle With Holes"],"picked":"Setup+1","floor":35.0},{"not_picked":["Underhanded Strike","Cloak And Dagger+1","Heel Hook+1"],"picked":"SKIP","floor":37.0},{"not_picked":["Prepared+1","Blade Dance+1"],"picked":"Acrobatics+1","floor":39.0},{"not_picked":["Masterful Stab","ReplayTheSpireMod:Tripwire+1","Flying Knee+1"],"picked":"SKIP","floor":40.0},{"not_picked":["Outmaneuver+1","Backflip+1","Poisoned Stab+1"],"picked":"SKIP","floor":42},{"not_picked":["ReplayTheSpireMod:Scrap Shanks","Flying Knee","Cloak And Dagger+1"],"picked":"SKIP","floor":44},{"not_picked":["Flying Knee","ReplayTheSpireMod:Shiv Toss+1","A Thousand Cuts"],"picked":"SKIP","floor":45},{"not_picked":["AT_ArcaneSupremacy+1","Cloak And Dagger+1","Backflip+1"],"picked":"SKIP","floor":48}],"player_experience":442306,"relics_obtained":[{"floor":6.0,"key":"DemoMod:MonsterBlood"},{"floor":8.0,"key":"DemoMod:JetPack"},{"floor":9.0,"key":"Replay:Ringing Soul"},{"floor":23.0,"key":"ReplayFunnel"},{"floor":25.0,"key":"Toxic Egg 2"},{"floor":26.0,"key":"Tiny Chest"},{"floor":27.0,"key":"Centennial Puzzle"},{"floor":40.0,"key":"testmod-IndustrialRevolution"},{"floor":41.0,"key":"testmod-Hope"},{"floor":43,"key":"Lantern"},{"floor":45,"key":"vexMod:Dragonfruit"},{"floor":48,"key":"AT_DeathDance"}],"event_choices":[{"cards_removed":["Strike_G"],"damage_healed":0.0,"max_hp_gain":0.0,"max_hp_loss":0.0,"gold_gain":0.0,"event_name":"Living Wall","player_choice":"Forget","floor":2.0,"gold_loss":0.0,"damage_taken":0.0},{"damage_healed":0.0,"max_hp_gain":0.0,"max_hp_loss":0.0,"gold_gain":0.0,"event_name":"Accursed Blacksmith","player_choice":"Forge","floor":3.0,"gold_loss":0.0,"damage_taken":0.0,"cards_upgraded":["AT_ThistleTea"]},{"damage_healed":0.0,"max_hp_gain":0.0,"max_hp_loss":0.0,"gold_gain":0.0,"event_name":"Big Fish","player_choice":"Box","floor":5.0,"gold_loss":0.0,"damage_taken":0.0,"relics_obtained":["Orichalcum"],"cards_obtained":["Regret"]},{"cards_removed":["Regret"],"damage_healed":0.0,"max_hp_gain":0.0,"max_hp_loss":0.0,"gold_gain":0.0,"event_name":"Bonfire Elementals","player_choice":"Offered Curse","floor":11.0,"gold_loss":0.0,"damage_taken":0.0,"relics_obtained":["Spirit Poop"]},{"damage_healed":0.0,"max_hp_gain":0.0,"max_hp_loss":0.0,"gold_gain":0.0,"event_name":"给自己的盒子","player_choice":"Swap Relic","floor":29.0,"relics_lost":["Empty Cage"],"gold_loss":0.0,"damage_taken":0.0,"relics_obtained":["Empty Cage"]},{"damage_healed":0.0,"max_hp_gain":0.0,"max_hp_loss":0.0,"gold_gain":0.0,"event_name":"The Library","player_choice":"Read","floor":30.0,"gold_loss":0.0,"damage_taken":0.0,"cards_obtained":["Catalyst"]},{"damage_healed":0.0,"max_hp_gain":0.0,"max_hp_loss":0.0,"gold_gain":400.0,"event_name":"恩洛斯的盘子","player_choice":"Sell","floor":36.0,"relics_lost":["testmod-TestBox"],"gold_loss":0.0,"damage_taken":0.0}],"is_beta":false,"boss_relics":[{"not_picked":["testmod-Fanaticism","Replay:Drink Me"],"picked":"Hololive_Finger"},{"not_picked":["Replay:Ancient Bell","Hololive_ChaosS"],"picked":"SacredBark"}],"items_purged_floors":[21,38],"is_endless":false,"potions_floor_spawned":[4,6,12,13,22,23,25,27,28,37,40,42],"ascension_level":6}}