{"host":"jft3vy2l4n4npizy","time":1610839281,"event":{"mods":["BaseMod","Bestiary","Energized Spire","Highlight Path","Marisa£®ÏF”Í°°ƒß¿Ì…≥£©","Minty Spire (QoL Compilation)","Quick Restart","StSLib","TestMod","The Bladedancer","The Servant 0.9.4","Youmu£®ªÍ∆«—˝√Œ£©","Yuri Mod","vexMod"],"gold_per_floor":[112,112,126,141,175,225,225,195,195,227,318,318,377,12,12,191,191,247,270,331,33,33,33,33],"floor_reached":23,"language":"ZHS","playtime":715,"items_purged":["Strike_MRS"],"score":229,"play_id":"f63675f6-50dc-44e4-bb22-876bce4b0067","local_time":"20210117072121","is_ascension_mode":true,"campfire_choices":[{"floor":7,"key":"REST"},{"floor":15,"key":"REST"}],"circlet_count":0,"master_deck":["Strike_MRS","Strike_MRS","Strike_MRS","Defend_MRS","Defend_MRS","Defend_MRS","Defend_MRS","MasterSpark+1","UpSweep","WitchOfGreed","ShootTheMoon","Acceleration","SuperNova","WitchOfGreed","PowerUp","AsteroidBelt+1"],"relics":["MiniHakkero","testmod-TestBox","testmod-RealStoneCalender","NeowsBlessing","Potion Belt","Tiny Chest","testmod-DragonStarHat","Golden Idol","Omamori","Dream Catcher","vexMod:NewClearReactor","Anchor","SimpleLauncher","vexMod:MemoryStick"],"acts_visited":["Exordium","TheCity"],"potions_floor_usage":[10,11,13,16,16,16,18],"damage_taken":[{"damage":0.0,"enemies":"Jaw Worm","floor":1.0,"turns":1.0},{"damage":0.0,"enemies":"Cultist","floor":3.0,"turns":1.0},{"damage":0.0,"enemies":"2 Louse","floor":4.0,"turns":1.0},{"damage":9.0,"enemies":"Red Slaver","floor":5.0,"turns":3.0},{"damage":35,"enemies":"Lagavulin","floor":6,"turns":6},{"damage":0,"enemies":"Large Slime","floor":10,"turns":4},{"damage":25,"enemies":"3 Sentries","floor":11,"turns":4},{"damage":16,"enemies":"Blue Slaver","floor":13,"turns":3},{"damage":17,"enemies":"The Guardian","floor":16,"turns":7},{"damage":10,"enemies":"3 Byrds","floor":18,"turns":4},{"damage":11,"enemies":"2 Thieves","floor":20,"turns":4},{"damage":0,"enemies":"Gremlin Leader","floor":23,"turns":1}],"seed_played":"6103766160349820734","potions_obtained":[{"floor":1.0,"key":"CultistPotion"},{"floor":3.0,"key":"Fruit Juice"},{"floor":4.0,"key":"PowerPotion"},{"floor":5.0,"key":"AttackPotion"},{"floor":8,"key":"Ancient Potion"},{"floor":8,"key":"Strength Potion"},{"floor":10,"key":"testmod-TestPotion"},{"floor":11,"key":"SmokeBomb"},{"floor":13,"key":"Fire Potion"},{"floor":13,"key":"BlessingOfTheForge"},{"floor":16,"key":"testmod-SpacePotion"},{"floor":16,"key":"Swift Potion"},{"floor":18,"key":"Fire Potion"},{"floor":18,"key":"Energy Potion"},{"floor":18,"key":"testmod-TimePotion"},{"floor":20,"key":"testmod-SpacePotion"}],"is_trial":false,"path_per_floor":["M","?","M","M","M","E","R","?","T","M","?","?","M","$","R","B",null,"M","T","M","$","?","E"],"character_chosen":"MARISA","items_purchased":["Omamori","Dream Catcher","SimpleLauncher"],"campfire_rested":2,"item_purchase_floors":[14,14,21],"current_hp_per_floor":[75,75,75,75,71,36,60,60,60,60,35,35,19,19,41,24,74,64,64,53,53,53,53,53],"gold":33,"neow_bonus":"THREE_ENEMY_KILL","is_daily":false,"chose_seed":false,"campfire_upgraded":0,"win_rate":0.0,"timestamp":1610839281,"path_taken":["M","?","M","M","?","E","R","?","T","?","?","?","M","$","R","BOSS","M","?","M","$","?","E"],"items_purchased_type":["Relic","Relic","Relic"],"build_version":"2020-12-22","purchased_purges":1,"victory":false,"max_hp_per_floor":[75,75,75,75,80,80,80,80,80,80,80,74,74,74,74,74,74,74,74,74,74,74,74,74],"card_choices":[{"not_picked":["FairyDestructionRay","SprinkleStarSeal","IllusionStar"],"picked":"SKIP","floor":1.0},{"not_picked":["BlazeAway","GrandCross"],"picked":"WitchOfGreed","floor":3.0},{"not_picked":["ShootingEcho","AsteroidBelt"],"picked":"ShootTheMoon","floor":4.0},{"not_picked":["ShootingEcho","OneTimeOff"],"picked":"Acceleration","floor":5.0},{"not_picked":["ShootingEcho","FairyDestructionRay"],"picked":"SuperNova","floor":6},{"not_picked":["ShootTheMoon","GrandCross"],"picked":"WitchOfGreed","floor":10},{"not_picked":["NonDirectionalLaser","StarDustReverie","ShootingEcho"],"picked":"SKIP","floor":13},{"not_picked":["AsteroidBelt","WitchOfGreed"],"picked":"PowerUp","floor":15},{"not_picked":["StarBarrage","ManaConvection","DoubleSpark"],"picked":"SKIP","floor":18},{"not_picked":["IllusionStar","UnstableBomb"],"picked":"AsteroidBelt+1","floor":20}],"player_experience":44447,"relics_obtained":[{"floor":6,"key":"Potion Belt"},{"floor":9,"key":"Tiny Chest"},{"floor":11,"key":"testmod-DragonStarHat"},{"floor":19,"key":"Anchor"}],"event_choices":[{"damage_healed":0.0,"max_hp_gain":0.0,"max_hp_loss":0.0,"gold_gain":0.0,"event_name":"Accursed Blacksmith","player_choice":"Forge","floor":2.0,"gold_loss":0.0,"damage_taken":0.0,"cards_upgraded":["MasterSpark"]},{"damage_healed":0,"gold_gain":0,"player_choice":"Bought 2 Potions","damage_taken":0,"max_hp_gain":0,"max_hp_loss":0,"event_name":"The Woman in Blue","floor":8,"gold_loss":0},{"damage_healed":0,"gold_gain":0,"player_choice":"Searched \u00271\u0027 times","damage_taken":0,"max_hp_gain":0,"max_hp_loss":0,"event_name":"Dead Adventurer","floor":11,"gold_loss":0},{"damage_healed":0,"gold_gain":0,"player_choice":"Lose Max HP","damage_taken":0,"relics_obtained":["Golden Idol"],"max_hp_gain":0,"max_hp_loss":6,"event_name":"Golden Idol","floor":12,"gold_loss":0},{"damage_healed":0,"gold_gain":0,"player_choice":"Opened","damage_taken":0,"relics_obtained":["vexMod:MemoryStick"],"max_hp_gain":0,"max_hp_loss":0,"event_name":"The Mausoleum","floor":22,"gold_loss":0}],"is_beta":false,"boss_relics":[{"not_picked":["vexMod:FluxCapacitor","testmod-KeyOfTheVoid"],"picked":"vexMod:NewClearReactor"}],"items_purged_floors":[14],"is_endless":false,"potions_floor_spawned":[1,3,4,18],"killed_by":"Gremlin Leader","ascension_level":4}}