{"host":"oehe2dxjvdgux73m","time":1610817601,"event":{"mods":["AchievementEnabler","BaseMod","Colored Map","Colored Powertips","DeckTracker","Keyboard Shortcuts","Minty Spire (QoL Compilation)","Permanent Neow","Quick Restart","StSLib","SuperFastMode"],"gold_per_floor":[114,64,64,64,77,77,26,67,112,145,166,166,181,225,225,350,350,369,383,398,49,65,101,101,145,168,168,183,183,218,218,218,313,313,329,343,362,372,45,71,71,101,147,147,147,147,2,49,49,49],"floor_reached":51,"language":"KOR","playtime":1130,"items_purged":["Defend_R"],"score":1209,"play_id":"5e539f36-1932-4f0b-b4d2-dccbd1b6f680","local_time":"20210117022001","is_ascension_mode":true,"campfire_choices":[{"data":"Perfected Strike","floor":6.0,"key":"SMITH"},{"data":"Reaper","floor":12.0,"key":"SMITH"},{"data":"Shockwave","floor":15.0,"key":"SMITH"},{"data":"Perfected Strike","floor":32,"key":"SMITH"},{"data":"Perfected Strike","floor":41,"key":"SMITH"},{"data":"Perfected Strike","floor":44,"key":"SMITH"},{"floor":46,"key":"REST"},{"data":"Sword Boomerang","floor":49,"key":"SMITH"}],"circlet_count":0,"master_deck":["AscendersBane","Strike_R+1","Strike_R+1","Strike_R+1","Strike_R+1","Strike_R+1","Defend_R+1","Defend_R+1","Bash+1","Reaper+1","Perfected Strike+1","Shrug It Off+1","Armaments+1","Flame Barrier+1","Shockwave+1","Seeing Red+1","Corruption+1","Perfected Strike+1","Bludgeon+1","Perfected Strike+1","Pommel Strike+1","Pommel Strike+1","Brutality+1","Perfected Strike+1","Shrug It Off+1","Wild Strike+1","Twin Strike+1","Wild Strike+1","Perfected Strike+1","Sword Boomerang+1"],"relics":["Burning Blood","Bloody Idol","Ice Cream","Happy Flower","Lantern","Juzu Bracelet","Snecko Eye","Nunchaku","Tiny Chest","MutagenicStrength","Boot","Regal Pillow","Charon\u0027s Ashes","Question Card","Black Star","Paper Frog","Blood Vial","War Paint","MealTicket","PreservedInsect","Red Skull","Mark of the Bloom","Orrery","Calipers"],"acts_visited":["Exordium","TheCity","TheBeyond"],"potions_floor_usage":[16,20,22,23,25,30,33,35,36,50,50,50],"damage_taken":[{"damage":7.0,"enemies":"Small Slimes","floor":1.0,"turns":4.0},{"damage":9.0,"enemies":"Jaw Worm","floor":5.0,"turns":4.0},{"damage":35.0,"enemies":"3 Sentries","floor":8.0,"turns":8.0},{"damage":16.0,"enemies":"Gremlin Nob","floor":10.0,"turns":3.0},{"damage":1.0,"enemies":"Cultist","floor":11.0,"turns":3.0},{"damage":31.0,"enemies":"Gremlin Gang","floor":13.0,"turns":6.0},{"damage":3.0,"enemies":"Lagavulin","floor":14.0,"turns":5.0},{"damage":33,"enemies":"Slime Boss","floor":16,"turns":12},{"damage":3,"enemies":"Spheric Guardian","floor":18,"turns":5},{"damage":18,"enemies":"2 Thieves","floor":19,"turns":4},{"damage":23,"enemies":"Centurion and Healer","floor":20,"turns":6},{"damage":19,"enemies":"Sentry and Sphere","floor":22,"turns":4},{"damage":24,"enemies":"Book of Stabbing","floor":23,"turns":4},{"damage":0,"enemies":"Gremlin Leader","floor":25,"turns":3},{"damage":5,"enemies":"Snake Plant","floor":28,"turns":2},{"damage":9,"enemies":"Slavers","floor":30,"turns":4},{"damage":19,"enemies":"Automaton","floor":33,"turns":5},{"damage":1,"enemies":"3 Darklings","floor":35,"turns":3},{"damage":35,"enemies":"3 Shapes","floor":36,"turns":3},{"damage":0,"enemies":"Jaw Worm Horde","floor":37,"turns":2},{"damage":25,"enemies":"Sphere and 2 Shapes","floor":38,"turns":3},{"damage":15,"enemies":"Nemesis","floor":40,"turns":3},{"damage":13,"enemies":"Reptomancer","floor":42,"turns":2},{"damage":16,"enemies":"2 Orb Walkers","floor":48,"turns":2},{"damage":47,"enemies":"Awakened One","floor":50,"turns":7}],"seed_played":"5001532831860059674","potions_obtained":[{"floor":8.0,"key":"ColorlessPotion"},{"floor":11.0,"key":"Strength Potion"},{"floor":13.0,"key":"ColorlessPotion"},{"floor":16,"key":"Energy Potion"},{"floor":19,"key":"LiquidBronze"},{"floor":22,"key":"Swift Potion"},{"floor":23,"key":"Explosive Potion"},{"floor":28,"key":"FearPotion"},{"floor":30,"key":"DistilledChaos"},{"floor":33,"key":"BloodPotion"},{"floor":36,"key":"LiquidMemories"},{"floor":37,"key":"Swift Potion"}],"is_trial":false,"path_per_floor":["M","?","?","?","M","R","$","E","T","E","M","R","M","E","R","B",null,"M","M","M","$","M","E","?","E","T","?","M","?","E","T","R","B",null,"M","M","M","M","$","E","R","E","T","R","?","R","$","?","R","B",null],"character_chosen":"IRONCLAD","items_purchased":["Fire Potion","Nunchaku","BloodPotion","Bludgeon","Paper Frog","Orrery"],"campfire_rested":1,"item_purchase_floors":[7,21,21,21,39,47],"current_hp_per_floor":[75,75,68,68,69,69,69,48,48,38,43,43,24,37,37,15,59,62,60,50,50,52,34,34,40,40,40,41,41,43,43,43,40,66,74,58,69,55,55,51,51,72,74,74,74,74,74,58,58,11],"gold":49,"neow_bonus":"THREE_RARE_CARDS","is_daily":false,"chose_seed":false,"campfire_upgraded":7,"win_rate":0.0,"timestamp":1610817601,"path_taken":["M","?","?","?","?","R","?","E","T","E","M","R","?","E","R","BOSS","M","M","M","$","M","E","?","E","T","?","M","?","E","?","R","BOSS","M","M","M","M","$","E","R","E","T","R","?","R","$","?","R","BOSS"],"items_purchased_type":["Potion","Relic","Potion","Card","Relic","Relic"],"build_version":"2020-12-22","purchased_purges":1,"victory":true,"max_hp_per_floor":[80,80,80,74,74,74,74,74,74,74,74,74,74,74,74,74,74,74,74,74,74,74,74,74,74,74,74,74,74,74,74,74,74,74,74,74,74,74,74,74,74,74,74,74,74,74,74,74,74,74],"card_choices":[{"not_picked":["Barricade","Feed"],"picked":"Reaper","floor":0.0},{"not_picked":["Clothesline","Cleave"],"picked":"Perfected Strike","floor":1.0},{"not_picked":["Intimidate","Carnage"],"picked":"Shrug It Off","floor":5.0},{"not_picked":["Body Slam","Cleave"],"picked":"Armaments","floor":8.0},{"not_picked":["Sword Boomerang","Inflame"],"picked":"Flame Barrier","floor":10.0},{"not_picked":["Thunderclap","Whirlwind","Iron Wave"],"picked":"SKIP","floor":11.0},{"not_picked":["Power Through","Warcry"],"picked":"Shockwave","floor":13.0},{"not_picked":["True Grit","Body Slam"],"picked":"Seeing Red","floor":14.0},{"not_picked":["Reaper","Berserk"],"picked":"Corruption","floor":16},{"not_picked":["Pummel","Dark Embrace","Entrench"],"picked":"SKIP","floor":18},{"not_picked":["Cleave+1","Rage","Sword Boomerang"],"picked":"SKIP","floor":19},{"not_picked":["Thunderclap","Body Slam+1"],"picked":"Perfected Strike","floor":20},{"not_picked":["Clothesline","True Grit"],"picked":"Perfected Strike","floor":22},{"not_picked":["Flame Barrier+1","Sword Boomerang","Evolve"],"picked":"SKIP","floor":23},{"not_picked":["Clash","Juggernaut","Clothesline"],"picked":"SKIP","floor":25},{"not_picked":["Thunderclap","Entrench+1","Bloodletting"],"picked":"SKIP","floor":28},{"not_picked":["Rage","Cleave"],"picked":"Pommel Strike","floor":30},{"not_picked":["Fiend Fire","Berserk","Demon Form"],"picked":"Brutality","floor":33},{"not_picked":["Warcry+1","True Grit","Clothesline"],"picked":"Perfected Strike","floor":35},{"not_picked":["Feed","Whirlwind","Spot Weakness+1"],"picked":"Shrug It Off+1","floor":36},{"not_picked":["Body Slam","Clash","Infernal Blade+1","Sword Boomerang+1"],"picked":"SKIP","floor":37},{"not_picked":["Spot Weakness","Intimidate+1","Dropkick","Sword Boomerang"],"picked":"SKIP","floor":38},{"not_picked":["Sentinel","Fiend Fire","Infernal Blade"],"picked":"Wild Strike+1","floor":40},{"not_picked":["Second Wind+1","Reckless Charge+1","Evolve"],"picked":"Twin Strike","floor":42},{"not_picked":["Havoc","Hemokinesis","Cleave"],"picked":"Wild Strike+1","floor":47},{"not_picked":["Pommel Strike","Inflame","Fire Breathing+1"],"picked":"Perfected Strike+1","floor":47},{"not_picked":["Perfected Strike","True Grit+1","Thunderclap+1"],"picked":"Sword Boomerang","floor":48}],"player_experience":246833,"relics_obtained":[{"floor":8.0,"key":"Ice Cream"},{"floor":9.0,"key":"Happy Flower"},{"floor":10.0,"key":"Lantern"},{"floor":14.0,"key":"Juzu Bracelet"},{"floor":23,"key":"Tiny Chest"},{"floor":25,"key":"Boot"},{"floor":26,"key":"Regal Pillow"},{"floor":30,"key":"Charon\u0027s Ashes"},{"floor":31,"key":"Question Card"},{"floor":40,"key":"Blood Vial"},{"floor":40,"key":"War Paint"},{"floor":42,"key":"MealTicket"},{"floor":42,"key":"PreservedInsect"},{"floor":43,"key":"Red Skull"},{"floor":48,"key":"Calipers"}],"event_choices":[{"cards_removed":["Shame"],"damage_healed":0.0,"max_hp_gain":0.0,"max_hp_loss":0.0,"gold_gain":0.0,"event_name":"The Cleric","player_choice":"Card Removal","floor":2.0,"gold_loss":50.0,"damage_taken":0.0},{"cards_removed":["Defend_R"],"damage_healed":0.0,"max_hp_gain":0.0,"max_hp_loss":0.0,"gold_gain":0.0,"event_name":"Golden Wing","player_choice":"Card Removal","floor":3.0,"gold_loss":0.0,"damage_taken":7.0},{"damage_healed":0.0,"max_hp_gain":0.0,"max_hp_loss":6.0,"gold_gain":0.0,"event_name":"Golden Idol","player_choice":"Lose Max HP","floor":4.0,"gold_loss":0.0,"damage_taken":0.0,"relics_obtained":["Golden Idol"]},{"damage_healed":0,"gold_gain":0,"player_choice":"Inject Mutagens","damage_taken":0,"relics_obtained":["MutagenicStrength"],"max_hp_gain":0,"max_hp_loss":0,"event_name":"Drug Dealer","floor":24,"gold_loss":0},{"damage_healed":0,"gold_gain":0,"player_choice":"Read","damage_taken":0,"max_hp_gain":0,"max_hp_loss":0,"event_name":"The Library","floor":27,"gold_loss":0,"cards_obtained":["Pommel Strike"]},{"damage_healed":0,"gold_gain":0,"player_choice":"Gave Idol","damage_taken":0,"relics_obtained":["Bloody Idol"],"max_hp_gain":0,"max_hp_loss":0,"event_name":"Forgotten Altar","floor":29,"relics_lost":["Golden Idol"],"gold_loss":0},{"damage_healed":0,"gold_gain":0,"player_choice":"Upgrade","damage_taken":0,"relics_obtained":["Mark of the Bloom"],"max_hp_gain":0,"max_hp_loss":0,"event_name":"MindBloom","floor":45,"gold_loss":0,"cards_upgraded":["Strike_R","Strike_R","Strike_R","Strike_R","Strike_R","Defend_R","Defend_R","Bash","Shrug It Off","Flame Barrier","Corruption","Bludgeon","Pommel Strike","Pommel Strike","Brutality","Twin Strike"]},{"damage_healed":0,"gold_gain":0,"player_choice":"Fight","damage_taken":0,"max_hp_gain":0,"max_hp_loss":0,"event_name":"Mysterious Sphere","floor":48,"gold_loss":0}],"is_beta":false,"boss_relics":[{"not_picked":["Runic Pyramid","Fusion Hammer"],"picked":"Snecko Eye"},{"not_picked":["Astrolabe","Empty Cage"],"picked":"Black Star"}],"items_purged_floors":[39],"is_endless":false,"potions_floor_spawned":[8,11,13,16,19,22,23,28,30,33,36,37,40,42,48],"ascension_level":10}}