{"host":"1a3cjta80tad0aqj","time":1610795035,"event":{"mods":["2.2 Compatiblity","AchievementEnabler","BaseMod","Colored Map","DeckTracker","KOR Keyword Fix","Keyboard Shortcuts","Minty Spire (QoL Compilation)","Permanent Neow","Quick Restart","Random Character Button","StSLib","SuperFastMode","everything is the same but u backflip on backflip"],"gold_per_floor":[112,131,131,131,148,177,177,206,206,219,244,17,34,47,47,149,149,169,182,194,94,105,105,121,140,164,194,194,194,39,56,56,159,159,179,198,42,42,52,52,68,79,130,130,130,145,158,28,28,28,28,28,28,63,63],"floor_reached":56,"language":"KOR","playtime":3329,"items_purged":["Strike_G","Strike_G"],"score":1195,"play_id":"f3a5c598-ab55-4bdd-aa60-e6dcfb294467","local_time":"20210116200355","is_ascension_mode":false,"campfire_choices":[{"floor":7.0,"key":"REST"},{"floor":15.0,"key":"REST"},{"data":"Catalyst","floor":23.0,"key":"SMITH"},{"floor":29.0,"key":"RECALL"},{"data":"Venomology","floor":32.0,"key":"SMITH"},{"data":"Bullet Time","floor":40.0,"key":"SMITH"},{"data":"Secret Technique","floor":44.0,"key":"SMITH"},{"floor":49.0,"key":"REST"},{"data":"Footwork","floor":52.0,"key":"SMITH"}],"circlet_count":0,"master_deck":["Strike_G+1","Strike_G+1","Defend_G","Defend_G","Defend_G","Defend_G","Defend_G","Survivor","Neutralize+1","Deadly Poison","PiercingWail","Venomology+1","Catalyst+1","Footwork+1","Backflip","Crippling Poison","Corpse Explosion","Acrobatics+1","Distraction+1","Deadly Poison","PiercingWail+1","Bullet Time+1","Caltrops+1","Secret Technique+1","Acrobatics+1","Madness","Madness","Calculated Gamble+1","Dodge and Roll+1","Well Laid Plans+1"],"relics":["Ring of the Snake","Snake Skull","Unceasing Top","InkBottle","Ancient Tea Set","Omamori","Cursed Key","PreservedInsect","Potion Belt","Philosopher\u0027s Stone","TheAbacus","Oddly Smooth Stone","Mummified Hand","Akabeko"],"acts_visited":["Exordium","TheCity","TheBeyond","TheEnding"],"potions_floor_usage":[55,55],"damage_taken":[{"damage":0.0,"enemies":"2 Louse","floor":1.0,"turns":3.0},{"damage":5.0,"enemies":"Jaw Worm","floor":2.0,"turns":4.0},{"damage":0.0,"enemies":"Cultist","floor":5.0,"turns":4.0},{"damage":15.0,"enemies":"Gremlin Nob","floor":6.0,"turns":4.0},{"damage":26.0,"enemies":"Lagavulin","floor":8.0,"turns":6.0},{"damage":5.0,"enemies":"Looter","floor":10.0,"turns":3.0},{"damage":14.0,"enemies":"Gremlin Nob","floor":11.0,"turns":5.0},{"damage":0.0,"enemies":"2 Fungi Beasts","floor":13.0,"turns":1.0},{"damage":4.0,"enemies":"3 Louse","floor":14.0,"turns":4.0},{"damage":7.0,"enemies":"The Guardian","floor":16.0,"turns":7.0},{"damage":0.0,"enemies":"3 Byrds","floor":18.0,"turns":3.0},{"damage":0.0,"enemies":"Spheric Guardian","floor":19.0,"turns":3.0},{"damage":0.0,"enemies":"Snake Plant","floor":20.0,"turns":5.0},{"damage":1.0,"enemies":"Snecko","floor":22.0,"turns":4.0},{"damage":0.0,"enemies":"3 Cultists","floor":24.0,"turns":2.0},{"damage":3.0,"enemies":"Cultist and Chosen","floor":25.0,"turns":7.0},{"damage":23.0,"enemies":"Gremlin Leader","floor":27.0,"turns":5.0},{"damage":3.0,"enemies":"Snecko","floor":31.0,"turns":4.0},{"damage":49.0,"enemies":"Automaton","floor":33.0,"turns":8.0},{"damage":13.0,"enemies":"Orb Walker","floor":35.0,"turns":4.0},{"damage":0.0,"enemies":"3 Shapes","floor":36.0,"turns":3.0},{"damage":0.0,"enemies":"Maw","floor":39.0,"turns":5.0},{"damage":7.0,"enemies":"Writhing Mass","floor":41.0,"turns":4.0},{"damage":0.0,"enemies":"4 Shapes","floor":42.0,"turns":6.0},{"damage":0.0,"enemies":"Sphere and 2 Shapes","floor":46.0,"turns":3.0},{"damage":12.0,"enemies":"Writhing Mass","floor":47.0,"turns":4.0},{"damage":12.0,"enemies":"Donu and Deca","floor":50.0,"turns":7.0},{"damage":0.0,"enemies":"Shield and Spear","floor":54.0,"turns":4.0},{"damage":88,"enemies":"The Heart","floor":55,"turns":7}],"seed_played":"3985161107996513537","potions_obtained":[{"floor":1.0,"key":"Dexterity Potion"},{"floor":2.0,"key":"GhostInAJar"},{"floor":6.0,"key":"SteroidPotion"},{"floor":11.0,"key":"SteroidPotion"},{"floor":13.0,"key":"LiquidMemories"},{"floor":16.0,"key":"FairyPotion"},{"floor":18.0,"key":"SneckoOil"},{"floor":19.0,"key":"AttackPotion"},{"floor":20.0,"key":"LiquidMemories"},{"floor":27.0,"key":"FearPotion"},{"floor":36.0,"key":"PowerPotion"},{"floor":47.0,"key":"EssenceOfSteel"}],"is_trial":false,"path_per_floor":["M","M","?","?","M","E","R","E","T","M","E","$","M","M","R","B",null,"M","M","M","$","M","R","M","M","T","E","?","R","$","M","R","B",null,"M","M","$","?","M","R","M","M","T","R","?","M","M","?","R","B",null,"R","$","E","B",null],"character_chosen":"THE_SILENT","items_purchased":["Omamori","Potion Belt","TheAbacus"],"campfire_rested":3,"item_purchase_floors":[12,30,37],"current_hp_per_floor":[70,65,51,51,51,36,57,31,31,26,12,12,12,8,29,22,70,70,70,70,70,69,69,69,66,66,43,70,70,70,67,67,18,70,57,57,57,57,57,57,50,65,65,65,56,56,44,44,65,53,70,70,70,70,3],"gold":63,"neow_bonus":"UPGRADE_CARD","is_daily":false,"chose_seed":true,"campfire_upgraded":5,"win_rate":0.0,"timestamp":1610795035,"path_taken":["M","M","?","?","M","E","R","E","T","M","E","$","M","M","R","BOSS","M","M","M","$","M","R","M","M","T","E","?","R","?","M","R","BOSS","M","M","$","?","M","R","M","M","T","R","?","M","M","?","R","BOSS","R","$","E","BOSS"],"items_purchased_type":["Relic","Relic","Relic"],"build_version":"2020-12-22","purchased_purges":2,"victory":true,"max_hp_per_floor":[70,70,70,70,70,70,70,70,70,70,70,70,70,70,70,70,70,70,70,70,70,70,70,70,70,70,70,70,70,70,70,70,70,70,70,70,70,70,70,70,70,70,70,70,70,70,70,70,70,70,70,70,70,70,70],"card_choices":[{"not_picked":["Reflex","PiercingWail"],"picked":"Deadly Poison","floor":1.0},{"not_picked":["Acrobatics","Slice"],"picked":"PiercingWail","floor":2.0},{"not_picked":["All Out Attack","Blade Dance"],"picked":"Venomology","floor":5.0},{"not_picked":["Well Laid Plans","Finisher"],"picked":"Catalyst","floor":6.0},{"not_picked":["Reflex","Endless Agony"],"picked":"Footwork","floor":8.0},{"not_picked":["Quick Slash","Bane"],"picked":"Backflip","floor":10.0},{"not_picked":["Blade Dance","Eviscerate","Riddle With Holes"],"picked":"SKIP","floor":11.0},{"not_picked":["Footwork","Deflect","Dagger Throw"],"picked":"SKIP","floor":13.0},{"not_picked":["Accuracy","Prepared"],"picked":"Crippling Poison","floor":14.0},{"not_picked":["Malaise","Phantasmal Killer"],"picked":"Corpse Explosion","floor":16.0},{"not_picked":["Heel Hook","Slice+1"],"picked":"Acrobatics+1","floor":18.0},{"not_picked":["Outmaneuver","Dagger Spray","Bane"],"picked":"SKIP","floor":19.0},{"not_picked":["Storm of Steel","Acrobatics","Backflip+1"],"picked":"SKIP","floor":20.0},{"not_picked":["Blur","Quick Slash","Slice"],"picked":"SKIP","floor":22.0},{"not_picked":["A Thousand Cuts","Riddle With Holes"],"picked":"Distraction+1","floor":24.0},{"not_picked":["Choke","Backflip+1"],"picked":"Deadly Poison","floor":25.0},{"not_picked":["Quick Slash","Reflex","Eviscerate"],"picked":"SKIP","floor":27.0},{"not_picked":["Blur","Bane"],"picked":"PiercingWail+1","floor":31.0},{"not_picked":["Glass Knife","Tools of the Trade"],"picked":"Bullet Time","floor":33.0},{"not_picked":["Sucker Punch+1","Finisher","Deflect+1"],"picked":"SKIP","floor":35.0},{"not_picked":["Flying Knee+1","Underhanded Strike+1"],"picked":"Caltrops+1","floor":36.0},{"not_picked":["Discovery","Thinking Ahead"],"picked":"Secret Technique","floor":38.0},{"not_picked":["Poisoned Stab","Terror+1"],"picked":"Acrobatics+1","floor":39.0},{"not_picked":["Prepared","Skewer+1","Cloak And Dagger"],"picked":"SKIP","floor":41.0},{"not_picked":["Prepared+1","All Out Attack+1","Cloak And Dagger+1"],"picked":"SKIP","floor":42.0},{"not_picked":["Blade Dance","Choke"],"picked":"Calculated Gamble+1","floor":46.0},{"not_picked":["Slice","Dagger Spray+1"],"picked":"Dodge and Roll+1","floor":47.0},{"not_picked":["Riddle With Holes+1","Dodge and Roll+1"],"picked":"Well Laid Plans+1","floor":54.0}],"player_experience":661810,"relics_obtained":[{"floor":6.0,"key":"Snake Skull"},{"floor":8.0,"key":"Unceasing Top"},{"floor":9.0,"key":"InkBottle"},{"floor":11.0,"key":"Ancient Tea Set"},{"floor":27.0,"key":"PreservedInsect"},{"floor":43.0,"key":"Oddly Smooth Stone"},{"floor":54.0,"key":"Akabeko"}],"event_choices":[{"damage_healed":0.0,"max_hp_gain":0.0,"max_hp_loss":0.0,"gold_gain":0.0,"event_name":"Shining Light","player_choice":"Entered Light","floor":3.0,"gold_loss":0.0,"damage_taken":14.0,"cards_upgraded":["Strike_G","Strike_G"]},{"cards_removed":["Strike_G"],"damage_healed":0.0,"max_hp_gain":0.0,"max_hp_loss":0.0,"gold_gain":0.0,"event_name":"Living Wall","player_choice":"Forget","floor":4.0,"gold_loss":0.0,"damage_taken":0.0},{"damage_healed":27.0,"max_hp_gain":0.0,"max_hp_loss":0.0,"gold_gain":0.0,"event_name":"Wheel of Change","player_choice":"Full Heal","floor":28.0,"gold_loss":0.0,"damage_taken":0.0},{"damage_healed":0.0,"max_hp_gain":0.0,"max_hp_loss":0.0,"gold_gain":0.0,"event_name":"SensoryStone","player_choice":"Memory 1","floor":38.0,"gold_loss":0.0,"damage_taken":0.0},{"damage_healed":0.0,"max_hp_gain":0.0,"max_hp_loss":0.0,"gold_gain":0.0,"event_name":"Winding Halls","player_choice":"Embrace Madness","floor":45.0,"gold_loss":0.0,"damage_taken":9.0,"cards_obtained":["Madness","Madness"]},{"damage_healed":0.0,"max_hp_gain":0.0,"max_hp_loss":0.0,"gold_gain":0.0,"event_name":"WeMeetAgain","player_choice":"Paid Gold","floor":48.0,"gold_loss":130.0,"damage_taken":0.0,"relics_obtained":["Mummified Hand"]}],"is_beta":false,"boss_relics":[{"not_picked":["Empty Cage","Calling Bell"],"picked":"Cursed Key"},{"not_picked":["Coffee Dripper","HoveringKite"],"picked":"Philosopher\u0027s Stone"}],"items_purged_floors":[12,21],"is_endless":false,"potions_floor_spawned":[1,2,6,11,13,16,18,19,20,27,36,47],"ascension_level":0}}