{"host":"kvh5342rl0c7vxi5","time":1610831417,"event":{"mods":["BaseMod","Downfall","Hermit","Jorbs\u0027s Wanderer Trilogy","Minty Spire (QoL Compilation)","Quick Restart","StSLib","SuperFastMode","The Poker Player"],"gold_per_floor":[99,113,14,32,89,109,109,124,139,139,131,156,156,171,198,303,303,303,327,339,339,351,351,405,84,84,115,126,154,154,171,182,287,287,287,304,316,333,50,60,85,102,152,152,164,199,199,214,226,226],"floor_reached":51,"language":"ENG","playtime":2829,"items_purged":["hexamod:Strike","hexamod:Strike","hexamod:Strike"],"score":817,"play_id":"db04782b-dd50-47c2-b98e-5d0d1115a14a","local_time":"20210116161017","is_ascension_mode":false,"campfire_choices":[{"data":"hexamod:VolcanoVisage","floor":1,"key":"SMITH"},{"data":"hexamod:ShieldOfDarkness","floor":10,"key":"SMITH"},{"data":"hexamod:SwordOfDarkness","floor":13,"key":"SMITH"},{"data":"hexamod:SoulSteal","floor":18,"key":"SMITH"},{"data":"hexamod:HexaLevel","floor":23,"key":"SMITH"},{"floor":26,"key":"REST"},{"floor":35,"key":"RECALL"},{"floor":47,"key":"REST"}],"circlet_count":0,"master_deck":["hexamod:Strike","hexamod:Defend","hexamod:Defend","hexamod:Defend","hexamod:Defend","hexamod:Sear","hexamod:Float","hexamod:VolcanoVisage+1","hexamod:SwordOfDarkness+1","hexamod:TimeOfNeed","hexamod:DynamicBlow","hexamod:ShieldOfDarkness+1","hexamod:InspiringFlames","hexamod:SoulSteal+1","hexamod:Toasty","hexamod:SpectersWail","hexamod:ChargedBarrage","hexamod:HexaLevel+1","hexamod:Incineration","hexamod:RainOfEmbers+1","Master of Strategy","hexamod:AdvancingGuard","hexamod:VolcanoVisage","hexamod:HeatShield+1","hexamod:HeatMetal+1","hexamod:AdvancingGuard","hexamod:EmpoweredFlame","hexamod:AdvancingGuard","expansioncontent:AwakenDeath","hexamod:ShieldOfDarkness","hexamod:SuperheatedStrike","hexamod:HauntingEcho+1"],"relics":["hexamod:SpiritBrand","Slimebound:PreparedRelic","Potion Belt","Busted Crown","hexamod:TheBrokenSeal","Enchiridion","Toy Ornithopter","Membership Card","Orichalcum","Ornamental Fan","Runic Pyramid","Mercury Hourglass","Vajra","Bag of Preparation","Bag of Marbles","Mango","Question Card","Boot"],"acts_visited":["Exordium","TheCity","TheBeyond"],"potions_floor_usage":[15,16,29,33,46,50,50,50],"damage_taken":[{"damage":0,"enemies":"Small Slimes","floor":2,"turns":3},{"damage":0,"enemies":"downfall:FleeingMerchant","floor":3,"turns":4},{"damage":1,"enemies":"Jaw Worm","floor":4,"turns":3},{"damage":4,"enemies":"3 Sentries","floor":5,"turns":7},{"damage":0,"enemies":"Cultist","floor":6,"turns":3},{"damage":4,"enemies":"Exordium Wildlife","floor":8,"turns":5},{"damage":0,"enemies":"Blue Slaver","floor":9,"turns":3},{"damage":2,"enemies":"3 Louse","floor":12,"turns":4},{"damage":0,"enemies":"Blue Slaver","floor":14,"turns":3},{"damage":18,"enemies":"Exordium Wildlife","floor":15,"turns":5},{"damage":39,"enemies":"WA_ARCHETYPE_RETAIN","floor":16,"turns":9},{"damage":19,"enemies":"Spheric Guardian","floor":19,"turns":5},{"damage":0,"enemies":"Centurion and Healer","floor":20,"turns":4},{"damage":12,"enemies":"Chosen and Byrds","floor":22,"turns":5},{"damage":3,"enemies":"downfall:FleeingMerchant","floor":25,"turns":4},{"damage":0,"enemies":"Gremlin Leader","floor":27,"turns":5},{"damage":0,"enemies":"Snake Plant","floor":28,"turns":3},{"damage":14,"enemies":"Slavers","floor":29,"turns":3},{"damage":13,"enemies":"Shelled Parasite and Fungi","floor":31,"turns":3},{"damage":3,"enemies":"Cultist and Chosen","floor":32,"turns":4},{"damage":11,"enemies":"SI_MIRROR_ARCHETYPE","floor":33,"turns":6},{"damage":0,"enemies":"3 Shapes","floor":36,"turns":4},{"damage":0,"enemies":"downfall:FleeingMerchant","floor":37,"turns":4},{"damage":0,"enemies":"Orb Walker","floor":38,"turns":3},{"damage":0,"enemies":"Writhing Mass","floor":40,"turns":3},{"damage":6,"enemies":"Maw","floor":42,"turns":6},{"damage":9,"enemies":"Maw","floor":43,"turns":6},{"damage":16,"enemies":"3 Darklings","floor":45,"turns":3},{"damage":0,"enemies":"Giant Head","floor":46,"turns":7},{"damage":0,"enemies":"Sphere and 2 Shapes","floor":48,"turns":4},{"damage":11,"enemies":"Maw","floor":49,"turns":7},{"damage":97,"enemies":"DF_ARCHETYPE_ORBS","floor":50,"turns":9}],"seed_played":"-8296215167118676064","potions_obtained":[{"floor":4,"key":"bronze:BurnAndBuffPotion"},{"floor":6,"key":"Weak Potion"},{"floor":9,"key":"hexamod:SoulburnPotion"},{"floor":12,"key":"BlessingOfTheForge"},{"floor":14,"key":"sneckomod:MuddlingPotion"},{"floor":16,"key":"DuplicationPotion"},{"floor":19,"key":"AttackPotion"},{"floor":20,"key":"DuplicationPotion"},{"floor":29,"key":"bronze:BurnAndBuffPotion"},{"floor":30,"key":"DistilledChaos"},{"floor":36,"key":"Swift Potion"},{"floor":46,"key":"Swift Potion"}],"is_trial":false,"path_per_floor":["R","M","$","M","?","M","T","M","M","R","?","M","R","M","M","B",null,"R","M","M","?","M","R","T","$","R","E","M","E","?","M","M","B",null,"R","M","$","M","$","M","T","M","?","T","M","E","R","M","M","B",null],"character_chosen":"THE_SPIRIT","items_purchased":["hexamod:DynamicBlow","hexamod:ShieldOfDarkness","Membership Card","Master of Strategy","hexamod:AdvancingGuard","hexamod:EmpoweredFlame","hexamod:AdvancingGuard","Mercury Hourglass","Vajra","Bag of Preparation","expansioncontent:AwakenDeath","Bag of Marbles","hexamod:ShieldOfDarkness"],"campfire_rested":2,"item_purchase_floors":[3,3,25,25,25,37,37,37,37,39,39,39,39],"current_hp_per_floor":[70,70,70,69,65,65,65,61,61,61,54,59,59,66,55,16,70,70,80,80,64,52,52,52,49,73,73,73,64,64,51,48,42,80,80,80,80,80,80,80,80,74,79,79,63,68,94,94,83,1],"gold":226,"neow_bonus":"ONE_RANDOM_RARE_CARD","is_daily":false,"chose_seed":false,"campfire_upgraded":5,"win_rate":0.0,"timestamp":1610831417,"path_taken":["R","M","$","M","?","M","T","M","M","R","?","?","R","M","M","BOSS","R","M","M","?","M","R","T","$","R","E","M","E","?","M","M","BOSS","R","M","$","M","?","M","T","M","?","?","M","E","R","M","M","BOSS"],"items_purchased_type":["Card","Card","Relic","Card","Card","Card","Card","Relic","Relic","Relic","Card","Relic","Card"],"build_version":"2020-12-22","purchased_purges":3,"victory":true,"max_hp_per_floor":[70,70,70,70,70,70,70,70,70,70,70,70,70,70,70,70,70,70,80,80,80,80,80,80,80,80,80,80,80,80,80,80,80,80,80,80,80,80,80,80,80,80,94,94,94,94,94,94,94,94],"card_choices":[{"not_picked":["hexamod:Hexaguard","hexamod:GhostLash"],"picked":"hexamod:SwordOfDarkness","floor":2},{"not_picked":["hexamod:Haunt","hexamod:GhostLash"],"picked":"hexamod:TimeOfNeed","floor":3},{"not_picked":["hexamod:GhostShield","hexamod:ThermalTransfer"],"picked":"hexamod:InspiringFlames","floor":4},{"not_picked":["hexamod:FirstSeal","hexamod:NightmareGuise"],"picked":"hexamod:SoulSteal","floor":5},{"not_picked":["hexamod:ThermalTransfer","hexamod:SwordOfDarkness","hexamod:GhostOfSpirePast"],"picked":"SKIP","floor":6},{"not_picked":["hexamod:HauntingEcho","hexamod:RetreatToShadows"],"picked":"hexamod:Toasty","floor":8},{"not_picked":["hexamod:Firestarter","hexamod:InspiringFlames"],"picked":"hexamod:ThirdSeal","floor":9},{"not_picked":["hexamod:NightmareStrike","hexamod:FlamesFromBeyond"],"picked":"hexamod:SpectersWail","floor":12},{"not_picked":["hexamod:GhostflameBarrier","hexamod:Hexaguard","hexamod:SoulSteal"],"picked":"SKIP","floor":12},{"not_picked":["hexamod:HeatMetal","hexamod:InspiringFlames"],"picked":"hexamod:ChargedBarrage","floor":14},{"not_picked":["hexamod:RetreatToShadows","hexamod:Again","hexamod:GhostLash"],"picked":"SKIP","floor":14},{"not_picked":["hexamod:HauntingEcho","hexamod:SuperheatedStrike"],"picked":"hexamod:FifthSeal","floor":15},{"not_picked":["hexamod:HeatShield","hexamod:CatchUp","hexamod:RecurringNightmare"],"picked":"SKIP","floor":15},{"not_picked":["hexamod:WildfireWeapon","hexamod:TimeOfNeed"],"picked":"hexamod:SixthSeal","floor":16},{"not_picked":["hexamod:UnleashSpirits","hexamod:GhostflameInferno"],"picked":"hexamod:HexaLevel","floor":16},{"not_picked":["hexamod:FourthSeal"],"picked":"SKIP","floor":19},{"not_picked":["hexamod:GhostShield"],"picked":"SKIP","floor":19},{"not_picked":["hexamod:SwordOfDarkness"],"picked":"SKIP","floor":20},{"not_picked":[],"picked":"hexamod:Incineration","floor":22},{"not_picked":[],"picked":"hexamod:RainOfEmbers+1","floor":25},{"not_picked":[],"picked":"hexamod:VolcanoVisage","floor":27},{"not_picked":[],"picked":"hexamod:HeatShield+1","floor":28},{"not_picked":[],"picked":"hexamod:HeatMetal+1","floor":29},{"not_picked":["hexamod:FirstSeal"],"picked":"SKIP","floor":31},{"not_picked":["hexamod:SecondSeal"],"picked":"SKIP","floor":32},{"not_picked":[],"picked":"hexamod:AdvancingGuard","floor":36},{"not_picked":["hexamod:NightmareStrike"],"picked":"SKIP","floor":37},{"not_picked":["hexamod:SkipABeat+1"],"picked":"SKIP","floor":38},{"not_picked":[],"picked":"hexamod:SuperheatedStrike","floor":40},{"not_picked":["hexamod:GhostShield"],"picked":"SKIP","floor":42},{"not_picked":["hexamod:ChargedBarrage","hexamod:HauntingEcho"],"picked":"SKIP","floor":45},{"not_picked":["hexamod:GhostflameInferno","hexamod:SpectralAdrenaline"],"picked":"SKIP","floor":46},{"not_picked":["hexamod:ShieldOfDarkness","hexamod:ThermalTransfer"],"picked":"SKIP","floor":48},{"not_picked":["hexamod:SoulSteal"],"picked":"hexamod:HauntingEcho+1","floor":49}],"player_experience":534964,"relics_obtained":[{"floor":7,"key":"Potion Belt"},{"floor":21,"key":"Enchiridion"},{"floor":24,"key":"Toy Ornithopter"},{"floor":27,"key":"Orichalcum"},{"floor":29,"key":"Ornamental Fan"},{"floor":43,"key":"Mango"},{"floor":44,"key":"Question Card"},{"floor":46,"key":"Boot"}],"event_choices":[{"damage_healed":0,"gold_gain":0,"player_choice":"Got Potions","damage_taken":0,"max_hp_gain":0,"max_hp_loss":0,"event_name":"Lab","floor":30,"gold_loss":0}],"is_beta":false,"boss_relics":[{"not_picked":["hexamod:IceCube","SacredBark"],"picked":"Busted Crown"},{"not_picked":["Philosopher\u0027s Stone","Sozu"],"picked":"Runic Pyramid"}],"items_purged_floors":[25,37,39],"is_endless":false,"potions_floor_spawned":[4,6,9,14,16,19,20,22,28,29,36,38,40,46],"ascension_level":0}}