{"host":"2i0myh7fqij2ti1z","time":1610773384,"event":{"mods":["Aspiration","BaseMod","Better Third Choice","Colored Powertips","Conspire","Evolution","FoggyMod","GifTheSpireLib","Highlight Path","Hubris","Minty Spire (QoL Compilation)","Permanent Neow","Quick Restart","Random Character Button","Random Character Mod","Replay The Spire","Shop Mod","Spicy Shops","StSLib","Stuff the Spire","The Construct","Wandering Minibosses","vexMod","óô»ðÖ¸ÄÏ"],"gold_per_floor":[114,114,114,128,128,128,159,159,186,216,216,262,262,212,212,222,222],"floor_reached":16,"language":"ENG","playtime":559,"items_purged":[],"score":117,"play_id":"7a3e1d73-baf5-4dc2-9524-ff986b82e665","local_time":"20210116130304","is_ascension_mode":true,"campfire_choices":[{"data":"Cleave","floor":6,"key":"SMITH"},{"data":"Rupture","floor":8,"key":"SMITH"},{"data":"Rupture","floor":15,"key":"SMITH"}],"circlet_count":0,"master_deck":["Strike_R","Strike_R","Strike_R","Strike_R","Defend_R","Defend_R","Bash","Rupture+1","Cleave+1","Warcry","Rupture+1"],"relics":["EVO:Axolotl","SlaversCollar","Replay:Wax Seal","Replay:Bandana","Blood Vial","conspire:Flyswatter"],"acts_visited":["Exordium"],"potions_floor_usage":[7,12,16],"damage_taken":[{"damage":7,"enemies":"Jaw Worm","floor":1,"turns":3},{"damage":20,"enemies":"Small Slimes","floor":4,"turns":3},{"damage":6,"enemies":"Gremlin Nob","floor":7,"turns":3},{"damage":1,"enemies":"Cultist","floor":10,"turns":3},{"damage":20,"enemies":"3 Sentries","floor":12,"turns":6},{"damage":35,"enemies":"Slime Boss","floor":16,"turns":9}],"seed_played":"-222847135864912699","potions_obtained":[{"floor":4,"key":"Adrenaline Potion"},{"floor":7,"key":"EssenceOfSteel"},{"floor":10,"key":"Strength Potion"}],"is_trial":false,"path_per_floor":["M","?","?","M","?","R","E","R","T","M","?","E","?","?","R","B"],"character_chosen":"IRONCLAD","items_purchased":[],"campfire_rested":0,"item_purchase_floors":[],"current_hp_per_floor":[73,73,73,53,53,53,47,47,47,48,48,30,30,30,30,0,0],"gold":222,"neow_bonus":"BOSS_RELIC","is_daily":false,"chose_seed":false,"campfire_upgraded":3,"win_rate":0.0,"timestamp":1610773384,"path_taken":["M","?","?","?","?","R","E","R","T","?","?","E","?","?","R","BOSS"],"items_purchased_type":[],"build_version":"2020-12-22","purchased_purges":0,"victory":false,"max_hp_per_floor":[80,80,80,80,80,80,80,80,80,80,80,80,80,80,80,80,80],"card_choices":[{"not_picked":["hubris:ReadiedAction","Sword Boomerang"],"picked":"Rupture","floor":1},{"not_picked":["Run Through","Sword Boomerang"],"picked":"Thunderclap","floor":4},{"not_picked":["Iron Wave","Replay:Undeath\u0027s Touch","hubris:ReadiedAction"],"picked":"SKIP","floor":7},{"not_picked":["Run Through","Twin Strike"],"picked":"Warcry","floor":10},{"not_picked":["Whirlwind","Replay:Undeath\u0027s Touch"],"picked":"Rupture","floor":12}],"player_experience":230569,"relics_obtained":[{"floor":7,"key":"Replay:Bandana"},{"floor":9,"key":"Blood Vial"},{"floor":12,"key":"conspire:Flyswatter"}],"event_choices":[{"cards_removed":["Defend_R"],"damage_healed":0,"gold_gain":0,"player_choice":"Purged","damage_taken":0,"max_hp_gain":0,"max_hp_loss":0,"event_name":"Purifier","floor":3,"gold_loss":0},{"cards_removed":["Thunderclap"],"damage_healed":0,"gold_gain":0,"player_choice":"Gave Card","damage_taken":0,"relics_obtained":["Replay:Wax Seal"],"max_hp_gain":0,"max_hp_loss":0,"event_name":"WeMeetAgain","floor":5,"gold_loss":0},{"cards_removed":["Strike_R"],"damage_healed":0,"gold_gain":0,"player_choice":"Forget","damage_taken":0,"max_hp_gain":0,"max_hp_loss":0,"event_name":"Living Wall","floor":11,"gold_loss":0},{"damage_healed":0,"gold_gain":0,"player_choice":"Ignored","damage_taken":262,"max_hp_gain":0,"max_hp_loss":0,"event_name":"betterThird:BetterSerpent","floor":13,"gold_loss":0},{"cards_removed":["Defend_R"],"damage_healed":0,"gold_gain":0,"player_choice":"Card Removal","damage_taken":0,"max_hp_gain":0,"max_hp_loss":0,"event_name":"The Cleric","floor":14,"gold_loss":50}],"is_beta":false,"boss_relics":[],"items_purged_floors":[],"is_endless":false,"potions_floor_spawned":[4,7,10],"killed_by":"Slime Boss","ascension_level":2}}