{"host":"627up2rvtmm0cf0r","time":1610802136,"event":{"mods":["100% Spire Juice","ATMod(°¢èªMod)","Act Like it!","BaseMod","Better Vampires","CapriCore","Card Filter","Card Forge","Colored Powertips","DeckTracker","Dota2Spire","Energized Spire","Friendly Minions","Highlight Path","Infinite Spire","Jedi Mod","Marked Mod","Mimic Mod","Minty Spire (QoL Compilation)","MostiFishMod","Permanent Neow","Practice Mode","Quick Restart","Relic Stats","Shop Mod","Spicy Shops","StSLib","SuperFastMode","TestMod","The Blackbeard","The Marked","¡¾ÒÅÎï¿¨ÅÆ¡¿REMEMod","²ÐÁôÖ®Îï","óô»ðÖ¸ÄÏ"],"gold_per_floor":[118,118,118,135,146,174,190,200,225,225,242,242,253,281,281,380,380,396,412,428,428,503,533,551,561,561,593,593,620,640,676,676,787,787,801,801,853,871,871,871,908,924,947,962,1016,1016,1058,1085,1085,1108,1108,730,424,487,504],"floor_reached":56,"language":"ZHS","playtime":1957,"items_purged":["Strike_B","Defend_B+1","Defend_B+1"],"score":2077,"play_id":"19fb3d4d-7e17-4ad0-92c9-d46c60a5f1a6","local_time":"20210116210216","is_ascension_mode":true,"campfire_choices":[{"data":"MostiFishMod:GatherIntelligence","floor":10,"key":"SMITH"},{"data":"MostiFishMod:ReadyAimFire","floor":15,"key":"SMITH"},{"data":"Strike_B","floor":32,"key":"PURGE"},{"data":"Strike_B","floor":40,"key":"PURGE"},{"data":"MostiFishMod:LinkProtocol","floor":46,"key":"SMITH"},{"floor":49,"key":"RECALL"}],"circlet_count":0,"master_deck":["Defend_B+1","Zap","Dualcast+1","Electrodynamics","Heatsinks","MostiFishMod:GatherIntelligence+1","MostiFishMod:LinkProtocol+1","MostiFishMod:ReadyAimFire+1","jedi:studyfrost","Defragment","Coolheaded","Creative AI","testmod-Reflect","Recycle+1","White Noise","testmod-Dream"],"relics":["Cracked Core","Hammer of Thor","Seething Fire","Anvil of the Gods","DaveBox","testmod-TestBox","REME_ComplimentaryCards","AT_ATBox","Centennial Puzzle","testmod-Nyarlathotep","EGODaCapo","SynthV:TestCard","testmod-Fortitude","War Paint","RhineCircuit","Lizard Tail","Peace Pipe","infinitespire:PuzzleCube","Dota2Spire:BlackKingBar","testmod-Acrobat","Molten Egg 2","HaiYi:Twilight","Dota2Spire:Butterfly","Dota2Spire:ShadowBlade","testmod-OneHitWonder","PlaceholderMod:SoulofChaos","jedi:paperfaux","Strange Spoon","infinitespire:Freezer","Happy Flower"],"acts_visited":["Exordium","TheCity","TheBeyond","TheEnding"],"potions_floor_usage":[],"damage_taken":[{"damage":0,"enemies":"Cultist","floor":1,"turns":3},{"damage":0,"enemies":"Small Slimes","floor":4,"turns":2},{"damage":0,"enemies":"Jaw Worm","floor":5,"turns":2},{"damage":0,"enemies":"3 Sentries","floor":6,"turns":3},{"damage":0,"enemies":"Blue Slaver","floor":7,"turns":2},{"damage":10,"enemies":"Gremlin Gang","floor":8,"turns":3},{"damage":1,"enemies":"Looter","floor":11,"turns":2},{"damage":0,"enemies":"3 Louse","floor":13,"turns":2},{"damage":5,"enemies":"Gremlin Nob","floor":14,"turns":3},{"damage":0,"enemies":"Hexaghost","floor":16,"turns":5},{"damage":0,"enemies":"3 Byrds","floor":18,"turns":2},{"damage":0,"enemies":"Spheric Guardian","floor":19,"turns":2},{"damage":0,"enemies":"Centurion and Healer","floor":20,"turns":3},{"damage":0,"enemies":"Book of Stabbing","floor":23,"turns":3},{"damage":0,"enemies":"3 Cultists","floor":24,"turns":2},{"damage":0,"enemies":"Sentry and Sphere","floor":25,"turns":1},{"damage":0,"enemies":"Slavers","floor":27,"turns":2},{"damage":0,"enemies":"Book of Stabbing","floor":29,"turns":3},{"damage":0,"enemies":"Centurion and Healer","floor":30,"turns":2},{"damage":0,"enemies":"Gremlin Leader","floor":31,"turns":5},{"damage":0,"enemies":"Collector","floor":33,"turns":4},{"damage":0,"enemies":"3 Shapes","floor":35,"turns":2},{"damage":0,"enemies":"Mind Bloom Boss Battle","floor":37,"turns":1},{"damage":0,"enemies":"Orb Walker","floor":38,"turns":2},{"damage":0,"enemies":"Reptomancer","floor":41,"turns":3},{"damage":25,"enemies":"4 Shapes","floor":42,"turns":4},{"damage":0,"enemies":"Sphere and 2 Shapes","floor":44,"turns":1},{"damage":0,"enemies":"Giant Head","floor":45,"turns":5},{"damage":0,"enemies":"Nemesis","floor":47,"turns":5},{"damage":0,"enemies":"Spire Growth","floor":48,"turns":2},{"damage":0,"enemies":"Donu and Deca","floor":50,"turns":7},{"damage":0,"enemies":"Shield and Spear","floor":54,"turns":1},{"damage":13,"enemies":"The Heart","floor":55,"turns":5}],"seed_played":"7939625831137452810","potions_obtained":[{"floor":7,"key":"FairyPotion"},{"floor":8,"key":"PotionOfCapacity"},{"floor":11,"key":"jedi:wingpotion"},{"floor":23,"key":"jedi:StrikingPotion"}],"is_trial":false,"path_per_floor":["M","?","?","M","M","E","M","M","T","R","M","?","M","E","R","B",null,"M","M","M","AVR","?","E","M","M","T","E","?","E","M","E","R","B",null,"M","?","?","M","?","R","E","M","T","M","E","R","E","M","R","B",null,"R","$","E","B",null],"character_chosen":"DEFECT","items_purchased":["Strange Spoon","infinitespire:Freezer","White Noise","testmod-Dream"],"campfire_rested":0,"item_purchase_floors":[52,52,53,53],"current_hp_per_floor":[75,68,53,53,53,53,53,43,43,43,42,42,42,37,37,37,75,75,75,75,75,68,68,68,68,68,68,68,68,68,68,68,68,75,75,71,71,71,61,61,61,36,36,36,36,36,36,36,36,36,71,71,71,71,58],"gold":504,"neow_bonus":"RANDOM_COMMON_RELIC","is_daily":false,"chose_seed":false,"campfire_upgraded":3,"win_rate":0.0,"timestamp":1610802136,"path_taken":["M","?","?","M","M","E","?","M","T","R","M","?","M","E","R","BOSS","M","M","?","AVR","?","E","?","M","T","E","?","E","M","E","R","BOSS","M","?","?","M","?","R","E","?","T","M","E","R","E","M","R","BOSS","R","$","E","BOSS"],"items_purchased_type":["Relic","Relic","Card","Card"],"build_version":"2020-12-22","purchased_purges":3,"victory":true,"max_hp_per_floor":[75,75,75,75,75,75,75,75,75,75,75,75,75,75,75,75,75,75,75,75,75,75,75,75,75,75,75,75,75,75,75,75,75,75,75,71,71,71,71,71,71,71,71,71,71,71,71,71,71,71,71,71,71,71,71],"relic_stats":{"Peace Pipe":3,"Strange Spoon":[18],"Centennial Puzzle":[15],"Lizard Tail":0,"Happy Flower":[1],"counters":[33,94],"War Paint":["Defend_B","Defend_B"],"obtain_stats":[{"AT_ATBox":0,"DaveBox":0,"Hammer of Thor":0,"Dota2Spire:ShadowBlade":41,"testmod-Nyarlathotep":0,"Centennial Puzzle":0,"Lizard Tail":21,"jedi:paperfaux":47,"Cracked Core":0,"testmod-TestBox":0,"Dota2Spire:BlackKingBar":27,"Happy Flower":54,"Seething Fire":0,"War Paint":14,"RhineCircuit":17,"testmod-Fortitude":6,"Peace Pipe":23,"Strange Spoon":52,"SynthV:TestCard":1,"Dota2Spire:Butterfly":37,"HaiYi:Twilight":34,"Anvil of the Gods":0,"EGODaCapo":0,"testmod-Acrobat":29,"Molten Egg 2":31,"PlaceholderMod:SoulofChaos":45,"infinitespire:PuzzleCube":26,"testmod-OneHitWonder":43,"REME_ComplimentaryCards":0,"infinitespire:Freezer":52},{"AT_ATBox":0,"DaveBox":0,"Hammer of Thor":0,"Dota2Spire:ShadowBlade":25,"testmod-Nyarlathotep":0,"Centennial Puzzle":0,"Lizard Tail":13,"jedi:paperfaux":29,"Cracked Core":0,"testmod-TestBox":0,"Dota2Spire:BlackKingBar":17,"Happy Flower":32,"Seething Fire":0,"War Paint":9,"RhineCircuit":10,"testmod-Fortitude":4,"Peace Pipe":14,"Strange Spoon":31,"SynthV:TestCard":1,"Dota2Spire:Butterfly":23,"HaiYi:Twilight":21,"Anvil of the Gods":0,"EGODaCapo":0,"testmod-Acrobat":18,"Molten Egg 2":20,"PlaceholderMod:SoulofChaos":28,"infinitespire:PuzzleCube":16,"testmod-OneHitWonder":26,"REME_ComplimentaryCards":0,"infinitespire:Freezer":31},{"AT_ATBox":0,"DaveBox":0,"Hammer of Thor":0,"Dota2Spire:ShadowBlade":64,"testmod-Nyarlathotep":0,"Centennial Puzzle":0,"Lizard Tail":34,"jedi:paperfaux":79,"Cracked Core":0,"testmod-TestBox":0,"Dota2Spire:BlackKingBar":42,"Happy Flower":89,"Seething Fire":0,"War Paint":22,"RhineCircuit":27,"testmod-Fortitude":10,"Peace Pipe":37,"Strange Spoon":88,"SynthV:TestCard":3,"Dota2Spire:Butterfly":59,"HaiYi:Twilight":56,"Anvil of the Gods":0,"EGODaCapo":0,"testmod-Acrobat":45,"Molten Egg 2":52,"PlaceholderMod:SoulofChaos":74,"infinitespire:PuzzleCube":40,"testmod-OneHitWonder":68,"REME_ComplimentaryCards":0,"infinitespire:Freezer":88}]},"card_choices":[{"not_picked":["Steam","Rebound","Redo"],"picked":"SKIP","floor":1},{"not_picked":["Undo","Streamline","jedi:blockon","jedi:BurstLightning","Stack"],"picked":"SKIP","floor":4},{"not_picked":["Beam Cell","MostiFishMod:FluxCapactior","Conserve Battery","jedi:sharpshooter","Capacitor"],"picked":"SKIP","floor":5},{"not_picked":["Beam Cell","BootSequence","Conserve Battery","Streamline"],"picked":"Heatsinks","floor":6},{"not_picked":["Beam Cell","Stack","Leap","MostiFishMod:GatherIntelligence","Scrape"],"picked":"SKIP","floor":7},{"not_picked":["Beam Cell","Stack","Leap","Scrape"],"picked":"MostiFishMod:GatherIntelligence","floor":7},{"not_picked":["Gash","Steam","Fusion","Stack","MostiFishMod:Overload"],"picked":"SKIP","floor":8},{"not_picked":["Leap","Rebound","Go for the Eyes","Sweeping Beam","Hologram"],"picked":"SKIP","floor":11},{"not_picked":["MostiFishMod:PushDownKick","Beam Cell","BootSequence","Hologram"],"picked":"MostiFishMod:LinkProtocol","floor":13},{"not_picked":["Streamline","Conserve Battery","Ball Lightning","Heatsinks"],"picked":"MostiFishMod:ReadyAimFire","floor":14},{"not_picked":["All For One","MostiFishMod:Prepare","Hyperbeam","MostiFishMod:IceShield"],"picked":"jedi:studyfrost","floor":16},{"not_picked":["jedi:BurstFrost","Ball Lightning","jedi:sharpshooter+1","Leap+1"],"picked":"Defragment","floor":18},{"not_picked":["REME_DataAnalysis","Barrage+1","AT_HeatAcrobatics","Streamline+1","Force Field"],"picked":"SKIP","floor":19},{"not_picked":["Streamline","Gash","Sweeping Beam","Auto Shields","Beam Cell"],"picked":"SKIP","floor":20},{"not_picked":["Stack","BootSequence","Glacier","Chaos"],"picked":"Coolheaded","floor":23},{"not_picked":["Rebound","Glacier","jedi:hex","Beam Cell","Redo+1"],"picked":"SKIP","floor":24},{"not_picked":["Go for the Eyes","MostiFishMod:Impulse","AT_HeatAcrobatics","Beam Cell","Cold Snap"],"picked":"SKIP","floor":25},{"not_picked":["Sweeping Beam+1","Rainbow","AT_HeatAcrobatics","Ball Lightning","Gash+1"],"picked":"SKIP","floor":27},{"not_picked":["MostiFishMod:ReprogramOld","jedi:meditation","jedi:locknload","BootSequence","Stack+1"],"picked":"SKIP","floor":29},{"not_picked":["Rebound","MostiFishMod:PushDownKick+1","jedi:BurstFrost","Steam","MostiFishMod:FluxCapactior"],"picked":"SKIP","floor":30},{"not_picked":["Rebound+1","MostiFishMod:ReprogramOld","Go for the Eyes+1","Conserve Battery","Beam Cell+1"],"picked":"SKIP","floor":31},{"not_picked":["Streamline+1","jedi:markofdeath+1","MostiFishMod:PushDownKick+1","Compile Driver+1","Skim+1"],"picked":"SKIP","floor":35},{"not_picked":["Beam Cell+1","Coolheaded+1","Lockon+1","Rebound+1"],"picked":"Creative AI","floor":38},{"not_picked":["AT_PowerWithin","Dramatic Entrance+1","jedi:forcepush","testmod-HeadAttack"],"picked":"testmod-Reflect","floor":39},{"not_picked":["FTL+1","Auto Shields+1","jedi:BurstFrost+1","White Noise","Loop+1"],"picked":"SKIP","floor":41},{"not_picked":["Ball Lightning+1","AT_ThunderBolt","MostiFishMod:PushDownKick+1","jedi:blockon+1","AT_EMC2"],"picked":"SKIP","floor":42},{"not_picked":["jedi:sharpshooter+1","Chill","jedi:BurstLightning+1","Fusion","Darkness"],"picked":"SKIP","floor":44},{"not_picked":["Leap","Chaos","Auto Shields","Barrage+1","Redo","Heatsinks+1","MostiFishMod:LinkProtocol"],"picked":"SKIP","floor":45},{"not_picked":["Stack","Hologram","Sweeping Beam+1","Leap+1"],"picked":"Recycle+1","floor":47},{"not_picked":["Stack","Turbo+1","Chill","MostiFishMod:IceShield","Streamline+1"],"picked":"SKIP","floor":48},{"not_picked":["Rainbow","Leap+1","jedi:markofdeath","Barrage+1","jedi:blockon+1"],"picked":"SKIP","floor":54}],"player_experience":99105,"relics_obtained":[{"floor":1,"key":"SynthV:TestCard"},{"floor":6,"key":"testmod-Fortitude"},{"floor":14,"key":"War Paint"},{"floor":23,"key":"Peace Pipe"},{"floor":26,"key":"infinitespire:PuzzleCube"},{"floor":27,"key":"Dota2Spire:BlackKingBar"},{"floor":29,"key":"testmod-Acrobat"},{"floor":31,"key":"Molten Egg 2"},{"floor":37,"key":"Dota2Spire:Butterfly"},{"floor":41,"key":"Dota2Spire:ShadowBlade"},{"floor":43,"key":"testmod-OneHitWonder"},{"floor":45,"key":"PlaceholderMod:SoulofChaos"},{"floor":47,"key":"jedi:paperfaux"},{"floor":54,"key":"Happy Flower"}],"event_choices":[{"cards_removed":["Strike_B"],"damage_healed":0,"gold_gain":0,"player_choice":"Card Removal","damage_taken":7,"max_hp_gain":0,"max_hp_loss":0,"event_name":"Golden Wing","floor":2,"gold_loss":0},{"damage_healed":0,"gold_gain":0,"player_choice":"Entered Light","damage_taken":15,"max_hp_gain":0,"max_hp_loss":0,"event_name":"Shining Light","floor":3,"gold_loss":0,"cards_upgraded":["Defend_B","Dualcast"]},{"cards_removed":["Defend_B"],"damage_healed":0,"gold_gain":0,"player_choice":"Offered Basic","damage_taken":0,"max_hp_gain":0,"max_hp_loss":0,"event_name":"Bonfire Elementals","floor":12,"gold_loss":0},{"damage_healed":0,"gold_gain":75,"player_choice":"Touch","damage_taken":7,"max_hp_gain":0,"max_hp_loss":0,"event_name":"FaceTrader","floor":22,"gold_loss":0},{"damage_healed":0,"gold_gain":0,"player_choice":"Max HP","damage_taken":0,"max_hp_gain":0,"max_hp_loss":4,"event_name":"Winding Halls","floor":36,"gold_loss":0},{"damage_healed":0,"gold_gain":0,"player_choice":"Fight","damage_taken":0,"max_hp_gain":0,"max_hp_loss":0,"event_name":"MindBloom","floor":37,"gold_loss":0},{"damage_healed":0,"gold_gain":0,"player_choice":"Memory 3","damage_taken":10,"max_hp_gain":0,"max_hp_loss":0,"event_name":"SensoryStone","floor":39,"gold_loss":0}],"is_beta":false,"boss_relics":[{"not_picked":["Fusion Hammer","REME_DemonsWealth"],"picked":"RhineCircuit"},{"not_picked":["FrozenCore","Cursed Key"],"picked":"HaiYi:Twilight"}],"items_purged_floors":[21,52,53],"is_endless":false,"potions_floor_spawned":[7,8,11,18,23,29,30,31,35,41,47,48],"ascension_level":2}}