{"host":"3zhcrllo23fhqv4x","time":1610837114,"event":{"mods":["AchievementEnabler","BaseMod","Downfall","Hermit","Jorbs\u0027s Wanderer Trilogy","Marisa????????","Minty Spire (QoL Compilation)","Remilia??????","StSLib","The Cursed","The Disciple","The Hierophant","The Runesmith","The Servant 0.9.4"],"gold_per_floor":[99,115,131,150,150,150,162,174,206,232,255,67,64,95,124,236,248,260,284,296,321,333,330,342,354,366,18,33,33,33,37,49,148,148,148,166,185,200,200,200,200,200],"floor_reached":40,"language":"ENG","playtime":3023,"items_purged":["Wrath_TH","downfall:Malfunctioning"],"score":455,"play_id":"0bbb16d7-353d-4ced-b605-5421e61fa52d","local_time":"20210116174514","is_ascension_mode":false,"campfire_choices":[{"floor":1,"key":"RECALL"},{"data":"Slimebound:SlimeTap","floor":12,"key":"SMITH"},{"data":"Slimebound:Teamwork","floor":18,"key":"SMITH"},{"floor":30,"key":"REST"},{"data":"Slimebound:MassRepurpose","floor":35,"key":"SMITH"}],"circlet_count":0,"master_deck":["Slimebound:Tackle","Slimebound:Defend_Slimebound","Slimebound:Defend_Slimebound","Slimebound:Defend_Slimebound","Slimebound:Defend_Slimebound","Slimebound:Split+1","Slimebound:CorrosiveSpit","Dark Shackles+1","Slimebound:LivingWall","Slimebound:SplitLeeching","Slimebound:SlimeTap+1","Slimebound:Chomp","Slimebound:SplitMire","Slimebound:SamplingLick","Slimebound:RejuvenatingLick","Slimebound:Chomp","Slimebound:Schlurp","Slimebound:Teamwork+1","Slimebound:LevelUp","Slimebound:BestDefense","Slimebound:SplitLeeching","Bite","Bite","Bite","Bite","Bite","Slimebound:Nibble","EndlessPower","Slimebound:CheckThePlaybook","Slimebound:OozeBath","expansioncontent:GuardianWhirl+1","Slimebound:GoopSpray","Slimebound:SplitBruiser","Slimebound:SplitMire","Slimebound:Gluttony+1","Slimebound:MassRepurpose+1","Slimebound:LeechingTouch+1","Slimebound:SplitMire","Slimebound:SplitAcid+1"],"relics":["Slimebound:AbsorbEndCombat","MawBank","downfall:HeartBlessingRed","downfall:HeartBlessingBlue","Velvet Choker","MealTicket","Membership Card","Molten Egg 2","Gremlin Horn","Meat on the Bone","PreservedInsect","Medical Kit","Philosopher\u0027s Stone"],"acts_visited":["Exordium","TheCity","TheBeyond"],"potions_floor_usage":[14,16,16,16,16,16,16,16,27,31,31,31],"damage_taken":[{"damage":0,"enemies":"2 Louse","floor":2,"turns":3},{"damage":1,"enemies":"Jaw Worm","floor":3,"turns":5},{"damage":1,"enemies":"Cultist","floor":4,"turns":4},{"damage":0,"enemies":"Large Slime","floor":9,"turns":5},{"damage":0,"enemies":"Exordium Wildlife","floor":10,"turns":4},{"damage":4,"enemies":"3 Louse","floor":11,"turns":4},{"damage":2,"enemies":"downfall:FleeingMerchant","floor":13,"turns":4},{"damage":4,"enemies":"Large Slime","floor":14,"turns":4},{"damage":14,"enemies":"Exordium Thugs","floor":15,"turns":4},{"damage":26,"enemies":"WA_ARCHETYPE_RETAIN","floor":16,"turns":8},{"damage":14,"enemies":"3 Byrds","floor":19,"turns":5},{"damage":4,"enemies":"Chosen","floor":21,"turns":4},{"damage":14,"enemies":"downfall:FleeingMerchant","floor":23,"turns":4},{"damage":13,"enemies":"downfall:FleeingMerchant","floor":27,"turns":4},{"damage":26,"enemies":"Sentry and Sphere","floor":28,"turns":6},{"damage":0,"enemies":"downfall:FleeingMerchant","floor":31,"turns":3},{"damage":0,"enemies":"Centurion and Healer","floor":32,"turns":5},{"damage":69,"enemies":"IC_MUSHROOM_ARCHETYPE","floor":33,"turns":9},{"damage":41,"enemies":"3 Darklings","floor":36,"turns":6},{"damage":22,"enemies":"Orb Walker","floor":37,"turns":4},{"damage":27,"enemies":"Transient","floor":38,"turns":5},{"damage":31,"enemies":"Jaw Worm Horde","floor":40,"turns":1}],"seed_played":"7317285614647468714","potions_obtained":[{"floor":3,"key":"Strength Potion"},{"floor":9,"key":"sneckomod:MuddlingPotion"},{"floor":10,"key":"ColorlessPotion"},{"floor":14,"key":"EntropicBrew"},{"floor":21,"key":"EntropicBrew"},{"floor":28,"key":"AttackPotion"},{"floor":32,"key":"sneckomod:MuddlingPotion"},{"floor":33,"key":"CultistPotion"},{"floor":37,"key":"Dexterity Potion"},{"floor":38,"key":"CultistPotion"}],"is_trial":false,"path_per_floor":["R","M","M","M","?","?","T","?","M","M","M","R","$","M","M","B",null,"R","M","?","M","?","$","T","?","?","$","M","T","R","$","M","B",null,"R","M","M","M","?","M"],"character_chosen":"SLIMEBOUND","items_purchased":["Membership Card","Molten Egg 2","expansioncontent:GuardianWhirl+1","Meat on the Bone","PreservedInsect","Medical Kit","Slimebound:SplitMire"],"campfire_rested":1,"item_purchase_floors":[27,27,27,31,31,31,31],"current_hp_per_floor":[65,65,65,64,64,57,57,62,64,66,64,74,75,74,63,51,80,80,68,68,66,56,50,50,50,50,46,33,33,48,51,51,21,51,51,33,28,25,25,0,0,0],"gold":200,"neow_bonus":"RANDOM_COLORLESS","is_daily":false,"chose_seed":false,"campfire_upgraded":3,"win_rate":0.0,"timestamp":1610837114,"path_taken":["R","M","M","M","?","?","T","?","M","M","M","R","$","?","M","BOSS","R","M","?","?","?","?","T","?","?","$","M","?","R","$","M","BOSS","R","M","M","M","?","?"],"items_purchased_type":["Relic","Relic","Card","Relic","Relic","Relic","Card"],"build_version":"2020-12-22","purchased_purges":2,"victory":false,"max_hp_per_floor":[65,65,65,65,65,65,65,70,70,70,70,80,80,80,80,80,80,80,80,80,80,56,56,56,56,51,51,51,51,51,51,51,51,51,51,51,51,51,51,51,51,51],"card_choices":[{"not_picked":["Impatience","Forethought"],"picked":"Dark Shackles","floor":0},{"not_picked":["Slimebound:FinishingTackle","Slimebound:LeadByExample"],"picked":"Slimebound:LivingWall","floor":2},{"not_picked":["Slimebound:LivingWall","Slimebound:GoopTackle"],"picked":"Slimebound:SplitLeeching","floor":3},{"not_picked":["Slimebound:ProtectTheBoss","Slimebound:ComboTackle"],"picked":"Slimebound:SlimeTap","floor":4},{"not_picked":["Slimebound:DisruptingSlam","Slimebound:FlameTackle"],"picked":"Slimebound:Chomp","floor":9},{"not_picked":["Slimebound:LeechEnergy","Slimebound:RollThrough"],"picked":"Slimebound:SplitMire","floor":10},{"not_picked":["Slimebound:Chomp","Slimebound:DisruptingSlam"],"picked":"Slimebound:SamplingLick","floor":11},{"not_picked":["Slimebound:GoopTackle","Slimebound:FormOfPuddle"],"picked":"Slimebound:RejuvenatingLick","floor":13},{"not_picked":["Slimebound:BestDefense","Slimebound:GoopTackle"],"picked":"Slimebound:Chomp","floor":14},{"not_picked":["Slimebound:Gluttony","Slimebound:BestDefense"],"picked":"Slimebound:Schlurp","floor":15},{"not_picked":["Slimebound:MassRepurpose","Slimebound:OozeBath"],"picked":"Slimebound:Teamwork","floor":16},{"not_picked":["Slimebound:SplitBruiser","Slimebound:SplitMire+1"],"picked":"Slimebound:LevelUp","floor":19},{"not_picked":["Slimebound:Gluttony","Slimebound:BestDefense"],"picked":"Slimebound:SplitLeeching","floor":21},{"not_picked":["Slimebound:ItLooksTasty","Slimebound:SplitAcid"],"picked":"Slimebound:Nibble","floor":23},{"not_picked":["Slimebound:ComboTackle","Slimebound:Prepare+1"],"picked":"Slimebound:OozeBath","floor":27},{"not_picked":["Slimebound:ComboTackle+1","Slimebound:Replication"],"picked":"Slimebound:GoopSpray","floor":28},{"not_picked":["Slimebound:LivingWall","Slimebound:SlimeTap"],"picked":"Slimebound:SplitBruiser","floor":31},{"not_picked":["Slimebound:LeechEnergy+1","Slimebound:ViciousTackle+1"],"picked":"Slimebound:Gluttony+1","floor":32},{"not_picked":["Slimebound:FirmFortitude","Slimebound:RallyTheTroops+1"],"picked":"Slimebound:MassRepurpose","floor":33},{"not_picked":["Slimebound:LivingWall","Slimebound:GoopTackle+1"],"picked":"Slimebound:LeechingTouch+1","floor":36},{"not_picked":["Slimebound:FlameTackle+1","Slimebound:RollThrough+1"],"picked":"Slimebound:SplitMire","floor":37},{"not_picked":["Slimebound:SpikyOuterGoop","Slimebound:FinishingTackle+1"],"picked":"Slimebound:SplitAcid+1","floor":38}],"player_experience":298074,"relics_obtained":[{"floor":24,"key":"MealTicket"},{"floor":29,"key":"Gremlin Horn"}],"event_choices":[{"damage_healed":0,"gold_gain":0,"player_choice":"Success","damage_taken":7,"relics_obtained":["MawBank"],"max_hp_gain":0,"max_hp_loss":0,"event_name":"Scrap Ooze","floor":6,"gold_loss":0},{"damage_healed":0,"gold_gain":0,"player_choice":"Donut","damage_taken":0,"max_hp_gain":5,"max_hp_loss":0,"event_name":"Big Fish","floor":8,"gold_loss":0},{"damage_healed":0,"gold_gain":0,"player_choice":"Became a vampire","damage_taken":0,"max_hp_gain":0,"max_hp_loss":24,"event_name":"Vampires","floor":22,"gold_loss":0,"cards_obtained":["Bite","Bite","Bite","Bite","Bite"]},{"damage_healed":0,"gold_gain":0,"player_choice":"Got Potions","damage_taken":0,"max_hp_gain":0,"max_hp_loss":0,"event_name":"Lab","floor":39,"gold_loss":0}],"is_beta":false,"boss_relics":[{"not_picked":["Coffee Dripper","SacredBark"],"picked":"Velvet Choker"},{"not_picked":["Astrolabe","Calling Bell"],"picked":"Philosopher\u0027s Stone"}],"items_purged_floors":[27,31],"is_endless":false,"potions_floor_spawned":[3,9,10,14,15,21,28,32,33,37,38],"killed_by":"Jaw Worm Horde","ascension_level":0}}