{"host":"vzugls1u57eppbds","time":1610804506,"event":{"mods":["AchievementEnabler","BaseMod","Better Third Choice","Minty Spire (QoL Compilation)","Relic Stats","Shop Mod","StSLib","The IronCluck"],"gold_per_floor":[114,114,129,142,152,185,185,202,227,22,22,22,36,47,47,185,185,196,45,60,60,60,94,94,123,123,151,161,175,175,186,186,291,291,311,69,81,97,113,113,141,141,164,210,210,241,291,291,291,291,291],"floor_reached":50,"language":"ENG","playtime":1842,"items_purged":[],"score":865,"play_id":"855a3eee-8d7e-4267-b9f7-bc65e21eb509","local_time":"20210116144146","is_ascension_mode":true,"campfire_choices":[{"floor":7.0,"key":"REST"},{"floor":15.0,"key":"REST"},{"data":"Demon Form","floor":24.0,"key":"SMITH"},{"floor":32.0,"key":"REST"},{"floor":40,"key":"REST"},{"floor":42,"key":"REST"},{"data":"Enlightenment","floor":45,"key":"SMITH"},{"floor":49,"key":"REST"}],"circlet_count":0,"master_deck":["Strike_R+1","Strike_R+1","Strike_R+1","Strike_R+1","Strike_R+1","Defend_R+1","Defend_R+1","Defend_R+1","Defend_R+1","Bash+1","Feed+1","Blood for Blood","Battle Trance","Pommel Strike","Pommel Strike+1","Power Through","Demon Form+1","Perfected Strike+1","Pommel Strike+1","Shame","Clothesline+1","Twin Strike","Perfected Strike+1","Perfected Strike","Reaper","Enlightenment+1","Dropkick+1","Heavy Blade+1"],"relics":["Burning Blood","Incense Burner","Whetstone","PreservedInsect","Bag of Marbles","Art of War","Velvet Choker","Bronze Scales","Blue Candle","Ornamental Fan","Centennial Puzzle","Ancient Tea Set","Strawberry","CultistMask","Black Star","Smiling Mask","Boot","Lantern","Turnip","Akabeko","Red Skull"],"acts_visited":["Exordium","TheCity","TheBeyond"],"potions_floor_usage":[33,33,41,50,50,50],"damage_taken":[{"damage":20.0,"enemies":"Small Slimes","floor":1.0,"turns":5.0},{"damage":1.0,"enemies":"Cultist","floor":3.0,"turns":4.0},{"damage":7.0,"enemies":"2 Louse","floor":4.0,"turns":4.0},{"damage":15.0,"enemies":"2 Fungi Beasts","floor":5.0,"turns":3.0},{"damage":56.0,"enemies":"Gremlin Nob","floor":6.0,"turns":5.0},{"damage":19.0,"enemies":"Blue Slaver","floor":8.0,"turns":5.0},{"damage":0.0,"enemies":"Large Slime","floor":13.0,"turns":4.0},{"damage":6.0,"enemies":"Gremlin Gang","floor":14.0,"turns":4.0},{"damage":33.0,"enemies":"Slime Boss","floor":16.0,"turns":15.0},{"damage":16.0,"enemies":"Shell Parasite","floor":18.0,"turns":4.0},{"damage":7.0,"enemies":"Chosen","floor":20.0,"turns":3.0},{"damage":4.0,"enemies":"Gremlin Leader","floor":23.0,"turns":3.0},{"damage":13.0,"enemies":"Slavers","floor":25.0,"turns":4.0},{"damage":13.0,"enemies":"Book of Stabbing","floor":27.0,"turns":3.0},{"damage":13.0,"enemies":"Snecko","floor":28.0,"turns":3.0},{"damage":10.0,"enemies":"Snake Plant","floor":29.0,"turns":2.0},{"damage":16.0,"enemies":"Cultist and Chosen","floor":31.0,"turns":4.0},{"damage":80,"enemies":"Champ","floor":33,"turns":8},{"damage":23,"enemies":"3 Darklings","floor":35,"turns":6},{"damage":0,"enemies":"Orb Walker","floor":37,"turns":1},{"damage":14,"enemies":"3 Darklings","floor":38,"turns":4},{"damage":24,"enemies":"Spire Growth","floor":39,"turns":3},{"damage":20,"enemies":"Giant Head","floor":41,"turns":6},{"damage":1,"enemies":"2 Orb Walkers","floor":44,"turns":3},{"damage":34,"enemies":"Reptomancer","floor":46,"turns":4},{"damage":19,"enemies":"Mind Bloom Boss Battle","floor":47,"turns":7},{"damage":150,"enemies":"Donu and Deca","floor":50,"turns":8}],"seed_played":"1442467972042486360","potions_obtained":[{"floor":3.0,"key":"Regen Potion"},{"floor":5.0,"key":"SteroidPotion"},{"floor":8.0,"key":"ColorlessPotion"},{"floor":16.0,"key":"BlessingOfTheForge"},{"floor":18.0,"key":"LiquidBronze"},{"floor":27.0,"key":"Strength Potion"},{"floor":33,"key":"Explosive Potion"},{"floor":37,"key":"Block Potion"},{"floor":44,"key":"Fire Potion"},{"floor":46,"key":"Energy Potion"}],"is_trial":false,"path_per_floor":["M","?","M","M","M","E","R","M","T","$","?","?","M","M","R","B",null,"M","$","M","?","?","E","R","E","T","E","M","M","?","M","R","B",null,"M","$","M","M","M","R","E","R","T","?","R","E","?","?","R","B"],"character_chosen":"IRONCLAD","items_purchased":["PreservedInsect","PowerPotion","Bronze Scales","Reaper","Enlightenment"],"campfire_rested":6,"item_purchase_floors":[10,10,19,36,36],"current_hp_per_floor":[61,61,70,73,68,32,60,51,51,51,45,25,35,39,71,48,95,89,89,92,92,92,98,98,95,95,95,88,84,84,78,119,45,115,98,98,104,96,78,119,116,142,142,146,146,118,105,105,146,0,0],"gold":291,"neow_bonus":"ONE_RANDOM_RARE_CARD","is_daily":false,"chose_seed":false,"campfire_upgraded":2,"win_rate":0.0,"timestamp":1610804506,"path_taken":["M","?","M","?","M","E","R","M","T","$","?","?","M","M","R","BOSS","M","$","M","?","?","E","R","E","T","E","M","M","?","M","R","BOSS","M","$","M","M","?","R","E","R","T","?","R","E","?","?","R","BOSS"],"items_purchased_type":["Relic","Potion","Relic","Card","Card"],"build_version":"2020-12-22","purchased_purges":0,"victory":false,"max_hp_per_floor":[83,83,87,91,95,95,95,99,99,99,99,99,103,107,107,111,111,115,115,119,119,119,123,123,127,127,134,134,134,134,138,138,138,138,138,138,138,138,138,138,142,142,142,146,146,146,146,146,146,146,146],"relic_stats":{"counters":[27,125],"Blue Candle":[10],"PreservedInsect":319,"Whetstone":["Strike_R","Bash"],"Smiling Mask":0,"Boot":[0],"Burning Blood":151,"Centennial Puzzle":[39],"Ornamental Fan":[108],"Bronze Scales":[190],"Turnip":[0],"Art of War":[5],"Black Star":2,"obtain_stats":[{"Lantern":43,"Blue Candle":21,"Velvet Choker":17,"PreservedInsect":10,"Incense Burner":6,"Whetstone":9,"Ancient Tea Set":26,"Smiling Mask":41,"Boot":41,"Burning Blood":0,"Akabeko":46,"Centennial Puzzle":25,"Ornamental Fan":23,"Bronze Scales":19,"Strawberry":27,"CultistMask":30,"Turnip":44,"Bag of Marbles":11,"Art of War":11,"Black Star":34,"Red Skull":46},{"Lantern":23,"Blue Candle":11,"Velvet Choker":9,"PreservedInsect":6,"Incense Burner":5,"Whetstone":6,"Ancient Tea Set":13,"Smiling Mask":23,"Boot":23,"Burning Blood":0,"Akabeko":25,"Centennial Puzzle":13,"Ornamental Fan":12,"Bronze Scales":10,"Strawberry":14,"CultistMask":16,"Turnip":24,"Bag of Marbles":6,"Art of War":6,"Black Star":18,"Red Skull":25},{"Lantern":103,"Blue Candle":56,"Velvet Choker":49,"PreservedInsect":26,"Incense Burner":21,"Whetstone":26,"Ancient Tea Set":63,"Smiling Mask":103,"Boot":103,"Burning Blood":0,"Akabeko":110,"Centennial Puzzle":63,"Ornamental Fan":59,"Bronze Scales":53,"Strawberry":66,"CultistMask":71,"Turnip":106,"Bag of Marbles":26,"Art of War":26,"Black Star":83,"Red Skull":110}]},"card_choices":[{"not_picked":["Heavy Blade","Perfected Strike","Flex"],"picked":"SKIP","floor":1.0},{"not_picked":["Combust","Clothesline"],"picked":"Blood for Blood","floor":3.0},{"not_picked":["Dual Wield","Warcry"],"picked":"Battle Trance","floor":4.0},{"not_picked":["Entrench","Armaments"],"picked":"Pommel Strike","floor":5.0},{"not_picked":["Thunderclap","Iron Wave"],"picked":"Pommel Strike","floor":6.0},{"not_picked":["True Grit","Headbutt"],"picked":"Power Through","floor":8.0},{"not_picked":["Entrench","Hemokinesis","Searing Blow"],"picked":"SKIP","floor":13.0},{"not_picked":["Perfected Strike","Wild Strike","Headbutt"],"picked":"SKIP","floor":14.0},{"not_picked":["Barricade","Corruption"],"picked":"Demon Form","floor":16.0},{"not_picked":["Heavy Blade","Armaments"],"picked":"Perfected Strike+1","floor":18.0},{"not_picked":["Armaments+1","Clothesline"],"picked":"Pommel Strike+1","floor":20.0},{"not_picked":["Armaments","Rupture"],"picked":"Clothesline+1","floor":23.0},{"not_picked":["Immolate","Anger+1","Demon Form"],"picked":"SKIP","floor":25.0},{"not_picked":["Clash","Dual Wield+1"],"picked":"Twin Strike","floor":27.0},{"not_picked":["Dark Embrace","Iron Wave","Dropkick+1"],"picked":"SKIP","floor":28.0},{"not_picked":["Reckless Charge","Clash"],"picked":"Perfected Strike+1","floor":29.0},{"not_picked":["Spot Weakness","Twin Strike","Seeing Red"],"picked":"SKIP","floor":31.0},{"not_picked":["Body Slam","Burning Pact"],"picked":"Perfected Strike","floor":35},{"not_picked":["Reckless Charge+1","Seeing Red+1","Sever Soul+1"],"picked":"SKIP","floor":37},{"not_picked":["Battle Trance+1","Sword Boomerang","Body Slam"],"picked":"SKIP","floor":38},{"not_picked":["Sword Boomerang+1","Anger+1","Rage+1"],"picked":"SKIP","floor":39},{"not_picked":["Shrug It Off","Shockwave","Anger+1"],"picked":"SKIP","floor":41},{"not_picked":["Headbutt","Clash"],"picked":"Dropkick+1","floor":46},{"not_picked":["Wild Strike+1","Shockwave"],"picked":"Heavy Blade+1","floor":47}],"player_experience":232004,"relics_obtained":[{"floor":6.0,"key":"Incense Burner"},{"floor":9.0,"key":"Whetstone"},{"floor":23.0,"key":"Ornamental Fan"},{"floor":25.0,"key":"Centennial Puzzle"},{"floor":26.0,"key":"Ancient Tea Set"},{"floor":27.0,"key":"Strawberry"},{"floor":41,"key":"Smiling Mask"},{"floor":41,"key":"Boot"},{"floor":43,"key":"Lantern"},{"floor":44,"key":"Turnip"},{"floor":46,"key":"Akabeko"},{"floor":46,"key":"Red Skull"}],"event_choices":[{"damage_healed":0.0,"max_hp_gain":0.0,"max_hp_loss":0.0,"gold_gain":0.0,"event_name":"Upgrade Shrine","player_choice":"Upgraded","floor":2.0,"gold_loss":0.0,"damage_taken":0.0,"cards_upgraded":["Feed"]},{"damage_healed":0.0,"max_hp_gain":0.0,"max_hp_loss":0.0,"gold_gain":1.0,"event_name":"betterThird:BetterScrap","player_choice":"Relic Relic ","floor":11.0,"gold_loss":0.0,"damage_taken":6.0,"cards_obtained":["Eviscerate"]},{"damage_healed":45.0,"max_hp_gain":0.0,"max_hp_loss":99.0,"gold_gain":0.0,"event_name":"betterThird:BetterShining","player_choice":"Upgrade","floor":12.0,"gold_loss":0.0,"damage_taken":20.0,"cards_upgraded":["Pommel Strike","Strike_R"]},{"damage_healed":0.0,"max_hp_gain":0.0,"max_hp_loss":0.0,"gold_gain":0.0,"event_name":"Addict","player_choice":"Stole Relic","floor":21.0,"gold_loss":0.0,"damage_taken":0.0,"relics_obtained":["Blue Candle"],"cards_obtained":["Shame"]},{"damage_healed":0.0,"max_hp_gain":0.0,"max_hp_loss":7.0,"gold_gain":0.0,"event_name":"betterThird:BetterWriting","player_choice":"Simplicity","floor":22.0,"gold_loss":0.0,"damage_taken":0.0},{"damage_healed":0.0,"max_hp_gain":0.0,"max_hp_loss":0.0,"gold_gain":0.0,"event_name":"FaceTrader","player_choice":"Trade","floor":30.0,"gold_loss":0.0,"damage_taken":0.0,"relics_obtained":["CultistMask"]},{"damage_healed":0,"gold_gain":0,"player_choice":"Fight","damage_taken":0,"max_hp_gain":0,"max_hp_loss":0,"event_name":"Mysterious Sphere","floor":44,"gold_loss":0},{"damage_healed":0,"gold_gain":0,"player_choice":"Fight","damage_taken":0,"max_hp_gain":0,"max_hp_loss":0,"event_name":"MindBloom","floor":47,"gold_loss":0},{"damage_healed":0,"gold_gain":0,"player_choice":"Memory 1","damage_taken":0,"max_hp_gain":0,"max_hp_loss":0,"event_name":"SensoryStone","floor":48,"gold_loss":0}],"is_beta":false,"boss_relics":[{"not_picked":["Calling Bell","Pandora\u0027s Box"],"picked":"Velvet Choker"},{"not_picked":["Mark of Pain","Sozu"],"picked":"Black Star"}],"items_purged_floors":[],"is_endless":false,"potions_floor_spawned":[3,5,8,16,18,27,28,33,37,44,46],"killed_by":"Donu and Deca","ascension_level":9}}