{"host":"74x1pl1v0521ej6y","time":1610796124,"event":{"mods":["2.2 Compatiblity","AchievementEnabler","BaseMod","Colored Map","Custom Start","Hermit","Marisa£¨Ùöéë¡¡Øª×âÞÞ£©","Minty Spire (QoL Compilation)","Rare Cards Sparkle","Shop Mod","StSLib","SuperFastMode","The Cursed"],"gold_per_floor":[111,125,14,25,35,35,68,68,68,68,68,85,118,6,6,107,107,117,129,60,10,25,25,42,42,42,42,53,53,53,69,69,168,168,187,198,215,228,178,178,193,193,193,210,210,210,210,210,210,210],"floor_reached":51,"language":"KOR","playtime":2038,"items_purged":["Strike_P","Strike_P","Defend_P","Defend_P","Defend_P"],"score":834,"play_id":"e2d275d9-04a2-4718-a6a5-0c67bdbc234a","local_time":"20210116202204","daily_mods":["Time Dilation","Flight"],"is_ascension_mode":false,"campfire_choices":[{"data":"Strike_P","floor":6,"key":"PURGE"},{"data":"Strike_P","floor":8,"key":"PURGE"},{"data":"Eruption","floor":10,"key":"SMITH"},{"data":"Defend_P","floor":11,"key":"PURGE"},{"data":"Adaptation","floor":15,"key":"SMITH"},{"data":"Vigilance","floor":23,"key":"SMITH"},{"data":"EmptyMind","floor":25,"key":"SMITH"},{"data":"EmptyFist","floor":27,"key":"SMITH"},{"data":"EmptyBody","floor":29,"key":"SMITH"},{"data":"FollowUp","floor":30,"key":"SMITH"},{"data":"Nirvana","floor":32,"key":"PURGE"},{"data":"FlurryOfBlows","floor":40,"key":"SMITH"},{"floor":42,"key":"REST"},{"floor":46,"key":"REST"},{"floor":49,"key":"REST"}],"circlet_count":0,"master_deck":["Eruption+1","Vigilance+1","EmptyFist+1","FollowUp+1","FlurryOfBlows+1","EmptyMind+1","Adaptation+1","EmptyBody+1"],"relics":["PureWater","PreservedInsect","SimpleLauncher","MiniHakkero","Orichalcum","Membership Card","The Courier","Peace Pipe","Smiling Mask","Lee\u0027s Waffle","Oddly Smooth Stone","White Beast Statue","TungstenRod","Orrery","Prayer Wheel","SacredBark","Unceasing Top"],"acts_visited":["Exordium","TheCity","TheBeyond"],"potions_floor_usage":[28],"damage_taken":[{"damage":3,"enemies":"Small Slimes","floor":1,"turns":4},{"damage":0,"enemies":"Cultist","floor":2,"turns":2},{"damage":1,"enemies":"Jaw Worm","floor":4,"turns":4},{"damage":0,"enemies":"3 Louse","floor":5,"turns":3},{"damage":11,"enemies":"Gremlin Nob","floor":7,"turns":3},{"damage":0,"enemies":"Gremlin Gang","floor":12,"turns":5},{"damage":0,"enemies":"3 Sentries","floor":13,"turns":4},{"damage":14,"enemies":"Hexaghost","floor":16,"turns":6},{"damage":0,"enemies":"Chosen","floor":18,"turns":3},{"damage":7,"enemies":"2 Thieves","floor":19,"turns":4},{"damage":0,"enemies":"Snake Plant","floor":22,"turns":2},{"damage":1,"enemies":"Snecko","floor":24,"turns":3},{"damage":0,"enemies":"3 Cultists","floor":28,"turns":3},{"damage":0,"enemies":"Snake Plant","floor":31,"turns":1},{"damage":51,"enemies":"Automaton","floor":33,"turns":8},{"damage":0,"enemies":"3 Darklings","floor":35,"turns":2},{"damage":16,"enemies":"3 Shapes","floor":36,"turns":2},{"damage":12,"enemies":"Jaw Worm Horde","floor":37,"turns":3},{"damage":2,"enemies":"Spire Growth","floor":38,"turns":3},{"damage":0,"enemies":"Writhing Mass","floor":41,"turns":3},{"damage":4,"enemies":"Sphere and 2 Shapes","floor":44,"turns":3},{"damage":121,"enemies":"Time Eater","floor":50,"turns":10}],"seed_played":"6351855350481009571","potions_obtained":[{"floor":4,"key":"Fruit Juice"},{"floor":7,"key":"AttackPotion"},{"floor":12,"key":"BlessingOfTheForge"},{"floor":28,"key":"FairyPotion"}],"is_trial":true,"path_per_floor":["M","M","$","M","M","R","E","R","T","R","R","M","E","$","R","B",null,"M","M","$","$","M","R","M","R","T","R","M","R","R","M","R","B",null,"M","M","M","M","$","R","M","R","T","M","$","R","?","$","R","B",null],"character_chosen":"WATCHER","items_purchased":["Lee\u0027s Waffle","Orrery","EmptyBody"],"campfire_rested":3,"item_purchase_floors":[3,14,20],"current_hp_per_floor":[69,69,79,78,78,78,67,67,67,67,67,67,67,67,67,53,79,79,72,72,72,72,72,71,71,71,71,76,76,76,76,76,25,84,84,68,56,54,54,54,54,79,79,75,75,84,84,84,84,25],"gold":210,"neow_bonus":"","is_daily":false,"chose_seed":false,"campfire_upgraded":8,"win_rate":0.0,"timestamp":1610796124,"path_taken":["M","M","$","M","M","R","E","R","T","R","R","M","E","$","R","BOSS","M","M","$","$","M","R","M","R","T","R","M","R","R","M","R","BOSS","M","M","M","M","$","R","M","R","T","M","$","R","?","$","R","BOSS"],"items_purchased_type":["Relic","Relic","Card"],"build_version":"2020-12-22","purchased_purges":5,"victory":true,"max_hp_per_floor":[72,72,79,79,79,79,79,79,79,79,79,79,79,79,79,79,79,79,79,79,79,79,79,79,79,79,79,84,84,84,84,84,84,84,84,84,84,84,84,84,84,84,84,84,84,84,84,84,84,84],"card_choices":[{"not_picked":["Crescendo","Protect"],"picked":"EmptyFist","floor":1},{"not_picked":["FlyingSleeves","Protect"],"picked":"FollowUp","floor":2},{"not_picked":["Crescendo","Pray","CutThroughFate"],"picked":"SKIP","floor":4},{"not_picked":["Fasting2","SashWhip","Consecrate"],"picked":"SKIP","floor":5},{"not_picked":["Alpha","ThirdEye","LikeWater"],"picked":"SKIP","floor":7},{"not_picked":["FollowUp","CrushJoints"],"picked":"FlurryOfBlows","floor":12},{"not_picked":["CarveReality","Evaluate","FlurryOfBlows"],"picked":"SKIP","floor":13},{"not_picked":["BattleHymn","Sanctity"],"picked":"EmptyMind","floor":14},{"not_picked":["CarveReality","ThirdEye"],"picked":"Adaptation","floor":14},{"not_picked":["BowlingBash","FlurryOfBlows","Vengeance"],"picked":"SKIP","floor":18},{"not_picked":["PathToVictory","Establishment","CrushJoints"],"picked":"SKIP","floor":19},{"not_picked":["FollowUp","EmptyFist","ClearTheMind"],"picked":"SKIP","floor":22},{"not_picked":["Evaluate+1","TalkToTheHand","Protect"],"picked":"SKIP","floor":24},{"not_picked":["Meditate","EmptyFist","EmptyBody"],"picked":"SKIP","floor":28},{"not_picked":["Halt","FlyingSleeves","FollowUp"],"picked":"SKIP","floor":28},{"not_picked":["Consecrate","EmptyFist"],"picked":"Nirvana","floor":31},{"not_picked":["CrushJoints","Crescendo","DeceiveReality+1"],"picked":"SKIP","floor":31},{"not_picked":["SignatureMove+1","JustLucky","CrushJoints"],"picked":"SKIP","floor":35},{"not_picked":["Fasting2+1","ThirdEye+1","Worship"],"picked":"SKIP","floor":35},{"not_picked":["CutThroughFate+1","SpiritShield","EmptyBody"],"picked":"SKIP","floor":36},{"not_picked":["Wallop","BowlingBash","FlurryOfBlows+1"],"picked":"SKIP","floor":36},{"not_picked":["Fasting2+1","Protect","Weave+1"],"picked":"SKIP","floor":37},{"not_picked":["CutThroughFate+1","ClearTheMind","FlyingSleeves+1"],"picked":"SKIP","floor":37},{"not_picked":["Indignation+1","WaveOfTheHand+1","Evaluate"],"picked":"SKIP","floor":38},{"not_picked":["JustLucky","Halt+1","Collect+1"],"picked":"SKIP","floor":38},{"not_picked":["DeceiveReality","BowlingBash","Halt"],"picked":"SKIP","floor":41},{"not_picked":["CrushJoints","Perseverance","Blasphemy"],"picked":"SKIP","floor":41},{"not_picked":["FlurryOfBlows+1","Wallop+1","CrushJoints"],"picked":"SKIP","floor":44},{"not_picked":["BattleHymn","PathToVictory","Nirvana"],"picked":"SKIP","floor":44}],"player_experience":113674,"relics_obtained":[{"floor":7,"key":"Oddly Smooth Stone"},{"floor":9,"key":"White Beast Statue"},{"floor":13,"key":"TungstenRod"},{"floor":26,"key":"Prayer Wheel"},{"floor":43,"key":"Unceasing Top"}],"event_choices":[{"damage_healed":0,"gold_gain":0,"player_choice":"Ignored","damage_taken":0,"max_hp_gain":0,"max_hp_loss":0,"event_name":"Tomb of Lord Red Mask","floor":47,"gold_loss":0}],"is_beta":false,"boss_relics":[{"not_picked":["Astrolabe","Ectoplasm","Pandora\u0027s Box"]},{"not_picked":["Runic Dome","Snecko Eye"],"picked":"SacredBark"}],"items_purged_floors":[3,14,20,21,39],"is_endless":false,"potions_floor_spawned":[4,7,12,13,16,18,19,22,24,28,31,33,35,36,37,38,41,44],"ascension_level":0}}