{"host":"m1hsm1cztz438mir","time":1610764167,"event":{"mods":["2.2 Compatiblity","AchievementEnabler","Act Like it!","Aspiration","BaseMod","Better Altar","Better Match","Better Sensory Stone","Better Skull","Better Third Choice","Colored Map","Minty Spire (QoL Compilation)","Permanent Neow","Relic Stats","Replay The Spire","Shop Mod","StSLib","The Fake Hero","The Runesmith"],"gold_per_floor":[514,534,534,553,563,563,596,596,650,222,251,266,300,320,320,415,415,426,426,426,440,450,482,482,517,543,586,586,586,586,629,447,476,476,583,583,595,606,654,64,64,64,97,97,106,116,144,144,157,32,32,32,32,32,32,62,62],"floor_reached":58,"language":"ENG","playtime":5418,"items_purged":["luka_mod:Surrender","luka_mod:Wait","Replay:Hysterical Blindness"],"score":1521,"play_id":"78ae7ba1-13b8-4157-84c8-7416962c5969","local_time":"20210116022927","is_ascension_mode":true,"campfire_choices":[{"data":"luka_mod:Salt","floor":6.0,"key":"SMITH"},{"data":"luka_mod:GuardTraining","floor":8.0,"key":"SMITH"},{"floor":15.0,"key":"REST"},{"floor":24,"key":"REST"},{"data":"luka_mod:Erubetie","floor":34,"key":"SMITH"},{"data":"luka_mod:Granberia","floor":42,"key":"SMITH"},{"data":"luka_mod:SpoilerForm","floor":44,"key":"SMITH"},{"data":"luka_mod:Gnome","floor":48,"key":"SMITH"},{"floor":51,"key":"RECALL"},{"data":"luka_mod:Gnome","floor":54,"key":"SMITH"}],"circlet_count":0,"master_deck":["luka_mod:StrikeLukaOne","luka_mod:StrikeLukaTwo","luka_mod:StrikeLukaThree","luka_mod:StrikeLukaFour","luka_mod:StrikeLukaFive","luka_mod:StrikeLukaSix","luka_mod:Salt+1","luka_mod:Guard","luka_mod:Meditation","luka_mod:BegIlias+1","luka_mod:AlicesGuard+1","luka_mod:Sylph","luka_mod:StrikeLuka","luka_mod:GuardTraining+1","luka_mod:Gnome+1","luka_mod:Gnome+1","luka_mod:Erubetie+1","luka_mod:Salamander","luka_mod:AlicesGuard","luka_mod:SpoilerForm+1","luka_mod:RestrictedStrike","luka_mod:GuardTraining+1","Pot Of Greed","Pot Of Greed","luka_mod:Optimistic+1","Pot Of Greed","luka_mod:Gnome+1","luka_mod:NinefoldRakshasa","luka_mod:NeverSurrender+1","luka_mod:Undine","luka_mod:Undine","luka_mod:Salamander","luka_mod:Granberia+1"],"relics":["luka_mod:KeepsakeRing","Blue Doll","War Paint","Simple Rune","Sling","Dream Catcher","Gremlin Food","Replay:Bronze Core","Kunai","Grinning Jar","CeramicFish","Whetstone","Anchor","Unceasing Top","Runesmith:Nanobots","Cursed Key","Pocketwatch","aspiration:KaomsHeart"],"acts_visited":["Exordium","TheCity","TheBeyond","TheEnding"],"potions_floor_usage":[23,23,25,38,47,49,52,52,52],"damage_taken":[{"damage":7.0,"enemies":"Jaw Worm","floor":1.0,"turns":3.0},{"damage":0.0,"enemies":"Cultist","floor":2.0,"turns":3.0},{"damage":0.0,"enemies":"Small Slimes","floor":4.0,"turns":3.0},{"damage":2.0,"enemies":"Looter","floor":5.0,"turns":3.0},{"damage":20.0,"enemies":"3 Sentries","floor":7.0,"turns":7.0},{"damage":4.0,"enemies":"Lagavulin","floor":11.0,"turns":4.0},{"damage":10.0,"enemies":"Gremlin Gang","floor":12.0,"turns":4.0},{"damage":0.0,"enemies":"Replay:BlueRogue","floor":13.0,"turns":3.0},{"damage":9.0,"enemies":"2 Fungi Beasts","floor":14.0,"turns":2.0},{"damage":6.0,"enemies":"The Guardian","floor":16.0,"turns":9.0},{"damage":0.0,"enemies":"Shell Parasite","floor":18.0,"turns":5.0},{"damage":0.0,"enemies":"Spheric Guardian","floor":21.0,"turns":3.0},{"damage":1.0,"enemies":"Centurion and Healer","floor":22.0,"turns":7.0},{"damage":33,"enemies":"Slavers","floor":23,"turns":8},{"damage":0,"enemies":"Book of Stabbing","floor":25,"turns":3},{"damage":31,"enemies":"Gremlin Leader","floor":27,"turns":8},{"damage":10,"enemies":"Replay:Snechameleon","floor":31,"turns":4},{"damage":4,"enemies":"Shelled Parasite and Fungi","floor":33,"turns":8},{"damage":0,"enemies":"Champ","floor":35,"turns":10},{"damage":19,"enemies":"3 Shapes","floor":37,"turns":7},{"damage":5,"enemies":"Orb Walker","floor":38,"turns":8},{"damage":33,"enemies":"2 Orb Walkers","floor":39,"turns":4},{"damage":0,"enemies":"R_Hoarder","floor":43,"turns":8},{"damage":0,"enemies":"Maw","floor":46,"turns":7},{"damage":0,"enemies":"Giant Head","floor":47,"turns":6},{"damage":0,"enemies":"Transient","floor":49,"turns":5},{"damage":1,"enemies":"Donu and Deca","floor":52,"turns":10},{"damage":47,"enemies":"Shield and Spear","floor":56,"turns":5},{"damage":63,"enemies":"The Heart","floor":57,"turns":12}],"seed_played":"-3055223495816827997","potions_obtained":[{"floor":1.0,"key":"EssenceOfSteel"},{"floor":5.0,"key":"Fire Potion"},{"floor":7.0,"key":"Explosive Potion"},{"floor":11.0,"key":"SkillPotion"},{"floor":14.0,"key":"Block Potion"},{"floor":21.0,"key":"SkillPotion"},{"floor":23,"key":"AttackPotion"},{"floor":33,"key":"LifebloodPotion"},{"floor":39,"key":"Strength Potion"},{"floor":43,"key":"EssenceOfSteel"},{"floor":47,"key":"Weak Potion"},{"floor":49,"key":"Doom Potion"}],"is_trial":false,"path_per_floor":["M","M","?","M","M","R","E","R","T","$","E","M","E","M","R","B",null,"M","T","?","M","M","E","R","E","T","E","?","PTL","PTL","E","$","M","R","B",null,"M","M","?","$","?","R","E","R","T","M","E","R","M","$","R","B",null,"R","$","E","B",null],"character_chosen":"LUKA_CLASS","items_purchased":["luka_mod:Gnome+1","Simple Rune","Sling","luka_mod:Undine","Strength Potion","aspiration:KaomsHeart"],"campfire_rested":2,"item_purchase_floors":[10,10,10,32,32,40],"current_hp_per_floor":[33,40,40,40,38,38,40,40,40,40,40,30,30,21,33,40,40,40,40,40,40,40,27,39,39,39,40,40,40,40,40,40,40,40,40,40,26,40,7,107,107,107,140,140,140,140,140,140,140,140,140,140,140,140,140,113,140],"gold":62,"neow_bonus":"REMOVE_TWO","is_daily":false,"chose_seed":false,"campfire_upgraded":7,"win_rate":0.0,"timestamp":1610764167,"path_taken":["M","M","?","M","M","R","E","R","T","$","E","?","E","M","R","BOSS","M","?","?","M","M","E","R","E","T","E","?","PTL","PTL","E","$","M","R","BOSS","M","M","?","$","?","R","E","R","T","M","E","R","M","$","R","BOSS","R","$","E","BOSS"],"items_purchased_type":["Card","Relic","Relic","Card","Potion","Relic"],"build_version":"2020-12-22","purchased_purges":3,"victory":true,"max_hp_per_floor":[40,40,40,40,40,40,40,40,40,40,40,40,40,40,40,40,40,40,40,40,40,40,40,40,40,40,40,40,40,40,40,40,40,40,40,40,40,40,40,140,140,140,140,140,140,140,140,140,140,140,140,140,140,140,140,140,140],"relic_stats":{"Dream Catcher":2,"counters":[29,169],"CeramicFish":72,"Kunai":[46],"Whetstone":["luka_mod:StrikeLukaSix","luka_mod:StrikeLukaOne"],"War Paint":["luka_mod:BegIlias","luka_mod:Guard"],"Cursed Key":1,"obtain_stats":[{"Gremlin Food":13,"Runesmith:Nanobots":31,"luka_mod:KeepsakeRing":0,"CeramicFish":25,"Blue Doll":7,"Whetstone":26,"War Paint":9,"Sling":10,"Cursed Key":36,"Dream Catcher":11,"Anchor":27,"Replay:Bronze Core":17,"Simple Rune":10,"aspiration:KaomsHeart":40,"Kunai":19,"Grinning Jar":23,"Unceasing Top":28,"Pocketwatch":39},{"Gremlin Food":8,"Runesmith:Nanobots":17,"luka_mod:KeepsakeRing":0,"CeramicFish":15,"Blue Doll":5,"Whetstone":15,"War Paint":5,"Sling":5,"Cursed Key":19,"Dream Catcher":6,"Anchor":16,"Replay:Bronze Core":10,"Simple Rune":5,"aspiration:KaomsHeart":22,"Kunai":11,"Grinning Jar":14,"Unceasing Top":16,"Pocketwatch":22},{"Gremlin Food":30,"Runesmith:Nanobots":79,"luka_mod:KeepsakeRing":0,"CeramicFish":67,"Blue Doll":19,"Whetstone":67,"War Paint":19,"Sling":19,"Cursed Key":97,"Dream Catcher":23,"Anchor":75,"Replay:Bronze Core":41,"Simple Rune":19,"aspiration:KaomsHeart":116,"Kunai":46,"Grinning Jar":64,"Unceasing Top":75,"Pocketwatch":116}],"Unceasing Top":[20],"Pocketwatch":[6]},"card_choices":[{"not_picked":["luka_mod:Feel","luka_mod:PeacePreach"],"picked":"luka_mod:BegIlias","floor":1.0},{"not_picked":["luka_mod:EarthSlash","luka_mod:Request"],"picked":"luka_mod:AlicesGuard","floor":2.0},{"not_picked":["luka_mod:PeacePreach","luka_mod:EarthSlash"],"picked":"luka_mod:Sylph","floor":4.0},{"not_picked":["luka_mod:Sara","luka_mod:Overexert"],"picked":"luka_mod:StrikeLuka","floor":5.0},{"not_picked":["luka_mod:Intense","luka_mod:SereneDemonSword"],"picked":"luka_mod:GuardTraining","floor":7.0},{"not_picked":["luka_mod:HeavenlyDemonRevival","luka_mod:DemonSkullBeheading","luka_mod:FlashKill"],"picked":"SKIP","floor":11.0},{"not_picked":["luka_mod:EarthSlash","luka_mod:IliasesJudgement"],"picked":"luka_mod:Gnome","floor":12.0},{"not_picked":["luka_mod:SereneDemonSword","luka_mod:EndlessGuard"],"picked":"luka_mod:Erubetie","floor":13.0},{"not_picked":["luka_mod:IliasesJudgement","luka_mod:OiAlice"],"picked":"luka_mod:Salamander","floor":14.0},{"not_picked":["luka_mod:HeroicStrike","luka_mod:ThunderThrust"],"picked":"luka_mod:AlicesGuard","floor":15.0},{"not_picked":["luka_mod:NoDebuffs","luka_mod:AlicesFist"],"picked":"luka_mod:SpoilerForm","floor":16.0},{"not_picked":["luka_mod:FlashKill","luka_mod:Overexert+1"],"picked":"luka_mod:RestrictedStrike","floor":18.0},{"not_picked":["luka_mod:ThunderThrust","luka_mod:FireSlash","luka_mod:Cutscene"],"picked":"SKIP","floor":21.0},{"not_picked":["luka_mod:BegIlias","luka_mod:Request+1"],"picked":"luka_mod:GuardTraining+1","floor":22.0},{"not_picked":["luka_mod:FireSlash","luka_mod:Overexert","luka_mod:DeathSwordChaosStar"],"picked":"SKIP","floor":23},{"not_picked":["luka_mod:StressRelief","luka_mod:Intense+1"],"picked":"luka_mod:Optimistic+1","floor":24},{"not_picked":["luka_mod:HeroicStrike","luka_mod:Struggle"],"picked":"luka_mod:Gnome","floor":25},{"not_picked":["luka_mod:HeroicStrike","luka_mod:VaporizingRebellionSword"],"picked":"luka_mod:NinefoldRakshasa","floor":27},{"not_picked":["luka_mod:GuardedStrike","luka_mod:BladeOfHowlingWind"],"picked":"luka_mod:NeverSurrender+1","floor":31},{"not_picked":["luka_mod:Sara+1","luka_mod:Struggle"],"picked":"luka_mod:Salamander","floor":33},{"not_picked":["luka_mod:NoDebuffs","luka_mod:Erubetie"],"picked":"luka_mod:Granberia","floor":35},{"not_picked":["luka_mod:PerfectTiming+1","luka_mod:BladeOfSolidEarth","luka_mod:EarthSlash+1"],"picked":"SKIP","floor":37},{"not_picked":["luka_mod:FlashKill+1","luka_mod:WindSlash","luka_mod:OiAlice+1"],"picked":"SKIP","floor":38},{"not_picked":["luka_mod:DemonDecapitation+1","luka_mod:FireSlash+1","luka_mod:Request+1"],"picked":"SKIP","floor":43},{"not_picked":["luka_mod:Struggle","luka_mod:GuardTraining+1","luka_mod:FireSlash"],"picked":"SKIP","floor":46},{"not_picked":["luka_mod:Granberia","luka_mod:Struggle","luka_mod:FireSlash"],"picked":"SKIP","floor":47},{"not_picked":["luka_mod:SereneDemonSword","luka_mod:FireSlash","luka_mod:Calm"],"picked":"SKIP","floor":49},{"not_picked":["luka_mod:VaporizingRebellionSword+1","luka_mod:Sara","luka_mod:WindSlash+1"],"picked":"SKIP","floor":56}],"player_experience":298831,"relics_obtained":[{"floor":7.0,"key":"Blue Doll"},{"floor":9.0,"key":"War Paint"},{"floor":11.0,"key":"Dream Catcher"},{"floor":13.0,"key":"Gremlin Food"},{"floor":19.0,"key":"Kunai"},{"floor":23,"key":"Grinning Jar"},{"floor":25,"key":"CeramicFish"},{"floor":26,"key":"Whetstone"},{"floor":27,"key":"Anchor"},{"floor":31,"key":"Runesmith:Nanobots"},{"floor":39,"key":"Pocketwatch"},{"floor":43,"key":"aspiration:KMNothing"},{"floor":47,"key":"aspiration:KMNothing"}],"event_choices":[{"damage_healed":0.0,"max_hp_gain":0.0,"max_hp_loss":0.0,"gold_gain":0.0,"event_name":"Accursed Blacksmith","player_choice":"Forge","floor":3.0,"gold_loss":0.0,"damage_taken":0.0,"cards_upgraded":["luka_mod:AlicesGuard"]},{"damage_healed":0.0,"max_hp_gain":0.0,"max_hp_loss":8.0,"gold_gain":0.0,"event_name":"betterThird:BetterWriting","player_choice":"Simplicity","floor":20.0,"gold_loss":0.0,"damage_taken":0.0},{"damage_healed":0,"gold_gain":0,"player_choice":"Fight","damage_taken":0,"max_hp_gain":0,"max_hp_loss":0,"event_name":"Mysterious Sphere","floor":39,"gold_loss":0}],"is_beta":false,"boss_relics":[{"not_picked":["aspiration:FutureDiary","ReplayTheSpireMod:DimensionalGlitch"],"picked":"Replay:Bronze Core"},{"not_picked":["Sozu","Velvet Choker"],"picked":"Cursed Key"}],"items_purged_floors":[10,32,50],"is_endless":false,"potions_floor_spawned":[1,5,7,11,14,21,23,33,39,43,47,49],"ascension_level":1}}