{"host":"8lgo2trwv2o0qyml","time":1610837408,"event":{"mods":["BaseMod","Colored Map","Colored Powertips","DeckTracker","Highlight Path","Hubris","Infinite Spire","Minty Spire (QoL Compilation)","Quick Restart","Random Character Button","Relic Sorter","Replay The Spire","StSLib","SuperFastMode","Synergy Search"],"gold_per_floor":[113,133,133,148,161,161,179,205,229,229,242,242,242],"floor_reached":12,"playtime":448,"items_purged":[],"score":82,"play_id":"6d9a02b1-f90a-4c62-bdb0-27b1151d436f","local_time":"20210116175008","is_ascension_mode":false,"campfire_choices":[{"data":"Doom and Gloom","floor":6,"key":"SMITH"}],"circlet_count":0,"master_deck":["Strike_B","Strike_B","Strike_B","Defend_B","Defend_B","Defend_B","Defend_B","Zap","Doom and Gloom+1","Ball Lightning","Rebound","Defragment","hubris:SpecializedCircuitry","Fusion","Panic Button","Redo"],"relics":["Cracked Core","hubris:Metronome","Orichalcum"],"acts_visited":["Exordium"],"potions_floor_usage":[12,12],"damage_taken":[{"damage":27,"enemies":"Small Slimes","floor":1,"turns":5},{"damage":0,"enemies":"Cultist","floor":2,"turns":3},{"damage":1,"enemies":"Jaw Worm","floor":4,"turns":3},{"damage":16,"enemies":"Red Slaver","floor":5,"turns":4},{"damage":28,"enemies":"Lots of Slimes","floor":7,"turns":3},{"damage":21,"enemies":"Lagavulin","floor":8,"turns":7},{"damage":0,"enemies":"3 Louse","floor":11,"turns":1},{"damage":17,"enemies":"3 Sentries","floor":12,"turns":2}],"seed_played":"2164907242493594090","potions_obtained":[{"floor":4,"key":"Milkshake"},{"floor":5,"key":"Adrenaline Potion"},{"floor":7,"key":"FairyPotion"}],"is_trial":false,"path_per_floor":["M","M","?","M","M","R","M","E","T","?","M","E"],"character_chosen":"DEFECT","items_purchased":[],"campfire_rested":0,"item_purchase_floors":[],"current_hp_per_floor":[48,48,48,47,31,31,3,9,9,9,9,0,0],"gold":242,"neow_bonus":"TRANSFORM_CARD","is_daily":false,"chose_seed":false,"campfire_upgraded":1,"win_rate":0.0,"timestamp":1610837408,"path_taken":["M","M","?","?","M","R","M","E","T","?","?","E"],"items_purchased_type":[],"build_version":"2020-12-22","purchased_purges":0,"victory":false,"max_hp_per_floor":[75,75,75,75,75,75,75,75,75,75,75,75,75],"card_choices":[{"not_picked":["Ball Lightning","Coolheaded"],"picked":"Doom and Gloom","floor":1},{"not_picked":["Barrage","Sweeping Beam"],"picked":"Ball Lightning","floor":2},{"not_picked":["ReplayGash","Turbo"],"picked":"Rebound","floor":4},{"not_picked":["Cold Snap","Panic Button"],"picked":"Defragment","floor":5},{"not_picked":["ReplayTheSpireMod:Reroute Power","Streamline"],"picked":"hubris:SpecializedCircuitry","floor":7},{"not_picked":["Reprogram","Barrage"],"picked":"Fusion","floor":8},{"not_picked":["Conserve Battery","Heatsinks"],"picked":"Redo","floor":11}],"player_experience":73385,"relics_obtained":[{"floor":8,"key":"hubris:Metronome"},{"floor":9,"key":"Orichalcum"}],"event_choices":[{"cards_removed":["Strike_B"],"damage_healed":0,"gold_gain":0,"player_choice":"Purged","damage_taken":0,"max_hp_gain":0,"max_hp_loss":0,"event_name":"Purifier","floor":3,"gold_loss":0},{"damage_healed":0,"gold_gain":0,"cards_transformed":["ReplaySolidLightProjector"],"player_choice":"Transformed","damage_taken":0,"max_hp_gain":0,"max_hp_loss":0,"event_name":"Transmorgrifier","floor":10,"gold_loss":0,"cards_obtained":["Panic Button"]}],"is_beta":false,"boss_relics":[],"items_purged_floors":[],"is_endless":false,"potions_floor_spawned":[4,5,7],"killed_by":"3 Sentries","ascension_level":0}}