{"host":"8d3fefv2347kqkpz","time":1610822652,"event":{"mods":["100% Spire Juice","BaseMod","Better Vampires","Colored Map","Minty Spire (QoL Compilation)","Quick Restart","Replay The Spire","StSLib","The Gatherer","Waifu the Spire"],"gold_per_floor":[116,116,116,116,131,131,169,184,184,4,19,0,44,68,68,68,68],"floor_reached":16,"language":"ZHS","playtime":1145,"items_purged":["Strike_R"],"score":135,"play_id":"f5f4ce10-4317-4205-b3a8-a8d79a21e2a8","local_time":"20210117024412","is_ascension_mode":false,"campfire_choices":[{"data":"Dropkick","floor":6,"key":"SMITH"},{"floor":15,"key":"REST"}],"circlet_count":0,"master_deck":["Strike_R","Strike_R","Strike_R","Strike_R","Defend_R","Defend_R","Defend_R","Defend_R","Dropkick+1","Combust","Replay:Undeath\u0027s Touch","Rupture"],"relics":["Burning Blood","Golden Idol","InkBottle","Anchor","Question Card"],"acts_visited":["Exordium"],"potions_floor_usage":[11,16,16,16],"damage_taken":[{"damage":1,"enemies":"Jaw Worm","floor":1,"turns":5},{"damage":0,"enemies":"2 Louse","floor":5,"turns":3},{"damage":41,"enemies":"3 Sentries","floor":7,"turns":14},{"damage":0,"enemies":"Small Slimes","floor":8,"turns":3},{"damage":11,"enemies":"Blue Slaver","floor":11,"turns":5},{"damage":36,"enemies":"Gremlin Nob","floor":13,"turns":5},{"damage":2,"enemies":"3 Louse","floor":14,"turns":3},{"damage":51,"enemies":"Hexaghost","floor":16,"turns":11}],"seed_played":"7637548455670121171","potions_obtained":[{"floor":1,"key":"Dexterity Potion"},{"floor":8,"key":"Swift Potion"},{"floor":11,"key":"LifebloodPotion"},{"floor":13,"key":"Languid Potion"}],"is_trial":false,"path_per_floor":["M","?","?","?","M","R","E","M","T","$","M","?","E","M","R","B"],"character_chosen":"IRONCLAD","items_purchased":["Fruit Juice"],"campfire_rested":1,"item_purchase_floors":[10],"current_hp_per_floor":[88,66,71,71,77,77,42,48,48,48,48,48,18,22,51,0,0],"gold":68,"neow_bonus":"TEN_PERCENT_HP_BONUS","is_daily":false,"chose_seed":false,"campfire_upgraded":1,"win_rate":0.0,"timestamp":1610822652,"path_taken":["M","?","?","?","M","R","E","M","T","?","M","?","E","M","R","BOSS"],"items_purchased_type":["Potion"],"build_version":"2020-12-22","purchased_purges":1,"victory":false,"max_hp_per_floor":[88,88,93,93,93,93,93,93,93,93,98,98,98,98,98,98,98],"card_choices":[{"not_picked":["Sentinel","Hemokinesis"],"picked":"Dropkick","floor":1},{"not_picked":["Anger","Body Slam","ReplayTheSpireMod:Strike From Hell"],"picked":"SKIP","floor":5},{"not_picked":["ReplayTheSpireMod:Muscle Training","Sentinel"],"picked":"Combust","floor":7},{"not_picked":["Havoc","Bludgeon","Armaments"],"picked":"SKIP","floor":8},{"not_picked":["Thunderclap","Twin Strike","Intimidate"],"picked":"SKIP","floor":11},{"not_picked":["Clash","Seeing Red"],"picked":"Replay:Undeath\u0027s Touch","floor":13},{"not_picked":["Perfected Strike","Rage","Clothesline"],"picked":"Rupture","floor":14}],"player_experience":62492,"relics_obtained":[{"floor":7,"key":"InkBottle"},{"floor":9,"key":"Anchor"},{"floor":13,"key":"Question Card"}],"event_choices":[{"damage_healed":0,"gold_gain":0,"player_choice":"Take Damage","damage_taken":22,"relics_obtained":["Golden Idol"],"max_hp_gain":0,"max_hp_loss":0,"event_name":"Golden Idol","floor":2,"gold_loss":0},{"damage_healed":0,"gold_gain":0,"player_choice":"Donut","damage_taken":0,"max_hp_gain":5,"max_hp_loss":0,"event_name":"Big Fish","floor":3,"gold_loss":0},{"cards_removed":["Bash"],"damage_healed":0,"gold_gain":0,"player_choice":"Forget","damage_taken":0,"max_hp_gain":0,"max_hp_loss":0,"event_name":"Living Wall","floor":4,"gold_loss":0},{"damage_healed":0,"gold_gain":0,"player_choice":"Left Gold","damage_taken":0,"max_hp_gain":0,"max_hp_loss":0,"event_name":"World of Goop","floor":12,"gold_loss":19}],"is_beta":false,"boss_relics":[],"items_purged_floors":[10],"is_endless":false,"potions_floor_spawned":[1,8,11,13],"killed_by":"Hexaghost","ascension_level":0}}