{"host":"J","time":1610836827,"event":{"mods":["AchievementEnabler","BaseMod","Block Reminder","Highlight Path","Minty Spire (QoL Compilation)","Permanent Neow","Quick Restart","Relic Stats","UnlockEverythingMod"],"gold_per_floor":[368,385,159,309,326,358,358,370,370,370,335,368,378,378,378],"floor_reached":14,"language":"ENG","playtime":956,"items_purged":["Parasite"],"score":175,"play_id":"99752ce7-4d76-45e5-b617-b39d488860f2","local_time":"20210116234027","is_ascension_mode":true,"campfire_choices":[{"data":"Whirlwind","floor":7.0,"key":"SMITH"},{"floor":10.0,"key":"REST"}],"circlet_count":0,"master_deck":["AscendersBane","Strike_R","Strike_R","Strike_R","Strike_R+1","Strike_R","Defend_R","Defend_R","Defend_R","Defend_R","Bash","Uppercut+1","Thunderclap","Doubt","Whirlwind+1","Sword Boomerang"],"relics":["Burning Blood","Whetstone","Toy Ornithopter","Oddly Smooth Stone","The Courier"],"acts_visited":["Exordium"],"potions_floor_usage":[14],"damage_taken":[{"damage":6.0,"enemies":"Jaw Worm","floor":1.0,"turns":5.0},{"damage":2.0,"enemies":"2 Louse","floor":2.0,"turns":3.0},{"damage":0.0,"enemies":"Small Slimes","floor":5.0,"turns":3.0},{"damage":59.0,"enemies":"Lagavulin","floor":6.0,"turns":9.0},{"damage":7.0,"enemies":"3 Louse","floor":8.0,"turns":3.0},{"damage":24.0,"enemies":"3 Sentries","floor":12.0,"turns":4.0},{"damage":18.0,"enemies":"Exordium Thugs","floor":13.0,"turns":4.0},{"damage":47,"enemies":"Lagavulin","floor":14,"turns":6}],"seed_played":"-8171010784713343896","potions_obtained":[{"floor":1.0,"key":"BlessingOfTheForge"},{"floor":5.0,"key":"PowerPotion"},{"floor":13.0,"key":"SkillPotion"}],"is_trial":false,"path_per_floor":["M","M","$","?","M","E","R","M","T","R","?","E","M","E"],"character_chosen":"IRONCLAD","items_purchased":["Whetstone"],"campfire_rested":1,"item_purchase_floors":[3],"current_hp_per_floor":[68,72,72,72,72,19,19,18,18,39,57,44,32,0,0],"gold":378,"neow_bonus":"TWO_FIFTY_GOLD","is_daily":false,"chose_seed":false,"campfire_upgraded":1,"win_rate":0.0,"timestamp":1610836827,"path_taken":["M","M","$","?","M","E","R","M","T","R","?","E","M","E"],"items_purchased_type":["Relic"],"build_version":"2020-12-18","purchased_purges":1,"victory":false,"max_hp_per_floor":[75,75,72,72,72,72,72,72,72,72,72,72,72,72,72],"relic_stats":{"counters":[8,37],"Whetstone":["Uppercut","Strike_R"],"obtain_stats":[{"Oddly Smooth Stone":9,"The Courier":12,"Whetstone":3,"Burning Blood":0,"Toy Ornithopter":6},{"Oddly Smooth Stone":5,"The Courier":6,"Whetstone":2,"Burning Blood":0,"Toy Ornithopter":4},{"Oddly Smooth Stone":23,"The Courier":27,"Whetstone":8,"Burning Blood":0,"Toy Ornithopter":20}],"Burning Blood":36,"Toy Ornithopter":10},"card_choices":[{"not_picked":["Havoc","Headbutt"],"picked":"Uppercut","floor":1.0},{"not_picked":["Clash","Warcry"],"picked":"Thunderclap","floor":2.0},{"not_picked":["Perfected Strike","True Grit"],"picked":"Whirlwind","floor":5.0},{"not_picked":["Headbutt","Rampage","Fire Breathing"],"picked":"SKIP","floor":6.0},{"not_picked":["Reckless Charge","Warcry","Body Slam"],"picked":"SKIP","floor":8.0},{"not_picked":["Shrug It Off","Hemokinesis","Fiend Fire"],"picked":"SKIP","floor":12.0},{"not_picked":["Entrench","Iron Wave"],"picked":"Sword Boomerang","floor":13.0}],"player_experience":240909,"relics_obtained":[{"floor":6.0,"key":"Toy Ornithopter"},{"floor":9.0,"key":"Oddly Smooth Stone"},{"floor":12.0,"key":"The Courier"}],"event_choices":[{"damage_healed":0.0,"max_hp_gain":0.0,"max_hp_loss":0.0,"gold_gain":150.0,"event_name":"Liars Game","player_choice":"AGREE","floor":4.0,"gold_loss":0.0,"damage_taken":0.0,"cards_obtained":["Doubt"]},{"damage_healed":18.0,"max_hp_gain":0.0,"max_hp_loss":0.0,"gold_gain":0.0,"event_name":"The Cleric","player_choice":"Healed","floor":11.0,"gold_loss":35.0,"damage_taken":0.0}],"is_beta":true,"boss_relics":[],"items_purged_floors":[3],"is_endless":false,"potions_floor_spawned":[1,5,8,13],"killed_by":"Lagavulin","ascension_level":15}}