{"host":"tmzq6unyecs2p367","time":1610833604,"event":{"mods":["BaseMod","Koishi","Minty Spire (QoL Compilation)","StSLib","The Bug Knight","The Dragon Tamer","The Juggle","The Senshi"],"gold_per_floor":[117,117,117,117,135,176,176,176,199,199,8,41,141,156,156,284,284,299,116,129,6,26,65,78,78,159,190,210,136,24,48,48,176,176,190,208,2,21,21,62,62,62,62,77,77,410,410,420,420,420],"floor_reached":51,"language":"ENG","playtime":2017,"items_purged":["Regret"],"score":1039,"play_id":"034b1e57-0faa-4632-afd5-38dbd7cc183d","local_time":"20210116224644","is_ascension_mode":true,"metric_token":531,"campfire_choices":[{"data":"DTMod:SneakAttack","floor":7,"key":"SMITH"},{"data":"DTMod:MagiciansMark","floor":10,"key":"SMITH"},{"data":"DTMod:SwitchingTactic","floor":15,"key":"SMITH"},{"floor":25,"key":"REST"},{"floor":32,"key":"REST"},{"floor":41,"key":"REST"},{"floor":45,"key":"REST"},{"floor":49,"key":"REST"}],"dtmod_dragon_data":[15,64,0,0,0,0],"circlet_count":0,"master_deck":["DTMod:Strike+1","DTMod:Strike+1","DTMod:TargetDefense","DTMod:TargetDefense+1","DTMod:TargetDefense+1","DTMod:TargetDefense","DTMod:SwitchingTactic+1","DTMod:SneakAttack+1","DTMod:MagiciansMark+1","DTMod:ComboAttack","DTMod:ResonanceForm","DTMod:PurifyingFlame+1","DTMod:DragonDance","DTMod:QuickFly","DTMod:BlazingStrike+1","DTMod:BreakAttack+1","DTMod:OpeningTactic","DTMod:InvisibleFlame+1","DTMod:ComboAttack+1","DTMod:MaximumCharge","Madness","Madness","DTMod:WarmUp+1"],"relics":["Velvet Choker","HollowMod:QueensCombRelic","Vajra","Regal Pillow","Membership Card","Dead Branch","Fusion Hammer","HollowMod:StagPassRelic","theSenshi:SuperSailorFukuRelic","DTMod:AncientBone","HollowMod:LifeEnderRelic","War Paint","Sling","Toolbox","Empty Cage","Bottled Flame","Pen Nib","Kunai"],"acts_visited":["Exordium","TheCity","TheBeyond"],"potions_floor_usage":[6,16,23,27,27,36,37,40,40,47,50],"damage_taken":[{"damage":0,"enemies":"2 Louse","floor":1,"turns":2},{"damage":6,"enemies":"Small Slimes","floor":5,"turns":3},{"damage":1,"enemies":"Gremlin Nob","floor":6,"turns":2},{"damage":10,"enemies":"Lagavulin","floor":12,"turns":5},{"damage":0,"enemies":"Cultist","floor":14,"turns":2},{"damage":15,"enemies":"Hexaghost","floor":16,"turns":7},{"damage":9,"enemies":"Shell Parasite","floor":18,"turns":7},{"damage":9,"enemies":"3 Byrds","floor":20,"turns":5},{"damage":0,"enemies":"Snecko","floor":22,"turns":2},{"damage":0,"enemies":"Slavers","floor":23,"turns":2},{"damage":0,"enemies":"Snake Plant","floor":24,"turns":3},{"damage":0,"enemies":"Book of Stabbing","floor":27,"turns":4},{"damage":0,"enemies":"Centurion and Healer","floor":28,"turns":3},{"damage":0,"enemies":"Shelled Parasite and Fungi","floor":31,"turns":3},{"damage":11,"enemies":"Champ","floor":33,"turns":6},{"damage":0,"enemies":"3 Darklings","floor":35,"turns":3},{"damage":0,"enemies":"3 Shapes","floor":36,"turns":3},{"damage":0,"enemies":"Maw","floor":38,"turns":5},{"damage":0,"enemies":"HollowMod:StalkingDevout","floor":40,"turns":5},{"damage":10,"enemies":"3 Darklings","floor":44,"turns":4},{"damage":0,"enemies":"Nemesis","floor":47,"turns":2},{"damage":0,"enemies":"Writhing Mass","floor":48,"turns":4},{"damage":29,"enemies":"Donu and Deca","floor":50,"turns":9}],"seed_played":"-5059844354536424391","potions_obtained":[{"floor":1,"key":"ColorlessPotion"},{"floor":14,"key":"ColorlessPotion"},{"floor":18,"key":"Energy Potion"},{"floor":20,"key":"Swift Potion"},{"floor":24,"key":"SteroidPotion"},{"floor":27,"key":"SmokeBomb"},{"floor":33,"key":"Fire Potion"},{"floor":38,"key":"SpeedPotion"},{"floor":44,"key":"BlessingOfTheForge"},{"floor":48,"key":"Block Potion"}],"is_trial":false,"path_per_floor":["M","?","?","?","M","E","R","?","T","R","$","E","?","M","R","B",null,"M","$","M","$","M","E","M","R","T","E","M","$","$","M","R","B",null,"M","M","$","M","?","E","R","?","T","M","R","?","E","M","R","B",null],"character_chosen":"THE_DT","items_purchased":["Membership Card","HollowMod:StagPassRelic","DTMod:DragonDance","DTMod:QuickFly","theSenshi:SuperSailorFukuRelic","Sling","Toolbox","DTMod:InvisibleFlame","Bottled Flame","Fruit Juice","SkillPotion"],"campfire_rested":5,"item_purchase_floors":[11,19,19,19,21,29,30,30,37,37,37],"current_hp_per_floor":[45,34,27,27,24,27,27,21,21,21,21,20,20,28,28,15,30,21,21,20,20,28,30,30,30,30,30,30,30,30,30,30,19,30,30,30,35,35,35,35,35,31,31,25,35,35,35,35,35,6],"gold":420,"neow_bonus":"BOSS_RELIC","is_daily":false,"chose_seed":false,"campfire_upgraded":3,"win_rate":0.0,"timestamp":1610833604,"path_taken":["M","?","?","?","M","E","R","?","T","R","$","E","?","M","R","BOSS","M","$","?","$","M","E","M","R","T","E","M","?","$","M","R","BOSS","M","M","$","?","?","E","R","?","T","M","R","?","E","M","R","BOSS"],"items_purchased_type":["Relic","Relic","Card","Card","Relic","Relic","Relic","Card","Relic","Potion","Potion"],"build_version":"2020-12-22","purchased_purges":1,"victory":true,"max_hp_per_floor":[45,45,45,30,30,30,30,30,30,30,30,30,30,30,30,30,30,30,30,30,30,30,30,30,30,30,30,30,30,30,30,30,30,30,30,30,35,35,35,35,35,35,35,35,35,35,35,35,35,35],"card_choices":[{"not_picked":["DTMod:LastStand","DTMod:Astonish"],"picked":"DTMod:SneakAttack","floor":1},{"not_picked":["DTMod:Cover","DTMod:Weaken"],"picked":"DTMod:MagiciansMark","floor":5},{"not_picked":["DTMod:MasterPlan","DTMod:BurningEnergy","DTMod:Punisher"],"picked":"SKIP","floor":6},{"not_picked":["DTMod:Shift","DTMod:MagicField","DTMod:MasterPlan"],"picked":"SKIP","floor":12},{"not_picked":["DTMod:TauntingStrike","DTMod:Hide"],"picked":"DTMod:ComboAttack","floor":14},{"not_picked":["DTMod:Inferno","DTMod:LightShield"],"picked":"DTMod:ResonanceForm","floor":16},{"not_picked":["DTMod:CleansingStrike","DTMod:DeepFocus"],"picked":"DTMod:PurifyingFlame+1","floor":18},{"not_picked":["DTMod:BuildUp+1","DTMod:CrossStep"],"picked":"DTMod:BlazingStrike+1","floor":20},{"not_picked":["DTMod:BuildUp+1","DTMod:BlazingStrike"],"picked":"DTMod:BreakAttack+1","floor":22},{"not_picked":["DTMod:MagicField","DTMod:HeatWave","DTMod:BuildUp"],"picked":"SKIP","floor":23},{"not_picked":["DTMod:CleansingStrike","DTMod:PurifyingFlame"],"picked":"DTMod:OpeningTactic","floor":24},{"not_picked":["DTMod:Shift","DTMod:BurningForce"],"picked":"DTMod:RecklessFlurry+1","floor":27},{"not_picked":["DTMod:Weaken","DTMod:StarRain","DTMod:FlameSlash+1"],"picked":"SKIP","floor":28},{"not_picked":["DTMod:BizarreTactic","DTMod:QuickFly","DTMod:Shift"],"picked":"SKIP","floor":31},{"not_picked":["DTMod:Observe+1","DTMod:Punisher+1"],"picked":"DTMod:ComboAttack+1","floor":35},{"not_picked":["DTMod:BurningEnergy+1","DTMod:LowKick+1"],"picked":"DTMod:MaximumCharge","floor":36},{"not_picked":["DTMod:Threaten","DTMod:Coolant","DTMod:RecklessFlurry+1"],"picked":"SKIP","floor":38},{"not_picked":["DTMod:GhostSkin","DTMod:Training","DTMod:RecklessFlurry+1"],"picked":"SKIP","floor":40},{"not_picked":["DTMod:BuildUp+1","DTMod:CleansingStrike+1"],"picked":"DTMod:WarmUp+1","floor":44},{"not_picked":["DTMod:Haste+1","DTMod:Coolant","DTMod:Multitask"],"picked":"SKIP","floor":48}],"player_experience":1847049,"relics_obtained":[{"floor":6,"key":"Vajra"},{"floor":9,"key":"Regal Pillow"},{"floor":12,"key":"Dead Branch"},{"floor":23,"key":"DTMod:AncientBone"},{"floor":26,"key":"HollowMod:LifeEnderRelic"},{"floor":27,"key":"War Paint"},{"floor":40,"key":"Pen Nib"},{"floor":43,"key":"Kunai"}],"event_choices":[{"damage_healed":0,"gold_gain":0,"player_choice":"Take Damage","damage_taken":11,"relics_obtained":["Golden Idol"],"max_hp_gain":0,"max_hp_loss":0,"event_name":"Golden Idol","floor":2,"gold_loss":0},{"cards_removed":["DTMod:Strike"],"damage_healed":0,"gold_gain":0,"player_choice":"Card Removal","damage_taken":7,"max_hp_gain":0,"max_hp_loss":0,"event_name":"Golden Wing","floor":3,"gold_loss":0},{"damage_healed":0,"gold_gain":0,"player_choice":"Box","damage_taken":0,"relics_obtained":["HollowMod:QueensCombRelic"],"max_hp_gain":0,"max_hp_loss":0,"event_name":"Big Fish","floor":4,"gold_loss":0,"cards_obtained":["Regret"]},{"damage_healed":0,"gold_gain":0,"player_choice":"Entered Light","damage_taken":6,"max_hp_gain":0,"max_hp_loss":0,"event_name":"Shining Light","floor":8,"gold_loss":0,"cards_upgraded":["DTMod:Strike","DTMod:Strike"]},{"damage_healed":0,"gold_gain":100,"player_choice":"Pray","damage_taken":0,"max_hp_gain":0,"max_hp_loss":0,"event_name":"Golden Shrine","floor":13,"gold_loss":0},{"cards_removed":["DTMod:DoubleHit"],"damage_healed":0,"gold_gain":0,"player_choice":"Removed Attack","damage_taken":0,"max_hp_gain":0,"max_hp_loss":0,"event_name":"Falling","floor":39,"gold_loss":0},{"damage_healed":0,"gold_gain":0,"player_choice":"Embrace Madness","damage_taken":4,"max_hp_gain":0,"max_hp_loss":0,"event_name":"Winding Halls","floor":42,"gold_loss":0,"cards_obtained":["Madness","Madness"]},{"damage_healed":0,"gold_gain":333,"player_choice":"Gave Idol","damage_taken":0,"max_hp_gain":0,"max_hp_loss":0,"event_name":"The Moai Head","floor":46,"relics_lost":["Golden Idol"],"gold_loss":0}],"is_beta":false,"boss_relics":[{"not_picked":["SacredBark","Philosopher\u0027s Stone"],"picked":"Fusion Hammer"},{"not_picked":["Coffee Dripper","theSenshi:MoonKaleidoScopeRelic"],"picked":"Empty Cage"}],"items_purged_floors":[11],"is_endless":false,"potions_floor_spawned":[1,14,18,20,24,27,33,38,44,47,48],"ascension_level":4}}