{"host":"qxfsqqkvz99y95yf","time":1610813554,"event":{"mods":["BaseMod","Infinite Spire","Minty Spire (QoL Compilation)","Replay The Spire","StSLib"],"gold_per_floor":[113,14,28,28,44,69,84,84,84,114,133,133,60,79,139,139,139],"floor_reached":16,"language":"ENG","playtime":1311,"items_purged":["Strike_P"],"score":112,"play_id":"507001a0-d3f1-4d1d-ae5f-b2235658cb24","local_time":"20210116111234","is_ascension_mode":false,"campfire_choices":[{"data":"Eruption","floor":8,"key":"SMITH"},{"data":"Replay:ManipulateFuture","floor":12,"key":"SMITH"}],"circlet_count":0,"master_deck":["Strike_P","Strike_P","Strike_P","Defend_P","Defend_P","Defend_P","Defend_P","Eruption+1","Vigilance","FearNoEvil","Replay:AtTheReady","Replay:DivineShield","Halt","Replay:ManipulateFuture+1","Meditate","EmptyBody","Weave+1","Replay:Battleflow"],"relics":["PureWater","CaptainsWheel","Mirror","infinitespire:EmpoweringShard","Molten Egg 2","Happy Flower"],"acts_visited":["Exordium"],"potions_floor_usage":[6,16],"damage_taken":[{"damage":0,"enemies":"Small Slimes","floor":1,"turns":2},{"damage":5,"enemies":"Cultist","floor":3,"turns":6},{"damage":1,"enemies":"2 Louse","floor":5,"turns":4},{"damage":12,"enemies":"Lagavulin","floor":6,"turns":6},{"damage":0,"enemies":"Exordium Wildlife","floor":7,"turns":4},{"damage":6,"enemies":"Gremlin Nob","floor":10,"turns":4},{"damage":6,"enemies":"2 Fungi Beasts","floor":11,"turns":4},{"damage":9,"enemies":"Gremlin Gang","floor":14,"turns":6},{"damage":17,"enemies":"The Guardian","floor":16,"turns":4}],"seed_played":"6138143611520865019","potions_obtained":[{"floor":5,"key":"AttackPotion"},{"floor":7,"key":"Elixir"},{"floor":11,"key":"BlessingOfTheForge"}],"is_trial":false,"path_per_floor":["M","$","M","?","M","E","M","R","T","E","M","R","$","M","R","B"],"character_chosen":"WATCHER","items_purchased":["Replay:AtTheReady","Weave+1"],"campfire_rested":0,"item_purchase_floors":[2,13],"current_hp_per_floor":[51,51,46,46,45,33,33,33,33,27,21,21,21,12,12,0,0],"gold":139,"neow_bonus":"ONE_RARE_RELIC","is_daily":false,"chose_seed":false,"campfire_upgraded":2,"win_rate":0.0,"timestamp":1610813554,"path_taken":["M","$","M","?","M","E","M","R","T","E","?","R","$","M","R","BOSS"],"items_purchased_type":["Card","Card"],"build_version":"2020-12-22","purchased_purges":1,"victory":false,"max_hp_per_floor":[72,72,72,72,72,72,72,72,72,72,72,72,72,72,72,72,72],"card_choices":[{"not_picked":["Evaluate","Replay:DivineShield"],"picked":"FearNoEvil","floor":1},{"not_picked":["SignatureMove","Replay:Anticipation"],"picked":"Crescendo","floor":3},{"not_picked":["FlyingSleeves","Protect"],"picked":"Replay:DivineShield","floor":5},{"not_picked":["BowlingBash","WheelKick"],"picked":"Halt","floor":6},{"not_picked":["Fasting2","DeusExMachina"],"picked":"Replay:ManipulateFuture","floor":7},{"not_picked":["SashWhip+1","ClearTheMind"],"picked":"Meditate","floor":10},{"not_picked":["Evaluate","Replay:Anticipation"],"picked":"EmptyBody","floor":11},{"not_picked":["WaveOfTheHand","Replay:AtTheReady"],"picked":"Replay:Battleflow","floor":14}],"player_experience":193573,"relics_obtained":[{"floor":6,"key":"infinitespire:EmpoweringShard"},{"floor":9,"key":"Molten Egg 2"},{"floor":10,"key":"Happy Flower"}],"event_choices":[{"cards_removed":["Crescendo"],"damage_healed":0,"gold_gain":0,"player_choice":"Gave Card","damage_taken":0,"relics_obtained":["Mirror"],"max_hp_gain":0,"max_hp_loss":0,"event_name":"WeMeetAgain","floor":4,"gold_loss":0}],"is_beta":false,"boss_relics":[],"items_purged_floors":[2],"is_endless":false,"potions_floor_spawned":[5,7,11],"killed_by":"The Guardian","ascension_level":0}}