{"host":"q9718omregw4er46","time":1610821588,"event":{"mods":["BaseMod","Bestiary","Colored Powertips","Minty Spire (QoL Compilation)","Quick Restart","Relic Stats"],"gold_per_floor":[113,12,12,28,28,55,55,89,115,115,130,166,191,91,91,177,177,197,214,235,246,246,275,298,298,325,338,361,400,400,426,426,506,506,521,546,571,593,225,225,260,260,284,310,324,346,382,382,382,382,382,382,382,31,60,60],"floor_reached":57,"language":"ENG","playtime":3000,"items_purged":["Strike_P","Pain","Strike_P","Defend_P"],"score":3063,"play_id":"b06d5d20-9ab8-4784-be1d-5d5a00231e25","local_time":"20210116232628","is_ascension_mode":true,"campfire_choices":[{"data":"Eruption","floor":7.0,"key":"SMITH"},{"data":"WheelKick","floor":10.0,"key":"SMITH"},{"data":"Tantrum","floor":15.0,"key":"SMITH"},{"floor":25.0,"key":"RECALL"},{"floor":30.0,"key":"REST"},{"floor":32.0,"key":"REST"},{"data":"1","floor":40.0,"key":"LIFT"},{"data":"2","floor":42.0,"key":"LIFT"},{"data":"3","floor":49.0,"key":"LIFT"},{"floor":53.0,"key":"REST"}],"circlet_count":0,"master_deck":["AscendersBane","Strike_P","Defend_P+1","Defend_P+1","Defend_P","Eruption+1","Vigilance","WheelKick+1","FollowUp","EmptyMind","Crescendo","FlurryOfBlows","Adaptation","Tantrum+1","Scrawl","MentalFortress+1","Wallop+1","DeusExMachina","ThirdEye","BowlingBash+1","Scrawl","TalkToTheHand+1","Halt+1","Wallop","CarveReality+1","MentalFortress","WaveOfTheHand","Dark Shackles"],"relics":["PureWater","NeowsBlessing","WarpedTongs","Happy Flower","Singing Bowl","Ancient Tea Set","CeramicFish","Fusion Hammer","Bag of Preparation","Sundial","Potion Belt","Philosopher\u0027s Stone","Girya","Lee\u0027s Waffle","Torii","War Paint","Ice Cream","Calipers"],"acts_visited":["Exordium","TheCity","TheBeyond","TheEnding"],"potions_floor_usage":[56,56],"damage_taken":[{"damage":0.0,"enemies":"Cultist","floor":1.0,"turns":1.0},{"damage":0.0,"enemies":"Jaw Worm","floor":4.0,"turns":1.0},{"damage":0.0,"enemies":"Lagavulin","floor":6.0,"turns":1.0},{"damage":12.0,"enemies":"3 Sentries","floor":8.0,"turns":8.0},{"damage":4.0,"enemies":"2 Louse","floor":11.0,"turns":3.0},{"damage":33.0,"enemies":"Gremlin Nob","floor":12.0,"turns":4.0},{"damage":11.0,"enemies":"Lots of Slimes","floor":13.0,"turns":6.0},{"damage":0.0,"enemies":"Slime Boss","floor":16.0,"turns":5.0},{"damage":0.0,"enemies":"Shell Parasite","floor":18.0,"turns":1.0},{"damage":7.0,"enemies":"2 Thieves","floor":19.0,"turns":4.0},{"damage":0.0,"enemies":"Snecko","floor":20.0,"turns":3.0},{"damage":8.0,"enemies":"3 Cultists","floor":21.0,"turns":3.0},{"damage":3.0,"enemies":"Slavers","floor":23.0,"turns":7.0},{"damage":2.0,"enemies":"Centurion and Healer","floor":24.0,"turns":3.0},{"damage":0.0,"enemies":"Snake Plant","floor":27.0,"turns":2.0},{"damage":3.0,"enemies":"Sentry and Sphere","floor":28.0,"turns":3.0},{"damage":12.0,"enemies":"Book of Stabbing","floor":29.0,"turns":5.0},{"damage":0.0,"enemies":"Slavers","floor":31.0,"turns":2.0},{"damage":27.0,"enemies":"Champ","floor":33.0,"turns":9.0},{"damage":22.0,"enemies":"Orb Walker","floor":35.0,"turns":3.0},{"damage":14.0,"enemies":"Mind Bloom Boss Battle","floor":36.0,"turns":5.0},{"damage":0.0,"enemies":"3 Shapes","floor":37.0,"turns":4.0},{"damage":13.0,"enemies":"3 Darklings","floor":38.0,"turns":4.0},{"damage":0.0,"enemies":"Nemesis","floor":41.0,"turns":3.0},{"damage":0.0,"enemies":"Sphere and 2 Shapes","floor":44.0,"turns":4.0},{"damage":0.0,"enemies":"Spire Growth","floor":45.0,"turns":3.0},{"damage":0.0,"enemies":"Transient","floor":46.0,"turns":6.0},{"damage":0.0,"enemies":"Reptomancer","floor":47.0,"turns":4.0},{"damage":1.0,"enemies":"Donu and Deca","floor":50.0,"turns":6.0},{"damage":79.0,"enemies":"Time Eater","floor":51.0,"turns":8.0},{"damage":4,"enemies":"Shield and Spear","floor":55,"turns":6},{"damage":66,"enemies":"The Heart","floor":56,"turns":9}],"seed_played":"-8006669689218018188","potions_obtained":[{"floor":1.0,"key":"DuplicationPotion"},{"floor":4.0,"key":"Ambrosia"},{"floor":16.0,"key":"DuplicationPotion"},{"floor":19.0,"key":"AttackPotion"},{"floor":21.0,"key":"Regen Potion"},{"floor":23.0,"key":"LiquidMemories"},{"floor":31.0,"key":"Energy Potion"},{"floor":38.0,"key":"LiquidMemories"},{"floor":44.0,"key":"SpeedPotion"},{"floor":45.0,"key":"BottledMiracle"},{"floor":47.0,"key":"SpeedPotion"}],"is_trial":false,"path_per_floor":["M","$","?","M","?","E","R","E","T","R","M","E","M","$","R","B",null,"M","M","M","M","?","E","M","R","T","M","M","E","R","E","R","B",null,"M","?","M","M","$","R","E","R","T","M","M","M","E","?","R","B","B",null,"R","$","E","B",null],"character_chosen":"WATCHER","items_purchased":["FollowUp","Lee\u0027s Waffle","Wallop","Dark Shackles","Weak Potion","AttackPotion"],"campfire_rested":3,"item_purchase_floors":[2,39,39,54,54,54],"current_hp_per_floor":[61,61,66,66,66,66,66,56,56,56,52,19,8,8,8,8,58,58,53,53,47,47,61,59,59,59,61,58,46,70,72,85,58,78,58,46,46,33,96,96,98,98,98,98,100,100,100,100,100,99,20,80,100,100,98,32],"gold":60,"neow_bonus":"THREE_ENEMY_KILL","is_daily":false,"chose_seed":false,"campfire_upgraded":3,"win_rate":0.0,"timestamp":1610821588,"path_taken":["M","?","?","M","?","E","R","E","T","R","M","E","M","$","R","BOSS","M","M","M","?","?","E","M","R","T","M","?","E","R","E","R","BOSS","M","?","M","M","$","R","E","R","T","M","M","M","E","?","R","BOSS","BOSS","R","$","E","BOSS"],"items_purchased_type":["Card","Relic","Card","Card","Potion","Potion"],"build_version":"2020-12-22","purchased_purges":4,"victory":true,"max_hp_per_floor":[68,68,73,73,73,73,73,75,75,75,75,75,75,75,75,75,75,75,77,77,79,79,81,81,81,81,83,83,83,83,85,85,85,85,87,89,89,89,96,96,98,98,98,98,100,100,100,100,100,100,100,100,100,100,102,102],"relic_stats":{"Lee\u0027s Waffle":63,"Happy Flower":[44],"Singing Bowl":22,"Torii":9,"counters":[32,136],"Sundial":[14],"CeramicFish":144,"Bag of Preparation":[38],"War Paint":["Defend_P","Defend_P"],"obtain_stats":[{"Potion Belt":31,"Ice Cream":47,"Girya":36,"Lee\u0027s Waffle":39,"Calipers":55,"NeowsBlessing":0,"Happy Flower":6,"Singing Bowl":8,"Torii":41,"CeramicFish":12,"Bag of Preparation":23,"War Paint":43,"Ancient Tea Set":9,"WarpedTongs":5,"Sundial":29,"Philosopher\u0027s Stone":34,"Fusion Hammer":17,"PureWater":0},{"Potion Belt":18,"Ice Cream":28,"Girya":21,"Lee\u0027s Waffle":23,"Calipers":31,"NeowsBlessing":0,"Happy Flower":3,"Singing Bowl":4,"Torii":24,"CeramicFish":6,"Bag of Preparation":13,"War Paint":24,"Ancient Tea Set":4,"WarpedTongs":2,"Sundial":17,"Philosopher\u0027s Stone":19,"Fusion Hammer":8,"PureWater":0},{"Potion Belt":62,"Ice Cream":107,"Girya":79,"Lee\u0027s Waffle":87,"Calipers":127,"NeowsBlessing":0,"Happy Flower":3,"Singing Bowl":11,"Torii":90,"CeramicFish":18,"Bag of Preparation":47,"War Paint":90,"Ancient Tea Set":11,"WarpedTongs":2,"Sundial":60,"Philosopher\u0027s Stone":71,"Fusion Hammer":29,"PureWater":0}],"WarpedTongs":[132]},"card_choices":[{"not_picked":["SashWhip","EmptyFist"],"picked":"WheelKick","floor":1.0},{"not_picked":["WindmillStrike","Study"],"picked":"EmptyMind","floor":4.0},{"not_picked":["WheelKick","SandsOfTime"],"picked":"Crescendo","floor":6.0},{"not_picked":["LikeWater","Alpha","Worship"],"picked":"Singing Bowl","floor":8.0},{"not_picked":["CutThroughFate","EmptyBody"],"picked":"FlurryOfBlows","floor":11.0},{"not_picked":["ReachHeaven","Halt"],"picked":"Adaptation","floor":12.0},{"not_picked":["BowlingBash","Evaluate"],"picked":"Tantrum","floor":13.0},{"not_picked":["LessonLearned","Wish"],"picked":"Scrawl","floor":16.0},{"not_picked":["SandsOfTime","SashWhip"],"picked":"MentalFortress+1","floor":18.0},{"not_picked":["ForeignInfluence+1","CrushJoints","FlyingSleeves+1"],"picked":"Singing Bowl","floor":19.0},{"not_picked":["CrushJoints","JustLucky"],"picked":"Wallop+1","floor":20.0},{"not_picked":["Swivel","Consecrate","Vengeance"],"picked":"Singing Bowl","floor":21.0},{"not_picked":["CrushJoints","EmptyFist","PathToVictory"],"picked":"Singing Bowl","floor":23.0},{"not_picked":["ClearTheMind","FlyingSleeves"],"picked":"DeusExMachina","floor":24.0},{"not_picked":["JustLucky","Consecrate","PathToVictory+1"],"picked":"Singing Bowl","floor":27.0},{"not_picked":["FollowUp","Evaluate"],"picked":"ThirdEye","floor":28.0},{"not_picked":["SashWhip","Alpha"],"picked":"BowlingBash+1","floor":29.0},{"not_picked":["Pray","Worship","Vengeance"],"picked":"Singing Bowl","floor":31.0},{"not_picked":["Ragnarok","Judgement"],"picked":"Scrawl","floor":33.0},{"not_picked":["Protect","BowlingBash","Tantrum"],"picked":"Singing Bowl","floor":35.0},{"not_picked":["Tantrum","FollowUp","Prostrate"],"picked":"Singing Bowl","floor":36.0},{"not_picked":["Prostrate+1","MentalFortress"],"picked":"TalkToTheHand+1","floor":37.0},{"not_picked":["PathToVictory","ClearTheMind"],"picked":"Halt+1","floor":38.0},{"not_picked":["Evaluate","ThirdEye","BattleHymn"],"picked":"Singing Bowl","floor":41.0},{"not_picked":["BowlingBash","ReachHeaven"],"picked":"CarveReality+1","floor":44.0},{"not_picked":["FlyingSleeves+1","PathToVictory+1","FlurryOfBlows"],"picked":"Singing Bowl","floor":45.0},{"not_picked":["FearNoEvil","Swivel"],"picked":"MentalFortress","floor":46.0},{"not_picked":["SashWhip+1","Adaptation"],"picked":"WaveOfTheHand","floor":47.0},{"not_picked":["CarveReality","WindmillStrike","CrushJoints"],"picked":"Singing Bowl","floor":55}],"player_experience":1207520,"relics_obtained":[{"floor":6.0,"key":"Happy Flower"},{"floor":8.0,"key":"Singing Bowl"},{"floor":9.0,"key":"Ancient Tea Set"},{"floor":12.0,"key":"CeramicFish"},{"floor":23.0,"key":"Bag of Preparation"},{"floor":29.0,"key":"Sundial"},{"floor":31.0,"key":"Potion Belt"},{"floor":36.0,"key":"Girya"},{"floor":41.0,"key":"Torii"},{"floor":43.0,"key":"War Paint"},{"floor":47.0,"key":"Ice Cream"},{"floor":55,"key":"Calipers"}],"event_choices":[{"damage_healed":0.0,"max_hp_gain":5.0,"max_hp_loss":0.0,"gold_gain":0.0,"event_name":"Big Fish","player_choice":"Donut","floor":3.0,"gold_loss":0.0,"damage_taken":0.0},{"damage_healed":0.0,"max_hp_gain":0.0,"max_hp_loss":0.0,"gold_gain":0.0,"event_name":"Accursed Blacksmith","player_choice":"Rummage","floor":5.0,"gold_loss":0.0,"damage_taken":0.0,"relics_obtained":["WarpedTongs"],"cards_obtained":["Pain"]},{"cards_removed":["Strike_P"],"damage_healed":0.0,"max_hp_gain":0.0,"max_hp_loss":0.0,"gold_gain":0.0,"event_name":"Bonfire Elementals","player_choice":"Offered Basic","floor":22.0,"gold_loss":0.0,"damage_taken":0.0},{"damage_healed":0.0,"max_hp_gain":0.0,"max_hp_loss":0.0,"gold_gain":0.0,"event_name":"MindBloom","player_choice":"Fight","floor":36.0,"gold_loss":0.0,"damage_taken":0.0},{"damage_healed":0.0,"max_hp_gain":0.0,"max_hp_loss":0.0,"gold_gain":0.0,"event_name":"Tomb of Lord Red Mask","player_choice":"Ignored","floor":48.0,"gold_loss":0.0,"damage_taken":0.0}],"is_beta":false,"boss_relics":[{"not_picked":["Runic Dome","Coffee Dripper"],"picked":"Fusion Hammer"},{"not_picked":["Astrolabe","Snecko Eye"],"picked":"Philosopher\u0027s Stone"}],"items_purged_floors":[2,14,39,54],"is_endless":false,"potions_floor_spawned":[1,4,12,13,16,19,21,23,24,27,31,38,44,45,47,55],"ascension_level":20}}