{"host":"xh3brefae6wm9kl8","time":1610785134,"event":{"mods":["AchievementEnabler","BaseMod","GifTheSpireLib","Keyboard Shortcuts","Minty Spire (QoL Compilation)","Permanent Neow","Relic Stats","StSLib","SuperFastMode"],"gold_per_floor":[115,131,56,56,72,72,103,120,167,167,182,214,214,233,233,310,310,322,332,247,58,72,99,116,150,150,168,199,39,39,39,39,118,118,137,152,27,27,41,71,71,105,105,155,155,175,190,203,203,203],"floor_reached":51,"language":"KOR","playtime":2308,"items_purged":["Strike_B","Strike_B","Strike_B"],"score":1632,"play_id":"fbc27d36-c113-40d8-8a98-8c2cbbd23de6","local_time":"20210116171854","is_ascension_mode":true,"campfire_choices":[{"data":"Darkness","floor":6.0,"key":"SMITH"},{"data":"Zap","floor":10,"key":"SMITH"},{"data":"Buffer","floor":13,"key":"SMITH"},{"data":"Consume","floor":15,"key":"SMITH"},{"floor":30,"key":"REST"},{"floor":32,"key":"REST"},{"floor":41,"key":"RECALL"},{"floor":45,"key":"REST"},{"floor":49,"key":"REST"}],"circlet_count":0,"master_deck":["AscendersBane","Strike_B","Defend_B","Defend_B","Defend_B","Defend_B","Zap+1","Dualcast+1","Streamline","Darkness+1","Cold Snap","Buffer+1","Ball Lightning","Consume+1","Core Surge","Chill","Compile Driver","Capacitor","Hologram","Capacitor","Hologram+1","Compile Driver+1","Lockon+1","Electrodynamics","Echo Form","Parasite","Reboot"],"relics":["FrozenCore","FossilizedHelix","HornCleat","Pen Nib","Anchor","Fusion Hammer","StrikeDummy","Singing Bowl","Bottled Flame","Cables","Question Card","Mercury Hourglass","Bag of Marbles","Strawberry"],"acts_visited":["Exordium","TheCity","TheBeyond"],"potions_floor_usage":[22,28,40,50,50],"damage_taken":[{"damage":0.0,"enemies":"2 Louse","floor":1.0,"turns":2.0},{"damage":0.0,"enemies":"Cultist","floor":2.0,"turns":3.0},{"damage":0.0,"enemies":"Jaw Worm","floor":5.0,"turns":3.0},{"damage":24.0,"enemies":"Gremlin Nob","floor":7.0,"turns":5.0},{"damage":0,"enemies":"Looter","floor":8,"turns":3},{"damage":10,"enemies":"Exordium Wildlife","floor":11,"turns":3},{"damage":9,"enemies":"3 Sentries","floor":12,"turns":7},{"damage":0,"enemies":"Gremlin Gang","floor":14,"turns":4},{"damage":14,"enemies":"The Guardian","floor":16,"turns":11},{"damage":0,"enemies":"Shell Parasite","floor":18,"turns":4},{"damage":0,"enemies":"Chosen","floor":19,"turns":4},{"damage":0,"enemies":"Shelled Parasite and Fungi","floor":22,"turns":4},{"damage":0,"enemies":"Book of Stabbing","floor":23,"turns":5},{"damage":0,"enemies":"Sentry and Sphere","floor":24,"turns":5},{"damage":13,"enemies":"Slavers","floor":25,"turns":6},{"damage":0,"enemies":"Centurion and Healer","floor":27,"turns":7},{"damage":20,"enemies":"Gremlin Leader","floor":28,"turns":6},{"damage":0,"enemies":"Champ","floor":33,"turns":8},{"damage":0,"enemies":"3 Darklings","floor":35,"turns":6},{"damage":0,"enemies":"Orb Walker","floor":36,"turns":4},{"damage":0,"enemies":"Writhing Mass","floor":39,"turns":5},{"damage":0,"enemies":"Reptomancer","floor":40,"turns":5},{"damage":0,"enemies":"Nemesis","floor":42,"turns":7},{"damage":0,"enemies":"4 Shapes","floor":46,"turns":3},{"damage":0,"enemies":"Spire Growth","floor":47,"turns":5},{"damage":0,"enemies":"Jaw Worm Horde","floor":48,"turns":5},{"damage":57,"enemies":"Awakened One","floor":50,"turns":10}],"seed_played":"-9221052816199385528","potions_obtained":[{"floor":2.0,"key":"SpeedPotion"},{"floor":11,"key":"Dexterity Potion"},{"floor":16,"key":"Block Potion"},{"floor":22,"key":"CultistPotion"},{"floor":24,"key":"Swift Potion"},{"floor":35,"key":"Block Potion"},{"floor":47,"key":"PowerPotion"}],"is_trial":false,"path_per_floor":["M","M","$","?","M","R","E","M","T","R","M","E","R","M","R","B",null,"M","M","?","$","M","E","M","E","T","M","E","$","R","?","R","B",null,"M","M","$","?","M","E","R","E","T","?","R","M","M","M","R","B",null],"character_chosen":"DEFECT","items_purchased":["Capacitor","Electrodynamics"],"campfire_rested":4,"item_purchase_floors":[21,29],"current_hp_per_floor":[64,64,64,64,64,64,40,40,40,40,30,21,21,21,21,7,50,50,50,50,50,50,50,52,39,39,39,19,19,38,38,57,57,64,66,68,68,68,70,70,70,72,79,79,81,83,85,87,87,30],"gold":203,"neow_bonus":"ONE_RARE_RELIC","is_daily":false,"chose_seed":false,"campfire_upgraded":4,"win_rate":0.0,"timestamp":1610785134,"path_taken":["M","M","$","?","M","R","E","M","T","R","?","E","R","M","R","BOSS","M","M","?","$","M","E","M","E","T","M","E","$","R","?","R","BOSS","M","M","$","?","?","E","R","E","T","?","R","M","M","M","R","BOSS"],"items_purchased_type":["Card","Card"],"build_version":"2020-12-22","purchased_purges":3,"victory":true,"max_hp_per_floor":[64,64,64,64,64,64,64,64,64,64,64,64,64,64,64,64,64,64,64,64,64,64,64,66,66,66,66,66,66,66,66,66,66,66,68,70,70,70,72,72,72,74,81,81,81,83,85,87,87,87],"relic_stats":{"Singing Bowl":16,"counters":[27,140],"Pen Nib":[19],"Question Card":9,"obtain_stats":[{"Singing Bowl":23,"Pen Nib":9,"Question Card":28,"Cables":26,"FrozenCore":34,"Mercury Hourglass":40,"Anchor":12,"Bottled Flame":25,"HornCleat":7,"Strawberry":43,"Fusion Hammer":17,"Bag of Marbles":42,"Cracked Core":0,"StrikeDummy":20,"FossilizedHelix":0},{"Singing Bowl":13,"Pen Nib":5,"Question Card":17,"Cables":15,"FrozenCore":18,"Mercury Hourglass":22,"Anchor":7,"Bottled Flame":15,"HornCleat":4,"Strawberry":23,"Fusion Hammer":9,"Bag of Marbles":23,"Cracked Core":0,"StrikeDummy":11,"FossilizedHelix":0},{"Singing Bowl":58,"Pen Nib":16,"Question Card":82,"Cables":69,"FrozenCore":90,"Mercury Hourglass":110,"Anchor":26,"Bottled Flame":69,"HornCleat":13,"Strawberry":117,"Fusion Hammer":41,"Bag of Marbles":117,"Cracked Core":0,"StrikeDummy":49,"FossilizedHelix":0}],"FrozenCore":[20],"Cables":[64,27,31,6,0],"Mercury Hourglass":[117]},"card_choices":[{"not_picked":["Hologram","Steam"],"picked":"Streamline","floor":1.0},{"not_picked":["Go for the Eyes","Beam Cell"],"picked":"Darkness","floor":2.0},{"not_picked":["Hologram","Turbo","Beam Cell"],"picked":"SKIP","floor":5.0},{"not_picked":["Cold Snap","Gash","Blizzard"],"picked":"SKIP","floor":7.0},{"not_picked":["Scrape","Stack"],"picked":"Cold Snap","floor":8},{"not_picked":["Turbo","Aggregate"],"picked":"Buffer","floor":11},{"not_picked":["Beam Cell","Sunder"],"picked":"Ball Lightning","floor":12},{"not_picked":["Doom and Gloom","Beam Cell"],"picked":"Consume","floor":14},{"not_picked":["Meteor Strike","Creative AI"],"picked":"Core Surge","floor":16},{"not_picked":["Streamline+1","Barrage+1"],"picked":"Chill","floor":18},{"not_picked":["Rebound","Beam Cell"],"picked":"Compile Driver","floor":19},{"not_picked":["Auto Shields","Skim"],"picked":"Hologram","floor":22},{"not_picked":["Steam Power","Compile Driver"],"picked":"Capacitor","floor":23},{"not_picked":["Aggregate","Gash","Stack"],"picked":"Singing Bowl","floor":24},{"not_picked":["Skim+1","Reprogram+1"],"picked":"Hologram+1","floor":25},{"not_picked":["Rainbow","FTL"],"picked":"Compile Driver+1","floor":27},{"not_picked":["Sunder","Gash"],"picked":"Lockon","floor":28},{"not_picked":["Electrodynamics","Core Surge","Buffer"],"picked":"Echo Form","floor":33},{"not_picked":["Darkness+1","Stack","Steam","Steam Power"],"picked":"Singing Bowl","floor":35},{"not_picked":["Ball Lightning","Auto Shields","Lockon","Cold Snap"],"picked":"Singing Bowl","floor":36},{"not_picked":["Melter","Ball Lightning","Rebound+1","Redo"],"picked":"Singing Bowl","floor":39},{"not_picked":["Streamline","Leap","Self Repair"],"picked":"Reboot","floor":40},{"not_picked":["Skim","Beam Cell+1","Heatsinks","Steam+1"],"picked":"Singing Bowl","floor":42},{"not_picked":["Scrape+1","Storm","Tempest+1","Go for the Eyes"],"picked":"Singing Bowl","floor":46},{"not_picked":["Auto Shields+1","Redo","Recycle","Ball Lightning"],"picked":"Singing Bowl","floor":47},{"not_picked":["Aggregate+1","Conserve Battery","Heatsinks+1","Streamline+1"],"picked":"Singing Bowl","floor":48}],"player_experience":417095,"relics_obtained":[{"floor":7.0,"key":"HornCleat"},{"floor":9,"key":"Pen Nib"},{"floor":12,"key":"Anchor"},{"floor":23,"key":"Singing Bowl"},{"floor":25,"key":"Bottled Flame"},{"floor":26,"key":"Cables"},{"floor":28,"key":"Question Card"},{"floor":40,"key":"Mercury Hourglass"},{"floor":42,"key":"Bag of Marbles"},{"floor":43,"key":"Strawberry"}],"event_choices":[{"damage_healed":0.0,"max_hp_gain":0.0,"max_hp_loss":0.0,"gold_gain":0.0,"event_name":"Upgrade Shrine","player_choice":"Upgraded","floor":4.0,"gold_loss":0.0,"damage_taken":0.0,"cards_upgraded":["Dualcast"]},{"damage_healed":0,"gold_gain":0,"player_choice":"Obtained Relic","damage_taken":0,"relics_obtained":["StrikeDummy"],"max_hp_gain":0,"max_hp_loss":0,"event_name":"Addict","floor":20,"gold_loss":85},{"damage_healed":0,"gold_gain":0,"player_choice":"Ignored","damage_taken":0,"max_hp_gain":0,"max_hp_loss":0,"event_name":"Vampires","floor":31,"gold_loss":0},{"damage_healed":0,"gold_gain":0,"player_choice":"Upgraded","damage_taken":0,"max_hp_gain":0,"max_hp_loss":0,"event_name":"Upgrade Shrine","floor":38,"gold_loss":0,"cards_upgraded":["Lockon"]},{"damage_healed":0,"gold_gain":50,"player_choice":"Pray","damage_taken":0,"max_hp_gain":0,"max_hp_loss":0,"event_name":"Golden Shrine","floor":44,"gold_loss":0}],"is_beta":false,"boss_relics":[{"not_picked":["Tiny House","Black Star"],"picked":"Fusion Hammer"},{"not_picked":["Pandora\u0027s Box","SlaversCollar"],"picked":"FrozenCore"}],"items_purged_floors":[3,21,37],"is_endless":false,"potions_floor_spawned":[2,11,12,16,22,24,25,35,39,47],"ascension_level":16}}