{"host":"d8hh7rr4yzitjeuj","time":1610817096,"event":{"mods":["2.2 Compatiblity","AchievementEnabler","Act Like it!","BaseMod","Colored Map","Colored Powertips","Highlight Path","Keyboard Shortcuts","Minty Spire (QoL Compilation)","Permanent Neow","Quick Restart","StSLib","SuperFastMode"],"gold_per_floor":[111,121,134,154,154,181,181,209,209,209,209,47,67,87,87,87,87],"floor_reached":16,"language":"KOR","playtime":446,"items_purged":[],"score":224,"play_id":"4fac9451-da44-435b-ab3e-4a97c9620e70","local_time":"20210117021136","is_ascension_mode":true,"campfire_choices":[{"floor":7,"key":"REST"},{"floor":15,"key":"REST"}],"circlet_count":0,"master_deck":["AscendersBane","Strike_B","Strike_B","Strike_B","Strike_B","Defend_B","Defend_B","Defend_B","Defend_B","Zap","Dualcast","Streamline","Rebound","Hologram","Ball Lightning","Buffer","Melter","Conserve Battery","Hyperbeam","Reprogram","Leap"],"relics":["Cracked Core","Matryoshka","Anchor","Nunchaku","Juzu Bracelet"],"acts_visited":["Exordium"],"potions_floor_usage":[6,6,8,16],"damage_taken":[{"damage":4.0,"enemies":"Jaw Worm","floor":1.0,"turns":3.0},{"damage":12.0,"enemies":"Small Slimes","floor":2.0,"turns":2.0},{"damage":0.0,"enemies":"2 Louse","floor":3.0,"turns":2.0},{"damage":24,"enemies":"Lots of Slimes","floor":4,"turns":4},{"damage":20,"enemies":"3 Sentries","floor":6,"turns":4},{"damage":20,"enemies":"Lagavulin","floor":8,"turns":6},{"damage":4,"enemies":"Red Slaver","floor":13,"turns":3},{"damage":0,"enemies":"2 Fungi Beasts","floor":14,"turns":2},{"damage":36,"enemies":"Slime Boss","floor":16,"turns":6}],"seed_played":"698791684131689095","potions_obtained":[{"floor":1.0,"key":"PowerPotion"},{"floor":2.0,"key":"PowerPotion"},{"floor":6,"key":"GamblersBrew"},{"floor":13,"key":"SkillPotion"}],"is_trial":false,"path_per_floor":["M","M","M","M","?","E","R","E","T","?","?","$","M","M","R","B"],"character_chosen":"DEFECT","items_purchased":["Hyperbeam"],"campfire_rested":2,"item_purchase_floors":[12],"current_hp_per_floor":[60,48,48,24,24,4,25,5,5,5,5,5,1,1,22,0,0],"gold":87,"neow_bonus":"THREE_CARDS","is_daily":false,"chose_seed":false,"campfire_upgraded":0,"win_rate":0.0,"timestamp":1610817096,"path_taken":["M","M","M","M","?","E","R","E","T","?","?","$","M","M","R","BOSS"],"items_purchased_type":["Card"],"build_version":"2020-12-22","purchased_purges":0,"victory":false,"max_hp_per_floor":[71,71,71,71,71,71,71,71,71,71,71,71,71,71,71,71,71],"card_choices":[{"not_picked":["Steam","Force Field"],"picked":"Streamline","floor":0.0},{"not_picked":["Melter","Heatsinks"],"picked":"Rebound","floor":1.0},{"not_picked":["Streamline","Rebound"],"picked":"Hologram","floor":2.0},{"not_picked":["Heatsinks","Redo"],"picked":"Ball Lightning","floor":3},{"not_picked":["Chaos","Cold Snap"],"picked":"Buffer","floor":4},{"not_picked":["Blizzard","Doom and Gloom"],"picked":"Melter","floor":6},{"not_picked":["Fusion","Melter"],"picked":"Conserve Battery","floor":8},{"not_picked":["Steam Power","Aggregate"],"picked":"Reprogram","floor":13},{"not_picked":["Sunder","Rebound"],"picked":"Leap","floor":14}],"player_experience":1439487,"relics_obtained":[{"floor":6,"key":"Matryoshka"},{"floor":8,"key":"Anchor"},{"floor":9,"key":"Nunchaku"},{"floor":9,"key":"Juzu Bracelet"}],"event_choices":[{"damage_healed":0,"gold_gain":0,"player_choice":"Ignored","damage_taken":0,"max_hp_gain":0,"max_hp_loss":0,"event_name":"Liars Game","floor":5,"gold_loss":0},{"damage_healed":0,"gold_gain":0,"player_choice":"Ignored","damage_taken":0,"max_hp_gain":0,"max_hp_loss":0,"event_name":"Shining Light","floor":10,"gold_loss":0},{"damage_healed":0,"gold_gain":0,"player_choice":"0 cards matched","damage_taken":0,"max_hp_gain":0,"max_hp_loss":0,"event_name":"Match and Keep!","floor":11,"gold_loss":0,"cards_obtained":[]}],"is_beta":false,"boss_relics":[],"items_purged_floors":[],"is_endless":false,"potions_floor_spawned":[1,2,6,13],"killed_by":"Slime Boss","ascension_level":20}}