{"host":"wonp23fsqqcu31ie","time":1610771641,"event":{"mods":["2.2 Compatiblity","AchievementEnabler","Aspiration","BaseMod","Bestiary","Better Altar","Better Match","Better Sensory Stone","Better Skull","Better Third Choice","BetterRewards","Block Reminder","Colored Map","Colored Powertips","Conspire","Curses Come First","DeckTracker","Displayed Cursed Tome","Downfall","Energized Spire","Evolution","Hermit","Highlight Path","Hubris","Infinite Spire","Marisa????????","Minty Spire (QoL Compilation)","Permanent Neow","Prisma Mod","Quick Restart","Rare Cards Sparkle","Relic Stats","Robot Space Explorer","Shade Mod","Shop Mod","StSLib","SuperFastMode","The Animator","The Bug Knight","The Construct","The Cursed","The Disciple","The Dragon Tamer","The Gatherer","The Hierophant","The Marked","The Necromancer","The Poker Player","The Runesmith","The Saiyan","The Servant 0.9.4","TheBandit"],"gold_per_floor":[112,112,56,72,122,122,148,148,148,167,167,229,259,309,309,410,460,471,471,540,615,632,632,682,682,682,732,220,254,271,283,283,283,283],"floor_reached":33,"language":"ENG","playtime":746,"items_purged":[],"score":287,"play_id":"5010fe0f-59a1-4925-8236-89d8550a64d9","local_time":"20210116153401","is_ascension_mode":true,"campfire_choices":[{"floor":6,"key":"RECALL"},{"data":"theMarked:StartUp","floor":8,"key":"SMITH"},{"data":"theMarked:SoldierOfQuellstein","floor":11,"key":"SMITH"},{"data":"theMarked:RogueSparks","floor":15,"key":"SMITH"},{"data":"theMarked:ThrowWeapon","floor":23,"key":"SMITH"},{"floor":25,"key":"REST"},{"data":"Apotheosis","floor":32,"key":"SMITH"}],"circlet_count":0,"master_deck":["theMarked:Parkour","theMarked:Strike","theMarked:Strike","theMarked:Strike","theMarked:Strike","theMarked:Defend","theMarked:Defend","theMarked:Defend","theMarked:Defend","theMarked:SoldierOfQuellstein+1","theMarked:StartUp+1","theMarked:ChainLightning","theMarked:MuscleMemory","theMarked:BanishingStrike+1","theMarked:GodGivenPower","theMarked:RogueSparks+1","theMarked:WardOff+1","Sadistic Nature+1","theMarked:ThrowWeapon+1","theMarked:Parkour","theMarked:ChainLightning+1","infinitespire:Fortify","theMarked:WardOff+1","Apotheosis+1","Panache","theMarked:ContemptForTheProud+1","theMarked:Seal","theMarked:ParalyzingBlade"],"relics":["theMarked:ArtifactOfAir","EVO:Axolotl","Burning Blood","SsserpentHead","MerchantsRug","Lantern","Tiny Chest","Letter Opener","Oddly Smooth Stone","Black Star","infinitespire:Joker Card","Ancient Tea Set","Bloody Idol","aspiration:TomeofQuesting","hubris:CrystalStatue","HandDrill","Kunai","Guardian:GemstoneGun"],"acts_visited":["Exordium","TheCity"],"potions_floor_usage":[13,16,29,33,33],"damage_taken":[{"damage":1,"enemies":"Jaw Worm","floor":1,"turns":3},{"damage":6,"enemies":"Cultist","floor":4,"turns":3},{"damage":37,"enemies":"Lagavulin","floor":7,"turns":6},{"damage":1,"enemies":"2 Louse","floor":10,"turns":3},{"damage":0,"enemies":"Gremlin Gang","floor":12,"turns":3},{"damage":6,"enemies":"Gremlin Nob","floor":13,"turns":3},{"damage":32,"enemies":"Hexaghost","floor":16,"turns":7},{"damage":14,"enemies":"Shell Parasite","floor":18,"turns":3},{"damage":24,"enemies":"Spheric Guardian","floor":20,"turns":4},{"damage":24,"enemies":"Centurion and Healer","floor":22,"turns":4},{"damage":31,"enemies":"Gremlin Leader","floor":29,"turns":5},{"damage":0,"enemies":"Cultist and Chosen","floor":30,"turns":6},{"damage":13,"enemies":"Chosen and Byrds","floor":31,"turns":4},{"damage":35,"enemies":"conspire:MysteriousRune","floor":33,"turns":6}],"seed_played":"3337745900302404399","potions_obtained":[{"floor":7,"key":"GamblersBrew"},{"floor":10,"key":"champ:CounterPotion"},{"floor":13,"key":"Explosive Potion"},{"floor":17,"key":"FearPotion"},{"floor":20,"key":"SneckoOil"},{"floor":30,"key":"Dexterity Potion"},{"floor":31,"key":"Dexterity Potion"}],"is_trial":false,"path_per_floor":["M","?","$","M","T","R","E","R","T","M","R","M","E","?","R","B",null,"M","AVR","M","T","M","R","?","R","T","?","$","E","M","M","R","B"],"character_chosen":"THE_DEFAULT","items_purchased":["MerchantsRug","aspiration:TomeofQuesting","hubris:CrystalStatue","HandDrill","EssenceOfSteel"],"campfire_rested":1,"item_purchase_floors":[3,28,28,28,28],"current_hp_per_floor":[70,70,70,70,70,70,39,39,39,44,44,50,50,50,50,24,75,67,67,49,49,31,31,31,53,53,15,35,15,26,24,24,0,0],"gold":283,"neow_bonus":"NOSTALGIA","is_daily":false,"chose_seed":false,"campfire_upgraded":5,"win_rate":0.0,"timestamp":1610771641,"path_taken":["M","?","?","M","?","R","E","R","T","M","R","?","E","?","R","BOSS","M","AVR","?","?","M","R","?","R","T","?","$","E","M","M","R","BOSS"],"items_purchased_type":["Relic","Relic","Relic","Relic","Potion"],"build_version":"2020-12-22","purchased_purges":0,"victory":false,"max_hp_per_floor":[70,70,70,70,70,70,70,70,70,70,70,70,70,70,70,70,75,75,75,75,75,75,75,75,75,75,75,75,75,75,75,75,75,75],"relic_stats":{"SsserpentHead":400,"counters":[14,60],"Bloody Idol":35,"Tiny Chest":1,"Black Star":1,"HandDrill":[2],"Letter Opener":[15],"Kunai":[3],"obtain_stats":[{"MerchantsRug":3,"Lantern":5,"Tiny House":17,"hubris:CrystalStatue":28,"aspiration:Nostalgia":0,"Guardian:GemstoneGun":29,"Oddly Smooth Stone":13,"aspiration:TomeofQuesting":28,"infinitespire:Joker Card":19,"EVO:Axolotl":0,"Letter Opener":9,"Ancient Tea Set":26,"Burning Blood":0,"theMarked:ArtifactOfAir":0,"SsserpentHead":2,"Bloody Idol":27,"Tiny Chest":7,"Black Star":19,"HandDrill":28,"Kunai":29},{"MerchantsRug":1,"Lantern":2,"Tiny House":7,"hubris:CrystalStatue":10,"aspiration:Nostalgia":0,"Guardian:GemstoneGun":11,"Oddly Smooth Stone":6,"aspiration:TomeofQuesting":10,"infinitespire:Joker Card":8,"EVO:Axolotl":0,"Letter Opener":3,"Ancient Tea Set":10,"Burning Blood":0,"theMarked:ArtifactOfAir":0,"SsserpentHead":1,"Bloody Idol":10,"Tiny Chest":3,"Black Star":8,"HandDrill":10,"Kunai":11},{"MerchantsRug":3,"Lantern":6,"Tiny House":28,"hubris:CrystalStatue":39,"aspiration:Nostalgia":0,"Guardian:GemstoneGun":44,"Oddly Smooth Stone":21,"aspiration:TomeofQuesting":39,"infinitespire:Joker Card":31,"EVO:Axolotl":0,"Letter Opener":12,"Ancient Tea Set":39,"Burning Blood":0,"theMarked:ArtifactOfAir":0,"SsserpentHead":3,"Bloody Idol":39,"Tiny Chest":12,"Black Star":31,"HandDrill":39,"Kunai":44}],"Burning Blood":73},"card_choices":[{"not_picked":["theMarked:ResourceFulStrike","theMarked:Aftermath"],"picked":"theMarked:StartUp","floor":1},{"not_picked":["theMarked:StartUp","theMarked:TwofoldDefense"],"picked":"theMarked:ChainLightning","floor":4},{"not_picked":["theMarked:Frustration","theMarked:WastefulDefense"],"picked":"theMarked:MuscleMemory","floor":7},{"not_picked":["theMarked:SwordAndMagic","theMarked:ResourceFulStrike"],"picked":"theMarked:BanishingStrike","floor":10},{"not_picked":["theMarked:TwofoldDefense","theMarked:WastefulDefense"],"picked":"theMarked:GodGivenPower","floor":12},{"not_picked":["theMarked:WastefulDefense","theMarked:WastefulAttack"],"picked":"theMarked:RogueSparks","floor":13},{"not_picked":["theMarked:WastefulAttack+1","theMarked:Improvise+1"],"picked":"theMarked:WardOff+1","floor":14},{"not_picked":["Thinking Ahead+1","Mayhem+1"],"picked":"Sadistic Nature+1","floor":14},{"not_picked":["theMarked:MagicAdept","theMarked:Snap"],"picked":"theMarked:ThrowWeapon","floor":16},{"not_picked":["theMarked:WastefulAttack","theMarked:Frustration"],"picked":"theMarked:Parkour","floor":17},{"not_picked":["theMarked:WardOff","theMarked:BanishingStrike"],"picked":"theMarked:ChainLightning+1","floor":18},{"not_picked":["theMarked:ResourceFulStrike","theMarked:EnhanceMovement","theMarked:Improvise+1"],"picked":"SKIP","floor":20},{"not_picked":["theMarked:Static","theMarked:Improvise"],"picked":"theMarked:WardOff+1","floor":22},{"not_picked":["Madness","PanicButton"],"picked":"Apotheosis","floor":24},{"not_picked":["Panacea","Forethought"],"picked":"Panache","floor":24},{"not_picked":["theMarked:Reabsorb","theMarked:TwofoldDefense"],"picked":"theMarked:ContemptForTheProud+1","floor":29},{"not_picked":["theMarked:ShockingTouch","theMarked:Electrify"],"picked":"theMarked:Seal","floor":30},{"not_picked":["theMarked:Improvise","theMarked:EnhanceMovement"],"picked":"theMarked:ParalyzingBlade","floor":31}],"player_experience":537625,"relics_obtained":[{"floor":5,"key":"Lantern"},{"floor":7,"key":"Tiny Chest"},{"floor":9,"key":"Letter Opener"},{"floor":13,"key":"Oddly Smooth Stone"},{"floor":26,"key":"Ancient Tea Set"},{"floor":29,"key":"Kunai"},{"floor":29,"key":"Guardian:GemstoneGun"}],"event_choices":[{"damage_healed":0,"gold_gain":0,"player_choice":"Trade","damage_taken":0,"relics_obtained":["SsserpentHead"],"max_hp_gain":0,"max_hp_loss":0,"event_name":"FaceTrader","floor":2,"gold_loss":0},{"damage_healed":0,"gold_gain":0,"player_choice":"2","damage_taken":0,"max_hp_gain":0,"max_hp_loss":0,"event_name":"betterMatch:BetterMatch","floor":14,"gold_loss":0,"cards_obtained":["betterMatch:CommonCard","betterMatch:ColorlessRareCard"]},{"damage_healed":0,"gold_gain":2,"player_choice":"1","damage_taken":0,"max_hp_gain":0,"max_hp_loss":0,"event_name":"betterStone:BetterStone","floor":24,"gold_loss":0},{"damage_healed":0,"gold_gain":0,"player_choice":" Idol ","damage_taken":38,"relics_obtained":["Bloody Idol"],"max_hp_gain":53,"max_hp_loss":15,"event_name":"betterAltar:BetterAltar","floor":27,"potions_obtained":[],"relics_lost":[],"gold_loss":0}],"is_beta":false,"boss_relics":[{"not_picked":["hubris:BlackHole","hubris:GrandSneckoEye"],"picked":"Tiny House"}],"items_purged_floors":[],"is_endless":false,"potions_floor_spawned":[7,10,13,20,30,31],"killed_by":"conspire:MysteriousRune","ascension_level":1}}