{"host":"684z1xpuwaoqmmh1","time":1610818167,"event":{"mods":["Bard","BaseMod","Downfall","Hermit","Jorbs\u0027s Wanderer Trilogy","Marisa????????","Minty Spire (QoL Compilation)","Robot Space Explorer","Shade Mod","StSLib","The Bug Knight","The Cursed","The Hayseed","The Hierophant","The Marked","The Mystic","The Runesmith","The Senshi","The Spell Scribe"],"gold_per_floor":[116,66,79,96,107,138,138,166,166,166,176,176,187,203,203,300,300,320,320,410,421,438,438,438],"floor_reached":23,"language":"ENG","playtime":990,"items_purged":[],"score":246,"play_id":"e3a31cda-c7a6-454b-b139-5873706e84c4","local_time":"20210116192927","is_ascension_mode":true,"campfire_choices":[{"data":"theMarked:Snap","floor":7,"key":"SMITH"},{"data":"theMarked:Defy","floor":10,"key":"SMITH"},{"data":"theMarked:HeritageOfTheMarked","floor":12,"key":"SMITH"},{"data":"theMarked:HeritageOfTheMarked","floor":15,"key":"SMITH"}],"circlet_count":0,"master_deck":["theMarked:Strike","theMarked:Strike","theMarked:Strike","theMarked:Defend","theMarked:Defend","theMarked:Defend","theMarked:Defend","theMarked:SoldierOfQuellstein","theMarked:Electrify","theMarked:TunnelVision","theMarked:Snap+1","theMarked:EternalStudent","theMarked:Defy+1","theMarked:HeritageOfTheMarked+1","theMarked:SelfDefenseTraining","theMarked:HeritageOfTheMarked+1","theMarked:BindingBlade","theMarked:WardOff+1","theMarked:Aftermath"],"relics":["theMarked:ArtifactOfAir","Nunchaku","Darkstone Periapt","Mercury Hourglass","Sozu"],"acts_visited":["Exordium","TheCity"],"potions_floor_usage":[8,16],"damage_taken":[{"damage":3,"enemies":"Small Slimes","floor":1,"turns":4},{"damage":0,"enemies":"2 Louse","floor":3,"turns":3},{"damage":0,"enemies":"Cultist","floor":4,"turns":2},{"damage":1,"enemies":"Exordium Wildlife","floor":5,"turns":3},{"damage":16,"enemies":"Gremlin Nob","floor":6,"turns":3},{"damage":15,"enemies":"3 Sentries","floor":8,"turns":5},{"damage":0,"enemies":"Gremlin Gang","floor":11,"turns":2},{"damage":0,"enemies":"3 Louse","floor":13,"turns":3},{"damage":0,"enemies":"Exordium Wildlife","floor":14,"turns":1},{"damage":13,"enemies":"Slime Boss","floor":16,"turns":5},{"damage":18,"enemies":"3 Byrds","floor":18,"turns":4},{"damage":1,"enemies":"Chosen","floor":21,"turns":3},{"damage":11,"enemies":"Centurion and Healer","floor":22,"turns":5},{"damage":35,"enemies":"Book of Stabbing","floor":23,"turns":3}],"seed_played":"1129800692645431589","potions_obtained":[{"floor":6,"key":"Explosive Potion"},{"floor":11,"key":"bronze:BurnAndBuffPotion"},{"floor":13,"key":"GamblersBrew"}],"is_trial":false,"path_per_floor":["M","?","M","M","M","E","R","E","T","R","M","R","M","M","R","B",null,"M","?","?","M","M","E"],"character_chosen":"THE_DEFAULT","items_purchased":[],"campfire_rested":0,"item_purchase_floors":[],"current_hp_per_floor":[67,67,67,67,66,50,50,35,35,35,35,35,35,35,35,22,70,52,52,40,39,28,0,0],"gold":438,"neow_bonus":"TRANSFORM_CARD","is_daily":false,"chose_seed":false,"campfire_upgraded":4,"win_rate":0.0,"timestamp":1610818167,"path_taken":["M","?","M","M","M","E","R","E","T","R","M","R","M","M","R","BOSS","M","?","?","M","M","E"],"items_purchased_type":[],"build_version":"2020-12-22","purchased_purges":0,"victory":false,"max_hp_per_floor":[70,70,70,70,70,70,70,70,70,70,70,70,70,70,70,70,70,70,70,70,70,70,70,70],"card_choices":[{"not_picked":["theMarked:Static","theMarked:ChainLightning","theMarked:Improvise"],"picked":"SKIP","floor":1},{"not_picked":["theMarked:TwofoldDefense","theMarked:WardOff"],"picked":"theMarked:TunnelVision","floor":3},{"not_picked":["theMarked:Parkour","theMarked:Static","theMarked:ShockingTouch"],"picked":"SKIP","floor":4},{"not_picked":["theMarked:SwordAndMagic","theMarked:RepellingDischarge"],"picked":"theMarked:Snap","floor":5},{"not_picked":["theMarked:ResourceFulStrike","theMarked:Vacuum"],"picked":"theMarked:EternalStudent","floor":6},{"not_picked":["theMarked:HeightenedSenses","theMarked:ElementalBlade"],"picked":"theMarked:Defy","floor":8},{"not_picked":["theMarked:TwofoldDefense","theMarked:Aftermath"],"picked":"theMarked:HeritageOfTheMarked","floor":11},{"not_picked":["theMarked:HeightenedSenses","theMarked:ContemptForTheProud"],"picked":"theMarked:SelfDefenseTraining","floor":13},{"not_picked":["theMarked:ChainLightning","theMarked:SwordAndMagic"],"picked":"theMarked:HeritageOfTheMarked","floor":14},{"not_picked":["theMarked:ChannelForce","theMarked:Challenge"],"picked":"theMarked:BindingBlade","floor":16},{"not_picked":["theMarked:ResourceFulStrike","theMarked:Polarize"],"picked":"theMarked:WardOff+1","floor":18},{"not_picked":["theMarked:ElectricStrings","theMarked:EmpowerWeapon"],"picked":"theMarked:Aftermath","floor":21},{"not_picked":["theMarked:Parkour","theMarked:Improvise","theMarked:Aftermath"],"picked":"SKIP","floor":22}],"player_experience":2840329,"relics_obtained":[{"floor":6,"key":"Nunchaku"},{"floor":8,"key":"Darkstone Periapt"},{"floor":9,"key":"Mercury Hourglass"}],"event_choices":[{"cards_removed":["theMarked:Strike"],"damage_healed":0,"gold_gain":0,"player_choice":"Card Removal","damage_taken":0,"max_hp_gain":0,"max_hp_loss":0,"event_name":"The Cleric","floor":2,"gold_loss":50},{"damage_healed":0,"gold_gain":90,"player_choice":"GOLD ","damage_taken":12,"max_hp_gain":0,"max_hp_loss":0,"event_name":"Knowing Skull","floor":20,"potions_obtained":[],"gold_loss":0,"cards_obtained":[]}],"is_beta":false,"boss_relics":[{"not_picked":["SlaversCollar","Philosopher\u0027s Stone"],"picked":"Sozu"}],"items_purged_floors":[],"is_endless":false,"potions_floor_spawned":[6,11,13,18,22],"killed_by":"Book of Stabbing","ascension_level":4}}