{"host":"Ruben","time":1610822155,"event":{"mods":["AchievementEnabler","Aspiration","BaseMod","Better Altar","Better Match","Better Note","Better Sensory Stone","Better Skull","Better Third Choice","BetterRewards","Colored Map","Conspire","Downfall","GifTheSpireLib","Googly Eyes","Highlight Path","Hubris","Minty Spire (QoL Compilation)","Permanent Neow","Shop Mod","Spicy Shops","StSLib","Stuff the Spire","The IronCluck","everything is the same but u backflip on backflip","slay the spire mod where everything is the same but ironclad has a cowboy hat"],"gold_per_floor":[109,109,109,129,147,177,177,206,206,206,6,35,47,66,66,164,164,179,198,198,198,198],"floor_reached":21,"language":"ENG","playtime":2765,"items_purged":["Strike_G"],"score":209,"play_id":"1e3bacdc-f449-4a17-bd84-a5f3ab22e313","local_time":"20210116193555","is_ascension_mode":true,"campfire_choices":[{"floor":7.0,"key":"REST"},{"floor":10.0,"key":"REST"},{"floor":15.0,"key":"REST"}],"circlet_count":0,"master_deck":["Strike_G","Strike_G","Strike_G","Strike_G","Defend_G","Defend_G","Defend_G","Defend_G","Defend_G","Survivor","Neutralize","Slice","hubris:Sniper","Prepared","Dagger Throw","hubris:Sniper","StuffTheSpire:ReptileScales","Backstab","Slice","Envenom","Prepared"],"relics":["Ring of the Snake","aspiration:Nostalgia","PureWater","hubris:SphereOfDissonance","NlothsMask","CaptainsWheel","Toy Ornithopter","hubris:CrystalStatue","hubris:VirtuousBlindfold"],"acts_visited":["Exordium","TheCity"],"potions_floor_usage":[16,16],"damage_taken":[{"damage":0.0,"enemies":"2 Louse","floor":1.0,"turns":4.0},{"damage":0.0,"enemies":"Cultist","floor":4.0,"turns":2.0},{"damage":0.0,"enemies":"conspire:RoseBush","floor":5.0,"turns":1.0},{"damage":55.0,"enemies":"3 Sentries","floor":6.0,"turns":18.0},{"damage":10.0,"enemies":"Gremlin Nob","floor":8.0,"turns":5.0},{"damage":8.0,"enemies":"Lagavulin","floor":12.0,"turns":5.0},{"damage":0.0,"enemies":"Looter","floor":13.0,"turns":3.0},{"damage":0.0,"enemies":"Blue Slaver","floor":14.0,"turns":1.0},{"damage":55,"enemies":"Slime Boss","floor":16,"turns":21},{"damage":19,"enemies":"Chosen","floor":18,"turns":6},{"damage":16,"enemies":"Spheric Guardian","floor":19,"turns":6},{"damage":36,"enemies":"Snake Plant","floor":21,"turns":5}],"seed_played":"245717664499036548","potions_obtained":[{"floor":4.0,"key":"hexamod:SoulburnPotion"},{"floor":6.0,"key":"Explosive Potion"},{"floor":13.0,"key":"DuplicationPotion"},{"floor":14.0,"key":"CunningPotion"},{"floor":19,"key":"bronze:BurnAndBuffPotion"}],"is_trial":false,"path_per_floor":["M","?","?","M","M","E","R","E","T","R","$","E","M","M","R","B",null,"M","M","?","M"],"character_chosen":"THE_SILENT","items_purchased":["Dagger Throw","hubris:Sniper"],"campfire_rested":3,"item_purchase_floors":[11,11],"current_hp_per_floor":[70,63,63,63,63,8,29,19,19,40,40,42,42,42,63,18,70,51,35,35,0,0],"gold":198,"neow_bonus":"NOSTALGIA","is_daily":false,"chose_seed":false,"campfire_upgraded":0,"win_rate":0.0,"timestamp":1610822155,"path_taken":["M","?","?","M","M","E","R","E","T","R","$","E","?","M","R","BOSS","M","M","?","M"],"items_purchased_type":["Card","Card"],"build_version":"2020-12-18","purchased_purges":1,"victory":false,"max_hp_per_floor":[70,70,70,70,70,70,70,70,70,70,70,70,70,70,70,70,70,70,70,70,70,70],"card_choices":[{"not_picked":["PiercingWail","Outmaneuver"],"picked":"Slice","floor":1.0},{"not_picked":["Acrobatics","hubris:SlightOfHand"],"picked":"hubris:Sniper","floor":4.0},{"not_picked":["Sucker Punch","Concentrate","StuffTheSpire:Injection"],"picked":"SKIP","floor":5.0},{"not_picked":["Sucker Punch","StuffTheSpire:Fury","StuffTheSpire:Python"],"picked":"SKIP","floor":6.0},{"not_picked":["Dagger Spray","Envenom"],"picked":"Prepared","floor":8.0},{"not_picked":["Dodge and Roll","Catalyst"],"picked":"StuffTheSpire:ReptileScales","floor":12.0},{"not_picked":["StuffTheSpire:Injection","hubris:SlightOfHand"],"picked":"Backstab","floor":13.0},{"not_picked":["conspire:PoisonWeapons","Footwork"],"picked":"Slice","floor":14.0},{"not_picked":["Wraith Form v2","Glass Knife"],"picked":"Envenom","floor":16},{"not_picked":["Blur","hubris:Counter","Riddle With Holes"],"picked":"SKIP","floor":18},{"not_picked":["Slice","StuffTheSpire:ClusterCrunch"],"picked":"Prepared","floor":19}],"player_experience":288839,"relics_obtained":[{"floor":6.0,"key":"CaptainsWheel"},{"floor":8.0,"key":"Toy Ornithopter"},{"floor":12.0,"key":"hubris:CrystalStatue"}],"event_choices":[{"damage_healed":0.0,"max_hp_gain":0.0,"max_hp_loss":0.0,"gold_gain":0.0,"event_name":"betterThird:BetterScrap","player_choice":"Relic ","floor":2.0,"gold_loss":0.0,"damage_taken":7.0,"cards_obtained":["Flame Barrier"]},{"damage_healed":0.0,"max_hp_gain":0.0,"max_hp_loss":0.0,"gold_gain":0.0,"event_name":"FaceTrader","player_choice":"Trade","floor":3.0,"gold_loss":0.0,"damage_taken":0.0,"relics_obtained":["NlothsMask"]},{"damage_healed":0,"gold_gain":0,"player_choice":"Ignored","damage_taken":0,"max_hp_gain":0,"max_hp_loss":0,"event_name":"betterNote:BetterNote","floor":20,"gold_loss":0,"cards_obtained":["Worship"]}],"is_beta":true,"boss_relics":[{"not_picked":["hubris:BlackHole","bronze:MakeshiftBattery"],"picked":"hubris:VirtuousBlindfold"}],"items_purged_floors":[11],"is_endless":false,"potions_floor_spawned":[4,6,13,14,19],"killed_by":"Snake Plant","ascension_level":1}}