{"host":"c6u7e77myxvw4d0m","time":1610783283,"event":{"mods":["AchievementEnabler","BaseMod","Bestiary","Colored Map","Colored Powertips","Minty Spire (QoL Compilation)","Rare Cards Sparkle","Relic Stats","everything is the same but u backflip on backflip"],"gold_per_floor":[99,99,62,62,62,62,62,62,62,62,62,62,62,62,62,62,62,62,0,0,0,0,0,0,0,0,0,0,0,0,0,0,0,0],"floor_reached":33,"language":"ENG","playtime":2682,"items_purged":[],"score":669,"play_id":"eca60280-e0f1-4aac-9b14-2f6dea8079bd","local_time":"20210116094803","is_ascension_mode":true,"campfire_choices":[{"data":"Terror","floor":6.0,"key":"SMITH"},{"floor":15.0,"key":"REST"},{"floor":27,"key":"REST"},{"data":"Wraith Form v2","floor":32,"key":"SMITH"}],"circlet_count":0,"master_deck":["AscendersBane","Defend_G","Defend_G","Defend_G","Defend_G","Defend_G","Survivor","Neutralize","Sucker Punch","Terror+1","Crippling Poison","Bane","Dash+1","Dagger Spray+1","Sucker Punch+1","Calculated Gamble","Underhanded Strike+1","Wraith Form v2+1","PiercingWail+1","Poisoned Stab+1","Predator+1","Dagger Spray+1","Grand Finale+1","Backflip","Dagger Throw+1"],"relics":["Ectoplasm","Vajra","Molten Egg 2","Ninja Scroll","Mango","Singing Bowl","Astrolabe","Oddly Smooth Stone","Art of War","Pantograph","Toy Ornithopter"],"acts_visited":["Exordium","TheCity"],"potions_floor_usage":[22,25,30,30],"damage_taken":[{"damage":0.0,"enemies":"2 Louse","floor":1.0,"turns":3.0},{"damage":0.0,"enemies":"Cultist","floor":2.0,"turns":4.0},{"damage":7.0,"enemies":"Small Slimes","floor":5.0,"turns":4.0},{"damage":9.0,"enemies":"Blue Slaver","floor":7.0,"turns":4.0},{"damage":12.0,"enemies":"3 Sentries","floor":8.0,"turns":9.0},{"damage":12.0,"enemies":"Lagavulin","floor":10.0,"turns":6.0},{"damage":0.0,"enemies":"Exordium Thugs","floor":11.0,"turns":3.0},{"damage":0.0,"enemies":"Looter","floor":13.0,"turns":1.0},{"damage":0.0,"enemies":"Gremlin Nob","floor":14.0,"turns":2.0},{"damage":13.0,"enemies":"Hexaghost","floor":16.0,"turns":9.0},{"damage":0,"enemies":"Chosen","floor":18,"turns":3},{"damage":0,"enemies":"3 Byrds","floor":21,"turns":4},{"damage":0,"enemies":"Snecko","floor":22,"turns":3},{"damage":27,"enemies":"Book of Stabbing","floor":23,"turns":6},{"damage":12,"enemies":"Snake Plant","floor":24,"turns":4},{"damage":24,"enemies":"Slavers","floor":25,"turns":4},{"damage":7,"enemies":"Shelled Parasite and Fungi","floor":29,"turns":5},{"damage":6,"enemies":"Sentry and Sphere","floor":30,"turns":4},{"damage":0,"enemies":"Gremlin Leader","floor":31,"turns":4},{"damage":73,"enemies":"Automaton","floor":33,"turns":6}],"seed_played":"5994092143546947730","potions_obtained":[{"floor":1.0,"key":"Swift Potion"},{"floor":8.0,"key":"BlessingOfTheForge"},{"floor":10.0,"key":"SteroidPotion"},{"floor":16.0,"key":"ColorlessPotion"},{"floor":18,"key":"EssenceOfSteel"},{"floor":24,"key":"Dexterity Potion"},{"floor":25,"key":"EntropicBrew"}],"is_trial":false,"path_per_floor":["M","M","?","?","M","R","M","E","T","E","M","?","M","E","R","B",null,"M","?","?","M","M","E","M","E","T","R","?","M","M","E","R","B"],"character_chosen":"THE_SILENT","items_purchased":[],"campfire_rested":2,"item_purchase_floors":[],"current_hp_per_floor":[59,59,59,56,49,49,40,28,28,30,30,30,30,30,54,41,70,70,70,70,70,72,47,35,13,13,38,38,33,29,31,31,0,0],"gold":0,"neow_bonus":"BOSS_RELIC","is_daily":false,"chose_seed":false,"campfire_upgraded":2,"win_rate":0.0,"timestamp":1610783283,"path_taken":["M","M","?","?","M","R","M","E","T","E","M","?","?","E","R","BOSS","M","?","?","M","?","E","M","E","T","R","?","M","M","E","R","BOSS"],"items_purchased_type":[],"build_version":"2020-12-22","purchased_purges":0,"victory":false,"max_hp_per_floor":[66,66,66,66,66,66,66,66,66,80,80,80,80,80,80,80,80,80,80,80,80,82,84,84,86,86,86,86,88,90,92,92,92,92],"relic_stats":{"Singing Bowl":12,"counters":[20,88],"Astrolabe":["PiercingWail","Poisoned Stab","Predator"],"Pantograph":25,"Ectoplasm":451,"Art of War":[0],"obtain_stats":[{"Singing Bowl":14,"Ninja Scroll":9,"Astrolabe":17,"Pantograph":26,"Vajra":4,"Oddly Smooth Stone":23,"Molten Egg 2":8,"Mango":10,"Ectoplasm":0,"Art of War":25,"Toy Ornithopter":31,"Ring of the Snake":0},{"Singing Bowl":9,"Ninja Scroll":5,"Astrolabe":10,"Pantograph":16,"Vajra":2,"Oddly Smooth Stone":14,"Molten Egg 2":5,"Mango":6,"Ectoplasm":0,"Art of War":16,"Toy Ornithopter":19,"Ring of the Snake":0},{"Singing Bowl":36,"Ninja Scroll":24,"Astrolabe":45,"Pantograph":69,"Vajra":7,"Oddly Smooth Stone":61,"Molten Egg 2":24,"Mango":30,"Ectoplasm":0,"Art of War":69,"Toy Ornithopter":82,"Ring of the Snake":0}],"Toy Ornithopter":0},"card_choices":[{"not_picked":["Catalyst","Concentrate"],"picked":"Sucker Punch","floor":1.0},{"not_picked":["Accuracy","Eviscerate"],"picked":"Terror","floor":2.0},{"not_picked":["Flying Knee","Outmaneuver"],"picked":"Crippling Poison","floor":5.0},{"not_picked":["Sucker Punch","Finisher"],"picked":"Bane","floor":7.0},{"not_picked":["Deflect","Dagger Throw+1"],"picked":"Dash+1","floor":8.0},{"not_picked":["Burst","Acrobatics"],"picked":"Dagger Spray+1","floor":10.0},{"not_picked":["Dagger Spray+1","Acrobatics"],"picked":"Sucker Punch+1","floor":11.0},{"not_picked":["Flying Knee+1","Choke+1"],"picked":"Calculated Gamble","floor":13.0},{"not_picked":["Backflip","Dodge and Roll"],"picked":"Underhanded Strike+1","floor":14.0},{"not_picked":["Doppelganger","Venomology"],"picked":"Wraith Form v2","floor":16.0},{"not_picked":["Deflect","Quick Slash+1"],"picked":"Dagger Spray+1","floor":18},{"not_picked":["Dash+1","Infinite Blades"],"picked":"Backflip","floor":21},{"not_picked":["Sucker Punch+1","Deadly Poison","Setup"],"picked":"Singing Bowl","floor":22},{"not_picked":["Backflip","Tactician","Blade Dance"],"picked":"Singing Bowl","floor":23},{"not_picked":["Flechettes+1","Dodge and Roll"],"picked":"Dagger Throw+1","floor":24},{"not_picked":["Grand Finale+1","Poisoned Stab+1","Infinite Blades"],"picked":"Singing Bowl","floor":25},{"not_picked":["Dodge and Roll","Concentrate+1","Outmaneuver"],"picked":"Singing Bowl","floor":29},{"not_picked":["Terror","Blade Dance","Slice+1"],"picked":"Singing Bowl","floor":30},{"not_picked":["Dagger Spray+1","Expertise+1","Calculated Gamble"],"picked":"Singing Bowl","floor":31}],"player_experience":370134,"relics_obtained":[{"floor":8.0,"key":"Molten Egg 2"},{"floor":9.0,"key":"Ninja Scroll"},{"floor":10.0,"key":"Mango"},{"floor":14.0,"key":"Singing Bowl"},{"floor":23,"key":"Oddly Smooth Stone"},{"floor":25,"key":"Art of War"},{"floor":26,"key":"Pantograph"},{"floor":31,"key":"Toy Ornithopter"}],"event_choices":[{"damage_healed":0.0,"max_hp_gain":0.0,"max_hp_loss":0.0,"gold_gain":0.0,"event_name":"World of Goop","player_choice":"Left Gold","floor":3.0,"gold_loss":37.0,"damage_taken":0.0},{"damage_healed":0.0,"max_hp_gain":0.0,"max_hp_loss":0.0,"gold_gain":0.0,"event_name":"Scrap Ooze","player_choice":"Success","floor":4.0,"gold_loss":0.0,"damage_taken":3.0,"relics_obtained":["Vajra"]},{"cards_removed":["Strike_G"],"damage_healed":0.0,"max_hp_gain":0.0,"max_hp_loss":0.0,"gold_gain":0.0,"event_name":"Purifier","player_choice":"Purged","floor":12.0,"gold_loss":0.0,"damage_taken":0.0},{"damage_healed":0,"gold_gain":0,"player_choice":"Paid Fearfully","damage_taken":0,"max_hp_gain":0,"max_hp_loss":0,"event_name":"Masked Bandits","floor":19,"gold_loss":62},{"damage_healed":0,"gold_gain":0,"cards_transformed":["Strike_G"],"player_choice":"Transformed","damage_taken":0,"max_hp_gain":0,"max_hp_loss":0,"event_name":"Transmorgrifier","floor":20,"gold_loss":0,"cards_obtained":["Grand Finale"]},{"damage_healed":0,"gold_gain":0,"player_choice":"Ignored","damage_taken":0,"max_hp_gain":0,"max_hp_loss":0,"event_name":"Golden Shrine","floor":28,"gold_loss":0}],"is_beta":false,"boss_relics":[{"not_picked":["Fusion Hammer","SacredBark"],"picked":"Astrolabe"}],"items_purged_floors":[],"is_endless":false,"potions_floor_spawned":[1,8,10,16,18,24,25],"killed_by":"Automaton","ascension_level":14}}