{"host":"08sn1703g14rasc1","time":1610829375,"event":{"mods":["AchievementEnabler","BaseMod","Colored Map","Colored Powertips","Hermit","Minty Spire (QoL Compilation)","StSLib"],"gold_per_floor":[118,118,118,132,155,155,191,45,45,45,45,64,15,55,55,174,174,114,39,0,0,0,0,20,38,65,164,164,164],"floor_reached":28,"language":"ENG","playtime":1247,"items_purged":["Strike_G"],"score":311,"play_id":"0c6966b8-619c-4443-be01-61fd793ca6ae","local_time":"20210116123615","is_ascension_mode":true,"campfire_choices":[{"data":"Neutralize","floor":6.0,"key":"SMITH"},{"floor":10.0,"key":"REST"},{"floor":15.0,"key":"REST"},{"data":"Adrenaline","floor":23.0,"key":"SMITH"}],"circlet_count":0,"master_deck":["Survivor","Neutralize+1","Sucker Punch","Predator","Skewer","Dodge and Roll","Dagger Spray","Poisoned Stab","Flechettes","Leg Sweep","Leg Sweep","Adrenaline","A Thousand Cuts","Malaise","Distraction","Blade Dance","A Thousand Cuts","Cloak And Dagger","Deadly Poison+1","Adrenaline+1","Cloak And Dagger","Backflip+1"],"relics":["Ring of the Snake","Golden Idol","Dead Branch","Bottled Lightning","Lantern","Ginger","Pandora\u0027s Box","Toy Ornithopter"],"acts_visited":["Exordium","TheCity"],"potions_floor_usage":[],"damage_taken":[{"damage":1.0,"enemies":"Jaw Worm","floor":1.0,"turns":3.0},{"damage":0.0,"enemies":"2 Louse","floor":4.0,"turns":2.0},{"damage":0.0,"enemies":"Cultist","floor":5.0,"turns":3.0},{"damage":28.0,"enemies":"3 Sentries","floor":7.0,"turns":7.0},{"damage":0.0,"enemies":"Blue Slaver","floor":12.0,"turns":3.0},{"damage":4.0,"enemies":"Lagavulin","floor":14.0,"turns":5.0},{"damage":50.0,"enemies":"The Guardian","floor":16.0,"turns":19.0},{"damage":1.0,"enemies":"2 Thieves","floor":18.0,"turns":4.0},{"damage":16.0,"enemies":"Shell Parasite","floor":24.0,"turns":5.0},{"damage":33,"enemies":"Centurion and Healer","floor":25,"turns":8},{"damage":5,"enemies":"Shelled Parasite and Fungi","floor":28,"turns":2}],"seed_played":"-5610316077482108916","potions_obtained":[{"floor":1.0,"key":"ColorlessPotion"},{"floor":4.0,"key":"Regen Potion"},{"floor":5.0,"key":"Strength Potion"},{"floor":16.0,"key":"FearPotion"}],"is_trial":false,"path_per_floor":["M","?","?","M","M","R","E","$","T","R","?","M","$","E","R","B",null,"M","?","?","$","?","R","M","M","T","?","M"],"character_chosen":"THE_SILENT","items_purchased":["Flechettes","SkillPotion"],"campfire_rested":2,"item_purchase_floors":[8,13],"current_hp_per_floor":[44,67,50,50,50,50,37,37,37,58,40,40,40,36,57,7,54,53,53,53,53,53,53,37,4,4,4,0,0],"gold":164,"neow_bonus":"TRANSFORM_TWO_CARDS","is_daily":false,"chose_seed":false,"campfire_upgraded":2,"win_rate":0.0,"timestamp":1610829375,"path_taken":["M","?","?","?","M","R","E","$","T","R","?","M","?","E","R","BOSS","M","?","?","?","?","R","M","?","T","?","M"],"items_purchased_type":["Card","Potion"],"build_version":"2020-12-22","purchased_purges":1,"victory":false,"max_hp_per_floor":[70,70,70,70,70,70,70,70,70,70,70,70,70,70,70,70,70,70,70,70,70,70,70,70,70,70,70,70,70],"card_choices":[{"not_picked":["Distraction","Crippling Poison"],"picked":"Skewer","floor":1.0},{"not_picked":["Expertise","Slice"],"picked":"Dodge and Roll","floor":4.0},{"not_picked":["Endless Agony","Underhanded Strike"],"picked":"Dagger Spray","floor":5.0},{"not_picked":["Riddle With Holes","Quick Slash"],"picked":"Poisoned Stab","floor":7.0},{"not_picked":["Underhanded Strike","Dagger Spray"],"picked":"Leg Sweep","floor":12.0},{"not_picked":["Dagger Throw","Quick Slash"],"picked":"Leg Sweep","floor":14.0},{"not_picked":["Die Die Die","Envenom"],"picked":"Adrenaline","floor":16.0},{"not_picked":["Sucker Punch","Heel Hook"],"picked":"Deadly Poison+1","floor":18.0},{"not_picked":["Blade Dance","Outmaneuver"],"picked":"Cloak And Dagger","floor":24.0},{"not_picked":["Slice","Setup"],"picked":"Backflip+1","floor":25}],"player_experience":477659,"relics_obtained":[{"floor":7.0,"key":"Dead Branch"},{"floor":9.0,"key":"Bottled Lightning"},{"floor":14.0,"key":"Ginger"},{"floor":26,"key":"Toy Ornithopter"}],"event_choices":[{"damage_healed":23.0,"max_hp_gain":0.0,"max_hp_loss":0.0,"gold_gain":0.0,"event_name":"Big Fish","player_choice":"Banana","floor":2.0,"gold_loss":0.0,"damage_taken":0.0},{"damage_healed":0.0,"max_hp_gain":0.0,"max_hp_loss":0.0,"gold_gain":0.0,"event_name":"Golden Idol","player_choice":"Take Damage","floor":3.0,"gold_loss":0.0,"damage_taken":17.0,"relics_obtained":["Golden Idol"]},{"damage_healed":0.0,"max_hp_gain":0.0,"max_hp_loss":0.0,"gold_gain":0.0,"event_name":"Scrap Ooze","player_choice":"Success","floor":11.0,"gold_loss":0.0,"damage_taken":18.0,"relics_obtained":["Lantern"]},{"cards_removed":["Eviscerate"],"damage_healed":0.0,"max_hp_gain":0.0,"max_hp_loss":0.0,"gold_gain":0.0,"event_name":"Beggar","player_choice":"Gave Gold","floor":19.0,"gold_loss":75.0,"damage_taken":0.0},{"damage_healed":0.0,"max_hp_gain":0.0,"max_hp_loss":0.0,"gold_gain":0.0,"event_name":"Masked Bandits","player_choice":"Paid Fearfully","floor":20.0,"gold_loss":39.0,"damage_taken":0.0},{"damage_healed":0.0,"max_hp_gain":0.0,"max_hp_loss":0.0,"gold_gain":0.0,"event_name":"Duplicator","player_choice":"Copied","floor":22.0,"gold_loss":0.0,"damage_taken":0.0,"cards_obtained":["Adrenaline"]},{"damage_healed":0,"gold_gain":99,"player_choice":"Stole From Cult","damage_taken":0,"max_hp_gain":0,"max_hp_loss":0,"event_name":"Nest","floor":27,"gold_loss":0}],"is_beta":false,"boss_relics":[{"not_picked":["Runic Dome","Runic Pyramid"],"picked":"Pandora\u0027s Box"}],"items_purged_floors":[8],"is_endless":false,"potions_floor_spawned":[1,4,5,16],"killed_by":"Shelled Parasite and Fungi","ascension_level":8}}