{"host":"pi8b3ffzwvxqztac","time":1610773649,"event":{"mods":["BaseMod","Colored Map","Downfall","Minty Spire (QoL Compilation)","StSLib","The Jungle"],"gold_per_floor":[99,109,129,129,146,46,93,108,16,16,116,146,46,69,88,189,239,239,255,271,271,284,223,223,223,236,267,167,180,191,205,220,318,318,318,338,276,67,82,82,109,122,5,24,40,40,40,65,80,80,80,106,31,31,31,31,31],"floor_reached":56,"language":"ENG","playtime":4227,"items_purged":[],"score":803,"play_id":"c0b6b5ef-651f-45e2-9dba-e51fc32e3c57","local_time":"20210116180729","is_ascension_mode":false,"campfire_choices":[{"floor":1,"key":"RECALL"},{"data":"bronze:BugBarrage","floor":6,"key":"SMITH"},{"data":"bronze:BuggyMess","floor":10,"key":"SMITH"},{"data":"bronze:GetLatest","floor":13,"key":"SMITH"},{"data":"bronze:BugBarrage","floor":18,"key":"SMITH"},{"data":"bronze:MaxOutput","floor":25,"key":"SMITH"},{"data":"bronze:GetLatest","floor":28,"key":"SMITH"},{"data":"bronze:ShipIt","floor":35,"key":"SMITH"},{"data":"bronze:Backtrace","floor":47,"key":"SMITH"},{"floor":54,"key":"REST"}],"circlet_count":0,"master_deck":["bronze:Strike","bronze:Strike","bronze:Strike+1","bronze:Strike","bronze:Defend","bronze:Defend","bronze:Defend","bronze:Replicate+1","bronze:Goto+1","bronze:Frontload+1","bronze:GetLatest+1","bronze:BugBarrage+1","bronze:ChildClass","bronze:BuggyMess+1","bronze:ChildClass","bronze:GetLatest+1","bronze:FollowUp","bronze:WhirlingStrike","bronze:HyperBeam","bronze:BugBarrage+1","bronze:WhirlingStrike+1","bronze:ItsAFeature","bronze:MaxOutput+1","bronze:ItsAFeature","bronze:Iterate","bronze:Boost+1","bronze:Repulsor","bronze:Iterate+1","bronze:Backtrace","bronze:Turbo","bronze:BronzeOrb","bronze:ShipIt+1","bronze:DelayedSlice","bronze:Backtrace+1","bronze:Optimize","bronze:Iterate","bronze:FineTuning+1","bronze:Shield+1","bronze:Optimize","bronze:ForceShield","bronze:MaxOutput+1","bronze:Repair+1","bronze:CutThrough+1"],"relics":["bronze:BronzeCore","downfall:HeartBlessingRed","Nunchaku","downfall:HeartBlessingBlue","Odd Mushroom","Tiny House","bronze:CableSpool","Bag of Marbles","downfall:HeartBlessingGreen","bronze:MakeshiftBattery","Membership Card","Pear","Happy Flower","Blood Vial","Orichalcum","hexamod:BolsterEngine","HandDrill","Anchor","Vajra","bronze:SilverBullet"],"acts_visited":["Exordium","TheCity","TheBeyond","TheEnding"],"potions_floor_usage":[14,26,26,27,31,33,44,48,52,56,56,56],"damage_taken":[{"damage":8,"enemies":"2 Louse","floor":2,"turns":4},{"damage":0,"enemies":"Cultist","floor":3,"turns":5},{"damage":2,"enemies":"Small Slimes","floor":5,"turns":2},{"damage":5,"enemies":"3 Louse","floor":8,"turns":2},{"damage":0,"enemies":"downfall:FleeingMerchant","floor":9,"turns":4},{"damage":15,"enemies":"Lagavulin","floor":12,"turns":6},{"damage":0,"enemies":"The Mushroom Lair","floor":14,"turns":3},{"damage":0,"enemies":"Exordium Thugs","floor":15,"turns":4},{"damage":47,"enemies":"DF_ARCHETYPE_STREAMLINE","floor":16,"turns":12},{"damage":5,"enemies":"Chosen","floor":19,"turns":3},{"damage":3,"enemies":"3 Cultists","floor":20,"turns":4},{"damage":18,"enemies":"Snake Plant","floor":22,"turns":3},{"damage":0,"enemies":"downfall:FleeingMerchant","floor":23,"turns":4},{"damage":3,"enemies":"Shelled Parasite and Fungi","floor":26,"turns":3},{"damage":13,"enemies":"Book of Stabbing","floor":27,"turns":4},{"damage":0,"enemies":"Snecko","floor":29,"turns":2},{"damage":0,"enemies":"Chosen and Byrds","floor":30,"turns":4},{"damage":10,"enemies":"Sentry and Sphere","floor":31,"turns":4},{"damage":2,"enemies":"Cultist and Chosen","floor":32,"turns":3},{"damage":33,"enemies":"WA_ARCHETYPE_CALM","floor":33,"turns":7},{"damage":0,"enemies":"Orb Walker","floor":36,"turns":2},{"damage":0,"enemies":"downfall:FleeingMerchant","floor":37,"turns":3},{"damage":0,"enemies":"3 Shapes","floor":39,"turns":2},{"damage":0,"enemies":"Sphere and 2 Shapes","floor":42,"turns":3},{"damage":6,"enemies":"Spire Growth","floor":44,"turns":3},{"damage":0,"enemies":"Writhing Mass","floor":45,"turns":2},{"damage":18,"enemies":"Nemesis","floor":48,"turns":4},{"damage":0,"enemies":"4 Shapes","floor":49,"turns":2},{"damage":66,"enemies":"SI_POISON_ARCHETYPE","floor":50,"turns":8},{"damage":74,"enemies":"downfall:CharBossMerchant","floor":52,"turns":8},{"damage":13,"enemies":"downfall:NeowBoss","floor":55,"turns":13},{"damage":63,"enemies":"downfall:NeowBossFinal","floor":56,"turns":5}],"seed_played":"3081040765559373052","potions_obtained":[{"floor":5,"key":"GamblersBrew"},{"floor":8,"key":"ColorlessPotion"},{"floor":12,"key":"ColorlessPotion"},{"floor":16,"key":"Guardian:BlockOnCardUsePotion"},{"floor":17,"key":"LiquidMemories"},{"floor":27,"key":"PowerPotion"},{"floor":29,"key":"LiquidMemories"},{"floor":31,"key":"Regen Potion"},{"floor":32,"key":"Block Potion"},{"floor":33,"key":"Dexterity Potion"},{"floor":45,"key":"sneckomod:MuddlingPotion"},{"floor":48,"key":"Ancient Potion"},{"floor":52,"key":"AttackPotion"}],"is_trial":false,"path_per_floor":["R","M","M","?","M","R","T","M","$","R","?","E","R","?","M","B",null,"R","M","M","?","M","$","T","R","M","E","R","M","M","M","M","B",null,"R","M","?","$","M","?","T","M","$","M","M","?","R","E","M","B",null,"E","$","R","B","B"],"character_chosen":"THE_AUTOMATON","items_purchased":["bronze:ChildClass","bronze:Iterate","Membership Card","Pear","Happy Flower","bronze:Backtrace","Blood Vial","bronze:Optimize","bronze:Iterate","Orichalcum","bronze:Optimize","HandDrill","bronze:SilverBullet"],"campfire_rested":1,"item_purchase_floors":[9,23,37,37,37,37,38,38,38,38,43,43,53],"current_hp_per_floor":[77,69,69,69,67,67,67,62,62,62,62,47,57,57,57,10,92,92,87,84,84,66,66,66,66,63,50,50,50,50,40,38,20,92,92,92,102,102,102,102,102,102,102,96,98,98,98,82,84,30,102,30,30,60,59,0,0],"gold":31,"neow_bonus":"TEN_PERCENT_HP_BONUS","is_daily":false,"chose_seed":false,"campfire_upgraded":8,"win_rate":0.0,"timestamp":1610773649,"path_taken":["R","M","M","?","M","R","T","M","?","R","?","E","R","?","M","BOSS","R","M","M","?","M","?","T","R","M","E","R","M","M","M","M","BOSS","R","M","?","$","M","?","T","M","?","?","?","?","R","E","M","BOSS","E","$","R","BOSS","BOSS"],"items_purchased_type":["Card","Card","Relic","Relic","Relic","Card","Relic","Card","Card","Relic","Card","Relic","Relic"],"build_version":"2020-12-22","purchased_purges":0,"victory":false,"max_hp_per_floor":[77,77,77,77,77,77,77,77,77,77,77,77,87,87,87,87,92,92,92,92,92,92,92,92,92,92,92,92,92,92,92,92,92,92,92,92,102,102,102,102,102,102,102,102,102,102,102,102,102,102,102,102,102,102,102,102,102],"card_choices":[{"not_picked":["bronze:ItsAFeature","bronze:ForLoop"],"picked":"bronze:Frontload","floor":2},{"not_picked":["bronze:Flail","bronze:Overheat"],"picked":"bronze:GetLatest","floor":3},{"not_picked":["bronze:Return","bronze:Safeguard"],"picked":"bronze:BugBarrage","floor":5},{"not_picked":["bronze:GetLatest","bronze:CutThrough"],"picked":"bronze:ChildClass","floor":8},{"not_picked":["bronze:WildBeam","bronze:Overheat"],"picked":"bronze:BuggyMess","floor":9},{"not_picked":["bronze:Safeguard","bronze:OilSpill"],"picked":"bronze:GetLatest","floor":12},{"not_picked":["bronze:BuggyMess","bronze:ChosenStrike"],"picked":"bronze:FollowUp","floor":14},{"not_picked":["bronze:DelayedSlice","bronze:Shield"],"picked":"bronze:WhirlingStrike","floor":15},{"not_picked":["bronze:Format","bronze:SpaghettiCode"],"picked":"bronze:HyperBeam","floor":16},{"not_picked":["bronze:Branch","bronze:Deprecate"],"picked":"bronze:BugBarrage","floor":17},{"not_picked":["bronze:Safeguard","bronze:Deprecate+1"],"picked":"bronze:WhirlingStrike+1","floor":19},{"not_picked":["bronze:Fortify","bronze:CutThrough+1"],"picked":"bronze:ItsAFeature","floor":20},{"not_picked":["bronze:BuggyMess","bronze:BitShift"],"picked":"bronze:MaxOutput","floor":22},{"not_picked":["bronze:Virus","bronze:ChildClass"],"picked":"bronze:ItsAFeature","floor":23},{"not_picked":["bronze:Branch","bronze:Overheat"],"picked":"bronze:Boost+1","floor":26},{"not_picked":["bronze:BugBarrage","bronze:Backtrace"],"picked":"bronze:Repulsor","floor":27},{"not_picked":["bronze:FineTuning","bronze:Deprecate"],"picked":"bronze:Iterate+1","floor":29},{"not_picked":["bronze:Overheat+1","bronze:Invalidate+1"],"picked":"bronze:Backtrace","floor":30},{"not_picked":["bronze:Safeguard","bronze:FineTuning"],"picked":"bronze:Turbo","floor":31},{"not_picked":["bronze:CutThrough","bronze:FineTuning"],"picked":"bronze:BronzeOrb","floor":32},{"not_picked":["bronze:Verify","bronze:BurnOut"],"picked":"bronze:ShipIt","floor":33},{"not_picked":["bronze:Deprecate","bronze:Fortify","bronze:Repulsor"],"picked":"SKIP","floor":36},{"not_picked":["bronze:Branch+1","bronze:DigitalCarnage+1"],"picked":"bronze:DelayedSlice","floor":37},{"not_picked":["bronze:Philosophize","bronze:NullPointer"],"picked":"bronze:FineTuning+1","floor":39},{"not_picked":["bronze:Turbo+1","bronze:BuggyMess"],"picked":"bronze:Shield+1","floor":42},{"not_picked":["bronze:BitShift","bronze:DigitalCarnage"],"picked":"bronze:ForceShield","floor":44},{"not_picked":["bronze:Overheat+1","bronze:OilSpill+1"],"picked":"bronze:MaxOutput+1","floor":45},{"not_picked":["bronze:Format","bronze:Invalidate+1","bronze:FollowUp"],"picked":"SKIP","floor":48},{"not_picked":["bronze:Turbo+1","bronze:DigitalCarnage+1"],"picked":"bronze:Repair+1","floor":49},{"not_picked":["bronze:OilSpill","bronze:ThunderWave"],"picked":"bronze:CutThrough+1","floor":52}],"player_experience":528640,"relics_obtained":[{"floor":12,"key":"Nunchaku"},{"floor":14,"key":"Odd Mushroom"},{"floor":24,"key":"bronze:CableSpool"},{"floor":27,"key":"Bag of Marbles"},{"floor":41,"key":"hexamod:BolsterEngine"},{"floor":48,"key":"Anchor"},{"floor":52,"key":"Vajra"}],"event_choices":[{"damage_healed":0,"gold_gain":0,"player_choice":"Fought Mushrooms","damage_taken":0,"max_hp_gain":0,"max_hp_loss":0,"event_name":"Mushrooms","floor":14,"gold_loss":0},{"cards_removed":["bronze:Defend"],"damage_healed":0,"gold_gain":0,"player_choice":"Removed Skill","damage_taken":0,"max_hp_gain":0,"max_hp_loss":0,"event_name":"Falling","floor":46,"gold_loss":0}],"is_beta":false,"boss_relics":[{"not_picked":["Sozu","Astrolabe"],"picked":"Tiny House"},{"not_picked":["Snecko Eye","Philosopher\u0027s Stone"],"picked":"bronze:MakeshiftBattery"}],"items_purged_floors":[],"is_endless":false,"potions_floor_spawned":[5,8,12,16,27,29,31,32,33,36,42,45,48,52],"killed_by":"downfall:NeowBossFinal","ascension_level":0}}