{"host":"i09pxcjttd31eh4q","time":1610809578,"event":{"mods":["AchievementEnabler","BaseMod","Colored Map","Keyboard Shortcuts","Minty Spire (QoL Compilation)","StSLib","SuperFastMode"],"gold_per_floor":[111,128,142,152,172,172,191,191,191,191,207,220,220,252,252,327,327,341,359,209,228,243,243,258,276,302,302,302,202,230,230,230,306,306,320,320,46,66,91,120,139,139,164,68,68,68,102,115,115,115,115,115,115,2,31,31],"floor_reached":57,"language":"KOR","playtime":1798,"items_purged":["Defend_P","Strike_P","Strike_P"],"score":3222,"play_id":"1ba04277-49ef-4f3c-bd38-59d500766963","local_time":"20210117000618","is_ascension_mode":true,"campfire_choices":[{"data":"Eruption","floor":6.0,"key":"SMITH"},{"data":"Vault","floor":8.0,"key":"SMITH"},{"data":"EmptyFist","floor":10.0,"key":"SMITH"},{"floor":15.0,"key":"RECALL"},{"data":"Adaptation","floor":23.0,"key":"SMITH"},{"data":"Vigilance","floor":28.0,"key":"SMITH"},{"data":"Defend_P","floor":32.0,"key":"SMITH"},{"data":"Defend_P","floor":42,"key":"SMITH"},{"data":"Purity","floor":46,"key":"SMITH"},{"floor":49,"key":"REST"},{"floor":53,"key":"REST"}],"circlet_count":0,"master_deck":["AscendersBane","Defend_P+1","Defend_P","Defend_P+1","Eruption+1","Vigilance+1","EmptyFist+1","Vault+1","CrushJoints+1","Adaptation+1","InnerPeace+1","Purity+1"],"relics":["Runic Pyramid","FossilizedHelix","Oddly Smooth Stone","VioletLotus","Juzu Bracelet","Ornamental Fan","Empty Cage","MawBank","TheAbacus","Gambling Chip","Thread and Needle","CeramicFish","Strawberry","Letter Opener"],"acts_visited":["Exordium","TheCity","TheBeyond","TheEnding"],"potions_floor_usage":[56],"damage_taken":[{"damage":0.0,"enemies":"Cultist","floor":1.0,"turns":3.0},{"damage":4.0,"enemies":"Small Slimes","floor":2.0,"turns":3.0},{"damage":1.0,"enemies":"2 Louse","floor":3.0,"turns":3.0},{"damage":1.0,"enemies":"Large Slime","floor":4.0,"turns":5.0},{"damage":17.0,"enemies":"Exordium Wildlife","floor":5.0,"turns":6.0},{"damage":0.0,"enemies":"2 Fungi Beasts","floor":7.0,"turns":3.0},{"damage":0.0,"enemies":"3 Louse","floor":11.0,"turns":3.0},{"damage":0.0,"enemies":"Large Slime","floor":12.0,"turns":3.0},{"damage":0.0,"enemies":"Gremlin Nob","floor":14.0,"turns":3.0},{"damage":0.0,"enemies":"The Guardian","floor":16.0,"turns":9.0},{"damage":0.0,"enemies":"Spheric Guardian","floor":18.0,"turns":3.0},{"damage":2.0,"enemies":"Shell Parasite","floor":19.0,"turns":4.0},{"damage":0.0,"enemies":"Cultist and Chosen","floor":21.0,"turns":5.0},{"damage":0.0,"enemies":"Sentry and Sphere","floor":22.0,"turns":5.0},{"damage":0.0,"enemies":"3 Cultists","floor":24.0,"turns":4.0},{"damage":0.0,"enemies":"Centurion and Healer","floor":25.0,"turns":4.0},{"damage":0.0,"enemies":"Book of Stabbing","floor":30.0,"turns":3.0},{"damage":8,"enemies":"Automaton","floor":33,"turns":5},{"damage":0,"enemies":"Orb Walker","floor":35,"turns":3},{"damage":0,"enemies":"3 Darklings","floor":38,"turns":3},{"damage":0,"enemies":"Mind Bloom Boss Battle","floor":39,"turns":4},{"damage":0,"enemies":"Nemesis","floor":40,"turns":2},{"damage":0,"enemies":"Maw","floor":41,"turns":2},{"damage":0,"enemies":"Giant Head","floor":47,"turns":3},{"damage":0,"enemies":"4 Shapes","floor":48,"turns":2},{"damage":0,"enemies":"Awakened One","floor":50,"turns":3},{"damage":56,"enemies":"Time Eater","floor":51,"turns":13},{"damage":0,"enemies":"Shield and Spear","floor":55,"turns":2},{"damage":52,"enemies":"The Heart","floor":56,"turns":7}],"seed_played":"-8630342440401651107","potions_obtained":[{"floor":4.0,"key":"BlessingOfTheForge"},{"floor":7.0,"key":"LiquidMemories"},{"floor":11.0,"key":"Energy Potion"},{"floor":14.0,"key":"Weak Potion"},{"floor":16.0,"key":"BlessingOfTheForge"},{"floor":18.0,"key":"CultistPotion"},{"floor":21.0,"key":"FearPotion"}],"is_trial":false,"path_per_floor":["M","M","M","M","M","R","M","R","T","R","M","M","?","E","R","B",null,"M","M","$","M","M","R","M","M","T","T","R","$","E","?","R","B",null,"M","T","$","M","?","E","M","R","T","$","?","R","E","M","R","B","B",null,"R","$","E","B",null],"character_chosen":"WATCHER","items_purchased":["Adaptation","TheAbacus","Purity","FairyPotion"],"campfire_rested":2,"item_purchase_floors":[20,37,44,54],"current_hp_per_floor":[61,57,56,55,38,38,38,38,38,38,38,38,38,38,38,38,61,61,59,59,59,59,59,59,59,59,59,59,59,59,53,53,45,62,62,62,62,62,62,62,62,62,62,62,62,62,69,69,75,75,19,61,75,75,75,23],"gold":31,"neow_bonus":"BOSS_RELIC","is_daily":false,"chose_seed":false,"campfire_upgraded":8,"win_rate":0.0,"timestamp":1610809578,"path_taken":["M","?","M","M","M","R","M","R","T","R","M","M","?","E","R","BOSS","M","?","$","M","M","R","M","M","T","?","R","$","E","?","R","BOSS","M","?","$","M","?","E","M","R","T","$","?","R","E","M","R","BOSS","BOSS","R","$","E","BOSS"],"items_purchased_type":["Card","Relic","Card","Potion"],"build_version":"2020-12-22","purchased_purges":3,"victory":true,"max_hp_per_floor":[68,68,68,68,68,68,68,68,68,68,68,68,68,68,68,68,68,68,68,68,68,68,68,68,68,68,68,68,68,68,68,68,68,68,68,68,68,68,68,68,68,68,68,68,68,68,75,75,75,75,75,75,75,75,75,75],"card_choices":[{"not_picked":["CrushJoints","SashWhip"],"picked":"EmptyFist","floor":1.0},{"not_picked":["PathToVictory","JustLucky","SashWhip"],"picked":"SKIP","floor":2.0},{"not_picked":["Weave","JustLucky","Crescendo"],"picked":"SKIP","floor":3.0},{"not_picked":["Nirvana","InnerPeace"],"picked":"Vault","floor":4.0},{"not_picked":["ThirdEye","FlyingSleeves","WaveOfTheHand"],"picked":"SKIP","floor":5.0},{"not_picked":["FlurryOfBlows","WreathOfFlame","Conclude"],"picked":"SKIP","floor":7.0},{"not_picked":["FlurryOfBlows","Crescendo","LikeWater"],"picked":"SKIP","floor":11.0},{"not_picked":["BowlingBash","FlurryOfBlows"],"picked":"CrushJoints","floor":12.0},{"not_picked":["EmptyFist","Wireheading","Judgement"],"picked":"SKIP","floor":14.0},{"not_picked":["JustLucky","Halt","CrushJoints+1"],"picked":"SKIP","floor":18.0},{"not_picked":["FlurryOfBlows","SashWhip","CrushJoints"],"picked":"SKIP","floor":19.0},{"not_picked":["TalkToTheHand+1","Pray"],"picked":"InnerPeace+1","floor":21.0},{"not_picked":["Evaluate","Protect","WheelKick"],"picked":"SKIP","floor":22.0},{"not_picked":["Consecrate","CutThroughFate","FlurryOfBlows"],"picked":"SKIP","floor":24.0},{"not_picked":["FlurryOfBlows","ThirdEye","Consecrate"],"picked":"SKIP","floor":25.0},{"not_picked":["ClearTheMind","Conclude","WreathOfFlame"],"picked":"SKIP","floor":30.0},{"not_picked":["FlyingSleeves","InnerPeace","EmptyBody"],"picked":"SKIP","floor":35},{"not_picked":["Wireheading","FlurryOfBlows","ClearTheMind"],"picked":"SKIP","floor":38},{"not_picked":["Meditate","Swivel","BowlingBash"],"picked":"SKIP","floor":40},{"not_picked":["ClearTheMind","EmptyBody","FlyingSleeves+1"],"picked":"SKIP","floor":41},{"not_picked":["Evaluate","BattleHymn","BowlingBash"],"picked":"SKIP","floor":47},{"not_picked":["FollowUp","Perseverance","BowlingBash"],"picked":"SKIP","floor":48},{"not_picked":["ClearTheMind","FlyingSleeves","CarveReality"],"picked":"SKIP","floor":55}],"player_experience":863299,"relics_obtained":[{"floor":9.0,"key":"FossilizedHelix"},{"floor":14.0,"key":"Oddly Smooth Stone"},{"floor":27.0,"key":"Juzu Bracelet"},{"floor":30.0,"key":"Ornamental Fan"},{"floor":36,"key":"MawBank"},{"floor":39,"key":"Gambling Chip"},{"floor":40,"key":"Thread and Needle"},{"floor":43,"key":"CeramicFish"},{"floor":47,"key":"Strawberry"},{"floor":55,"key":"Letter Opener"}],"event_choices":[{"damage_healed":0.0,"max_hp_gain":0.0,"max_hp_loss":0.0,"gold_gain":0.0,"event_name":"Upgrade Shrine","player_choice":"Upgraded","floor":13.0,"gold_loss":0.0,"damage_taken":0.0,"cards_upgraded":["CrushJoints"]},{"damage_healed":0.0,"max_hp_gain":0.0,"max_hp_loss":0.0,"gold_gain":0.0,"event_name":"Knowing Skull","player_choice":"","floor":31.0,"potions_obtained":[],"gold_loss":0.0,"damage_taken":6.0,"cards_obtained":[]},{"damage_healed":0,"gold_gain":0,"player_choice":"Fight","damage_taken":0,"max_hp_gain":0,"max_hp_loss":0,"event_name":"MindBloom","floor":39,"gold_loss":0},{"damage_healed":0,"gold_gain":0,"player_choice":"Ignored","damage_taken":0,"max_hp_gain":0,"max_hp_loss":0,"event_name":"Tomb of Lord Red Mask","floor":45,"gold_loss":0}],"is_beta":false,"boss_relics":[{"not_picked":["Cursed Key","Tiny House"],"picked":"VioletLotus"},{"not_picked":["SacredBark","Calling Bell"],"picked":"Empty Cage"}],"items_purged_floors":[20,29,37],"is_endless":false,"potions_floor_spawned":[4,7,11,14,16,18,21,25,38,39,41],"ascension_level":20}}