{"host":"39edsv1n7lhvfemz","time":1610802654,"event":{"mods":["Act Like it!","BaseMod","Better Vampires","Better-Laid Plans","CapriCore","Friendly Minions","Lobotomy","LobotomyExtend","Minty Spire (QoL Compilation)","Pale of the Ancients","StSLib","The Jungle","Waifu the Spire","noobMod","¡¾ÒÅÎï¿¨ÅÆ¡¿REMEMod"],"gold_per_floor":[114,114,114,126,144,144,319,319,319,330,340,356,369,400,400,505,505,519,519,535,535,554,579,595,37,63,63,63,93,93,128,128,230,280,299,299,349,349,106,106,123,0,0,0,17,17,17,17,17,17],"floor_reached":51,"language":"ZHS","playtime":3157,"items_purged":["TrainingCode","BlueStar"],"score":1710,"play_id":"fa9b0ece-26bc-4a90-a06c-e6091d8d9b38","local_time":"20210116211054","is_ascension_mode":false,"campfire_choices":[{"floor":49,"key":"RECALL"}],"circlet_count":0,"master_deck":["SpecialBullet","SpecialBullet","SpecialBullet","SpecialBullet","SpecialBullet","SpecialBullet","SpecialBullet","SpecialBullet","CrimsonScar","Horn+1","OSAHOGD","Hypocrisy","Impervious","TodaysExpression+1","SwordSharpenedByTears+1","FrostShard","Pinks+1","GoldRush+1","Hypocrisy","Twilight+1","SecurityCode","Porccubus","Soda+1"],"relics":["CogitoBucket","ice","REME_ComplimentaryCards","LetterFromLob","Calipers","Ginger","Molten Egg 2","AspirationHeart","RedMistMask","Frozen Egg 2","Fusion Hammer","Sundial","REME_HourglassOfDeath","Letter Opener","Happy Flower","Pocketwatch","Mummified Hand","Tiny House","AtMidnight","Theresia","CaptainsWheel","Lantern","Red Mask","Meat on the Bone","Akabeko"],"acts_visited":["Exordium","TheCity","TheBeyond"],"potions_floor_usage":[22,34,50,50],"damage_taken":[{"damage":6.0,"enemies":"Cultist","floor":1.0,"turns":3.0},{"damage":11.0,"enemies":"Jaw Worm","floor":4.0,"turns":2.0},{"damage":0.0,"enemies":"Small Slimes","floor":5.0,"turns":2.0},{"damage":0.0,"enemies":"2 Fungi Beasts","floor":10.0,"turns":4.0},{"damage":15.0,"enemies":"Gremlin Gang","floor":11.0,"turns":4.0},{"damage":5.0,"enemies":"Looter","floor":12.0,"turns":4.0},{"damage":2.0,"enemies":"3 Louse","floor":13.0,"turns":3.0},{"damage":0.0,"enemies":"Lagavulin","floor":14.0,"turns":6.0},{"damage":0.0,"enemies":"Slime Boss","floor":16.0,"turns":5.0},{"damage":0.0,"enemies":"Chosen","floor":18.0,"turns":3.0},{"damage":22,"enemies":"Shell Parasite","floor":20,"turns":6},{"damage":0,"enemies":"Snecko","floor":22,"turns":4},{"damage":6,"enemies":"Slavers","floor":23,"turns":2},{"damage":6,"enemies":"3 Cultists","floor":24,"turns":3},{"damage":0,"enemies":"Gremlin Leader","floor":29,"turns":3},{"damage":0,"enemies":"Book of Stabbing","floor":31,"turns":3},{"damage":12,"enemies":"Automaton","floor":33,"turns":5},{"damage":43,"enemies":"3 Shapes","floor":35,"turns":11},{"damage":12,"enemies":"Mind Bloom Boss Battle","floor":37,"turns":2},{"damage":0,"enemies":"Orb Walker","floor":41,"turns":2},{"damage":9,"enemies":"Maw","floor":45,"turns":7},{"damage":10,"enemies":"Giant Head","floor":46,"turns":7},{"damage":0,"enemies":"3 Darklings","floor":47,"turns":1},{"damage":213,"enemies":"Awakened One","floor":50,"turns":8},{"damage":0,"enemies":"Malkuth","floor":51,"turns":4},{"damage":0,"enemies":"Netzach","floor":51,"turns":6},{"damage":0,"enemies":"Geburah","floor":51,"turns":11},{"damage":0,"enemies":"Hokma","floor":51,"turns":11},{"damage":43,"enemies":"Angela","floor":51,"turns":11}],"seed_played":"-4446498405619365843","potions_obtained":[{"floor":1.0,"key":"SmokeBomb"},{"floor":13.0,"key":"SneckoOil"},{"floor":14.0,"key":"BlessingOfTheForge"},{"floor":16.0,"key":"REME_GoldPotion"},{"floor":22,"key":"Fruit Juice"},{"floor":23,"key":"Weak Potion"},{"floor":24,"key":"REME_GoldPotion"},{"floor":34,"key":"HauntedGourdPotion"}],"is_trial":false,"path_per_floor":["M","?","?","M","M","R","?","?","T","M","M","M","M","E","R","B",null,"M","?","M","?","M","E","M","$","T","R","$","E","R","E","R","B",null,"M","?","?","?","$","R","M","?","T","R","M","E","M","?","R","B",null],"character_chosen":"Angela","items_purchased":["REME_HourglassOfDeath","Letter Opener","Lantern"],"campfire_rested":0,"item_purchase_floors":[25,25,39],"current_hp_per_floor":[57,57,54,43,43,43,43,43,43,43,28,33,31,31,31,31,73,73,73,51,51,56,50,44,44,44,44,44,44,44,44,44,32,83,40,40,36,36,36,36,52,52,52,52,73,66,81,81,81,69],"gold":17,"neow_bonus":"REMOVE_TWO","is_daily":false,"chose_seed":false,"campfire_upgraded":0,"win_rate":0.0,"timestamp":1610802654,"path_taken":["M","?","?","M","M","R","?","?","T","M","M","?","M","E","R","BOSS","M","?","M","?","M","E","?","$","T","R","$","E","R","E","R","BOSS","M","?","?","?","$","R","?","?","T","R","M","E","M","?","R","BOSS"],"items_purchased_type":["Relic","Relic","Card"],"build_version":"2020-12-22","purchased_purges":2,"victory":true,"max_hp_per_floor":[63,63,63,63,63,63,63,63,63,63,63,73,73,73,73,73,73,73,73,73,73,78,78,78,78,78,78,78,78,78,78,78,78,83,83,79,79,79,79,79,83,83,83,83,83,83,83,83,83,92],"card_choices":[{"not_picked":["Horn","Moonlight"],"picked":"SKIP","floor":1.0},{"not_picked":["Lantern","SomewhereSpear"],"picked":"SKIP","floor":4.0},{"not_picked":["BloodyDesire"],"picked":"CrimsonScar","floor":5.0},{"not_picked":["MagicBullet+1"],"picked":"Horn+1","floor":10.0},{"not_picked":["UniverseFragment","GreedKing"],"picked":"OSAHOGD","floor":11.0},{"not_picked":["RedEyes"],"picked":"Hypocrisy","floor":11.0},{"not_picked":["Soda"],"picked":"TodaysExpression","floor":12.0},{"not_picked":["Regret_ego"],"picked":"SwordSharpenedByTears+1","floor":13.0},{"not_picked":["Adoration"],"picked":"FrostShard","floor":14.0},{"not_picked":["Justitia+1"],"picked":"Pinks","floor":16.0},{"not_picked":["Logging+1","Horn+1"],"picked":"SKIP","floor":18.0},{"not_picked":["GrinderMk4+1","Heaven+1"],"picked":"SKIP","floor":20},{"not_picked":["Laetitia","DreamingCurrent"],"picked":"BlueStar","floor":22},{"not_picked":["RedEyes","Penitence"],"picked":"SKIP","floor":22},{"not_picked":["Christmas+1"],"picked":"GoldRush+1","floor":23},{"not_picked":["FrostShard","Penitence+1"],"picked":"SKIP","floor":24},{"not_picked":["Diffraction"],"picked":"Wingbeat","floor":29},{"not_picked":["Loneliness"],"picked":"Hypocrisy","floor":31},{"not_picked":["CENSORED_ego"],"picked":"Twilight+1","floor":33},{"not_picked":["Lantern+1","Christmas+1"],"picked":"SKIP","floor":35},{"not_picked":["DreamingCurrent","BigBird"],"picked":"Porccubus","floor":41},{"not_picked":["SomewhereSpear","BearPaw"],"picked":"SKIP","floor":41},{"not_picked":["Regret_ego+1","TodaysExpression+1"],"picked":"SKIP","floor":45},{"not_picked":["Horn+1","WristCuter+1"],"picked":"SKIP","floor":46},{"not_picked":["Christmas+1"],"picked":"Soda+1","floor":47}],"player_experience":151761,"relics_obtained":[{"floor":1.0,"key":"LetterFromLob"},{"floor":9.0,"key":"Molten Egg 2"},{"floor":13.0,"key":"RedMistMask"},{"floor":14.0,"key":"Frozen Egg 2"},{"floor":23,"key":"Sundial"},{"floor":26,"key":"Happy Flower"},{"floor":29,"key":"Pocketwatch"},{"floor":31,"key":"Mummified Hand"},{"floor":35,"key":"AtMidnight"},{"floor":37,"key":"CaptainsWheel"},{"floor":43,"key":"Meat on the Bone"},{"floor":46,"key":"Akabeko"}],"event_choices":[{"damage_healed":0.0,"max_hp_gain":0.0,"max_hp_loss":0.0,"gold_gain":0.0,"event_name":"Shining Light","player_choice":"Ignored","floor":2.0,"gold_loss":0.0,"damage_taken":0.0},{"damage_healed":0.0,"max_hp_gain":0.0,"max_hp_loss":0.0,"gold_gain":0.0,"event_name":"Scrap Ooze","player_choice":"Success","floor":3.0,"gold_loss":0.0,"damage_taken":3.0,"relics_obtained":["Calipers"]},{"damage_healed":0.0,"max_hp_gain":0.0,"max_hp_loss":0.0,"gold_gain":175.0,"event_name":"Liars Game","player_choice":"AGREE","floor":7.0,"gold_loss":0.0,"damage_taken":0.0,"cards_obtained":["Doubt"]},{"damage_healed":0.0,"max_hp_gain":0.0,"max_hp_loss":0.0,"gold_gain":0.0,"event_name":"WeMeetAgain","player_choice":"Gave Potion","floor":8.0,"gold_loss":0.0,"damage_taken":0.0,"relics_obtained":["Ginger"]},{"damage_healed":0,"gold_gain":0,"player_choice":"Ignored","damage_taken":0,"max_hp_gain":0,"max_hp_loss":0,"event_name":"Cursed Tome","floor":19,"gold_loss":0},{"damage_healed":0,"gold_gain":0,"player_choice":"Forge","damage_taken":0,"max_hp_gain":0,"max_hp_loss":0,"event_name":"Accursed Blacksmith","floor":21,"gold_loss":0,"cards_upgraded":["Pinks"]},{"damage_healed":0,"gold_gain":0,"player_choice":"Max HP","damage_taken":0,"max_hp_gain":0,"max_hp_loss":4,"event_name":"Winding Halls","floor":36,"gold_loss":0},{"damage_healed":0,"gold_gain":0,"player_choice":"Fight","damage_taken":0,"max_hp_gain":0,"max_hp_loss":0,"event_name":"MindBloom","floor":37,"gold_loss":0},{"damage_healed":0,"gold_gain":0,"player_choice":"Got Potions","damage_taken":0,"max_hp_gain":0,"max_hp_loss":0,"event_name":"Lab","floor":38,"gold_loss":0},{"damage_healed":0,"gold_gain":0,"player_choice":"Paid","damage_taken":0,"relics_obtained":["Red Mask"],"max_hp_gain":0,"max_hp_loss":0,"event_name":"Tomb of Lord Red Mask","floor":42,"gold_loss":123},{"cards_removed":["Wingbeat"],"damage_healed":0,"gold_gain":0,"player_choice":"Removed Skill","damage_taken":0,"max_hp_gain":0,"max_hp_loss":0,"event_name":"Falling","floor":48,"gold_loss":0}],"is_beta":false,"boss_relics":[{"not_picked":["Sozu","REME_DuelDisc"],"picked":"Fusion Hammer"},{"not_picked":["Snecko Eye","Coffee Dripper"],"picked":"Tiny House"}],"items_purged_floors":[25,39],"is_endless":false,"potions_floor_spawned":[1,13,14,16,22,23,24,31,35,37,45,47],"ascension_level":0}}