{"host":"pgqkv8mh62pnrbci","time":1610796736,"event":{"mods":["2.2 Compatiblity","AchievementEnabler","BaseMod","Custom Start","DeckTracker","Minty Spire (QoL Compilation)","Replay The Spire","StSLib","SuperFastMode","¡¼?Úª?ø«¡½REMEMod"],"gold_per_floor":[118,23,23,23,36,67,67,86,86,86,106,124,124,157,157,231,231,243,243,258,67,86,117,117,148,200,200,213,232,266,266,266,365,365,395,324,357,68,90,134,134,156,156,186,186,219,286,316,316,338],"floor_reached":51,"language":"KOR","playtime":1599,"items_purged":["Strike_G"],"score":1715,"play_id":"743f8a95-8384-40a0-9ae1-9d690d1480f0","local_time":"20210116203216","is_ascension_mode":true,"campfire_choices":[{"data":"Specialist","floor":7.0,"key":"SMITH"},{"data":"Neutralize","floor":10.0,"key":"SMITH"},{"data":"Deadly Poison","floor":13.0,"key":"SMITH"},{"data":"Noxious Fumes","floor":15.0,"key":"SMITH"},{"data":"A Thousand Cuts","floor":24.0,"key":"SMITH"},{"data":"Hidden Blade","floor":45.0,"key":"SMITH"},{"data":"Reflex","floor":49,"key":"SMITH"}],"circlet_count":0,"master_deck":["AscendersBane","Defend_G+1","Defend_G+1","Defend_G","Survivor","Neutralize+1","Sadistic Nature","Blade Dance","Specialist+1","Adrenaline","Choke","Deadly Poison+1","Hidden Blade+1","Acrobatics","Noxious Fumes+1","A Thousand Cuts+1","Deflect+1","Reflex+1","Footwork","Cloak And Dagger+1","Glass Knife","Decay","Blade Dance","Finisher","Blur","CommonCold","ReplayTheSpireMod:The Works","Dodge and Roll+1","PiercingWail","ReplayTheSpireMod:Scrap Shanks","Noxious Fumes","Sneak Up"],"relics":["Ring of the Snake","REME_ComplimentaryCards","NeowsBlessing","Ring of Peace","Ring of Misfortune","Turnip","Calipers","Pen Nib","Busted Crown","Bag of Marbles","Bottled Tornado","Bronze Scales","Replay:Bandana","Kintsugi","Vajra","Paper Crane","Simple Rune","Boot","Lizard Tail"],"acts_visited":["Exordium","TheCity","TheBeyond"],"potions_floor_usage":[48],"damage_taken":[{"damage":0.0,"enemies":"Cultist","floor":1.0,"turns":1.0},{"damage":0.0,"enemies":"Jaw Worm","floor":5.0,"turns":1.0},{"damage":0.0,"enemies":"Lagavulin","floor":6.0,"turns":1.0},{"damage":0.0,"enemies":"Small Slimes","floor":8.0,"turns":3.0},{"damage":0.0,"enemies":"Looter","floor":11.0,"turns":3.0},{"damage":0.0,"enemies":"2 Fungi Beasts","floor":12.0,"turns":4.0},{"damage":0.0,"enemies":"Gremlin Nob","floor":14.0,"turns":1.0},{"damage":13.0,"enemies":"Hexaghost","floor":16.0,"turns":8.0},{"damage":0.0,"enemies":"Shell Parasite","floor":18.0,"turns":4.0},{"damage":0.0,"enemies":"3 Byrds","floor":20.0,"turns":3.0},{"damage":1.0,"enemies":"3 Cultists","floor":22.0,"turns":4.0},{"damage":31.0,"enemies":"Slavers","floor":23.0,"turns":4.0},{"damage":0.0,"enemies":"REME_1_Revenger","floor":25.0,"turns":3.0},{"damage":0.0,"enemies":"Snecko","floor":28.0,"turns":3.0},{"damage":0.0,"enemies":"Cultist and Chosen","floor":29.0,"turns":2.0},{"damage":0.0,"enemies":"Slavers","floor":30.0,"turns":2.0},{"damage":17.0,"enemies":"Champ","floor":33.0,"turns":6.0},{"damage":33.0,"enemies":"3 Shapes","floor":35.0,"turns":2.0},{"damage":0.0,"enemies":"3 Darklings","floor":36.0,"turns":3.0},{"damage":6.0,"enemies":"Spire Growth","floor":37.0,"turns":3.0},{"damage":0.0,"enemies":"Sphere and 2 Shapes","floor":39.0,"turns":3.0},{"damage":0.0,"enemies":"R_Hoarder","floor":40.0,"turns":5.0},{"damage":7.0,"enemies":"4 Shapes","floor":42.0,"turns":2.0},{"damage":0.0,"enemies":"Transient","floor":44.0,"turns":6.0},{"damage":5.0,"enemies":"Nemesis","floor":46.0,"turns":5.0},{"damage":0,"enemies":"2 Orb Walkers","floor":47,"turns":4},{"damage":0,"enemies":"Jaw Worm Horde","floor":48,"turns":2},{"damage":45,"enemies":"Donu and Deca","floor":50,"turns":9}],"seed_played":"-6242233575782155158","potions_obtained":[{"floor":1.0,"key":"PowerPotion"},{"floor":6.0,"key":"Dexterity Potion"},{"floor":18.0,"key":"Adrenaline Potion"},{"floor":25.0,"key":"Explosive Potion"},{"floor":28.0,"key":"Energy Potion"},{"floor":30.0,"key":"FearPotion"},{"floor":39.0,"key":"Swift Potion"},{"floor":42.0,"key":"BlessingOfTheForge"},{"floor":44.0,"key":"Dexterity Potion"},{"floor":47,"key":"SkillPotion"}],"is_trial":false,"path_per_floor":["M","$","?","?","M","E","R","M","T","R","M","M","R","E","R","B",null,"M","?","M","$","M","E","R","E","T","?","M","M","E","T","R","B",null,"M","M","M","$","M","E","?","M","T","M","R","E","?","M","R","B",null],"character_chosen":"THE_SILENT","items_purchased":["Specialist","Footwork","Cloak And Dagger+1","Vajra","PiercingWail","ReplayTheSpireMod:Scrap Shanks"],"campfire_rested":0,"item_purchase_floors":[2,21,21,38,38,38],"current_hp_per_floor":[59,59,64,64,64,64,64,64,64,64,64,64,64,64,64,51,66,66,66,66,66,65,34,34,34,34,34,34,34,34,34,34,17,58,25,25,19,19,19,19,58,51,51,51,51,46,46,46,46,1],"gold":338,"neow_bonus":"THREE_ENEMY_KILL","is_daily":false,"chose_seed":false,"campfire_upgraded":7,"win_rate":0.0,"timestamp":1610796736,"path_taken":["M","$","?","?","M","E","R","M","T","R","M","M","R","E","R","BOSS","M","?","?","$","M","E","R","E","T","?","M","M","E","?","R","BOSS","M","M","M","$","M","E","?","M","T","M","R","E","?","M","R","BOSS"],"items_purchased_type":["Card","Card","Card","Relic","Card","Card"],"build_version":"2020-12-22","purchased_purges":1,"victory":true,"max_hp_per_floor":[66,66,71,71,71,71,71,71,71,71,71,71,71,71,71,71,71,71,71,71,71,71,71,71,71,71,71,71,71,71,71,71,71,71,71,71,71,71,71,71,58,58,58,58,58,58,58,58,58,58],"card_choices":[{"not_picked":["ReplayTheSpireMod:The Works","Sucker Punch"],"picked":"Blade Dance","floor":1.0},{"not_picked":["PiercingWail","Calculated Gamble"],"picked":"Adrenaline","floor":5.0},{"not_picked":["Poisoned Stab","Acrobatics"],"picked":"Choke","floor":6.0},{"not_picked":["Quick Slash","Outmaneuver"],"picked":"Deadly Poison","floor":8.0},{"not_picked":["Flechettes","Deflect"],"picked":"Hidden Blade","floor":11.0},{"not_picked":["Outmaneuver","Toxin Wave"],"picked":"Acrobatics","floor":12.0},{"not_picked":["Concentrate","Dash"],"picked":"Noxious Fumes","floor":14.0},{"not_picked":["Adrenaline","Wraith Form v2"],"picked":"A Thousand Cuts","floor":16.0},{"not_picked":[],"picked":"Deflect+1","floor":18.0},{"not_picked":[],"picked":"Reflex","floor":20.0},{"not_picked":["Sucker Punch"],"picked":"SKIP","floor":22.0},{"not_picked":[],"picked":"Glass Knife","floor":23.0},{"not_picked":["Underhanded Strike"],"picked":"SKIP","floor":25.0},{"not_picked":["Dagger Spray"],"picked":"SKIP","floor":28.0},{"not_picked":[],"picked":"Blade Dance","floor":29.0},{"not_picked":["Finisher"],"picked":"SKIP","floor":30.0},{"not_picked":[],"picked":"Finisher","floor":30.0},{"not_picked":[],"picked":"ReplayTheSpireMod:The Works","floor":35.0},{"not_picked":[],"picked":"Dodge and Roll+1","floor":36.0},{"not_picked":["Bane"],"picked":"SKIP","floor":37.0},{"not_picked":["Dodge and Roll"],"picked":"SKIP","floor":39.0},{"not_picked":["Quick Slash+1"],"picked":"SKIP","floor":40.0},{"not_picked":[],"picked":"Noxious Fumes","floor":42.0},{"not_picked":[],"picked":"Sneak Up","floor":44.0},{"not_picked":["Bane"],"picked":"SKIP","floor":46.0},{"not_picked":["Slice"],"picked":"SKIP","floor":48}],"player_experience":637752,"relics_obtained":[{"floor":4.0,"key":"Ring of Peace"},{"floor":4.0,"key":"Ring of Misfortune"},{"floor":6.0,"key":"Turnip"},{"floor":9.0,"key":"Calipers"},{"floor":14.0,"key":"Pen Nib"},{"floor":23.0,"key":"Bag of Marbles"},{"floor":25.0,"key":"Bottled Tornado"},{"floor":26.0,"key":"Bronze Scales"},{"floor":30.0,"key":"Replay:Bandana"},{"floor":40.0,"key":"Paper Crane"},{"floor":43.0,"key":"Simple Rune"},{"floor":46.0,"key":"Boot"},{"floor":47,"key":"Lizard Tail"}],"event_choices":[{"damage_healed":0.0,"max_hp_gain":5.0,"max_hp_loss":0.0,"gold_gain":0.0,"event_name":"Big Fish","player_choice":"Donut","floor":3.0,"gold_loss":0.0,"damage_taken":0.0},{"cards_removed":["Delirium"],"damage_healed":0.0,"max_hp_gain":0.0,"max_hp_loss":0.0,"gold_gain":0.0,"event_name":"Purifier","player_choice":"Purged","floor":19.0,"gold_loss":0.0,"damage_taken":0.0},{"damage_healed":0.0,"max_hp_gain":0.0,"max_hp_loss":0.0,"gold_gain":0.0,"event_name":"Forgotten Altar","player_choice":"Smashed Altar","floor":27.0,"gold_loss":0.0,"damage_taken":0.0,"cards_obtained":["Decay"]},{"damage_healed":58.0,"max_hp_gain":0.0,"max_hp_loss":13.0,"gold_gain":0.0,"event_name":"The Moai Head","player_choice":"Heal","floor":41.0,"gold_loss":0.0,"damage_taken":0.0},{"damage_healed":0,"gold_gain":0,"player_choice":"Fight","damage_taken":0,"max_hp_gain":0,"max_hp_loss":0,"event_name":"Mysterious Sphere","floor":47,"gold_loss":0}],"is_beta":false,"boss_relics":[{"not_picked":["Astrolabe","Runic Pyramid"],"picked":"Busted Crown"},{"not_picked":["REME_LowDesire","Replay:Bronze Core"],"picked":"Kintsugi"}],"items_purged_floors":[21],"is_endless":false,"potions_floor_spawned":[1,6,8,12,18,25,28,29,30,39,42,44,47],"ascension_level":19}}