{"host":"ek3xvuouaw6vk9if","time":1610761466,"event":{"mods":["BaseMod","BetterRewards","GungeonMod","Minty Spire (QoL Compilation)","Permanent Neow","Quick Restart","Relic Stats","Replay The Spire","StSLib"],"gold_per_floor":[117,292,292,306,180,209,209,209,209],"floor_reached":8,"language":"ENG","playtime":567,"items_purged":["Doubt"],"score":62,"play_id":"60a6207e-010c-44d4-8dcd-b9874a2f16a8","local_time":"20210115204426","is_ascension_mode":true,"campfire_choices":[{"data":"DemoMod:LifeOrb","floor":7,"key":"SMITH"}],"circlet_count":0,"master_deck":["DemoMod:Strike_Huntress","DemoMod:Strike_Huntress","DemoMod:Strike_Huntress","DemoMod:Defend_Huntress","DemoMod:Defend_Huntress","DemoMod:Defend_Huntress","DemoMod:Defend_Huntress","DemoMod:Roll","DemoMod:ManualReload","DemoMod:RustySidearm","DemoMod:CrossBow","DemoMod:Polaris","DemoMod:Evolver","DemoMod:FastSwitch","DemoMod:LifeOrb+1"],"relics":["DemoMod:Dog","Replay:Mystery Machine","Durian","DemoMod:RedGuonStone"],"acts_visited":["Exordium"],"potions_floor_usage":[6,8],"damage_taken":[{"damage":7,"enemies":"2 Louse","floor":1,"turns":3},{"damage":0,"enemies":"Small Slimes","floor":4,"turns":4},{"damage":57,"enemies":"Replay:BlueRogue","floor":6,"turns":18},{"damage":18,"enemies":"Gremlin Nob","floor":8,"turns":3}],"seed_played":"1696921718618314874","potions_obtained":[{"floor":1,"key":"SpeedPotion"}],"is_trial":false,"path_per_floor":["M","?","?","M","$","E","R","E"],"character_chosen":"HUNTRESS","items_purchased":["DemoMod:Polaris","Replay:Mystery Machine","Durian","Dexterity Potion"],"campfire_rested":0,"item_purchase_floors":[0,0,0,5],"current_hp_per_floor":[68,68,73,73,73,16,16,0,0],"gold":209,"neow_bonus":"","is_daily":false,"chose_seed":false,"campfire_upgraded":1,"win_rate":0.0,"timestamp":1610761466,"path_taken":["M","?","?","M","$","E","R","E"],"items_purchased_type":["Card","Relic","Relic","Potion"],"build_version":"2020-12-22","purchased_purges":1,"victory":false,"max_hp_per_floor":[75,75,80,80,80,80,80,80,80],"relic_stats":{"counters":[41,219],"obtain_stats":[{"Torii":0,"Singing Bowl":27,"Enchiridion":21,"Blue Doll":17,"DemoMod:Plus1Bullets":50,"DemoMod:GlassGuonStoneRelic":3,"Replay:Mystery Machine":0,"Smiling Mask":28,"Nunchaku":6,"Replay:Bandana":26,"HornCleat":11,"DemoMod:MonsterBlood":42,"DollysMirror":45,"Strawberry":38,"DemoMod:RedGuonStone":6,"Fusion Hammer":34,"DemoMod:JetPack":17,"ReplayTheSpireMod:Ninjato":28,"DemoMod:Dog":0,"Happy Flower":45,"Golden Idol":6,"Blue Candle":9,"DemoMod:WeirdEgg":43,"Eternal Feather":13,"Orichalcum":42,"Replay:Arrowhead":17,"Du-Vu Doll":8,"Calling Bell":17,"Bloody Idol":25,"Onion Ring":9,"Black Star":17,"Durian":0,"Membership Card":19,"DemoMod:ResourcefulSack":37},{"Torii":0,"Singing Bowl":25,"Enchiridion":10,"Blue Doll":8,"DemoMod:Plus1Bullets":37,"DemoMod:GlassGuonStoneRelic":2,"Replay:Mystery Machine":37,"Smiling Mask":26,"Nunchaku":4,"Replay:Bandana":25,"HornCleat":18,"DemoMod:MonsterBlood":34,"DollysMirror":34,"Strawberry":31,"DemoMod:RedGuonStone":40,"Fusion Hammer":29,"DemoMod:JetPack":8,"ReplayTheSpireMod:Ninjato":26,"DemoMod:Dog":0,"Happy Flower":34,"Golden Idol":15,"Blue Candle":5,"DemoMod:WeirdEgg":34,"Eternal Feather":20,"Orichalcum":34,"Replay:Arrowhead":8,"Du-Vu Doll":5,"Calling Bell":8,"Bloody Idol":25,"Onion Ring":17,"Black Star":22,"Durian":37,"Membership Card":9,"DemoMod:ResourcefulSack":31},{"Torii":0,"Singing Bowl":128,"Enchiridion":57,"Blue Doll":48,"DemoMod:Plus1Bullets":183,"DemoMod:GlassGuonStoneRelic":7,"Replay:Mystery Machine":191,"Smiling Mask":134,"Nunchaku":25,"Replay:Bandana":128,"HornCleat":89,"DemoMod:MonsterBlood":172,"DollysMirror":172,"Strawberry":155,"DemoMod:RedGuonStone":216,"Fusion Hammer":148,"DemoMod:JetPack":48,"ReplayTheSpireMod:Ninjato":134,"DemoMod:Dog":0,"Happy Flower":172,"Golden Idol":79,"Blue Candle":29,"DemoMod:WeirdEgg":172,"Eternal Feather":99,"Orichalcum":172,"Replay:Arrowhead":48,"Du-Vu Doll":29,"Calling Bell":48,"Bloody Idol":128,"Onion Ring":84,"Black Star":113,"Durian":191,"Membership Card":52,"DemoMod:ResourcefulSack":155}]},"card_choices":[{"not_picked":["DemoMod:AC15","DemoMod:LifeOrb"],"picked":"DemoMod:Evolver","floor":1},{"not_picked":["DemoMod:BoxingGlove","DemoMod:HuntsMan"],"picked":"DemoMod:FastSwitch","floor":4},{"not_picked":["DemoMod:SkilledReload","DemoMod:Unity"],"picked":"DemoMod:LifeOrb","floor":6}],"player_experience":522813,"relics_obtained":[{"floor":6,"key":"DemoMod:RedGuonStone"}],"event_choices":[{"damage_healed":0,"gold_gain":175,"player_choice":"AGREE","damage_taken":0,"max_hp_gain":0,"max_hp_loss":0,"event_name":"Liars Game","floor":2,"gold_loss":0,"cards_obtained":["Doubt"]},{"damage_healed":0,"gold_gain":0,"player_choice":"Donut","damage_taken":0,"max_hp_gain":5,"max_hp_loss":0,"event_name":"Big Fish","floor":3,"gold_loss":0}],"is_beta":false,"boss_relics":[],"items_purged_floors":[5],"is_endless":false,"potions_floor_spawned":[1],"killed_by":"Gremlin Nob","ascension_level":3}}