{"host":"3xls0xm49ftugio7","time":1610829833,"event":{"mods":["2.2 Compatiblity","AchievementEnabler","Act Like it!","BaseMod","Colored Powertips","GifTheSpireLib","Minty Spire (QoL Compilation)","Quick Restart","Relic Stats","StSLib"],"gold_per_floor":[117,117,42,42,56,56,88,105,105,105,123,139,139,151,151,227,227,238,257,267,267,25,25,36,36,36],"floor_reached":25,"language":"ENG","playtime":910,"items_purged":[],"score":410,"play_id":"c20a6e7c-98ac-411c-b4bd-887e741e0d67","local_time":"20210116224353","is_ascension_mode":true,"campfire_choices":[{"data":"Rainbow","floor":6,"key":"SMITH"},{"data":"Self Repair","floor":10,"key":"SMITH"},{"data":"Darkness","floor":15,"key":"SMITH"},{"data":"Fission","floor":23,"key":"SMITH"}],"circlet_count":0,"master_deck":["AscendersBane","Strike_B","Strike_B+1","Strike_B+1","Strike_B","Defend_B","Defend_B","Defend_B","Defend_B","Zap","Dualcast","Rainbow+1","Chaos","Self Repair+1","Undo","Conserve Battery","Compile Driver","Core Surge","Darkness+1","FTL","Fission+1","Loop","Defragment","Self Repair","Chaos"],"relics":["Cracked Core","The Courier","Akabeko","Coffee Dripper","Letter Opener"],"acts_visited":["Exordium","TheCity"],"potions_floor_usage":[25,25],"damage_taken":[{"damage":5.0,"enemies":"2 Louse","floor":1.0,"turns":3.0},{"damage":10,"enemies":"Jaw Worm","floor":5,"turns":3},{"damage":19,"enemies":"Gremlin Nob","floor":7,"turns":4},{"damage":0,"enemies":"Cultist","floor":8,"turns":3},{"damage":4,"enemies":"2 Fungi Beasts","floor":11,"turns":4},{"damage":0,"enemies":"3 Louse","floor":12,"turns":3},{"damage":0,"enemies":"Large Slime","floor":14,"turns":4},{"damage":42,"enemies":"Hexaghost","floor":16,"turns":9},{"damage":16,"enemies":"Shell Parasite","floor":18,"turns":6},{"damage":0,"enemies":"Chosen","floor":19,"turns":5},{"damage":23,"enemies":"Snake Plant","floor":20,"turns":5},{"damage":11,"enemies":"Snecko","floor":24,"turns":4},{"damage":49,"enemies":"Book of Stabbing","floor":25,"turns":5}],"seed_played":"-3321615497108688503","potions_obtained":[{"floor":1.0,"key":"GamblersBrew"},{"floor":8,"key":"FearPotion"},{"floor":12,"key":"LiquidMemories"}],"is_trial":false,"path_per_floor":["M","?","$","?","M","R","E","M","T","R","M","M","?","M","R","B",null,"M","M","M","?","$","R","M","E"],"character_chosen":"DEFECT","items_purchased":["Self Repair","Self Repair","Letter Opener"],"campfire_rested":0,"item_purchase_floors":[3,22,22],"current_hp_per_floor":[59,40,40,40,37,37,25,32,32,32,38,48,53,63,63,31,60,54,64,51,41,41,41,47,0,0],"gold":36,"neow_bonus":"THREE_RARE_CARDS","is_daily":false,"chose_seed":false,"campfire_upgraded":4,"win_rate":0.0,"timestamp":1610829833,"path_taken":["M","?","$","?","M","R","E","M","T","R","M","M","?","M","R","BOSS","M","M","M","?","$","R","M","E"],"items_purchased_type":["Card","Card","Relic"],"build_version":"2020-12-22","purchased_purges":0,"victory":false,"max_hp_per_floor":[64,64,64,64,64,64,64,64,64,64,64,64,69,69,69,69,69,69,69,69,69,69,69,69,69,69],"relic_stats":{"counters":[13,58],"Letter Opener":[30],"obtain_stats":[{"The Courier":7,"Coffee Dripper":17,"Letter Opener":22,"Cracked Core":0,"Akabeko":9},{"The Courier":3,"Coffee Dripper":8,"Letter Opener":11,"Cracked Core":0,"Akabeko":4},{"The Courier":10,"Coffee Dripper":33,"Letter Opener":49,"Cracked Core":0,"Akabeko":13}]},"card_choices":[{"not_picked":["Reboot","Fission"],"picked":"Rainbow","floor":0.0},{"not_picked":["Conserve Battery","Blizzard"],"picked":"Chaos","floor":1.0},{"not_picked":["Streamline","Loop"],"picked":"Undo","floor":5},{"not_picked":["Coolheaded","FTL"],"picked":"Conserve Battery","floor":7},{"not_picked":["Tempest","Cold Snap"],"picked":"Compile Driver","floor":8},{"not_picked":["Compile Driver","Stack"],"picked":"Core Surge","floor":11},{"not_picked":["Ball Lightning","White Noise"],"picked":"Darkness","floor":12},{"not_picked":["Ball Lightning","Rip and Tear"],"picked":"FTL","floor":14},{"not_picked":["Meteor Strike","Hyperbeam"],"picked":"Fission","floor":16},{"not_picked":["Steam Power","Sunder","Consume"],"picked":"SKIP","floor":18},{"not_picked":["Beam Cell","Steam"],"picked":"Loop","floor":19},{"not_picked":["Steam","Compile Driver"],"picked":"Defragment","floor":20},{"not_picked":["Leap","Blizzard"],"picked":"Chaos","floor":24}],"player_experience":694829,"relics_obtained":[{"floor":7,"key":"The Courier"},{"floor":9,"key":"Akabeko"}],"event_choices":[{"damage_healed":0,"gold_gain":0,"player_choice":"Entered Light","damage_taken":19,"max_hp_gain":0,"max_hp_loss":0,"event_name":"Shining Light","floor":2,"gold_loss":0,"cards_upgraded":["Strike_B","Strike_B"]},{"damage_healed":0,"gold_gain":0,"player_choice":"Leave","damage_taken":0,"max_hp_gain":0,"max_hp_loss":0,"event_name":"The Cleric","floor":4,"gold_loss":0},{"damage_healed":0,"gold_gain":0,"player_choice":"Donut","damage_taken":0,"max_hp_gain":5,"max_hp_loss":0,"event_name":"Big Fish","floor":13,"gold_loss":0},{"damage_healed":0,"gold_gain":0,"player_choice":"Damaged","damage_taken":10,"max_hp_gain":0,"max_hp_loss":0,"event_name":"Wheel of Change","floor":21,"gold_loss":0}],"is_beta":false,"boss_relics":[{"not_picked":["SacredBark","Empty Cage"],"picked":"Coffee Dripper"}],"items_purged_floors":[],"is_endless":false,"potions_floor_spawned":[1,8,12,18,19],"killed_by":"Book of Stabbing","ascension_level":20}}