{"host":"ydujlihd8f5px9gp","time":1610818914,"event":{"mods":["AchievementEnabler","BaseMod","Block Reminder","Colored Map","Minty Spire (QoL Compilation)","ojb\u0027s Info Mod"],"gold_per_floor":[116,127,127,143,143,143,113,123,148,138,152,169,186,186,186],"floor_reached":14,"language":"ENG","playtime":477,"items_purged":[],"score":90,"play_id":"29b18129-4222-4c3e-99bb-e084cb347251","local_time":"20210116154154","is_ascension_mode":true,"campfire_choices":[{"data":"Fusion","floor":6,"key":"SMITH"}],"circlet_count":0,"master_deck":["Strike_B","Strike_B","Strike_B","Strike_B","Defend_B","Defend_B","Defend_B","Defend_B","Zap","Dualcast","Fusion","Fusion+1","Go for the Eyes","Conserve Battery","Streamline"],"relics":["Cracked Core","Pen Nib","Orichalcum"],"acts_visited":["Exordium"],"potions_floor_usage":[14],"damage_taken":[{"damage":1,"enemies":"Jaw Worm","floor":1,"turns":4},{"damage":3,"enemies":"2 Louse","floor":2,"turns":2},{"damage":0,"enemies":"Small Slimes","floor":4,"turns":3},{"damage":10,"enemies":"Red Slaver","floor":8,"turns":4},{"damage":6,"enemies":"Exordium Thugs","floor":10,"turns":5},{"damage":0,"enemies":"Looter","floor":11,"turns":3},{"damage":9,"enemies":"Blue Slaver","floor":12,"turns":3},{"damage":27,"enemies":"Large Slime","floor":13,"turns":7},{"damage":27,"enemies":"Gremlin Nob","floor":14,"turns":3}],"seed_played":"-4335678562126571553","potions_obtained":[{"floor":4,"key":"PowerPotion"},{"floor":7,"key":"PotionOfCapacity"},{"floor":7,"key":"LiquidBronze"}],"is_trial":false,"path_per_floor":["M","M","?","M","?","R","?","M","T","M","M","M","M","E"],"character_chosen":"DEFECT","items_purchased":[],"campfire_rested":0,"item_purchase_floors":[],"current_hp_per_floor":[74,71,71,71,76,76,76,66,66,60,60,51,24,0,0],"gold":186,"neow_bonus":"RANDOM_COMMON_RELIC","is_daily":false,"chose_seed":false,"campfire_upgraded":1,"win_rate":0.0,"timestamp":1610818914,"path_taken":["M","M","?","M","?","R","?","M","T","M","M","M","M","E"],"items_purchased_type":[],"build_version":"2020-12-22","purchased_purges":0,"victory":false,"max_hp_per_floor":[75,75,75,75,80,80,80,80,80,80,80,80,80,80,80],"card_choices":[{"not_picked":["Ball Lightning","Double Energy"],"picked":"Fusion","floor":1},{"not_picked":["Cold Snap","Rebound"],"picked":"Fusion","floor":2},{"not_picked":["Tempest","Steam","Reprogram"],"picked":"SKIP","floor":4},{"not_picked":["Cold Snap","Consume"],"picked":"Go for the Eyes","floor":8},{"not_picked":["Leap","Storm","Compile Driver"],"picked":"SKIP","floor":10},{"not_picked":["Doom and Gloom","Genetic Algorithm","Hologram"],"picked":"SKIP","floor":11},{"not_picked":["Echo Form","Streamline"],"picked":"Conserve Battery","floor":12},{"not_picked":["Leap","Barrage"],"picked":"Streamline","floor":13}],"player_experience":133471,"relics_obtained":[{"floor":9,"key":"Orichalcum"}],"event_choices":[{"damage_healed":0,"gold_gain":0,"player_choice":"Ignored","damage_taken":0,"max_hp_gain":0,"max_hp_loss":0,"event_name":"Golden Wing","floor":3,"gold_loss":0},{"damage_healed":0,"gold_gain":0,"player_choice":"Donut","damage_taken":0,"max_hp_gain":5,"max_hp_loss":0,"event_name":"Big Fish","floor":5,"gold_loss":0},{"damage_healed":0,"gold_gain":0,"player_choice":"Bought 2 Potions","damage_taken":0,"max_hp_gain":0,"max_hp_loss":0,"event_name":"The Woman in Blue","floor":7,"gold_loss":0}],"is_beta":false,"boss_relics":[],"items_purged_floors":[],"is_endless":false,"potions_floor_spawned":[4,10,12],"killed_by":"Gremlin Nob","ascension_level":1}}