{"host":"r8wnwrggzw8t210b","time":1610789450,"event":{"mods":["BaseMod","Colored Powertips","Minty Spire (QoL Compilation)","StSLib"],"gold_per_floor":[118,132,132,150,225,251,251,277,348,196,213,232,263,281,281,381,381,400,400,500,515,531,562,562,562,562],"floor_reached":25,"language":"ZHS","playtime":1260,"items_purged":["Bash"],"score":337,"play_id":"f032d9ac-914f-45cc-ae4d-c3fd56cf0c66","local_time":"20210116173050","is_ascension_mode":true,"campfire_choices":[{"floor":7.0,"key":"REST"},{"data":"Armaments","floor":15,"key":"SMITH"},{"data":"Corruption","floor":24,"key":"SMITH"}],"circlet_count":0,"master_deck":["Strike_R","Strike_R","Defend_R","Defend_R","Defend_R","Defend_R","Body Slam+1","Inflame+1","Barricade+1","Pommel Strike","Metallicize","Corruption+1","Infernal Blade","Feel No Pain","Shockwave","Armaments+1","Berserk","Shrug It Off"],"relics":["Astrolabe","Magic Flower","Nunchaku","HornCleat","Pantograph","Mark of Pain","Enchiridion","Matryoshka"],"acts_visited":["Exordium","TheCity"],"potions_floor_usage":[13,14,23],"damage_taken":[{"damage":0.0,"enemies":"Cultist","floor":1.0,"turns":4.0},{"damage":3.0,"enemies":"2 Louse","floor":2.0,"turns":3.0},{"damage":35.0,"enemies":"Small Slimes","floor":4.0,"turns":5.0},{"damage":26.0,"enemies":"3 Sentries","floor":6.0,"turns":10.0},{"damage":0.0,"enemies":"Lagavulin","floor":8.0,"turns":6.0},{"damage":14.0,"enemies":"Red Slaver","floor":11.0,"turns":2.0},{"damage":12,"enemies":"Exordium Thugs","floor":12,"turns":6},{"damage":0,"enemies":"Gremlin Nob","floor":13,"turns":3},{"damage":0,"enemies":"3 Louse","floor":14,"turns":4},{"damage":2,"enemies":"Hexaghost","floor":16,"turns":11},{"damage":0,"enemies":"Chosen","floor":18,"turns":5},{"damage":17,"enemies":"3 Byrds","floor":21,"turns":6},{"damage":7,"enemies":"Snecko","floor":22,"turns":6},{"damage":27,"enemies":"Slavers","floor":23,"turns":6},{"damage":0,"enemies":"Book of Stabbing","floor":25,"turns":1}],"seed_played":"-2610362953712142707","potions_obtained":[{"floor":1.0,"key":"Dexterity Potion"},{"floor":11.0,"key":"Swift Potion"},{"floor":12,"key":"DistilledChaos"},{"floor":22,"key":"LiquidMemories"},{"floor":23,"key":"Energy Potion"}],"is_trial":false,"path_per_floor":["M","M","?","M","?","E","R","E","T","$","M","M","E","M","R","B",null,"M","?","?","M","M","E","R","E"],"character_chosen":"IRONCLAD","items_purchased":["Feel No Pain"],"campfire_rested":1,"item_purchase_floors":[10],"current_hp_per_floor":[80,77,77,42,31,5,29,29,29,29,15,3,3,3,3,39,80,80,64,64,47,40,13,13,13,13],"gold":562,"neow_bonus":"BOSS_RELIC","is_daily":false,"chose_seed":false,"campfire_upgraded":2,"win_rate":0.0,"timestamp":1610789450,"path_taken":["M","?","?","?","?","E","R","E","T","$","M","M","E","M","R","BOSS","M","?","?","M","M","E","R","E"],"items_purchased_type":["Card"],"build_version":"2020-12-22","purchased_purges":1,"victory":false,"max_hp_per_floor":[80,80,80,80,80,80,80,80,80,80,80,80,80,80,80,80,80,80,80,80,80,80,80,80,80,80],"card_choices":[{"not_picked":["Reckless Charge","Twin Strike"],"picked":"Pommel Strike","floor":1.0},{"not_picked":["Flex","Thunderclap"],"picked":"Metallicize","floor":2.0},{"not_picked":["Pummel","Thunderclap","Reckless Charge"],"picked":"SKIP","floor":4.0},{"not_picked":["Twin Strike","Heavy Blade"],"picked":"Corruption","floor":6.0},{"not_picked":["Anger","Ghostly Armor"],"picked":"Infernal Blade","floor":8.0},{"not_picked":["Metallicize","Pommel Strike"],"picked":"Shockwave","floor":11.0},{"not_picked":["Pummel","Cleave","Rampage"],"picked":"SKIP","floor":12},{"not_picked":["Havoc","Thunderclap"],"picked":"Armaments","floor":13},{"not_picked":["Clothesline","Searing Blow","Warcry"],"picked":"SKIP","floor":14},{"not_picked":["Fiend Fire","Barricade"],"picked":"Berserk","floor":16},{"not_picked":["Armaments","Headbutt","Flex+1"],"picked":"SKIP","floor":18},{"not_picked":["Inflame","Intimidate","Pommel Strike"],"picked":"SKIP","floor":21},{"not_picked":["Heavy Blade","Uppercut+1"],"picked":"Shrug It Off","floor":22},{"not_picked":["Infernal Blade","Thunderclap","Havoc+1"],"picked":"SKIP","floor":23}],"player_experience":99882,"relics_obtained":[{"floor":6.0,"key":"Magic Flower"},{"floor":8.0,"key":"Nunchaku"},{"floor":9.0,"key":"HornCleat"},{"floor":13,"key":"Pantograph"},{"floor":19,"key":"Enchiridion"},{"floor":23,"key":"Matryoshka"}],"event_choices":[{"damage_healed":0.0,"max_hp_gain":0.0,"max_hp_loss":0.0,"gold_gain":0.0,"event_name":"Transmorgrifier","player_choice":"Ignored","floor":3.0,"gold_loss":0.0,"damage_taken":0.0},{"damage_healed":0.0,"max_hp_gain":0.0,"max_hp_loss":0.0,"gold_gain":75.0,"event_name":"World of Goop","player_choice":"Gather Gold","floor":5.0,"gold_loss":0.0,"damage_taken":11.0},{"damage_healed":0,"gold_gain":0,"player_choice":"Obtained Book","damage_taken":16,"max_hp_gain":0,"max_hp_loss":0,"event_name":"Cursed Tome","floor":19,"gold_loss":0},{"damage_healed":0,"gold_gain":100,"player_choice":"Pray","damage_taken":0,"max_hp_gain":0,"max_hp_loss":0,"event_name":"Golden Shrine","floor":20,"gold_loss":0}],"is_beta":false,"boss_relics":[{"not_picked":["Busted Crown","Runic Cube"],"picked":"Mark of Pain"}],"items_purged_floors":[10],"is_endless":false,"potions_floor_spawned":[1,11,12,22,23],"killed_by":"Book of Stabbing","ascension_level":3}}