{"host":"vex7walpoxzv48nx","time":1610836897,"event":{"mods":["BaseMod","Bestiary","Minty Spire (QoL Compilation)","Permanent Neow","Quick Restart","Relic Stats"],"gold_per_floor":[113,123,48,67,82,82,96,96,148,183,202,219,219,219,219,293,293,312,330,330,152,164,164,164,164],"floor_reached":24,"language":"ENG","playtime":2205,"items_purged":["Strike_P","Decay"],"score":400,"play_id":"8c25962a-3ee3-480a-b494-e1f7ed9f26f2","local_time":"20210116234137","daily_mods":["Heirloom"],"is_ascension_mode":true,"campfire_choices":[{"data":"Eruption","floor":6.0,"key":"SMITH"},{"floor":8.0,"key":"REST"},{"floor":15.0,"key":"REST"},{"data":"Scrawl","floor":23,"key":"SMITH"}],"circlet_count":0,"master_deck":["AscendersBane","Strike_P","Strike_P","Strike_P","Defend_P+1","Defend_P","Defend_P","Defend_P+1","Eruption+1","Vigilance","Protect+1","EmptyFist","Conclude","Wallop","FlurryOfBlows","BattleHymn+1","FearNoEvil","LessonLearned","CutThroughFate","Swivel","DeceiveReality","SashWhip","ThirdEye","Scrawl+1","Halt+1","Meditate","Wireheading","SandsOfTime"],"relics":["PureWater","Prayer Wheel","Happy Flower","Ornamental Fan","Sozu"],"acts_visited":["Exordium","TheCity"],"potions_floor_usage":[24],"damage_taken":[{"damage":11.0,"enemies":"Jaw Worm","floor":1.0,"turns":2.0},{"damage":1.0,"enemies":"Small Slimes","floor":2.0,"turns":3.0},{"damage":0.0,"enemies":"Cultist","floor":4.0,"turns":3.0},{"damage":19.0,"enemies":"Exordium Wildlife","floor":5.0,"turns":4.0},{"damage":4.0,"enemies":"Large Slime","floor":7.0,"turns":3.0},{"damage":10.0,"enemies":"3 Sentries","floor":10.0,"turns":3.0},{"damage":5.0,"enemies":"Red Slaver","floor":11.0,"turns":4.0},{"damage":6.0,"enemies":"Gremlin Gang","floor":12.0,"turns":3.0},{"damage":6.0,"enemies":"Hexaghost","floor":16.0,"turns":9.0},{"damage":1,"enemies":"Shell Parasite","floor":18,"turns":6},{"damage":0,"enemies":"Spheric Guardian","floor":19,"turns":3},{"damage":0,"enemies":"Centurion and Healer","floor":22,"turns":5},{"damage":34,"enemies":"Slavers","floor":24,"turns":2}],"seed_played":"4285017921657316408","potions_obtained":[{"floor":2.0,"key":"ColorlessPotion"},{"floor":5.0,"key":"Fire Potion"},{"floor":10.0,"key":"BlessingOfTheForge"},{"floor":12.0,"key":"GamblersBrew"}],"is_trial":true,"path_per_floor":["M","M","$","M","M","R","M","R","T","E","M","M","?","?","R","B",null,"M","M","?","$","M","R","E"],"character_chosen":"WATCHER","items_purchased":["SandsOfTime"],"campfire_rested":2,"item_purchase_floors":[21],"current_hp_per_floor":[50,49,49,49,30,30,26,46,46,36,31,25,25,25,45,39,61,60,60,60,60,60,60,26,26],"gold":164,"neow_bonus":"","is_daily":false,"chose_seed":false,"campfire_upgraded":2,"win_rate":0.0,"timestamp":1610836897,"path_taken":["M","M","$","M","M","R","M","R","T","E","M","M","?","?","R","BOSS","M","M","?","$","M","R","E"],"items_purchased_type":["Card"],"build_version":"2020-12-22","purchased_purges":2,"victory":false,"max_hp_per_floor":[68,68,68,68,68,68,68,68,68,68,68,68,68,68,68,68,68,68,68,68,68,68,68,68,68],"relic_stats":{"Sozu":1,"Happy Flower":[11],"counters":[13,50],"Ornamental Fan":[68],"Prayer Wheel":10,"obtain_stats":[{"Sozu":17,"Happy Flower":9,"Ornamental Fan":10,"Prayer Wheel":0,"PureWater":0},{"Sozu":9,"Happy Flower":5,"Ornamental Fan":6,"Prayer Wheel":0,"PureWater":0},{"Sozu":34,"Happy Flower":15,"Ornamental Fan":18,"Prayer Wheel":0,"PureWater":0}]},"card_choices":[{"not_picked":["ClearTheMind","Evaluate"],"picked":"Protect","floor":1.0},{"not_picked":["Crescendo","WindmillStrike"],"picked":"EmptyFist","floor":1.0},{"not_picked":["CrushJoints","SashWhip"],"picked":"Conclude","floor":2.0},{"not_picked":["ReachHeaven","MentalFortress"],"picked":"Wallop","floor":2.0},{"not_picked":["Protect","JustLucky"],"picked":"FlurryOfBlows","floor":4.0},{"not_picked":["InnerPeace","Halt"],"picked":"BattleHymn","floor":4.0},{"not_picked":["FlyingSleeves","SashWhip"],"picked":"FearNoEvil","floor":5.0},{"not_picked":["Worship","Evaluate","JustLucky"],"picked":"SKIP","floor":5.0},{"not_picked":["Nirvana","Tantrum"],"picked":"LessonLearned","floor":7.0},{"not_picked":["CrushJoints","Prostrate"],"picked":"CutThroughFate","floor":7.0},{"not_picked":["Sanctity","Prostrate"],"picked":"Swivel","floor":10.0},{"not_picked":["Collect","Protect"],"picked":"DeceiveReality","floor":11.0},{"not_picked":["WheelKick","EmptyFist","Study"],"picked":"SKIP","floor":11.0},{"not_picked":["Prostrate","Swivel"],"picked":"SashWhip","floor":12.0},{"not_picked":["Conclude","FlyingSleeves"],"picked":"ThirdEye","floor":12.0},{"not_picked":["Wish","LessonLearned"],"picked":"Scrawl","floor":16.0},{"not_picked":["InnerPeace","Vengeance"],"picked":"Halt+1","floor":18},{"not_picked":["Protect","Evaluate","WreathOfFlame"],"picked":"SKIP","floor":18},{"not_picked":["FollowUp","Prostrate"],"picked":"Meditate","floor":19},{"not_picked":["WheelKick","InnerPeace+1"],"picked":"Wireheading","floor":19},{"not_picked":["Alpha","Evaluate","Vengeance"],"picked":"SKIP","floor":22},{"not_picked":["SashWhip","Collect","SignatureMove"],"picked":"SKIP","floor":22}],"player_experience":147491,"relics_obtained":[{"floor":9.0,"key":"Happy Flower"},{"floor":10.0,"key":"Ornamental Fan"}],"event_choices":[{"damage_healed":0.0,"max_hp_gain":0.0,"max_hp_loss":0.0,"gold_gain":0.0,"event_name":"Scrap Ooze","player_choice":"Fled","floor":13.0,"gold_loss":0.0,"damage_taken":0.0},{"damage_healed":0.0,"max_hp_gain":0.0,"max_hp_loss":0.0,"gold_gain":0.0,"event_name":"Liars Game","player_choice":"Ignored","floor":14.0,"gold_loss":0.0,"damage_taken":0.0},{"damage_healed":0,"gold_gain":0,"player_choice":"Cursed","damage_taken":0,"max_hp_gain":0,"max_hp_loss":0,"event_name":"Wheel of Change","floor":20,"gold_loss":0,"cards_obtained":["Decay"]}],"is_beta":false,"boss_relics":[{"not_picked":["VioletLotus","Busted Crown"],"picked":"Sozu"}],"items_purged_floors":[3,21],"is_endless":false,"potions_floor_spawned":[2,5,10,12,19,22],"killed_by":"Slavers","ascension_level":20}}