{"host":"56d873i5r3uhle0q","time":1610778082,"event":{"mods":["100% Spire Juice","Act Like it!","Aspiration","BaseMod","Block Reminder","Conspire","Gensokyo","Hermit","Jedi Mod","Marisa????????","Marked Mod","Minty Spire (QoL Compilation)","Replay The Spire","StSLib","The Animator","The Bug Knight","The Cursed","The Jungle","The Marked","The Servant 0.9.4","everything is the same but u backflip on backflip","vexMod","??????REMEMod"],"gold_per_floor":[119,132,132,132,151,151,167,167,35,47,47,66,84,104,104,104,104],"floor_reached":16,"language":"ENG","playtime":1273,"items_purged":[],"score":96,"play_id":"095459fe-520d-4a4b-bf77-05c9e0b45030","local_time":"20210115232122","is_ascension_mode":false,"campfire_choices":[{"data":"Genetic Algorithm","floor":6,"key":"SMITH"},{"floor":15,"key":"REST"}],"circlet_count":0,"master_deck":["Strike_B","Strike_B","Strike_B","Strike_B","Defend_B","Defend_B","Defend_B","Defend_B","Zap","Dualcast","jedi:hex","Genetic Algorithm+1","Defragment","Pain","Ball Lightning"],"relics":["Cracked Core","REME_ComplimentaryCards","NeowsBlessing","Gensokyo:LunaticRedEyes","Juzu Bracelet","Prayer Wheel","Thread and Needle"],"acts_visited":["Gensokyo:Gensokyo"],"potions_floor_usage":[16],"damage_taken":[{"damage":0,"enemies":"Gensokyo:Python","floor":1,"turns":1},{"damage":0,"enemies":"Gensokyo:2_Kodama","floor":2,"turns":1},{"damage":0,"enemies":"Gensokyo:Gryphon","floor":5,"turns":1},{"damage":6,"enemies":"Gensokyo:CorruptedTreant","floor":7,"turns":4},{"damage":21,"enemies":"Gensokyo:Python_and_Kodama","floor":10,"turns":5},{"damage":13,"enemies":"Gensokyo:VengefulSpirit","floor":12,"turns":5},{"damage":9,"enemies":"Gensokyo:CorruptedTreant","floor":13,"turns":5},{"damage":17,"enemies":"Gensokyo:LivingMonolith","floor":14,"turns":4},{"damage":34,"enemies":"Gensokyo:Reimu","floor":16,"turns":14}],"seed_played":"-5894653952114182268","potions_obtained":[{"floor":2,"key":"DuplicationPotion"},{"floor":5,"key":"Adrenaline Potion"},{"floor":10,"key":"Block Potion"}],"is_trial":false,"path_per_floor":["M","M","$","?","M","R","M","?","COS","M","$","M","M","M","R","B"],"character_chosen":"DEFECT","items_purchased":[],"campfire_rested":1,"item_purchase_floors":[],"current_hp_per_floor":[75,75,75,75,75,75,69,69,69,48,48,35,26,9,31,0,0],"gold":104,"neow_bonus":"THREE_ENEMY_KILL","is_daily":false,"chose_seed":false,"campfire_upgraded":1,"win_rate":0.0,"timestamp":1610778082,"path_taken":["M","M","$","?","M","R","?","?","COS","M","?","M","?","M","R","BOSS"],"items_purchased_type":[],"build_version":"2020-12-22","purchased_purges":0,"victory":false,"max_hp_per_floor":[75,75,75,75,75,75,75,75,75,75,75,75,75,75,75,75,75],"card_choices":[{"not_picked":["Rebound","jedi:blockon"],"picked":"jedi:hex","floor":1},{"not_picked":["Cold Snap","Beam Cell"],"picked":"Genetic Algorithm","floor":2},{"not_picked":["FTL","Skim"],"picked":"Defragment","floor":4},{"not_picked":["Recycle","REME_DataAnalysis","Beam Cell"],"picked":"SKIP","floor":5},{"not_picked":["jedi:spotbugs","Go for the Eyes","aspiration:Polymerization"],"picked":"SKIP","floor":7},{"not_picked":["Sweeping Beam","Hologram"],"picked":"ReplayTheSpireMod:Fabricate Wheel","floor":10},{"not_picked":["Panic Button","Gash","Hologram"],"picked":"SKIP","floor":12},{"not_picked":["Crystallizer","Panic Button","Steam Power"],"picked":"SKIP","floor":13},{"not_picked":["Beam Cell","Hologram","jedi:blockon"],"picked":"SKIP","floor":13},{"not_picked":["Stack","Streamline"],"picked":"Ball Lightning","floor":14},{"not_picked":["Rebound","Recycle","jedi:blockon"],"picked":"SKIP","floor":14}],"player_experience":532192,"relics_obtained":[],"event_choices":[],"is_beta":false,"boss_relics":[],"items_purged_floors":[],"is_endless":false,"potions_floor_spawned":[2,5,10,14],"killed_by":"Gensokyo:Reimu","ascension_level":0}}