{"host":"bhhjkloc4kd9nqc5","time":1610792451,"event":{"mods":["100% Spire Juice","Act Like it!","BaseMod","Chen","Gensokyo","Infinite Spire","Koishi","Lobotomy","LobotomyExtend","Marisa????????","Minty Spire (QoL Compilation)","Onozuka Komachi Mod","Remilia??????","Replay The Spire","RumiaBox-????????","StSLib","The Administrix","The Cursed","The Gatherer","Yakumo Yukari mod","Yuri Mod","Yuyuko","slay the spire mod where everything is the same but ironclad has a cowboy hat"],"gold_per_floor":[113,130,130,149,162,188,203,203,284,318,329,329,141,221,221,317,317,337,350,265,276,296,321,338,356,356,368,368,293,328,343,343,445,445,465,465,509,521,536,567,587,613,664,664,664,699,699,179,179,274,274,283,283,283,283,299,330,344,367,367,383,396,396,422,422,422,516,516,524,533,448,455,467,490,490,517,517,517,517,121,135,228,228,326,326,336,352,352,364,364,382,382,409,409,450,450,472,572,586,586,583,583],"floor_reached":101,"language":"ENG","playtime":5607,"items_purged":["Defend_B","Defend_B"],"score":2229,"play_id":"dd5361ab-9218-4688-9384-94dfd2332907","local_time":"20210116192051","is_ascension_mode":false,"campfire_choices":[{"data":"Zap","floor":8,"key":"SMITH"},{"data":"infinitespire:Punishment","floor":8,"key":"SMITH"},{"data":"Ball Lightning","floor":15,"key":"SMITH"},{"data":"Cold Snap","floor":15,"key":"SMITH"},{"data":"Creative AI","floor":28,"key":"SMITH"},{"data":"Storm","floor":28,"key":"SMITH"},{"data":"Capacitor","floor":32,"key":"SMITH"},{"data":"Capacitor","floor":32,"key":"SMITH"},{"data":"Echo Form","floor":45,"key":"SMITH"},{"data":"Machine Learning","floor":45,"key":"SMITH"},{"data":"Barrage","floor":47,"key":"SMITH"},{"data":"Dualcast","floor":47,"key":"SMITH"},{"data":"Redo","floor":49,"key":"SMITH"},{"data":"Static Discharge","floor":49,"key":"SMITH"},{"data":"Genetic Algorithm","floor":63,"key":"SMITH"},{"data":"Genetic Algorithm","floor":63,"key":"SMITH"},{"data":"Chaos","floor":66,"key":"SMITH"},{"data":"Ball Lightning","floor":66,"key":"SMITH"},{"data":"Echo Form","floor":75,"key":"SMITH"},{"data":"infinitespire:UltimateForm","floor":75,"key":"SMITH"},{"data":"Barrage","floor":78,"key":"SMITH"},{"data":"Ball Lightning","floor":78,"key":"SMITH"},{"data":"Ball Lightning","floor":83,"key":"SMITH"},{"data":"Conserve Battery","floor":83,"key":"SMITH"},{"data":"Madness","floor":92,"key":"SMITH"},{"data":"Madness","floor":92,"key":"SMITH"},{"data":"Electrodynamics","floor":100,"key":"SMITH"},{"data":"ReplayTheSpireMod:Calculation Training","floor":100,"key":"SMITH"}],"circlet_count":0,"master_deck":["Strike_B","Defend_B","Zap+1","Dualcast+1","Static Discharge+1","Conserve Battery+1","infinitespire:Punishment+1","Cold Snap","Chill","Cold Snap+1","Conserve Battery","Ball Lightning+1","Capacitor+1","Ball Lightning+1","Barrage+1","Creative AI+1","Cold Snap","Capacitor+1","Coolheaded","Storm+1","infinitespire:NeuralNetwork","Conserve Battery","ReplayTheSpireMod:Reroute Power+1","Echo Form+1","Chill","Redo+1","Storm+1","Cold Snap","Chaos+1","Genetic Algorithm+1","Ball Lightning+1","Genetic Algorithm+1","Echo Form+1","infinitespire:UltimateForm+1","Ball Lightning+1","Cold Snap+1","Panic Button","Capacitor","Electrodynamics+1","ReplayTheSpireMod:Calculation Training+1","Aggregate+1","Madness+1","Madness+1","Doom and Gloom+1","Ball Lightning+1","Loop","Double Energy+1","Static Discharge"],"relics":["Cracked Core","Replay:Arrowhead","AddBug","SecretRecord","SecretRecord","SecretRecord","SecretRecord","SecretRecord","SecretRecord","SecretRecord","SecretRecord","SecretRecord","SecretRecord","SecretRecord","AddBug","SecretRecord","SecretRecord","SecretRecord","SecretRecord","SecretRecord","SecretRecord","SecretRecord","SecretRecord"],"acts_visited":["Gensokyo:Gensokyo","TheCity","Gensokyo:Gensokyoest","Gensokyo:Gensokyo","TheCity","TheBeyond"],"potions_floor_usage":[],"damage_taken":[{"damage":3,"enemies":"Gensokyo:2_Kodama","floor":1,"turns":5},{"damage":6,"enemies":"Gensokyo:Gryphon","floor":2,"turns":2},{"damage":5,"enemies":"Gensokyo:3_Fairies","floor":4,"turns":3},{"damage":0,"enemies":"Gensokyo:Python_and_Kodama","floor":5,"turns":3},{"damage":0,"enemies":"Gensokyo:Aya","floor":6,"turns":4},{"damage":0,"enemies":"Gensokyo:Kitsune","floor":7,"turns":2},{"damage":0,"enemies":"Gensokyo:Cirno","floor":10,"turns":5},{"damage":0,"enemies":"Gensokyo:3_Kodama","floor":11,"turns":3},{"damage":4,"enemies":"Gensokyo:Reimu","floor":16,"turns":7},{"damage":0,"enemies":"Spheric Guardian","floor":18,"turns":1},{"damage":0,"enemies":"3 Byrds","floor":19,"turns":3},{"damage":0,"enemies":"Sentry and Sphere","floor":21,"turns":2},{"damage":0,"enemies":"Snecko","floor":22,"turns":4},{"damage":15,"enemies":"Book of Stabbing","floor":23,"turns":3},{"damage":4,"enemies":"Centurion and Healer","floor":24,"turns":5},{"damage":0,"enemies":"Cultist and Chosen","floor":25,"turns":4},{"damage":5,"enemies":"Snake Plant","floor":27,"turns":3},{"damage":34,"enemies":"Nightmare","floor":30,"turns":3},{"damage":0,"enemies":"Snecko","floor":31,"turns":2},{"damage":0,"enemies":"Automaton","floor":33,"turns":4},{"damage":0,"enemies":"Gensokyo:3_Boulders","floor":35,"turns":2},{"damage":0,"enemies":"Gensokyo:AncientGuardian","floor":38,"turns":2},{"damage":0,"enemies":"Gensokyo:4_Bats","floor":39,"turns":3},{"damage":0,"enemies":"Gensokyo:Marisa","floor":40,"turns":3},{"damage":0,"enemies":"Gensokyo:SeedOfUnknown","floor":41,"turns":3},{"damage":27,"enemies":"Gensokyo:Kasen","floor":42,"turns":3},{"damage":0,"enemies":"Gensokyo:Doremy","floor":46,"turns":2},{"damage":15,"enemies":"Gensokyo:Yuyuko","floor":50,"turns":3},{"damage":0,"enemies":"Gensokyo:Python","floor":52,"turns":1},{"damage":0,"enemies":"Gensokyo:3_Fairies","floor":56,"turns":2},{"damage":0,"enemies":"Gensokyo:Mamizou","floor":57,"turns":1},{"damage":0,"enemies":"Gensokyo:Gryphon","floor":58,"turns":1},{"damage":0,"enemies":"Gensokyo:Aya","floor":59,"turns":1},{"damage":0,"enemies":"Gensokyo:Python_and_Kodama","floor":61,"turns":1},{"damage":0,"enemies":"Gensokyo:5_Fairies","floor":62,"turns":2},{"damage":0,"enemies":"Gensokyo:Mamizou","floor":64,"turns":2},{"damage":0,"enemies":"Gensokyo:Yukari","floor":67,"turns":2},{"damage":0,"enemies":"3 Byrds","floor":69,"turns":1},{"damage":0,"enemies":"Shell Parasite","floor":70,"turns":1},{"damage":0,"enemies":"3 Cultists","floor":72,"turns":2},{"damage":0,"enemies":"Chosen and Byrds","floor":73,"turns":1},{"damage":0,"enemies":"Nightmare","floor":74,"turns":2},{"damage":30,"enemies":"Slavers","floor":76,"turns":2},{"damage":0,"enemies":"Snake Plant","floor":81,"turns":1},{"damage":0,"enemies":"Colosseum Slavers","floor":82,"turns":1},{"damage":0,"enemies":"Colosseum Nobs","floor":82,"turns":1},{"damage":0,"enemies":"Pondfish","floor":84,"turns":2},{"damage":0,"enemies":"3 Darklings","floor":86,"turns":2},{"damage":0,"enemies":"3 Shapes","floor":87,"turns":1},{"damage":0,"enemies":"Sphere and 2 Shapes","floor":89,"turns":1},{"damage":0,"enemies":"Reptomancer","floor":91,"turns":1},{"damage":0,"enemies":"Nemesis","floor":93,"turns":1},{"damage":7,"enemies":"Orin","floor":95,"turns":3},{"damage":0,"enemies":"Reptomancer","floor":97,"turns":1},{"damage":0,"enemies":"Jaw Worm Horde","floor":99,"turns":1},{"damage":63,"enemies":"infinitespire:MassOfShapes","floor":101,"turns":1}],"seed_played":"-5767769150531971800","potions_obtained":[{"floor":1,"key":"Languid Potion"},{"floor":5,"key":"Reflective Coating"},{"floor":7,"key":"GamblersBrew"},{"floor":16,"key":"DistilledChaos"},{"floor":19,"key":"DuplicationPotion"},{"floor":39,"key":"FocusPotion"}],"is_trial":false,"path_per_floor":["M","M","?","M","M","E","M","R","T","E","M","?","COS","?","R","B",null,"M","M","?","M","M","E","M","M","T","M","R","?","NM","M","R","B",null,"M","?","?","M","M","E","M","E","T","?","R","E","R","$","R","B",null,"M","?","?","?","M","E","M","E","T","M","M","R","E","?","R","B",null,"M","M","?","M","M","NM","R","E","T","R","?","$","M","?","R","B",null,"M","M","?","M","?","E","R","E","T","?","?","E","?","M","R","B"],"character_chosen":"DEFECT","items_purchased":["infinitespire:Chaos","Ginger","DollysMirror","infinitespire:Lucky Rock"],"campfire_rested":0,"item_purchase_floors":[48,48,80,80],"current_hp_per_floor":[51,45,27,22,22,22,22,22,22,22,22,22,22,22,22,18,75,75,75,75,75,75,60,56,56,56,51,51,51,17,17,17,17,75,75,75,75,75,75,75,75,48,48,56,56,56,56,56,56,56,75,75,75,45,45,45,45,45,45,45,45,45,45,45,30,30,30,75,75,75,75,75,75,75,75,45,45,45,45,45,45,45,45,45,75,75,75,75,75,66,66,66,66,66,59,59,59,59,59,59,0,0],"gold":583,"neow_bonus":"ONE_RARE_RELIC","is_daily":false,"chose_seed":false,"campfire_upgraded":28,"win_rate":0.0,"timestamp":1610792451,"path_taken":["M","M","?","M","M","E","M","R","T","E","M","?","COS","?","R","BOSS","M","M","?","M","M","E","M","M","T","M","R","?","NM","?","R","BOSS","M","?","?","?","M","E","M","E","T","?","R","E","R","?","R","BOSS","M","?","?","?","M","E","M","E","T","M","M","R","E","?","R","BOSS","M","M","?","M","M","NM","R","E","T","R","?","$","?","?","R","BOSS","M","M","?","M","?","E","R","E","T","?","?","E","?","M","R","BOSS"],"items_purchased_type":["Relic","Relic","Relic","Relic"],"build_version":"2020-12-22","purchased_purges":2,"victory":false,"max_hp_per_floor":[75,75,75,75,75,75,75,75,75,75,75,75,75,75,75,75,75,75,75,75,75,75,75,75,75,75,75,75,75,75,75,75,75,75,75,75,75,75,75,75,75,75,75,75,75,75,75,75,75,75,75,75,75,75,75,75,75,75,75,75,75,75,75,75,75,75,75,75,75,75,75,75,75,75,75,75,75,75,75,75,75,75,75,75,75,75,75,75,75,75,75,75,75,75,75,75,75,75,75,75,75,75],"card_choices":[{"not_picked":["Go for the Eyes","Barrage"],"picked":"Static Discharge","floor":1},{"not_picked":["Panic Button","Stack"],"picked":"Conserve Battery","floor":2},{"not_picked":["ReplayTheSpireMod:Haul","infinitespire:Gouge"],"picked":"infinitespire:Punishment","floor":3},{"not_picked":["Barrage","Coolheaded"],"picked":"Cold Snap","floor":4},{"not_picked":["Stack","Double Energy"],"picked":"Chill","floor":5},{"not_picked":["Gash","Chaos"],"picked":"Cold Snap","floor":6},{"not_picked":["ReplaySolidLightProjector","BasicCrystalCard"],"picked":"Barrage","floor":7},{"not_picked":["Scrape","ReplayGash"],"picked":"Conserve Battery","floor":10},{"not_picked":["Barrage","Self Repair"],"picked":"Ball Lightning","floor":11},{"not_picked":["Buffer","Amplify"],"picked":"Machine Learning","floor":16},{"not_picked":["Ball Lightning","Self Repair+1"],"picked":"Capacitor","floor":18},{"not_picked":["BasicCrystalCard","Lockon+1"],"picked":"Ball Lightning","floor":19},{"not_picked":["Steam","Panic Button"],"picked":"Barrage","floor":21},{"not_picked":["Beam Cell","Steam+1"],"picked":"Creative AI","floor":22},{"not_picked":["ReplayTheSpireMod:Repulse","Stack+1"],"picked":"Cold Snap","floor":23},{"not_picked":["Ball Lightning","Cold Snap"],"picked":"Capacitor","floor":24},{"not_picked":["Hello World","Conserve Battery+1"],"picked":"Coolheaded","floor":25},{"not_picked":["Beam Cell+1","Creative AI"],"picked":"Storm","floor":27},{"not_picked":["infinitespire:Execution","infinitespire:Gouge"],"picked":"infinitespire:NeuralNetwork","floor":30},{"not_picked":["Go for the Eyes","Crystallizer"],"picked":"Conserve Battery","floor":30},{"not_picked":["Hologram","Glacier"],"picked":"ReplayTheSpireMod:Reroute Power+1","floor":31},{"not_picked":["Core Surge","Machine Learning"],"picked":"Echo Form","floor":33},{"not_picked":["Sweeping Beam","Rebound+1","BootSequence+1"],"picked":"SKIP","floor":35},{"not_picked":["Scrape","Turbo+1"],"picked":"Chill","floor":37},{"not_picked":["Gash+1","ReplayGash+1","Turbo+1"],"picked":"SKIP","floor":38},{"not_picked":["Melter","Go for the Eyes+1"],"picked":"Redo","floor":39},{"not_picked":["Fusion","Hello World+1","Lockon+1"],"picked":"SKIP","floor":40},{"not_picked":["BootSequence+1","Reinforced Body+1"],"picked":"Storm+1","floor":41},{"not_picked":["Go for the Eyes+1","Compile Driver+1","ReplaySort+1"],"picked":"SKIP","floor":42},{"not_picked":["Coolheaded+1","Multi-Cast"],"picked":"Cold Snap","floor":46},{"not_picked":["Seek","Creative AI"],"picked":"ReplayTheSpireMod:Fabricate Wheel","floor":50},{"not_picked":["Turbo","Steam Power"],"picked":"Chaos","floor":52},{"not_picked":["Sunder","Streamline"],"picked":"Genetic Algorithm","floor":56},{"not_picked":["Force Field","Rebound","Beam Cell"],"picked":"SKIP","floor":57},{"not_picked":["Panic Button","Streamline","Hologram"],"picked":"SKIP","floor":58},{"not_picked":["Scrape","Streamline"],"picked":"Ball Lightning","floor":59},{"not_picked":["Cold Snap","FTL"],"picked":"Genetic Algorithm","floor":61},{"not_picked":["Rebound","ReplayTheSpireMod:Reroute Power","Hologram"],"picked":"SKIP","floor":62},{"not_picked":["ReplayTheSpireMod:Omega Cannon","Beam Cell","Go for the Eyes"],"picked":"SKIP","floor":64},{"not_picked":["Seek","Rainbow"],"picked":"Echo Form","floor":67},{"not_picked":["infinitespire:FutureSight","infinitespire:SealOfDarkness+"],"picked":"infinitespire:UltimateForm","floor":67},{"not_picked":["Cold Snap","Hologram","Beam Cell"],"picked":"SKIP","floor":69},{"not_picked":["Rebound","Beam Cell+1","Crystallizer"],"picked":"SKIP","floor":70},{"not_picked":["Go for the Eyes+1","Gash+1"],"picked":"Ball Lightning","floor":72},{"not_picked":["Rebound","Hello World","Recycle+1"],"picked":"SKIP","floor":73},{"not_picked":["Compile Driver","Reprogram","Stack"],"picked":"SKIP","floor":74},{"not_picked":["Reprogram","Streamline"],"picked":"Cold Snap+1","floor":76},{"not_picked":["BootSequence","Cold Snap"],"picked":"Capacitor","floor":81},{"not_picked":["Creative AI","Machine Learning"],"picked":"Electrodynamics","floor":84},{"not_picked":["Streamline+1","Leap"],"picked":"ReplayTheSpireMod:Calculation Training","floor":86},{"not_picked":["Genetic Algorithm","Streamline","Gash+1"],"picked":"SKIP","floor":87},{"not_picked":["Melter","Beam Cell"],"picked":"Aggregate+1","floor":89},{"not_picked":["Turbo","ReplayTheSpireMod:Omega Cannon"],"picked":"Doom and Gloom+1","floor":91},{"not_picked":["Steam Power","Rebound+1"],"picked":"Ball Lightning+1","floor":93},{"not_picked":["BootSequence","Ball Lightning+1"],"picked":"Loop","floor":95},{"not_picked":["Streamline+1","Static Discharge+1"],"picked":"Double Energy+1","floor":97},{"not_picked":["ReplayTheSpireMod:System Scan+1","Capacitor"],"picked":"Static Discharge","floor":99}],"player_experience":244273,"relics_obtained":[{"floor":1,"key":"AddBug"},{"floor":1,"key":"LetterFromLob"},{"floor":2,"key":"LetterFromLob"},{"floor":4,"key":"LetterFromLob"},{"floor":5,"key":"SecretRecord"},{"floor":5,"key":"LetterFromLob"},{"floor":6,"key":"WingedGreaves"},{"floor":6,"key":"LetterFromLob"},{"floor":7,"key":"LetterFromLob"},{"floor":9,"key":"Chameleon Ring"},{"floor":10,"key":"infinitespire:Joker Card"},{"floor":10,"key":"LetterFromLob"},{"floor":11,"key":"LetterFromLob"},{"floor":16,"key":"SecretRecord"},{"floor":16,"key":"LetterFromLob"},{"floor":18,"key":"LetterFromLob"},{"floor":19,"key":"LetterFromLob"},{"floor":21,"key":"LetterFromLob"},{"floor":22,"key":"LetterFromLob"},{"floor":23,"key":"Pen Nib"},{"floor":23,"key":"LetterFromLob"},{"floor":24,"key":"SecretRecord"},{"floor":24,"key":"LetterFromLob"},{"floor":25,"key":"LetterFromLob"},{"floor":26,"key":"War Paint"},{"floor":27,"key":"LetterFromLob"},{"floor":30,"key":"infinitespire:Magic Flask"},{"floor":30,"key":"LetterFromLob"},{"floor":31,"key":"SecretRecord"},{"floor":31,"key":"LetterFromLob"},{"floor":33,"key":"LetterFromLob"},{"floor":35,"key":"LetterFromLob"},{"floor":37,"key":"Torii"},{"floor":38,"key":"LetterFromLob"},{"floor":39,"key":"SecretRecord"},{"floor":39,"key":"LetterFromLob"},{"floor":40,"key":"Prayer Wheel"},{"floor":40,"key":"LetterFromLob"},{"floor":41,"key":"LetterFromLob"},{"floor":42,"key":"infinitespire:Satchel"},{"floor":42,"key":"LetterFromLob"},{"floor":43,"key":"DataDisk"},{"floor":46,"key":"SecretRecord"},{"floor":46,"key":"Calipers"},{"floor":46,"key":"LetterFromLob"},{"floor":50,"key":"LetterFromLob"},{"floor":52,"key":"LetterFromLob"},{"floor":56,"key":"SecretRecord"},{"floor":56,"key":"LetterFromLob"},{"floor":57,"key":"MealTicket"},{"floor":57,"key":"LetterFromLob"},{"floor":58,"key":"LetterFromLob"},{"floor":59,"key":"Replay:Bottled Snecko"},{"floor":59,"key":"LetterFromLob"},{"floor":60,"key":"MawBank"},{"floor":61,"key":"SecretRecord"},{"floor":61,"key":"LetterFromLob"},{"floor":62,"key":"LetterFromLob"},{"floor":64,"key":"SecretRecord"},{"floor":64,"key":"Bronze Scales"},{"floor":64,"key":"LetterFromLob"},{"floor":67,"key":"SecretRecord"},{"floor":67,"key":"LetterFromLob"},{"floor":69,"key":"SecretRecord"},{"floor":69,"key":"LetterFromLob"},{"floor":70,"key":"LetterFromLob"},{"floor":72,"key":"LetterFromLob"},{"floor":73,"key":"SecretRecord"},{"floor":73,"key":"LetterFromLob"},{"floor":74,"key":"infinitespire:Broken Mirror"},{"floor":74,"key":"LetterFromLob"},{"floor":76,"key":"SecretRecord"},{"floor":76,"key":"Mummified Hand"},{"floor":76,"key":"LetterFromLob"},{"floor":77,"key":"Eternal Feather"},{"floor":81,"key":"LetterFromLob"},{"floor":82,"key":"Thread and Needle"},{"floor":82,"key":"Shuriken"},{"floor":84,"key":"SecretRecord"},{"floor":84,"key":"LetterFromLob"},{"floor":86,"key":"SecretRecord"},{"floor":86,"key":"LetterFromLob"},{"floor":87,"key":"LetterFromLob"},{"floor":89,"key":"SecretRecord"},{"floor":89,"key":"LetterFromLob"},{"floor":91,"key":"GodSword4"},{"floor":91,"key":"LetterFromLob"},{"floor":93,"key":"infinitespire:CursedDice"},{"floor":93,"key":"LetterFromLob"},{"floor":95,"key":"CatCart"},{"floor":95,"key":"SecretRecord"},{"floor":97,"key":"LastBattle"},{"floor":97,"key":"LetterFromLob"},{"floor":99,"key":"SecretRecord"},{"floor":99,"key":"LetterFromLob"}],"event_choices":[{"damage_healed":0,"gold_gain":0,"player_choice":"Obtained Relic","damage_taken":0,"relics_obtained":["Happy Flower"],"max_hp_gain":0,"max_hp_loss":0,"event_name":"Addict","floor":20,"gold_loss":85},{"cards_removed":["Strike_B"],"damage_healed":0,"gold_gain":0,"player_choice":"Gave Gold","damage_taken":0,"max_hp_gain":0,"max_hp_loss":0,"event_name":"Beggar","floor":29,"gold_loss":75},{"damage_healed":0,"gold_gain":0,"player_choice":"Obtained Relic","damage_taken":0,"relics_obtained":["Blue Doll"],"max_hp_gain":0,"max_hp_loss":0,"event_name":"Addict","floor":71,"gold_loss":85},{"damage_healed":0,"gold_gain":0,"player_choice":"1 cards matched","damage_taken":0,"max_hp_gain":0,"max_hp_loss":0,"event_name":"Match and Keep!","floor":79,"gold_loss":0,"cards_obtained":["Panic Button"]},{"damage_healed":0,"gold_gain":0,"player_choice":"Fight","damage_taken":0,"max_hp_gain":0,"max_hp_loss":0,"event_name":"Colosseum","floor":82,"gold_loss":0},{"damage_healed":0,"gold_gain":0,"player_choice":"Fought Nobs","damage_taken":0,"max_hp_gain":0,"max_hp_loss":0,"event_name":"Colosseum","floor":82,"gold_loss":0},{"damage_healed":0,"gold_gain":0,"player_choice":"Ignored","damage_taken":0,"max_hp_gain":0,"max_hp_loss":0,"event_name":"Tomb of Lord Red Mask","floor":88,"gold_loss":0},{"damage_healed":0,"gold_gain":0,"player_choice":"Embrace Madness","damage_taken":9,"max_hp_gain":0,"max_hp_loss":0,"event_name":"Winding Halls","floor":90,"gold_loss":0,"cards_obtained":["Madness","Madness"]},{"damage_healed":0,"gold_gain":0,"player_choice":"Fight","damage_taken":0,"max_hp_gain":0,"max_hp_loss":0,"event_name":"OrinTheCat","floor":95,"gold_loss":0},{"damage_healed":0,"gold_gain":0,"player_choice":"Memory 1","damage_taken":0,"max_hp_gain":0,"max_hp_loss":0,"event_name":"SensoryStone","floor":96,"gold_loss":0},{"damage_healed":0,"gold_gain":100,"player_choice":"Pray","damage_taken":0,"max_hp_gain":0,"max_hp_loss":0,"event_name":"Golden Shrine","floor":98,"gold_loss":0}],"is_beta":false,"boss_relics":[{"not_picked":["Tiny House","Empty Cage"],"picked":"Black Star"},{"not_picked":["Ring of Chaos","Nuclear Battery"],"picked":"Coffee Dripper"},{"not_picked":["Replay:Drink Me","Fusion Hammer"],"picked":"Snecko Heart"},{"not_picked":["Replay:Ancient Bell","FrozenCore"],"picked":"AddBug"},{"not_picked":["Sozu","Painkiller Herb"],"picked":"Inserter"}],"items_purged_floors":[48,80],"is_endless":true,"potions_floor_spawned":[1,5,7,16,19,22,24,30,31,35,39,42,50,52,59,61,62,64,69,73,81,82,84,86,87,97],"killed_by":"infinitespire:MassOfShapes","ascension_level":0}}