{"host":"t6r1isv2bex5ovch","time":1610798563,"event":{"mods":["AchievementEnabler","Act Like it!","Aspiration","BaseMod","Better Altar","Better Match","Better Note","Better Sensory Stone","Better Skull","Better Third Choice","Better Vampires","Colored Powertips","Displayed Cursed Tome","Downfall","Energized Spire","Evolution","Fox Events","Hubris","Minty Spire (QoL Compilation)","StSLib","The Bug Knight","The Disciple","The Factory","The Jungle","The Runesmith"],"gold_per_floor":[111,131,131,56,67,67,92,92,92,111,146,158,9,9,9,9,9],"floor_reached":16,"language":"ENG","playtime":1157,"items_purged":["HollowMod:QuickDashStart","HollowMod:NailStrikeStart"],"score":121,"play_id":"20df9ea2-03e5-49bd-b858-a8b7c204a4bd","local_time":"20210116220243","is_ascension_mode":true,"campfire_choices":[{"floor":6.0,"key":"RECALL"},{"data":"HollowMod:BrokenVessel","floor":8.0,"key":"SMITH"},{"floor":15.0,"key":"REST"}],"circlet_count":0,"master_deck":["HollowMod:NailStrikeStart","HollowMod:NailStrikeStart","HollowMod:QuickDashStart","HollowMod:QuickDashStart","HollowMod:QuickDashStart","HollowMod:FocusHealStart","HollowMod:PogoStrike","HollowMod:BrokenVessel+1","HollowMod:InfectedCysts","HollowMod:InfectedAttack"],"relics":["HollowMod:VesselMask","EVO:Axolotl","hubris:GlazedTorus","hubris:TinFlute","hubris:Towel"],"acts_visited":["Exordium"],"potions_floor_usage":[16,16],"damage_taken":[{"damage":1.0,"enemies":"Cultist","floor":1.0,"turns":3.0},{"damage":7.0,"enemies":"Small Slimes","floor":2.0,"turns":5.0},{"damage":4.0,"enemies":"Jaw Worm","floor":5.0,"turns":3.0},{"damage":70.0,"enemies":"Lagavulin","floor":7.0,"turns":8.0},{"damage":3.0,"enemies":"Lots of Slimes","floor":10.0,"turns":2.0},{"damage":21.0,"enemies":"Gremlin Nob","floor":11.0,"turns":3.0},{"damage":4.0,"enemies":"3 Louse","floor":12.0,"turns":2.0},{"damage":44,"enemies":"The Guardian","floor":16,"turns":11}],"seed_played":"4861441159784923747","potions_obtained":[{"floor":1.0,"key":"EssenceOfSteel"},{"floor":2.0,"key":"Energy Potion"},{"floor":10.0,"key":"AttackPotion"},{"floor":11.0,"key":"SteroidPotion"},{"floor":12.0,"key":"FearPotion"}],"is_trial":false,"path_per_floor":["M","M","?","$","M","R","E","R","T","M","E","M","$","?","R","B"],"character_chosen":"THE_BUGKNIGHT","items_purchased":["hexamod:SoulburnPotion"],"campfire_rested":1,"item_purchase_floors":[13],"current_hp_per_floor":[82,81,81,81,82,82,24,24,24,21,10,6,6,6,30,0,0],"gold":9,"neow_bonus":"TEN_PERCENT_HP_BONUS","is_daily":false,"chose_seed":false,"campfire_upgraded":1,"win_rate":0.0,"timestamp":1610798563,"path_taken":["M","M","?","$","M","R","E","R","T","M","E","M","$","?","R","BOSS"],"items_purchased_type":["Potion"],"build_version":"2020-12-22","purchased_purges":2,"victory":false,"max_hp_per_floor":[82,82,82,82,82,82,82,82,82,82,82,82,82,82,82,82,82],"card_choices":[{"not_picked":["HollowMod:VengefulVoid","HollowMod:SoulEater"],"picked":"HollowMod:BrokenVessel","floor":1.0},{"not_picked":["HollowMod:CloakDash","HollowMod:SharpenedNail"],"picked":"HollowMod:InfectedCysts","floor":2.0},{"not_picked":["HollowMod:HowlingWraiths","HollowMod:RecoilStrike","HollowMod:VengefulSpirit"],"picked":"SKIP","floor":5.0},{"not_picked":["HollowMod:DreamGate","HollowMod:GoodIntentions","HollowMod:Hiveblood"],"picked":"SKIP","floor":7.0},{"not_picked":["HollowMod:PureNailStrike","HollowMod:NewLittleFool"],"picked":"HollowMod:InfectedAttack","floor":10.0},{"not_picked":["HollowMod:ShadowDash","HollowMod:HeavyBlow","HollowMod:SiblingsSouls"],"picked":"SKIP","floor":11.0},{"not_picked":["HollowMod:SiblingsShadow","HollowMod:ElderbugsWisdom","HollowMod:CornifersMapStart"],"picked":"SKIP","floor":12.0}],"player_experience":472310,"relics_obtained":[{"floor":7.0,"key":"hubris:GlazedTorus"},{"floor":11.0,"key":"hubris:TinFlute"}],"event_choices":[{"cards_removed":["HollowMod:NailStrikeStart"],"damage_healed":0.0,"max_hp_gain":0.0,"max_hp_loss":0.0,"gold_gain":0.0,"event_name":"Living Wall","player_choice":"Forget","floor":3.0,"gold_loss":0.0,"damage_taken":0.0}],"is_beta":false,"boss_relics":[],"items_purged_floors":[4,13],"is_endless":false,"potions_floor_spawned":[1,2,10,11,12],"killed_by":"The Guardian","ascension_level":2}}