{"host":"anl785ehjgcmdvvq","time":1611915502,"event":{"mods":["AchievementEnabler","BaseMod","Googly Eyes","Minty Spire (QoL Compilation)"],"gold_per_floor":[18,18,34,10,23,48,68,86,111,131,166,166,195,218,218,318,318,331,349,13,30,30,56,56,87,113,140,140,140,240,268,268,363,363,377,387,406,459,681,716,716,751,751,751,770,770,784,784,784,784,784],"floor_reached":50,"language":"ENG","playtime":1602,"items_purged":[],"score":737,"play_id":"7391ac48-ee9c-4b19-ad47-dc1201747aca","local_time":"20210129131822","is_ascension_mode":true,"campfire_choices":[{"data":"Eruption","floor":12,"key":"SMITH"},{"floor":15,"key":"REST"},{"data":"Vault","floor":24,"key":"SMITH"},{"floor":28,"key":"REST"},{"floor":32,"key":"REST"},{"floor":41,"key":"RECALL"},{"floor":44,"key":"REST"},{"floor":46,"key":"REST"},{"floor":49,"key":"REST"}],"circlet_count":0,"master_deck":["Strike_P","Strike_P","Strike_P","Defend_P","Defend_P","Defend_P","Eruption+1","Vigilance","Vault+1","Halt","SignatureMove","Halt","FollowUp","Tantrum","Devotion","Impatience"],"relics":["PureWater","Anchor","Happy Flower","Regal Pillow","Odd Mushroom","VioletLotus","Membership Card","TeardropLocket","Oddly Smooth Stone","CaptainsWheel","StrikeDummy","Lantern","Ornamental Fan","MutagenicStrength","Incense Burner","Yang","Red Mask","SlaversCollar","Bird Faced Urn","Smiling Mask","Mummified Hand","Du-Vu Doll"],"acts_visited":["Exordium","TheCity","TheBeyond"],"potions_floor_usage":[11,11,14,16,25,30,30,38,38,40,50,50],"damage_taken":[{"damage":0,"enemies":"Small Slimes","floor":1,"turns":3},{"damage":6,"enemies":"Cultist","floor":3,"turns":5},{"damage":12,"enemies":"Jaw Worm","floor":5,"turns":3},{"damage":0,"enemies":"Gremlin Nob","floor":6,"turns":2},{"damage":0,"enemies":"3 Louse","floor":7,"turns":3},{"damage":0,"enemies":"2 Fungi Beasts","floor":8,"turns":3},{"damage":0,"enemies":"Looter","floor":10,"turns":3},{"damage":3,"enemies":"3 Sentries","floor":11,"turns":5},{"damage":12,"enemies":"Gremlin Nob","floor":13,"turns":4},{"damage":0,"enemies":"The Mushroom Lair","floor":14,"turns":3},{"damage":0,"enemies":"Slime Boss","floor":16,"turns":5},{"damage":7,"enemies":"2 Thieves","floor":18,"turns":4},{"damage":0,"enemies":"Chosen","floor":19,"turns":3},{"damage":0,"enemies":"Snake Plant","floor":21,"turns":3},{"damage":22,"enemies":"Book of Stabbing","floor":23,"turns":5},{"damage":45,"enemies":"Gremlin Leader","floor":25,"turns":7},{"damage":0,"enemies":"Book of Stabbing","floor":27,"turns":4},{"damage":0,"enemies":"Colosseum Slavers","floor":30,"turns":2},{"damage":26,"enemies":"Colosseum Nobs","floor":30,"turns":3},{"damage":0,"enemies":"Masked Bandits","floor":31,"turns":3},{"damage":57,"enemies":"Automaton","floor":33,"turns":9},{"damage":0,"enemies":"Orb Walker","floor":35,"turns":1},{"damage":1,"enemies":"3 Shapes","floor":36,"turns":5},{"damage":0,"enemies":"Sphere and 2 Shapes","floor":37,"turns":3},{"damage":0,"enemies":"2 Orb Walkers","floor":38,"turns":4},{"damage":18,"enemies":"Giant Head","floor":40,"turns":8},{"damage":50,"enemies":"Nemesis","floor":42,"turns":7},{"damage":33,"enemies":"Maw","floor":45,"turns":6},{"damage":8,"enemies":"Transient","floor":47,"turns":6},{"damage":75,"enemies":"Time Eater","floor":50,"turns":9}],"seed_played":"2366063057373657771","potions_obtained":[{"floor":3,"key":"FairyPotion"},{"floor":7,"key":"AttackPotion"},{"floor":10,"key":"Fire Potion"},{"floor":13,"key":"LiquidMemories"},{"floor":14,"key":"Swift Potion"},{"floor":23,"key":"StancePotion"},{"floor":25,"key":"LiquidBronze"},{"floor":27,"key":"LiquidBronze"},{"floor":33,"key":"LiquidMemories"},{"floor":37,"key":"EntropicBrew"},{"floor":38,"key":"SpeedPotion"},{"floor":47,"key":"SmokeBomb"}],"is_trial":false,"path_per_floor":["M","?","M","$","M","E","M","M","T","M","E","R","E","?","R","B",null,"M","M","$","M","?","E","R","E","T","E","R","?","?","?","R","B",null,"M","M","M","?","?","E","R","E","T","R","M","R","M","?","R","B"],"character_chosen":"WATCHER","items_purchased":["Halt","Membership Card","TeardropLocket","Oddly Smooth Stone"],"campfire_rested":6,"item_purchase_floors":[4,20,20,20],"current_hp_per_floor":[72,72,66,66,54,54,54,54,54,54,51,51,39,39,72,72,72,65,65,65,65,65,43,43,21,21,21,57,57,31,31,67,10,72,72,71,71,71,71,54,54,6,6,42,11,47,41,41,72,0,0],"gold":784,"neow_bonus":"THREE_RARE_CARDS","is_daily":false,"chose_seed":false,"campfire_upgraded":2,"win_rate":0.0,"timestamp":1611915502,"path_taken":["M","?","?","?","M","E","M","M","T","M","E","R","E","?","R","BOSS","M","M","$","M","?","E","R","E","T","E","R","?","?","?","R","BOSS","M","M","M","?","?","E","R","E","T","R","M","R","M","?","R","BOSS"],"items_purchased_type":["Card","Relic","Relic","Relic"],"build_version":"2020-12-22","purchased_purges":0,"victory":false,"max_hp_per_floor":[72,72,72,72,72,72,72,72,72,72,72,72,72,72,72,72,72,72,72,72,72,72,72,72,72,72,72,72,72,72,72,72,72,72,72,72,72,72,72,72,72,72,72,72,72,72,72,72,72,72,72],"card_choices":[{"not_picked":["Scrawl","DevaForm"],"picked":"Vault","floor":0},{"not_picked":["EmptyBody","Nirvana"],"picked":"Halt","floor":1},{"not_picked":["PathToVictory","Protect"],"picked":"SignatureMove","floor":3},{"not_picked":["ThirdEye","Prostrate","Pray"],"picked":"SKIP","floor":5},{"not_picked":["FlurryOfBlows","Wish","PathToVictory"],"picked":"SKIP","floor":6},{"not_picked":["Swivel","EmptyBody","ReachHeaven"],"picked":"SKIP","floor":7},{"not_picked":["Wireheading","CrushJoints","EmptyFist"],"picked":"SKIP","floor":8},{"not_picked":["ClearTheMind","FlurryOfBlows","Halt"],"picked":"SKIP","floor":10},{"not_picked":["Protect","SignatureMove"],"picked":"FollowUp","floor":11},{"not_picked":["LikeWater","FlurryOfBlows","EmptyBody"],"picked":"SKIP","floor":13},{"not_picked":["MentalFortress","CutThroughFate","Evaluate+1"],"picked":"SKIP","floor":18},{"not_picked":["EmptyBody","JustLucky+1","EmptyFist"],"picked":"SKIP","floor":19},{"not_picked":["FlyingSleeves","Fasting2","EmptyBody+1"],"picked":"SKIP","floor":21},{"not_picked":["MentalFortress","PathToVictory"],"picked":"Tantrum","floor":23},{"not_picked":["PathToVictory+1","Protect"],"picked":"Devotion","floor":25},{"not_picked":["Weave+1","WheelKick","Swivel+1"],"picked":"SKIP","floor":27},{"not_picked":["EmptyFist","ThirdEye+1","FollowUp+1"],"picked":"SKIP","floor":35},{"not_picked":["CutThroughFate","EmptyMind+1","FlurryOfBlows"],"picked":"SKIP","floor":36},{"not_picked":["Evaluate+1","FlyingSleeves+1","InnerPeace+1"],"picked":"SKIP","floor":37},{"not_picked":["SandsOfTime","ThirdEye+1","Judgement"],"picked":"SKIP","floor":40},{"not_picked":["SignatureMove+1","ReachHeaven+1","Weave"],"picked":"SKIP","floor":42},{"not_picked":["ThirdEye","Prostrate","DeceiveReality+1"],"picked":"SKIP","floor":45},{"not_picked":["SashWhip+1","ThirdEye+1","Evaluate"],"picked":"SKIP","floor":47},{"not_picked":["Secret Technique","Dramatic Entrance"],"picked":"Impatience","floor":48}],"player_experience":124606,"relics_obtained":[{"floor":6,"key":"Anchor"},{"floor":11,"key":"Happy Flower"},{"floor":13,"key":"Regal Pillow"},{"floor":14,"key":"Odd Mushroom"},{"floor":23,"key":"CaptainsWheel"},{"floor":25,"key":"StrikeDummy"},{"floor":26,"key":"Lantern"},{"floor":27,"key":"Ornamental Fan"},{"floor":30,"key":"Incense Burner"},{"floor":30,"key":"Yang"},{"floor":31,"key":"Red Mask"},{"floor":38,"key":"Bird Faced Urn"},{"floor":40,"key":"Smiling Mask"},{"floor":42,"key":"Mummified Hand"},{"floor":43,"key":"Du-Vu Doll"}],"event_choices":[{"cards_removed":["Strike_P"],"damage_healed":0,"gold_gain":0,"player_choice":"Purged","damage_taken":0,"max_hp_gain":0,"max_hp_loss":0,"event_name":"Purifier","floor":2,"gold_loss":0},{"damage_healed":0,"gold_gain":0,"player_choice":"Fought Mushrooms","damage_taken":0,"max_hp_gain":0,"max_hp_loss":0,"event_name":"Mushrooms","floor":14,"gold_loss":0},{"cards_removed":["Defend_P"],"damage_healed":0,"gold_gain":0,"player_choice":"Elegance","damage_taken":0,"max_hp_gain":0,"max_hp_loss":0,"event_name":"Back to Basics","floor":22,"gold_loss":0},{"damage_healed":0,"gold_gain":0,"player_choice":"Inject Mutagens","damage_taken":0,"relics_obtained":["MutagenicStrength"],"max_hp_gain":0,"max_hp_loss":0,"event_name":"Drug Dealer","floor":29,"gold_loss":0},{"damage_healed":0,"gold_gain":0,"player_choice":"Fight","damage_taken":0,"max_hp_gain":0,"max_hp_loss":0,"event_name":"Colosseum","floor":30,"gold_loss":0},{"damage_healed":0,"gold_gain":0,"player_choice":"Fought Nobs","damage_taken":0,"max_hp_gain":0,"max_hp_loss":0,"event_name":"Colosseum","floor":30,"gold_loss":0},{"damage_healed":0,"gold_gain":0,"player_choice":"Fought Bandits","damage_taken":0,"max_hp_gain":0,"max_hp_loss":0,"event_name":"Masked Bandits","floor":31,"gold_loss":0},{"damage_healed":0,"gold_gain":0,"player_choice":"Fight","damage_taken":0,"max_hp_gain":0,"max_hp_loss":0,"event_name":"Mysterious Sphere","floor":38,"gold_loss":0},{"damage_healed":0,"gold_gain":222,"player_choice":"Wore Mask","damage_taken":0,"max_hp_gain":0,"max_hp_loss":0,"event_name":"Tomb of Lord Red Mask","floor":39,"gold_loss":0},{"damage_healed":0,"gold_gain":0,"player_choice":"Memory 1","damage_taken":0,"max_hp_gain":0,"max_hp_loss":0,"event_name":"SensoryStone","floor":48,"gold_loss":0}],"is_beta":false,"boss_relics":[{"not_picked":["Tiny House","Astrolabe"],"picked":"VioletLotus"},{"not_picked":["Velvet Choker","Snecko Eye"],"picked":"SlaversCollar"}],"items_purged_floors":[],"is_endless":false,"potions_floor_spawned":[3,7,10,13,14,23,25,27,30,33,37,38,47],"killed_by":"Time Eater","ascension_level":1}}