{"host":"d61fcf2p3sjwe6yo","time":1611953420,"event":{"mods":["AchievementEnabler","BaseMod","Colored Map","Minty Spire (QoL Compilation)","StSLib","SuperFastMode"],"gold_per_floor":[112,129,146,221,221,221,243,275,275,200,200,200,200,215,215,215,215],"floor_reached":16,"language":"ENG","playtime":525,"items_purged":["Strike_G"],"score":186,"play_id":"6b50f197-bca8-49c5-9fed-2a0895642099","local_time":"20210129235020","is_ascension_mode":true,"campfire_choices":[{"data":"Bouncing Flask","floor":6,"key":"SMITH"},{"floor":11,"key":"REST"},{"data":"Catalyst","floor":13,"key":"SMITH"},{"floor":15,"key":"REST"}],"circlet_count":0,"master_deck":["AscendersBane","Strike_G","Strike_G","Strike_G","Defend_G","Defend_G","Defend_G","Defend_G","Defend_G","Survivor","Neutralize","Footwork","Bouncing Flask+1","Bane","Catalyst+1","Backflip"],"relics":["Ring of the Snake","Odd Mushroom","Ninja Scroll","PreservedInsect"],"acts_visited":["Exordium"],"potions_floor_usage":[7,7,16],"damage_taken":[{"damage":0,"enemies":"Cultist","floor":1,"turns":4},{"damage":0,"enemies":"2 Louse","floor":2,"turns":4},{"damage":2,"enemies":"Small Slimes","floor":3,"turns":4},{"damage":13,"enemies":"The Mushroom Lair","floor":7,"turns":4},{"damage":24,"enemies":"3 Sentries","floor":8,"turns":11},{"damage":6,"enemies":"Looter","floor":14,"turns":2},{"damage":42,"enemies":"Slime Boss","floor":16,"turns":10}],"seed_played":"3485500227157856890","potions_obtained":[{"floor":1,"key":"Fire Potion"},{"floor":3,"key":"LiquidBronze"},{"floor":8,"key":"Block Potion"}],"is_trial":false,"path_per_floor":["M","M","M","?","?","R","?","E","T","$","R","$","R","M","R","B"],"character_chosen":"THE_SILENT","items_purchased":[],"campfire_rested":2,"item_purchase_floors":[],"current_hp_per_floor":[65,65,63,52,45,45,32,8,8,8,29,29,29,23,44,2,2],"gold":215,"neow_bonus":"TEN_PERCENT_HP_BONUS","is_daily":false,"chose_seed":false,"campfire_upgraded":2,"win_rate":0.0,"timestamp":1611953420,"path_taken":["M","M","M","?","?","R","?","E","T","?","R","$","R","M","R","BOSS"],"items_purchased_type":[],"build_version":"2020-12-22","purchased_purges":1,"victory":false,"max_hp_per_floor":[72,72,72,72,72,72,72,72,72,72,72,72,72,72,72,72,72],"card_choices":[{"not_picked":["Sucker Punch","Blur"],"picked":"Footwork","floor":1},{"not_picked":["Prepared","Distraction","Flying Knee"],"picked":"SKIP","floor":2},{"not_picked":["Cloak And Dagger","Quick Slash"],"picked":"Bouncing Flask","floor":3},{"not_picked":["Underhanded Strike","Setup"],"picked":"Bane","floor":7},{"not_picked":["Accuracy","Cloak And Dagger"],"picked":"Catalyst","floor":8},{"not_picked":["Slice","Prepared"],"picked":"Backflip","floor":14}],"player_experience":224914,"relics_obtained":[{"floor":7,"key":"Odd Mushroom"},{"floor":8,"key":"Ninja Scroll"},{"floor":9,"key":"PreservedInsect"}],"event_choices":[{"damage_healed":0,"gold_gain":75,"player_choice":"Gather Gold","damage_taken":11,"max_hp_gain":0,"max_hp_loss":0,"event_name":"World of Goop","floor":4,"gold_loss":0},{"cards_removed":["Strike_G"],"damage_healed":0,"gold_gain":0,"player_choice":"Card Removal","damage_taken":7,"max_hp_gain":0,"max_hp_loss":0,"event_name":"Golden Wing","floor":5,"gold_loss":0},{"damage_healed":0,"gold_gain":0,"player_choice":"Fought Mushrooms","damage_taken":0,"max_hp_gain":0,"max_hp_loss":0,"event_name":"Mushrooms","floor":7,"gold_loss":0}],"is_beta":false,"boss_relics":[],"items_purged_floors":[10],"is_endless":false,"potions_floor_spawned":[1,3,8],"killed_by":"Slime Boss","ascension_level":18}}