{"host":"sq4meqxtkbsvyucx","time":1611915984,"event":{"mods":["2.2 Compatiblity","Aspiration","BaseMod","BetterRewards","Googly Eyes","Highlight Path","Hubris","Infinite Spire","Marisa????????","Mimic Mod","Minty Spire (QoL Compilation)","Rare Cards Sparkle","Replay The Spire","Shop Mod","StSLib","SuperFastMode","The Jungle","Unceasing Turn Reminder"],"gold_per_floor":[113,113,263,83,83,83,95,95,95,95,111,125,139,166,166,245,245,259,259,259],"floor_reached":19,"language":"ENG","playtime":662,"items_purged":["Doubt"],"score":494,"play_id":"34c0334a-2072-491f-bed8-190264daf221","local_time":"20210129102624","is_ascension_mode":true,"campfire_choices":[{"data":"Zap","floor":6,"key":"SMITH"},{"data":"Ball Lightning","floor":8,"key":"SMITH"},{"floor":10,"key":"REST"},{"data":"Sweeping Beam","floor":15,"key":"SMITH"}],"circlet_count":0,"master_deck":["AscendersBane","Strike_B","Strike_B","Strike_B","Strike_B","Defend_B","Defend_B","Defend_B","Defend_B","Zap+1","Dualcast","Crystallizer+1","Sweeping Beam+1","Sweeping Beam","Impatience","Steam+1","Injury","Self Repair+1","Ball Lightning+1","Heatsinks+1","Seek","Hologram+1"],"relics":["Cracked Core","Frozen Egg 2","infinitespire:CheckeredPen","ReplayFunnel","hubris:VirtuousBlindfold"],"acts_visited":["Exordium","TheCity"],"potions_floor_usage":[14,16],"damage_taken":[{"damage":4,"enemies":"Jaw Worm","floor":1,"turns":4},{"damage":3,"enemies":"2 Louse","floor":7,"turns":2},{"damage":1,"enemies":"Cultist","floor":11,"turns":3},{"damage":0,"enemies":"2 Fungi Beasts","floor":12,"turns":2},{"damage":8,"enemies":"Blue Slaver","floor":13,"turns":3},{"damage":20,"enemies":"3 Sentries","floor":14,"turns":4},{"damage":28,"enemies":"Fading Forest","floor":16,"turns":11},{"damage":35,"enemies":"2 Thieves","floor":18,"turns":3},{"damage":46,"enemies":"3 Byrds","floor":19,"turns":3}],"seed_played":"2674678007298168535","potions_obtained":[{"floor":1,"key":"Strength Potion"},{"floor":13,"key":"Adrenaline Potion"}],"is_trial":false,"path_per_floor":["M","?","?","$","?","R","M","R","T","R","M","M","M","E","R","B",null,"M","M"],"character_chosen":"DEFECT","items_purchased":["Crystallizer+1","Sweeping Beam","Impatience","Self Repair+1","Ball Lightning"],"campfire_rested":1,"item_purchase_floors":[0,0,0,4,4],"current_hp_per_floor":[49,49,49,49,49,49,46,46,46,67,71,71,71,61,61,51,66,41,0,0],"gold":259,"neow_bonus":"","is_daily":false,"chose_seed":false,"campfire_upgraded":3,"win_rate":0.0,"timestamp":1611915984,"path_taken":["M","?","?","$","?","R","?","R","T","R","M","M","M","E","R","BOSS","M","M"],"items_purchased_type":["Card","Card","Card","Card","Card"],"build_version":"2020-12-22","purchased_purges":1,"victory":false,"max_hp_per_floor":[71,71,71,71,71,71,71,71,71,71,71,71,71,71,71,71,71,71,71,71],"card_choices":[{"not_picked":["Crystallizer","Streamline"],"picked":"Steam","floor":1},{"not_picked":["Cold Snap","Turbo","Tempest"],"picked":"SKIP","floor":7},{"not_picked":["Cold Snap","Streamline"],"picked":"Heatsinks+1","floor":11},{"not_picked":["Sunder","BasicCrystalCard","Cold Snap"],"picked":"SKIP","floor":12},{"not_picked":["Streamline","Hologram","ReplayGash"],"picked":"SKIP","floor":13},{"not_picked":["Genetic Algorithm","Steam Power","Go for the Eyes"],"picked":"SKIP","floor":14},{"not_picked":["Core Surge","ReplayTheSpireMod:Omega Cannon"],"picked":"Seek","floor":16},{"not_picked":["Steam Power","Gash"],"picked":"Hologram+1","floor":18}],"player_experience":303675,"relics_obtained":[{"floor":9,"key":"infinitespire:CheckeredPen"},{"floor":14,"key":"ReplayFunnel"}],"event_choices":[{"damage_healed":0,"gold_gain":150,"player_choice":"AGREE","damage_taken":0,"max_hp_gain":0,"max_hp_loss":0,"event_name":"Liars Game","floor":3,"gold_loss":0,"cards_obtained":["Doubt"]},{"damage_healed":0,"gold_gain":0,"player_choice":"Upgraded","damage_taken":0,"max_hp_gain":0,"max_hp_loss":0,"event_name":"Upgrade Shrine","floor":5,"gold_loss":0,"cards_upgraded":["Steam"]}],"is_beta":false,"boss_relics":[{"not_picked":["aspiration:BursterCore","Ectoplasm"],"picked":"hubris:VirtuousBlindfold"}],"items_purged_floors":[4],"is_endless":false,"potions_floor_spawned":[1,13],"killed_by":"3 Byrds","ascension_level":17}}