{"host":"snjtcuf7krqplf70","time":1611947567,"event":{"mods":["AchievementEnabler","BaseMod","Colored Map","Colored Powertips","Minty Spire (QoL Compilation)","StSLib"],"gold_per_floor":[367,379,379,389,61,61,81,109,109,109,126,126,126,140,140,263,263,283,302,302,56,71,94,94,94],"floor_reached":24,"language":"ENG","playtime":956,"items_purged":["Strike_P","Defend_P"],"score":263,"play_id":"26bd8ba1-db49-4435-ba15-d15440639738","local_time":"20210129111247","is_ascension_mode":true,"campfire_choices":[{"data":"Eruption","floor":6,"key":"SMITH"},{"floor":10,"key":"RECALL"},{"data":"Wallop","floor":15,"key":"SMITH"}],"circlet_count":0,"master_deck":["Strike_P","Strike_P","Strike_P","Defend_P+1","Defend_P+1","Eruption+1","Vigilance","FlurryOfBlows","Indignation","FollowUp","Wallop+1","Blind","Prostrate","InnerPeace","Judgement","SashWhip","CutThroughFate"],"relics":["PureWater","Mercury Hourglass","War Paint","Golden Idol","Philosopher\u0027s Stone","Akabeko"],"acts_visited":["Exordium","TheCity"],"potions_floor_usage":[16,18,19,20],"damage_taken":[{"damage":3,"enemies":"2 Louse","floor":1,"turns":2},{"damage":0,"enemies":"Cultist","floor":2,"turns":2},{"damage":0,"enemies":"Jaw Worm","floor":4,"turns":3},{"damage":0,"enemies":"2 Fungi Beasts","floor":7,"turns":2},{"damage":32,"enemies":"Gremlin Nob","floor":8,"turns":3},{"damage":0,"enemies":"Exordium Thugs","floor":11,"turns":3},{"damage":0,"enemies":"3 Louse","floor":14,"turns":2},{"damage":0,"enemies":"Slime Boss","floor":16,"turns":5},{"damage":0,"enemies":"3 Byrds","floor":18,"turns":2},{"damage":1,"enemies":"Shell Parasite","floor":19,"turns":3},{"damage":6,"enemies":"Snake Plant","floor":22,"turns":3},{"damage":29,"enemies":"Centurion and Healer","floor":23,"turns":3}],"seed_played":"-2694942972277780851","potions_obtained":[{"floor":1,"key":"BottledMiracle"},{"floor":7,"key":"Explosive Potion"},{"floor":8,"key":"Ambrosia"},{"floor":16,"key":"SpeedPotion"},{"floor":18,"key":"BottledMiracle"},{"floor":19,"key":"DuplicationPotion"},{"floor":20,"key":"Fruit Juice"},{"floor":20,"key":"Dexterity Potion"}],"is_trial":false,"path_per_floor":["M","M","?","M","$","R","M","E","T","R","M","?","?","M","R","B",null,"M","M","?","$","M","M","$"],"character_chosen":"WATCHER","items_purchased":["Mercury Hourglass","Akabeko"],"campfire_rested":0,"item_purchase_floors":[5,21],"current_hp_per_floor":[62,62,62,62,62,62,62,30,30,30,30,30,30,30,30,30,60,60,59,64,64,58,29,29,29],"gold":94,"neow_bonus":"TWO_FIFTY_GOLD","is_daily":false,"chose_seed":false,"campfire_upgraded":2,"win_rate":0.0,"timestamp":1611947567,"path_taken":["M","M","?","M","$","R","?","E","T","R","M","?","?","M","R","BOSS","M","M","?","?","M","M","$"],"items_purchased_type":["Relic","Relic"],"build_version":"2020-12-22","purchased_purges":2,"victory":false,"max_hp_per_floor":[65,65,65,65,65,65,65,65,65,65,65,60,60,60,60,60,60,60,60,65,65,65,65,65,65],"card_choices":[{"not_picked":["MentalFortress","FlyingSleeves"],"picked":"FlurryOfBlows","floor":1},{"not_picked":["Swivel","SandsOfTime"],"picked":"Indignation","floor":2},{"not_picked":["Weave","Wallop","Protect"],"picked":"SKIP","floor":4},{"not_picked":["Weave","CutThroughFate","Fasting2"],"picked":"SKIP","floor":7},{"not_picked":["Blasphemy","PathToVictory"],"picked":"Prostrate","floor":8},{"not_picked":["CutThroughFate","Protect","Vengeance"],"picked":"SKIP","floor":11},{"not_picked":["Perseverance","ReachHeaven"],"picked":"InnerPeace","floor":14},{"not_picked":["Wish","DeusExMachina"],"picked":"Judgement","floor":16},{"not_picked":["Protect+1","ClearTheMind"],"picked":"SashWhip","floor":18},{"not_picked":["Adaptation","Perseverance","JustLucky"],"picked":"SKIP","floor":19},{"not_picked":["WindmillStrike","Sanctity+1"],"picked":"CutThroughFate","floor":22},{"not_picked":["JustLucky","ThirdEye+1","Crescendo"],"picked":"SKIP","floor":23}],"player_experience":141035,"relics_obtained":[{"floor":8,"key":"War Paint"}],"event_choices":[{"damage_healed":0,"gold_gain":0,"player_choice":"3 cards matched","damage_taken":0,"max_hp_gain":0,"max_hp_loss":0,"event_name":"Match and Keep!","floor":3,"gold_loss":0,"cards_obtained":["FollowUp","Wallop","Blind"]},{"damage_healed":0,"gold_gain":0,"player_choice":"Lose Max HP","damage_taken":0,"relics_obtained":["Golden Idol"],"max_hp_gain":0,"max_hp_loss":5,"event_name":"Golden Idol","floor":12,"gold_loss":0},{"cards_removed":["Defend_P"],"damage_healed":0,"gold_gain":0,"player_choice":"Forget","damage_taken":0,"max_hp_gain":0,"max_hp_loss":0,"event_name":"Living Wall","floor":13,"gold_loss":0},{"damage_healed":0,"gold_gain":0,"player_choice":"Got Potions","damage_taken":0,"max_hp_gain":0,"max_hp_loss":0,"event_name":"Lab","floor":20,"gold_loss":0}],"is_beta":false,"boss_relics":[{"not_picked":["SlaversCollar","Velvet Choker"],"picked":"Philosopher\u0027s Stone"}],"items_purged_floors":[5,21],"is_endless":false,"potions_floor_spawned":[1,7,8,16,18,19],"ascension_level":1}}