{"host":"u0qetpmu4y58k1tf","time":1611930182,"event":{"mods":["AchievementEnabler","BaseMod","Colored Map","Colored Powertips","Hermit","Marisa£¨Ùöéë¡¡Øª×âÞÞ£©","Minty Spire (QoL Compilation)","Replay The Spire","StSLib","SuperFastMode","The Bug Knight","The Cursed","The Hierophant","The Runesmith"],"gold_per_floor":[117,128,128,57,57,92,108,138,218,28,38,38,64,75,75,170,170,187,286,318,334,234,269,269,64,89,126,171,189,195,195],"floor_reached":30,"language":"KOR","playtime":1117,"items_purged":["Strike_R","Strike_R","Strike_R"],"score":360,"play_id":"048114d9-ee4c-4398-a069-d912b3ac0925","local_time":"20210129232302","is_ascension_mode":true,"campfire_choices":[{"data":"Spot Weakness","floor":12,"key":"SMITH"},{"floor":15,"key":"REST"}],"circlet_count":0,"master_deck":["Strike_R","Defend_R","Defend_R","Defend_R","Defend_R","Bash","Hemokinesis","Rupture+1","Offering","Warcry","Bloodletting","Intimidate","Spot Weakness+1","Clash","Disarm","Reaper","Warcry","Replay:Undeath\u0027s Touch","Second Wind","Hemokinesis","Replay:Undeath\u0027s Touch+1","Flex","Warcry+1"],"relics":["Burning Blood","NeowsBlessing","Mercury Hourglass","Darkstone Periapt","Onion Ring","Another Sword","Sozu","Red Mask","Replay:Bandana","Replay:Baseball","Pen Nib"],"acts_visited":["Exordium","TheCity"],"potions_floor_usage":[8,8,13],"damage_taken":[{"damage":0,"enemies":"2 Louse","floor":1,"turns":1},{"damage":0,"enemies":"Cultist","floor":2,"turns":1},{"damage":0,"enemies":"3 Sentries","floor":6,"turns":1},{"damage":8,"enemies":"Jaw Worm","floor":7,"turns":4},{"damage":26,"enemies":"Lagavulin","floor":8,"turns":5},{"damage":15,"enemies":"Exordium Wildlife","floor":11,"turns":2},{"damage":28,"enemies":"3 Sentries","floor":13,"turns":5},{"damage":0,"enemies":"Looter","floor":14,"turns":1},{"damage":43,"enemies":"The Guardian","floor":16,"turns":7},{"damage":19,"enemies":"3 Byrds","floor":18,"turns":5},{"damage":8,"enemies":"Masked Bandits","floor":20,"turns":2},{"damage":8,"enemies":"Chosen","floor":21,"turns":3},{"damage":78,"enemies":"Slavers","floor":23,"turns":6},{"damage":16,"enemies":"3 Cultists","floor":27,"turns":3},{"damage":42,"enemies":"Gremlin Leader","floor":28,"turns":5},{"damage":44,"enemies":"Snecko","floor":29,"turns":5},{"damage":8,"enemies":"Snake Plant","floor":30,"turns":1}],"seed_played":"-7870981279894140287","potions_obtained":[{"floor":1,"key":"SkillPotion"},{"floor":2,"key":"Milkshake"},{"floor":8,"key":"FearPotion"},{"floor":16,"key":"Doom Potion"}],"is_trial":false,"path_per_floor":["M","M","?","$","T","E","M","E","T","$","M","R","E","M","R","B",null,"M","?","?","M","$","E","?","$","T","M","E","M","M"],"character_chosen":"IRONCLAD","items_purchased":["Offering","Bloodletting","Intimidate","Replay:Undeath\u0027s Touch+1","Flex"],"campfire_rested":1,"item_purchase_floors":[4,10,10,25,25],"current_hp_per_floor":[80,80,80,80,80,80,78,58,58,58,49,49,27,33,57,20,80,75,75,80,78,78,42,42,42,42,65,29,7,0,0],"gold":195,"neow_bonus":"THREE_ENEMY_KILL","is_daily":false,"chose_seed":false,"campfire_upgraded":1,"win_rate":0.0,"timestamp":1611930182,"path_taken":["M","M","?","$","?","E","M","E","T","?","M","R","E","M","R","BOSS","M","?","?","M","$","E","?","$","T","?","E","M","M"],"items_purchased_type":["Card","Card","Card","Card","Card"],"build_version":"2020-12-22","purchased_purges":3,"victory":false,"max_hp_per_floor":[80,80,80,80,80,80,80,80,80,80,80,80,80,80,80,80,80,80,80,80,80,80,80,80,80,80,80,80,80,80,80],"card_choices":[{"not_picked":["Disarm","Abandon"],"picked":"Hemokinesis","floor":1},{"not_picked":["Anger","Wild Strike"],"picked":"Rupture","floor":2},{"not_picked":["Armaments","Replay:Many Hands","Dark Embrace"],"picked":"SKIP","floor":6},{"not_picked":["Perfected Strike","Anger"],"picked":"Warcry","floor":7},{"not_picked":["Shockwave","Armaments","Juggernaut"],"picked":"SKIP","floor":8},{"not_picked":["Perfected Strike","Seeing Red"],"picked":"Spot Weakness","floor":11},{"not_picked":["Corruption","Rupture"],"picked":"Clash","floor":13},{"not_picked":["Reckless Charge","Perfected Strike"],"picked":"Disarm","floor":14},{"not_picked":["Bludgeon","Offering"],"picked":"Reaper","floor":16},{"not_picked":["Replay:Undeath\u0027s Touch","ReplayTheSpireMod:Strike From Hell"],"picked":"Warcry","floor":18},{"not_picked":["Sword Boomerang","Entrench"],"picked":"Replay:Undeath\u0027s Touch","floor":20},{"not_picked":["Juggernaut","True Grit+1"],"picked":"Second Wind","floor":21},{"not_picked":["Abandon","Thunderclap"],"picked":"Hemokinesis","floor":23},{"not_picked":["Twin Strike","ReplayReversal+1","True Grit+1"],"picked":"SKIP","floor":27},{"not_picked":["Twin Strike","Shrug It Off","Second Wind"],"picked":"SKIP","floor":28},{"not_picked":["Headbutt","Feel No Pain"],"picked":"Warcry+1","floor":29}],"player_experience":61958,"relics_obtained":[{"floor":6,"key":"Mercury Hourglass"},{"floor":8,"key":"Darkstone Periapt"},{"floor":9,"key":"Onion Ring"},{"floor":13,"key":"Another Sword"},{"floor":20,"key":"Red Mask"},{"floor":23,"key":"Replay:Bandana"},{"floor":26,"key":"Replay:Baseball"},{"floor":28,"key":"Pen Nib"}],"event_choices":[{"damage_healed":0,"gold_gain":0,"player_choice":"Upgraded","damage_taken":0,"max_hp_gain":0,"max_hp_loss":0,"event_name":"Upgrade Shrine","floor":3,"gold_loss":0,"cards_upgraded":["Rupture"]},{"damage_healed":0,"gold_gain":99,"player_choice":"Stole From Cult","damage_taken":0,"max_hp_gain":0,"max_hp_loss":0,"event_name":"Nest","floor":19,"gold_loss":0},{"damage_healed":0,"gold_gain":0,"player_choice":"Fought Bandits","damage_taken":0,"max_hp_gain":0,"max_hp_loss":0,"event_name":"Masked Bandits","floor":20,"gold_loss":0},{"cards_removed":["Strike_R"],"damage_healed":0,"gold_gain":0,"player_choice":"Elegance","damage_taken":0,"max_hp_gain":0,"max_hp_loss":0,"event_name":"Back to Basics","floor":24,"gold_loss":0}],"is_beta":false,"boss_relics":[{"not_picked":["Kintsugi","Cursed Key"],"picked":"Sozu"}],"items_purged_floors":[10,22,25],"is_endless":false,"potions_floor_spawned":[1,2,8,16,18,20,27],"killed_by":"Snake Plant","ascension_level":3}}