{"host":"ty7uytdfitsmf36k","time":1611933649,"event":{"mods":["AchievementEnabler","BaseMod","Colored Map","Colored Powertips","DeckTracker","Downfall","Infinite Spire","Minty Spire (QoL Compilation)","Relic Stats","Replay The Spire","Spire Arcade","StSLib","SuperFastMode","The Jungle","Wandering Minibosses"],"gold_per_floor":[0,13,13,24,9,24,48,48,63,114,126,126,138,150,170,272,272,272,292,310,310,310,410,410,410,436,448,478,478,478,478,478],"floor_reached":30,"language":"ENG","playtime":1384,"items_purged":[],"score":242,"play_id":"051b517a-1948-44f0-a098-08fb433667bd","local_time":"20210129102049","is_ascension_mode":false,"campfire_choices":[{"data":"champ:Strike","floor":1,"key":"PURGE"},{"data":"champ:ShieldThrow","floor":8,"key":"SMITH"},{"data":"champ:SteelEdge","floor":12,"key":"SMITH"},{"data":"champ:RageSigil","floor":18,"key":"SMITH"},{"data":"champ:LastStand","floor":29,"key":"SMITH"}],"circlet_count":0,"master_deck":["champ:Strike","champ:Strike","champ:Strike","champ:Defend","champ:Defend","champ:Defend","champ:Defend","champ:Execute","champ:Taunt+1","champ:SteelEdge+1","champ:Haymaker+1","champ:EnragedBash","champ:FaceSlap","champ:ShieldThrow+1","champ:EnGarde","champ:RageSigil+1","champ:MurderStrike+1","ReplayTheSpireMod:Doomed","Sickly","Clumsy","champ:AdrenalArmor","champ:LastStand+1"],"relics":["champ:ChampionCrown","Bronze Scales","Ancient Tea Set","Replay:Ancient Bell","champ:DefensiveTrainingManual","White Beast Statue","Calipers","Whetstone","Incense Burner"],"acts_visited":["Exordium","theJungle:Jungle"],"potions_floor_usage":[14,16,19,27,28,28,30],"damage_taken":[{"damage":10,"enemies":"Cultist","floor":2,"turns":4},{"damage":28,"enemies":"infinitespire:Voidling","floor":4,"turns":4},{"damage":5,"enemies":"downfall:FleeingMerchant","floor":5,"turns":4},{"damage":5,"enemies":"Jaw Worm","floor":6,"turns":4},{"damage":0,"enemies":"2 Fungi Beasts","floor":9,"turns":3},{"damage":0,"enemies":"Blue Slaver","floor":11,"turns":3},{"damage":10,"enemies":"Red Slaver","floor":13,"turns":2},{"damage":14,"enemies":"Lots of Slimes","floor":14,"turns":4},{"damage":15,"enemies":"Red Slaver","floor":15,"turns":3},{"damage":96,"enemies":"DF_ARCHETYPE_STREAMLINE","floor":16,"turns":12},{"damage":26,"enemies":"theJungle:MUSHROOMGANG","floor":19,"turns":4},{"damage":42,"enemies":"theJungle:5_Spyders","floor":20,"turns":7},{"damage":24,"enemies":"theJungle:2_Snecko_Cultists","floor":27,"turns":4},{"damage":94,"enemies":"theJungle:2_Phrogs","floor":28,"turns":9},{"damage":22,"enemies":"theJungle:Cassacara","floor":30,"turns":2}],"seed_played":"3041180459708803879","potions_obtained":[{"floor":2,"key":"Dexterity Potion"},{"floor":6,"key":"LifebloodPotion"},{"floor":11,"key":"champ:UltimateStancePotion"},{"floor":16,"key":"Block Potion"},{"floor":19,"key":"Dexterity Potion"},{"floor":20,"key":"Swift Potion"},{"floor":27,"key":"Fire Potion"},{"floor":28,"key":"Explosive Potion"}],"is_trial":false,"path_per_floor":["R_BF","M","?","M","$","M","T","R","M","T","M","R","M","M","M","B",null,"R","M","M","?","?","?","PTL","PTL","T","M","E","R","E"],"character_chosen":"THE_CHAMP","items_purchased":[],"campfire_rested":0,"item_purchase_floors":[],"current_hp_per_floor":[90,90,90,82,82,82,82,82,82,82,82,82,82,88,83,57,90,90,84,77,77,72,72,72,72,72,63,22,22,0,0,0],"gold":478,"neow_bonus":"THREE_RARE_CARDS","is_daily":false,"chose_seed":false,"campfire_upgraded":4,"win_rate":0.0,"timestamp":1611933649,"path_taken":["R_BF","M","?","?","?","M","T","R","M","?","?","R","M","M","M","BOSS","R","M","M","?","?","?","PTL","PTL","T","?","E","R","E"],"items_purchased_type":[],"build_version":"2020-12-22","purchased_purges":0,"victory":false,"max_hp_per_floor":[90,90,90,90,90,90,90,90,90,90,90,90,90,90,90,90,90,90,90,90,90,95,95,95,95,95,95,95,95,95,95,95],"relic_stats":{"counters":[15,69],"Bronze Scales":[129],"Whetstone":["champ:Haymaker","champ:MurderStrike"],"obtain_stats":[{"Calipers":17,"champ:DefensiveTrainingManual":17,"Bronze Scales":7,"champ:ChampionCrown":0,"Replay:Ancient Bell":17,"Incense Burner":28,"Whetstone":26,"Ancient Tea Set":10,"White Beast Statue":17},{"Calipers":10,"champ:DefensiveTrainingManual":10,"Bronze Scales":4,"champ:ChampionCrown":0,"Replay:Ancient Bell":10,"Incense Burner":14,"Whetstone":12,"Ancient Tea Set":5,"White Beast Statue":10},{"Calipers":43,"champ:DefensiveTrainingManual":43,"Bronze Scales":16,"champ:ChampionCrown":0,"Replay:Ancient Bell":43,"Incense Burner":67,"Whetstone":54,"Ancient Tea Set":19,"White Beast Statue":43}]},"card_choices":[{"not_picked":["champ:HoldFirm","champ:MurderStrike"],"picked":"champ:SteelEdge","floor":0},{"not_picked":["champ:RapidStrikes","champ:Circumvent"],"picked":"champ:Haymaker","floor":2},{"not_picked":["champ:TornadoPunch","champ:Haymaker"],"picked":"champ:EnragedBash","floor":4},{"not_picked":["champ:EnragedBash","champ:RisingSlash"],"picked":"champ:FaceSlap","floor":5},{"not_picked":["champ:Backstep","champ:FlashCut"],"picked":"champ:ShieldThrow","floor":6},{"not_picked":["champ:CrownThrow","champ:BerserkersShout"],"picked":"champ:EnGarde","floor":9},{"not_picked":["champ:PreemptiveStrike","champ:Haymaker","champ:Devastate"],"picked":"SKIP","floor":11},{"not_picked":["champ:FalseCounter","champ:Shatter","champ:FaceSlap"],"picked":"SKIP","floor":13},{"not_picked":["champ:ArenaPreparation","champ:FancyFootwork"],"picked":"champ:RageSigil","floor":14},{"not_picked":["champ:HeartStrike","champ:ShieldSigil","champ:CrownThrow"],"picked":"SKIP","floor":15},{"not_picked":["champ:SteelEdge","champ:CheapShot"],"picked":"champ:MurderStrike","floor":16},{"not_picked":["Decay","ReplayTheSpireMod:Restless Dread"],"picked":"ReplayTheSpireMod:Doomed","floor":17},{"not_picked":["Languid","downfall:Aged"],"picked":"Sickly","floor":17},{"not_picked":["Writhe","Normality"],"picked":"Clumsy","floor":17},{"not_picked":["champ:PerfectedStrike","champ:TornadoPunch"],"picked":"champ:AdrenalArmor","floor":19},{"not_picked":["champ:GladiatorStyle","champ:TornadoPunch+1","champ:BerserkersShout"],"picked":"SKIP","floor":20},{"not_picked":["champ:GutPunch","champ:DefensiveShout","champ:SetATrap"],"picked":"SKIP","floor":27},{"not_picked":["champ:ArenaPreparation","champ:CrownThrow+1"],"picked":"champ:LastStand","floor":28}],"player_experience":200199,"relics_obtained":[{"floor":7,"key":"Bronze Scales"},{"floor":10,"key":"Ancient Tea Set"},{"floor":26,"key":"Whetstone"},{"floor":28,"key":"Incense Burner"}],"event_choices":[],"is_beta":false,"boss_relics":[{"not_picked":["Replay:Fungal Core","Cursed Key"],"picked":"Replay:Ancient Bell"},{"not_picked":["Replay:Wax Seal","sneckomod:BlankCard"],"picked":"champ:DefensiveTrainingManual"},{"not_picked":["Divine Protection","Slimebound:PreparedRelic"],"picked":"White Beast Statue"},{"not_picked":["infinitespire:CursedDice","Replay:PocketPolymizer"],"picked":"Calipers"}],"items_purged_floors":[],"is_endless":false,"potions_floor_spawned":[2,6,11,13,16,19,20,27,28],"killed_by":"theJungle:Cassacara","ascension_level":0}}