{"host":"kk2i87xhq8q4h0un","time":1611897195,"event":{"mods":["BaseMod","Minty Spire (QoL Compilation)","Shop Mod","StSLib"],"gold_per_floor":[12,12,12,187,137,137,160,160,160,160,185,2,2,15,15,105,105,128,128,142,160,160,160,184,35,35,35,35,73,73,73,73],"floor_reached":31,"language":"ENG","playtime":1774,"items_purged":[],"score":495,"play_id":"c8829e3c-4f2d-46be-b29b-6a966a8d6432","local_time":"20210128211315","is_ascension_mode":true,"campfire_choices":[{"data":"Dash","floor":6.0,"key":"SMITH"},{"data":"Bouncing Flask","floor":10.0,"key":"SMITH"},{"data":"Acrobatics","floor":13.0,"key":"SMITH"},{"floor":15.0,"key":"REST"},{"data":"Bullet Time","floor":23.0,"key":"SMITH"},{"data":"Leg Sweep","floor":28,"key":"SMITH"},{"floor":30,"key":"REST"}],"circlet_count":0,"master_deck":["AscendersBane","Strike_G","Strike_G","Strike_G","Strike_G","Strike_G","Defend_G","Defend_G","Defend_G","Defend_G","Defend_G","Survivor","Neutralize+1","Dash+1","Bouncing Flask+1","Backstab+1","Acrobatics+1","Acrobatics","Bullet Time+1","Crippling Poison","Leg Sweep+1","Night Terror","Blur"],"relics":["Ring of the Snake","WingedGreaves","Golden Idol","Pen Nib","Molten Egg 2","ClockworkSouvenir","HoveringKite","Enchiridion","Snake Skull","Tingsha","White Beast Statue"],"acts_visited":["Exordium","TheCity"],"potions_floor_usage":[29],"damage_taken":[{"damage":2.0,"enemies":"Cultist","floor":1.0,"turns":4.0},{"damage":2.0,"enemies":"Small Slimes","floor":7.0,"turns":5.0},{"damage":0.0,"enemies":"Jaw Worm","floor":11.0,"turns":4.0},{"damage":0.0,"enemies":"2 Fungi Beasts","floor":14.0,"turns":2.0},{"damage":0.0,"enemies":"The Guardian","floor":16.0,"turns":9.0},{"damage":0.0,"enemies":"Spheric Guardian","floor":18.0,"turns":3.0},{"damage":26.0,"enemies":"3 Byrds","floor":20.0,"turns":6.0},{"damage":1.0,"enemies":"Snake Plant","floor":21.0,"turns":6.0},{"damage":2.0,"enemies":"3 Cultists","floor":24.0,"turns":5.0},{"damage":12,"enemies":"Slavers","floor":29,"turns":7},{"damage":29,"enemies":"Sentry and Sphere","floor":31,"turns":7}],"seed_played":"-190202446639874737","potions_obtained":[{"floor":7.0,"key":"Strength Potion"},{"floor":11.0,"key":"DuplicationPotion"},{"floor":14.0,"key":"Block Potion"},{"floor":16.0,"key":"CunningPotion"},{"floor":21.0,"key":"Strength Potion"},{"floor":29,"key":"EssenceOfSteel"}],"is_trial":false,"path_per_floor":["M","?","?","?","?","R","M","?","T","R","M","$","R","M","R","B",null,"M","?","M","M","?","R","M","$","T","?","R","E","R","M"],"character_chosen":"THE_SILENT","items_purchased":["ClockworkSouvenir","Acrobatics","Snake Skull"],"campfire_rested":2,"item_purchase_floors":[12,12,25],"current_hp_per_floor":[57,41,41,41,41,41,39,21,21,21,21,21,21,21,40,40,60,60,44,18,17,17,17,15,15,15,15,15,3,22,0,0],"gold":73,"neow_bonus":"ONE_RARE_RELIC","is_daily":false,"chose_seed":false,"campfire_upgraded":5,"win_rate":0.0,"timestamp":1611897195,"path_taken":["M","?","?","?","?","R","M","?","T","R","?","$","R","M","R","BOSS","M","?","M","M","?","R","M","$","T","?","R","E","R","?"],"items_purchased_type":["Relic","Card","Relic"],"build_version":"2020-12-22","purchased_purges":0,"victory":false,"max_hp_per_floor":[66,66,66,66,66,66,66,66,66,66,66,66,66,66,66,66,66,66,66,66,66,66,66,66,66,66,66,66,66,66,66,66],"card_choices":[{"not_picked":["Prepared","Backflip"],"picked":"Dash","floor":1.0},{"not_picked":["Blade Dance","Flying Knee"],"picked":"Bouncing Flask","floor":7.0},{"not_picked":["Finisher+1","Sucker Punch+1"],"picked":"Backstab+1","floor":11.0},{"not_picked":["Deflect","Expertise"],"picked":"Acrobatics","floor":14.0},{"not_picked":["Corpse Explosion","Wraith Form v2"],"picked":"Bullet Time","floor":16.0},{"not_picked":["Prepared","Dagger Spray+1","Flechettes+1"],"picked":"SKIP","floor":18.0},{"not_picked":["Dodge and Roll","Bouncing Flask"],"picked":"Crippling Poison","floor":20.0},{"not_picked":["Cloak And Dagger","Crippling Poison"],"picked":"Leg Sweep","floor":21.0},{"not_picked":["Dagger Throw+1","Dagger Spray+1","Setup+1"],"picked":"SKIP","floor":24.0},{"not_picked":["Unload+1","Expertise"],"picked":"Blur","floor":29}],"player_experience":1012865,"relics_obtained":[{"floor":9.0,"key":"Molten Egg 2"},{"floor":19.0,"key":"Enchiridion"},{"floor":26.0,"key":"Tingsha"},{"floor":29,"key":"White Beast Statue"}],"event_choices":[{"damage_healed":0.0,"max_hp_gain":0.0,"max_hp_loss":0.0,"gold_gain":0.0,"event_name":"Golden Idol","player_choice":"Take Damage","floor":2.0,"gold_loss":0.0,"damage_taken":16.0,"relics_obtained":["Golden Idol"]},{"damage_healed":0.0,"max_hp_gain":0.0,"max_hp_loss":0.0,"gold_gain":0.0,"event_name":"Living Wall","player_choice":"Grow","floor":3.0,"gold_loss":0.0,"damage_taken":0.0,"cards_upgraded":["Neutralize"]},{"damage_healed":0.0,"max_hp_gain":0.0,"max_hp_loss":0.0,"gold_gain":175.0,"event_name":"Liars Game","player_choice":"AGREE","floor":4.0,"gold_loss":0.0,"damage_taken":0.0,"cards_obtained":["Doubt"]},{"cards_removed":["Doubt"],"damage_healed":0.0,"max_hp_gain":0.0,"max_hp_loss":0.0,"gold_gain":0.0,"event_name":"The Cleric","player_choice":"Card Removal","floor":5.0,"gold_loss":50.0,"damage_taken":0.0},{"damage_healed":0.0,"max_hp_gain":0.0,"max_hp_loss":0.0,"gold_gain":0.0,"event_name":"Scrap Ooze","player_choice":"Success","floor":8.0,"gold_loss":0.0,"damage_taken":18.0,"relics_obtained":["Pen Nib"]},{"damage_healed":0.0,"max_hp_gain":0.0,"max_hp_loss":0.0,"gold_gain":0.0,"event_name":"Cursed Tome","player_choice":"Obtained Book","floor":19.0,"gold_loss":0.0,"damage_taken":16.0},{"damage_healed":0.0,"max_hp_gain":0.0,"max_hp_loss":0.0,"gold_gain":0.0,"event_name":"The Mausoleum","player_choice":"Ignored","floor":22.0,"gold_loss":0.0,"damage_taken":0.0},{"damage_healed":0,"gold_gain":0,"player_choice":"1 cards matched","damage_taken":0,"max_hp_gain":0,"max_hp_loss":0,"event_name":"Match and Keep!","floor":27,"gold_loss":0,"cards_obtained":["Night Terror"]}],"is_beta":false,"boss_relics":[{"not_picked":["Velvet Choker","Black Star"],"picked":"HoveringKite"}],"items_purged_floors":[],"is_endless":false,"potions_floor_spawned":[7,11,14,16,21,29],"killed_by":"Sentry and Sphere","ascension_level":14}}