{"host":"g907ck67u7c3hrs6","time":1611915129,"event":{"mods":["BaseMod","Colored Map","DeckTracker","Highlight Path","Keyboard Shortcuts","Minty Spire (QoL Compilation)","Permanent Neow","Say the Spire","SuperFastMode"],"gold_per_floor":[109,109,71,90,110,143,143,177,177,177,512,526,544,137,137,239,239,259,270,270,170,95,95,130,144,194,194,210,229,261,273,273,378,378,393,393,409,30,43,43,72,72,72,106,116,135,165,178,178,178],"floor_reached":51,"language":"KOR","playtime":1513,"items_purged":["Strike_B","Pain"],"score":1074,"play_id":"f5ef196a-79ce-46de-965b-68911230bf7a","local_time":"20210129191209","daily_mods":["Cursed Run","Uncertain Future","Elite Swarm"],"is_ascension_mode":false,"campfire_choices":[{"data":"Fusion","floor":7,"key":"SMITH"},{"data":"Defragment","floor":10,"key":"SMITH"},{"data":"Sunder","floor":15,"key":"SMITH"},{"data":"Double Energy","floor":23,"key":"SMITH"},{"data":"Fusion","floor":27,"key":"SMITH"},{"data":"Coolheaded","floor":32,"key":"SMITH"},{"data":"Buffer","floor":40,"key":"SMITH"},{"data":"Amplify","floor":42,"key":"SMITH"},{"data":"Defragment","floor":49,"key":"SMITH"}],"circlet_count":0,"master_deck":["Strike_B","Strike_B","Defend_B","Defend_B","Defend_B","Defend_B","Zap+1","Dualcast","Sunder+1","Defragment+1","Fusion+1","Core Surge+1","Core Surge+1","Parasite","Meteor Strike+1","Hologram","Electrodynamics","Master of Strategy","Echo Form","Double Energy+1","Echo Form","Core Surge+1","Fusion+1","Shame","Sweeping Beam+1","Coolheaded+1","Electrodynamics","White Noise+1","Shame","Buffer+1","Turbo","Self Repair","Tempest","Hologram+1","Amplify+1","Writhe","Biased Cognition","Defragment+1","Skim","Creative AI","Turbo","Doubt"],"relics":["Cursed Key","Darkstone Periapt","Du-Vu Doll","Molten Egg 2","Gambling Chip","Thread and Needle","Old Coin","Runic Pyramid","Mercury Hourglass","MealTicket","Akabeko","SacredBark","Letter Opener","Lee\u0027s Waffle","Happy Flower","PreservedInsect","Question Card","Lantern"],"acts_visited":["Exordium","TheCity","TheBeyond"],"potions_floor_usage":[33,47,50,50,50,50,50],"damage_taken":[{"damage":0,"enemies":"2 Louse","floor":1,"turns":3},{"damage":0,"enemies":"Small Slimes","floor":4,"turns":2},{"damage":3,"enemies":"Jaw Worm","floor":5,"turns":4},{"damage":22,"enemies":"Lagavulin","floor":6,"turns":8},{"damage":20,"enemies":"3 Sentries","floor":8,"turns":7},{"damage":1,"enemies":"Gremlin Nob","floor":11,"turns":3},{"damage":1,"enemies":"Exordium Thugs","floor":12,"turns":3},{"damage":4,"enemies":"Gremlin Gang","floor":13,"turns":3},{"damage":28,"enemies":"Hexaghost","floor":16,"turns":9},{"damage":15,"enemies":"Chosen","floor":18,"turns":4},{"damage":0,"enemies":"Spheric Guardian","floor":19,"turns":2},{"damage":25,"enemies":"Slavers","floor":24,"turns":3},{"damage":0,"enemies":"Snecko","floor":25,"turns":4},{"damage":12,"enemies":"Centurion and Healer","floor":28,"turns":3},{"damage":2,"enemies":"3 Cultists","floor":29,"turns":3},{"damage":14,"enemies":"Gremlin Leader","floor":30,"turns":5},{"damage":1,"enemies":"Chosen and Byrds","floor":31,"turns":3},{"damage":13,"enemies":"Collector","floor":33,"turns":5},{"damage":16,"enemies":"Orb Walker","floor":35,"turns":3},{"damage":18,"enemies":"3 Darklings","floor":37,"turns":3},{"damage":0,"enemies":"Maw","floor":39,"turns":4},{"damage":31,"enemies":"Nemesis","floor":41,"turns":7},{"damage":14,"enemies":"Reptomancer","floor":44,"turns":2},{"damage":0,"enemies":"Transient","floor":45,"turns":5},{"damage":0,"enemies":"Sphere and 2 Shapes","floor":46,"turns":2},{"damage":0,"enemies":"Giant Head","floor":47,"turns":4},{"damage":18,"enemies":"Writhing Mass","floor":48,"turns":5},{"damage":0,"enemies":"Donu and Deca","floor":50,"turns":5}],"seed_played":"-8697093741429828563","potions_obtained":[{"floor":1,"key":"Regen Potion"},{"floor":4,"key":"SpeedPotion"},{"floor":8,"key":"SteroidPotion"},{"floor":13,"key":"Strength Potion"},{"floor":33,"key":"DuplicationPotion"},{"floor":45,"key":"EntropicBrew"},{"floor":47,"key":"Fruit Juice"},{"floor":48,"key":"Swift Potion"}],"is_trial":true,"path_per_floor":["M","?","$","M","M","E","R","E","T","R","E","M","M","$","R","B",null,"M","M","?","$","?","R","E","M","T","R","M","M","E","M","R","B",null,"M","?","M","$","M","R","E","R","T","E","M","M","E","M","R","B",null],"character_chosen":"DEFECT","items_purchased":["Sunder","Electrodynamics","Master of Strategy","Self Repair","Tempest","Lee\u0027s Waffle","EssenceOfSteel"],"campfire_rested":0,"item_purchase_floors":[3,14,14,38,38,38,38],"current_hp_per_floor":[75,75,75,75,72,50,50,30,36,36,35,34,30,30,30,8,87,72,72,72,72,72,72,47,47,53,53,41,39,25,24,24,31,99,83,83,65,106,106,106,89,89,95,81,88,88,98,87,87,93],"gold":178,"neow_bonus":"","is_daily":false,"chose_seed":false,"campfire_upgraded":9,"win_rate":0.0,"timestamp":1611915129,"path_taken":["M","?","$","M","?","E","R","E","T","R","E","M","M","?","R","BOSS","M","M","?","$","?","R","E","M","T","R","M","?","E","M","R","BOSS","M","?","?","$","M","R","E","R","T","E","M","M","E","?","R","BOSS"],"items_purchased_type":["Card","Card","Card","Card","Card","Relic","Potion"],"build_version":"2020-12-22","purchased_purges":2,"victory":true,"max_hp_per_floor":[75,75,75,75,75,75,75,75,81,81,81,81,81,81,81,87,87,87,87,87,87,87,87,87,87,93,93,93,93,93,93,93,99,99,99,99,99,106,106,106,106,106,112,112,112,112,122,122,122,128],"card_choices":[{"not_picked":["Stack","Barrage","Redo"],"picked":"SKIP","floor":1},{"not_picked":["White Noise","Auto Shields"],"picked":"Defragment","floor":4},{"not_picked":["Cold Snap","Compile Driver"],"picked":"Fusion","floor":5},{"not_picked":["Thunder Strike+1","Creative AI"],"picked":"Core Surge+1","floor":6},{"not_picked":["Hyperbeam+1","Machine Learning"],"picked":"Core Surge+1","floor":8},{"not_picked":["Multi-Cast","Fission"],"picked":"Meteor Strike+1","floor":11},{"not_picked":["Steam","Redo","Stack"],"picked":"SKIP","floor":12},{"not_picked":["Stack","Conserve Battery"],"picked":"Hologram","floor":13},{"not_picked":["All For One+1","Core Surge+1"],"picked":"Echo Form","floor":16},{"not_picked":["Leap","Streamline+1","Barrage+1"],"picked":"SKIP","floor":18},{"not_picked":["Conserve Battery+1","Cold Snap+1"],"picked":"Double Energy","floor":19},{"not_picked":["Reboot","Multi-Cast"],"picked":"Core Surge+1","floor":24},{"not_picked":["Loop","Undo"],"picked":"Fusion","floor":25},{"not_picked":["Steam+1","Gash+1"],"picked":"Sweeping Beam+1","floor":28},{"not_picked":["Rebound+1","Sweeping Beam+1"],"picked":"Coolheaded","floor":29},{"not_picked":["Fission","Rainbow"],"picked":"Electrodynamics","floor":30},{"not_picked":["Rebound+1","Sweeping Beam+1"],"picked":"White Noise+1","floor":31},{"not_picked":["Creative AI","Thunder Strike+1"],"picked":"Buffer","floor":33},{"not_picked":["Streamline+1","Steam+1","Gash+1"],"picked":"SKIP","floor":35},{"not_picked":["Leap+1","Streamline+1"],"picked":"Turbo","floor":37},{"not_picked":["Fusion","Cold Snap+1"],"picked":"Hologram+1","floor":39},{"not_picked":["Reboot","Creative AI"],"picked":"Amplify","floor":41},{"not_picked":["Core Surge+1","Amplify"],"picked":"Biased Cognition","floor":44},{"not_picked":["Ball Lightning+1","Chill+1","Leap"],"picked":"Defragment","floor":45},{"not_picked":["Melter+1","Coolheaded","Rip and Tear+1"],"picked":"Skim","floor":46},{"not_picked":["Amplify","Fission","Multi-Cast"],"picked":"Creative AI","floor":47},{"not_picked":["Darkness","Cold Snap+1","Sweeping Beam+1"],"picked":"Turbo","floor":48}],"player_experience":244022,"relics_obtained":[{"floor":6,"key":"Molten Egg 2"},{"floor":8,"key":"Gambling Chip"},{"floor":9,"key":"Thread and Needle"},{"floor":11,"key":"Old Coin"},{"floor":24,"key":"Mercury Hourglass"},{"floor":26,"key":"MealTicket"},{"floor":30,"key":"Akabeko"},{"floor":41,"key":"Happy Flower"},{"floor":43,"key":"PreservedInsect"},{"floor":44,"key":"Question Card"},{"floor":47,"key":"Lantern"}],"event_choices":[{"damage_healed":0,"gold_gain":0,"player_choice":"Forge","damage_taken":0,"max_hp_gain":0,"max_hp_loss":0,"event_name":"Accursed Blacksmith","floor":2,"gold_loss":0,"cards_upgraded":["Zap"]},{"damage_healed":0,"gold_gain":0,"player_choice":"Read","damage_taken":0,"max_hp_gain":0,"max_hp_loss":0,"event_name":"The Library","floor":20,"gold_loss":0,"cards_obtained":["Echo Form"]},{"cards_removed":["Strike_B"],"damage_healed":0,"gold_gain":0,"player_choice":"Gave Gold","damage_taken":0,"max_hp_gain":0,"max_hp_loss":0,"event_name":"Beggar","floor":22,"gold_loss":75},{"damage_healed":0,"gold_gain":0,"player_choice":"Gave Potion","damage_taken":0,"relics_obtained":["Letter Opener"],"max_hp_gain":0,"max_hp_loss":0,"event_name":"WeMeetAgain","floor":36,"gold_loss":0}],"is_beta":false,"boss_relics":[{"not_picked":["Fusion Hammer","Snecko Eye"],"picked":"Runic Pyramid"},{"not_picked":["Inserter","Philosopher\u0027s Stone"],"picked":"SacredBark"}],"items_purged_floors":[14,21],"is_endless":false,"potions_floor_spawned":[1,4,8,13,18,29,30,33,35,41,45,47,48],"ascension_level":0}}