{"host":"40gggw0x72bpm5se","time":1611944902,"event":{"mods":["ATMod(°¢èªMod)","Act Like it!","Aspiration","BaseMod","Better Vampires","Colored Map","Conspire","Energized Spire","Friendly Minions","Gensokyo","GungeonMod","GungeonMod Extend","Infinite Spire","Koishi","Library of Ruina","Library of Ruina Extra","Lobotomy","LobotomyExtend","Minty Spire (QoL Compilation)","MostiFishMod","Quarter Circle Forward PUNCH!","Quick Restart","Relic Filter Mod","Relic Stats","Replay The Spire","RumiaBox-Â¶Ã×æ«µÄÉñÃØºÐ×Ó","Shop Mod","Spicy Shops","StSLib","TestMod","The Alterego","UnlockEverythingMod","Waifu the Spire","Youmu£¨»êÆÇÑýÃÎ£©","[LAZYMAN]RSMod","¡¾¹¦ÄÜMod¡¿»ìãçÖ®»·ÐÞ¸´²¹¶¡","¡¾ÒÅÎï¿¨ÅÆ¡¿REMEMod","Ä§½ä"],"gold_per_floor":[117,156,172,21,21,49,49,81,81,109,109,109,164,184,184,285,285,298,50,60,73,73,133,133,158,184,184,184,184,184,203,203,203,203,308,308,327,339,339,339,388,388,422,422,422,422,447,480,492,508,508,508],"floor_reached":53,"language":"ZHS","playtime":3380,"items_purged":["LightAttack","LightDefense"],"score":1350,"play_id":"d72467b4-759f-438d-834a-f642d50d79f5","local_time":"20210130022822","is_ascension_mode":true,"campfire_choices":[{"data":"UnavoidableGaze","floor":7.0,"key":"SMITH"},{"data":"testmod-DisillusionmentEcho","floor":12.0,"key":"SMITH"},{"floor":24.0,"key":"RECALL"},{"data":"ToOvercomeCrisis","floor":32.0,"key":"SMITH"},{"data":"UnforgettableMelody","floor":34.0,"key":"SMITH"},{"data":"SunsetBlade","floor":42,"key":"SMITH"},{"data":"Pot Of Greed","floor":46,"key":"SMITH"},{"floor":51,"key":"DIG"}],"circlet_count":0,"master_deck":["Dodge","LightDefense","LightDefense","LightDefense","FocusedStrikes","testmod-DisillusionmentEcho+1","AT_FamilyPortrait","Secret Technique","WaitUp+1","FrontalAssault","UnforgettableMelody+1","UnavoidableGaze+1","YourShield","GrazeTheGrass","TheRedNotes","Thirst","CrackOfDawn","GuidanceOfTheGears","Cruelty","WildCard","QuickSuppression+1","SunsetBlade","SunsetBlade+1","Faith+1","BoundaryOfDeath","SilentMist","ToOvercomeCrisis+1","Voices","Pot Of Greed","Pot Of Greed","Pot Of Greed+1","Normality","Hallucinations","Delirium","Delirium","ReplayTheSpireMod:Splinters","Injury","Gensokyo:AllTheWorldsEvil"],"relics":["PageOfLibrarian","REME_ComplimentaryCards","AT_ATBox","testmod-TestBox","DaveBox","testmod-Prudence","HereWithMe","SynthV:TestCard","Baka","LetterFromLob","dwlrmod:ProjectRecorder","BirthdayGift-Tetrahedron","Happy Flower","PreservedInsect","testmod-CyclicPeriapt","infinitespire:ShieldingShard","PageOfSingingMachine","aspiration:Nostalgia","PureWater","Black Star","PageOfMercenary","testmod-Prudence","Pocketwatch","Kunai","Letter Opener","DemoMod:SerJunkan","PageOfSnowWhitesApple","MutagenicStrength","infinitespire:Satchel","Transparent","testmod-Charity","ReplayTheSpireMod:Ring of Addiction","Chameleon Ring","Toy Ornithopter","Ring of Greed","Tiny Chest","Smiling Mask","dwlrmod:NightmareFuel","Grinning Jar","ReplayTheSpireMod:Lightbulb","Singing Bowl","DemoMod:Junk","PlanX","Replay:Bottled Steam","Nunchaku"],"acts_visited":["Gensokyo:Gensokyo","TheCity","Gensokyo:Gensokyoest"],"potions_floor_usage":[43,53,53,53],"damage_taken":[{"damage":0.0,"enemies":"Gensokyo:Gryphon","floor":1.0,"turns":3.0},{"damage":1.0,"enemies":"Gensokyo:3_Fairies","floor":2.0,"turns":6.0},{"damage":7.0,"enemies":"Gensokyo:3_Fairies","floor":3.0,"turns":4.0},{"damage":2.0,"enemies":"Gensokyo:Aya","floor":6.0,"turns":2.0},{"damage":7.0,"enemies":"Gensokyo:Cirno","floor":8.0,"turns":4.0},{"damage":1.0,"enemies":"Gensokyo:Mamizou","floor":10.0,"turns":3.0},{"damage":2.0,"enemies":"Gensokyo:Cirno","floor":13.0,"turns":3.0},{"damage":0.0,"enemies":"Gensokyo:Python","floor":14.0,"turns":2.0},{"damage":5.0,"enemies":"Gensokyo:Reimu","floor":16.0,"turns":2.0},{"damage":1.0,"enemies":"Shell Parasite","floor":18.0,"turns":2.0},{"damage":0.0,"enemies":"conspire:FuzzyDice","floor":20.0,"turns":2.0},{"damage":0.0,"enemies":"conspire:HollyBat","floor":21.0,"turns":3.0},{"damage":16.0,"enemies":"Replay:Snechameleon","floor":23.0,"turns":2.0},{"damage":50.0,"enemies":"Nightmare","floor":25.0,"turns":5.0},{"damage":0.0,"enemies":"Centurion and Healer","floor":31.0,"turns":3.0},{"damage":0.0,"enemies":"conspire:MysteriousRune","floor":35.0,"turns":3.0},{"damage":44,"enemies":"Gensokyo:3_Bats","floor":37,"turns":1},{"damage":41,"enemies":"Gensokyo:AncientGuardian","floor":38,"turns":1},{"damage":90,"enemies":"Gensokyo:AncientGuardian","floor":43,"turns":4},{"damage":115,"enemies":"Gensokyo:AncientGuardian","floor":48,"turns":5},{"damage":26,"enemies":"Gensokyo:SeedOfUnknown","floor":49,"turns":1},{"damage":46,"enemies":"Nightmare","floor":50,"turns":2},{"damage":31,"enemies":"Gensokyo:Yuyuko","floor":52,"turns":1},{"damage":115,"enemies":"Malkuth","floor":53,"turns":3},{"damage":97,"enemies":"Yesod","floor":53,"turns":3},{"damage":117,"enemies":"Chesed","floor":53,"turns":3}],"seed_played":"4957290077338860468","potions_obtained":[{"floor":3.0,"key":"Block Potion"},{"floor":6.0,"key":"PowerPotion"},{"floor":13.0,"key":"LiquidBronze"},{"floor":14.0,"key":"FairyPotion"},{"floor":23.0,"key":"Block Potion"},{"floor":31.0,"key":"DistilledChaos"},{"floor":48,"key":"Weak Potion"}],"is_trial":false,"path_per_floor":["M","?","M","COS","?","E","R","E","T","E","?","R","E","M","R_BF","B",null,"M","$","M","M","?","E","R","NM","T","?","PTL","PTL","?","M","R","AVR","R","B",null,"M","M","?","AVR","?","R","E","?","T","R","T","E","M","NM","R_BF","B",null],"character_chosen":"Librarian","items_purchased":["PageOfMercenary"],"campfire_rested":0,"item_purchase_floors":[19],"current_hp_per_floor":[60,59,52,52,52,50,50,43,43,42,53,53,51,51,84,79,113,112,112,112,112,112,96,96,46,46,46,46,46,46,46,46,46,46,46,253,170,114,114,114,115,115,116,116,116,115,114,85,123,126,126,126],"gold":1506,"neow_bonus":"COLORLESS_CARD","is_daily":false,"chose_seed":false,"campfire_upgraded":6,"win_rate":0.0,"timestamp":1611944902,"path_taken":["M","?","M","COS","?","E","R","E","T","E","?","R","E","?","R_BF","BOSS","M","$","M","M","?","E","R","NM","T","?","PTL","PTL","?","M","R","AVR","R","BOSS","M","M","?","AVR","?","R","E","?","T","R","?","E","M","NM","R_BF","BOSS"],"items_purchased_type":["Relic"],"build_version":"2020-12-22","purchased_purges":2,"victory":true,"max_hp_per_floor":[83,113,113,113,113,113,113,113,113,113,113,113,113,113,113,113,113,113,113,113,113,113,113,113,253,253,253,253,253,253,253,253,253,253,253,253,253,114,114,114,115,115,116,116,116,115,114,120,123,126,126,126],"relic_stats":{"Happy Flower":[21],"Singing Bowl":8,"counters":[27,77],"PreservedInsect":365,"Letter Opener":[164],"Smiling Mask":0,"Nunchaku":[4],"Tiny Chest":0,"Black Star":5,"Kunai":[30],"obtain_stats":[{"dwlrmod:ProjectRecorder":3,"AT_ATBox":0,"DaveBox":0,"Singing Bowl":45,"DemoMod:GlassGuonStoneRelic":10,"PageOfSingingMachine":10,"Smiling Mask":41,"testmod-Charity":40,"Nunchaku":51,"testmod-Prudence":0,"infinitespire:ShieldingShard":9,"PageOfMercenary":19,"Chameleon Ring":41,"HereWithMe":0,"Tiny Chest":41,"Kunai":23,"PageOfSnowWhitesApple":26,"BirthdayGift-Tetrahedron":4,"Replay:Bottled Steam":48,"DemoMod:Junk":47,"testmod-TestBox":0,"Happy Flower":5,"aspiration:Nostalgia":13,"ReplayTheSpireMod:Ring of Addiction":41,"PreservedInsect":6,"testmod-CyclicPeriapt":8,"Baka":1,"Letter Opener":25,"Ring of Greed":41,"PageOfLibrarian":0,"dwlrmod:NightmareFuel":43,"SynthV:TestCard":1,"Transparent":36,"MutagenicStrength":30,"PlanX":48,"infinitespire:Satchel":33,"DemoMod:SerJunkan":25,"LetterFromLob":1,"Black Star":17,"PureWater":13,"Grinning Jar":43,"ReplayTheSpireMod:Lightbulb":43,"Toy Ornithopter":41,"REME_ComplimentaryCards":0,"Pocketwatch":23},{"dwlrmod:ProjectRecorder":3,"AT_ATBox":0,"DaveBox":0,"Singing Bowl":19,"DemoMod:GlassGuonStoneRelic":6,"PageOfSingingMachine":6,"Smiling Mask":18,"testmod-Charity":18,"Nunchaku":22,"testmod-Prudence":0,"infinitespire:ShieldingShard":5,"PageOfMercenary":10,"Chameleon Ring":18,"HereWithMe":0,"Tiny Chest":18,"Kunai":13,"PageOfSnowWhitesApple":14,"BirthdayGift-Tetrahedron":3,"Replay:Bottled Steam":20,"DemoMod:Junk":19,"testmod-TestBox":0,"Happy Flower":3,"aspiration:Nostalgia":7,"ReplayTheSpireMod:Ring of Addiction":18,"PreservedInsect":4,"testmod-CyclicPeriapt":5,"Baka":1,"Letter Opener":14,"Ring of Greed":18,"PageOfLibrarian":0,"dwlrmod:NightmareFuel":19,"SynthV:TestCard":1,"Transparent":16,"MutagenicStrength":14,"PlanX":20,"infinitespire:Satchel":15,"DemoMod:SerJunkan":14,"LetterFromLob":1,"Black Star":9,"PureWater":7,"Grinning Jar":19,"ReplayTheSpireMod:Lightbulb":19,"Toy Ornithopter":18,"REME_ComplimentaryCards":0,"Pocketwatch":13},{"dwlrmod:ProjectRecorder":13,"AT_ATBox":0,"DaveBox":0,"Singing Bowl":55,"DemoMod:GlassGuonStoneRelic":22,"PageOfSingingMachine":22,"Smiling Mask":51,"testmod-Charity":51,"Nunchaku":63,"testmod-Prudence":0,"infinitespire:ShieldingShard":19,"PageOfMercenary":31,"Chameleon Ring":51,"HereWithMe":0,"Tiny Chest":51,"Kunai":38,"PageOfSnowWhitesApple":43,"BirthdayGift-Tetrahedron":13,"Replay:Bottled Steam":60,"DemoMod:Junk":55,"testmod-TestBox":0,"Happy Flower":13,"aspiration:Nostalgia":25,"ReplayTheSpireMod:Ring of Addiction":51,"PreservedInsect":15,"testmod-CyclicPeriapt":19,"Baka":3,"Letter Opener":43,"Ring of Greed":51,"PageOfLibrarian":0,"dwlrmod:NightmareFuel":55,"SynthV:TestCard":3,"Transparent":49,"MutagenicStrength":43,"PlanX":60,"infinitespire:Satchel":46,"DemoMod:SerJunkan":43,"LetterFromLob":3,"Black Star":29,"PureWater":25,"Grinning Jar":55,"ReplayTheSpireMod:Lightbulb":55,"Toy Ornithopter":51,"REME_ComplimentaryCards":0,"Pocketwatch":38}],"Toy Ornithopter":20,"Pocketwatch":[6]},"card_choices":[{"not_picked":["SuppressingShot","HandleRequest","Standoff","Diversion","QuickSuppression","IngredientHunt","UnavoidableGaze","Clone"],"picked":"WaitUp","floor":1.0},{"not_picked":["Riposte","GaleKick","ClassAndRespect","Unlock1","TraceOfFumes","QuickSuppression","MultiHit","TimeForALittleTest","Standoff","Eliminate"],"picked":"FrontalAssault","floor":2.0},{"not_picked":["Faith","HiddenBlade","Punishment","UpbeatPerformance","DefenseOrder","BindingChains","StructuralAnalysis","Parry","AutomatedMovement","SuppressingShot"],"picked":"QuickSuppression","floor":3.0},{"not_picked":["ICanCookAnything","ExtremeEdge","Struggle","Diversion","EnergyShield","ViolentFlame","Ripple","Duel_lor","QuickAttack","ElectricShock"],"picked":"UnforgettableMelody","floor":6.0},{"not_picked":["ForTheFamily","Eliminate","GreatSerpentsImpact","Duel_lor","DestructiveImpact","Fence","VenomousFangs","Wallop_lor","DaringDecision","AsThePrescriptOrders"],"picked":"UnavoidableGaze","floor":6.0},{"not_picked":["Wallop_lor","WildCard","PuppetBlockade","IronWall","UpbeatPerformance","Laceration","Thirst","EnergyShield","Leap_lor","BurningFlash"],"picked":"YourShield","floor":6.0},{"not_picked":["ViolentFlame","TieShanKao","FierceCharge","FaintMemories","MultiBlock","DarkCloud","StrongStrike","DefenseOrder","RapidGashes","EnergyShield"],"picked":"GrazeTheGrass","floor":6.0},{"not_picked":["ToOvercomeCrisis","Overcharge","SnakeSlit","SerpentineBarrier","UnavoidableGaze","AsThePrescriptOrders","Juggling","NonstopAssault","SweepTheBackstreets","StrikeDown"],"picked":"TheRedNotes","floor":8.0},{"not_picked":["NightInTheBackstreets","Wallop_lor","MindCrush","SturdyDefense","WillOfThePrescript","GreatSerpentsImpact","Crush","IdentifyWeakpoint","SuppressingShot","StrongStrike"],"picked":"Thirst","floor":10.0},{"not_picked":["EnergyCycle","Reload","SuppressingShot","PuppetBlockade","CookingPrep","ViolentFlame","BiteOff","AGoldenOpportunity","SpearedSweep","Creak"],"picked":"CrackOfDawn","floor":13.0},{"not_picked":["FleetEdge","Tailoring","SerpentSwordTechnique","FieryWaltz","SpearedSweep","MultiHit","Thirst","HiddenBlade","ClassAndRespect","CircusKnives"],"picked":"GuidanceOfTheGears","floor":14.0},{"not_picked":["Eradication","SavageMode","ScratchThat","FleshFillet"],"picked":"Cruelty","floor":16.0},{"not_picked":["AssaultOrder","StrongStrike","Concentration+1","UnavoidableGaze","SnakesPrey+1","Quickness","HandleRequest+1","StructuralAnalysis","EndlessBattle+1","CircusKnives+1"],"picked":"WildCard","floor":18.0},{"not_picked":["HandleRequest","StrongStrike","StrikeDown","VenomousFangs","Slice_lor+1","QuickAttack+1","StartinOutLightly+1","SharpSwipe","Gigigig","Faith+1"],"picked":"QuickSuppression+1","floor":20.0},{"not_picked":["FlashOfSunup","FervidEmotions+1","BackstreetsDash","UnavoidableGaze","ButterflySlash+1","HiddenBlade","Standoff","UpbeatPerformance","Parry","Leap_lor"],"picked":"SunsetBlade","floor":21.0},{"not_picked":["FeatherShield","Pound","FleetEdge","SerpentSwordTechnique","GoinFirst","DevastatingThrash+1","WillProduceFineSilk","FlowOfTheSword","CutIn","Parry2"],"picked":"Faith+1","floor":23.0},{"not_picked":["HandleRequest","QuickSuppression+1","Leap_lor","AutonomousRush","CrackOfDawn","WildCard","BackAttack","Rewind","FlamingDragonFist","FleetFootsteps+1"],"picked":"BoundaryOfDeath","floor":25.0},{"not_picked":["AsThePrescriptOrders","FocusFire","Parry","SmokingPipe","MultiBlock+1","FleetEdge","ExtractFuel+1","Unlock1","SpearedSweep","Riposte"],"picked":"SilentMist","floor":31.0},{"not_picked":["WildCard","HandlingWork","MultiHit+1","SmokingPipe","Tailoring","FrontalAssault","Overpower","Multislash","Diversion","SnakeSlit+1"],"picked":"ToOvercomeCrisis","floor":31.0},{"not_picked":["UpbeatPerformance+1","Wallop_lor","Parry","OpportunitySpotted","HighKick+1","SerpentSwordTechnique+1","StrongStrike+1","NonstopAssault","Slice_lor","YoureTooSlow","IngredientHunt"],"picked":"SKIP","floor":31.0},{"not_picked":["Juggling","Rewind","LeRegole","Wallop_lor+1","QuickSuppression","WillOfThePrescript","FleetEdge","Feast+1","Parry","FieryWaltz","SunsetBlade"],"picked":"SKIP","floor":31.0},{"not_picked":["FormingStorm","Castigation","Disposal","ScratchThat"],"picked":"WillProduceFineSilk","floor":35.0},{"not_picked":["SinglePointStab","DarkCloud","FleetFootsteps","ReadyUp","Diversion","Wallop_lor","Thrust","StrongStrike","Rewind","TrashDisposal","SharpNails+1"],"picked":"SKIP","floor":37},{"not_picked":["GrazeTheGrass","AGoldenOpportunity+1","UpbeatPerformance+1","RatsGuideToSurvival+1","FeelinGood+1","Leap_lor","PuppetBlockade+1","EnergyCycle+1","FleetFootsteps","Parry","DevastatingThrash"],"picked":"SKIP","floor":38},{"not_picked":["Thrust+1","MindWhip","VioletBlade+1","SomberProcuration+1","NightInTheBackstreets+1","Faith","HighKick+1","Outburst","SavageMode","FlowOfTheSword+1","Diversion+1"],"picked":"SKIP","floor":43},{"not_picked":["Leap_lor","ElectricShock","BackstreetsDash+1","ShockRound","FleshFillet","Marionette","Thrust","SenseQuarry","SmokingPipe","QuickSuppression+1","DesperateStruggle"],"picked":"Singing Bowl","floor":48},{"not_picked":["MultiHit","ReadyUp+1","Reload+1","InhaleSmoke+1","Leap_lor","QuickAttack","FendThisOffIfYouCan","DirtyBlow+1","ChargeUp","SinglePointStab+1","DarkCloud+1"],"picked":"Singing Bowl","floor":49},{"not_picked":["dwlrmod:Botchling","dwlrmod:Ghorrifist","dwlrmod:CascadingDisaster","dwlrmod:GralTheShark"],"picked":"Singing Bowl","floor":50},{"not_picked":["Juggling+1","SuppressingShot+1","Creak+1","FendThisOffIfYouCan","MultiHit","BiteOff+1","SerpentSwordTechnique+1","SkyClearingCut+1","GroundSmash","RulesOfTheBackstreets","UnavoidableGaze"],"picked":"Singing Bowl","floor":50}],"player_experience":92915,"relics_obtained":[{"floor":1.0,"key":"SynthV:TestCard"},{"floor":1.0,"key":"Baka"},{"floor":1.0,"key":"LetterFromLob"},{"floor":3.0,"key":"dwlrmod:ProjectRecorder"},{"floor":6.0,"key":"PreservedInsect"},{"floor":8.0,"key":"testmod-CyclicPeriapt"},{"floor":9.0,"key":"infinitespire:ShieldingShard"},{"floor":10.0,"key":"PageOfSingingMachine"},{"floor":13.0,"key":"aspiration:Nostalgia"},{"floor":21.0,"key":"testmod-Prudence"},{"floor":23.0,"key":"Pocketwatch"},{"floor":23.0,"key":"Kunai"},{"floor":25.0,"key":"Letter Opener"},{"floor":25.0,"key":"DemoMod:SerJunkan"},{"floor":26.0,"key":"PageOfSnowWhitesApple"},{"floor":41,"key":"ReplayTheSpireMod:Ring of Addiction"},{"floor":41,"key":"Chameleon Ring"},{"floor":41,"key":"Toy Ornithopter"},{"floor":41,"key":"Ring of Greed"},{"floor":41,"key":"Tiny Chest"},{"floor":41,"key":"Smiling Mask"},{"floor":43,"key":"dwlrmod:NightmareFuel"},{"floor":43,"key":"Grinning Jar"},{"floor":43,"key":"ReplayTheSpireMod:Lightbulb"},{"floor":45,"key":"Singing Bowl"},{"floor":47,"key":"DemoMod:Junk"},{"floor":48,"key":"PlanX"},{"floor":48,"key":"Replay:Bottled Steam"},{"floor":50,"key":"DemoMod:Junk"},{"floor":50,"key":"DemoMod:Junk"},{"floor":51,"key":"Nunchaku"}],"event_choices":[{"damage_healed":0.0,"max_hp_gain":0.0,"max_hp_loss":0.0,"gold_gain":0.0,"event_name":"The Library","player_choice":"Read","floor":22.0,"gold_loss":0.0,"damage_taken":0.0,"cards_obtained":["SunsetBlade"]},{"cards_removed":["LightAttack"],"damage_healed":0.0,"max_hp_gain":0.0,"max_hp_loss":0.0,"gold_gain":0.0,"event_name":"Back to Basics","player_choice":"Elegance","floor":27.0,"gold_loss":0.0,"damage_taken":0.0},{"damage_healed":0.0,"max_hp_gain":0.0,"max_hp_loss":0.0,"gold_gain":0.0,"event_name":"Drug Dealer","player_choice":"Inject Mutagens","floor":30.0,"gold_loss":0.0,"damage_taken":0.0,"relics_obtained":["MutagenicStrength"]}],"is_beta":false,"boss_relics":[{"not_picked":["testmod-BloodSacrificeSpiritualization","testmod-KeyOfTheVoid"],"picked":"Black Star"},{"not_picked":["qcfpunch:Killian_Engine_Alpha","DemoExt:Clone"],"picked":"Transparent"}],"items_purged_floors":[33,40],"is_endless":false,"potions_floor_spawned":[3,6,13,14,23,25,31,48],"ascension_level":1}}