{"host":"juoup3p5tvzzktl5","time":1611882916,"event":{"mods":["ATMod(∞¢Ë™Mod)","Aspiration","BaseMod","Better Vampires","BetterRewards","Colored Map","Colored Powertips","Friendly Minions","GifTheSpireLib","Hermit","Hubris","Infinite Spire","KinomotoSakuraMod(ƒæ÷Æ±æ”£)","Koishi","KomeijiMod","Marisa£®ÏF”Í°°ƒß¿Ì…≥£©","Minty Spire (QoL Compilation)","Quick Restart","Reimu£®≤©¿ˆ¡È√Œ£©","Relic Filter Mod","Reliquary","Replay The Spire","Shop Mod","StSLib","The Administrix","The Alterego","The Bug Knight","The Construct","The Cursed","The Jungle","The Mystic","The Runesmith","The Senshi","Youmu£®ªÍ∆«—˝√Œ£©","Yuyuko"],"gold_per_floor":[25,37,49,49,69,97,97,22,99,117,142,42,75,85,85,162,162,174,188,188,188,188],"floor_reached":21,"language":"ZHS","playtime":1049,"items_purged":["Defend_R","Defend_R"],"score":382,"play_id":"b95c7367-f0a3-462d-b800-341df0966963","local_time":"20210129101516","is_ascension_mode":true,"campfire_choices":[{"data":"Eruption","floor":7.0,"key":"SMITH"}],"circlet_count":0,"master_deck":["AscendersBane","Strike_R","Strike_R","Strike_R","Strike_R","Strike_R","Defend_R","Defend_R","Inflame","Clash","Clash","ReplayTheSpireMod:Strike From Hell","Heavy Blade","Bloodletting","Eruption+1","Hemogenesis+1","Hemokinesis","hubris:StunningStrike","Carnage"],"relics":["AT_ATBox","Replay:M_SmolderingBlood","aspiration:HatOfInfinitePower","Toxic Egg 2","Odd Mushroom","reliquary:Firecrackers","reliquary:WritOfMandamus"],"acts_visited":["Exordium","TheCity"],"potions_floor_usage":[18,21],"damage_taken":[{"damage":7.0,"enemies":"Cultist","floor":1.0,"turns":4.0},{"damage":0.0,"enemies":"Small Slimes","floor":2.0,"turns":2.0},{"damage":0.0,"enemies":"2 Louse","floor":3.0,"turns":1.0},{"damage":13.0,"enemies":"Exordium Wildlife","floor":5.0,"turns":3.0},{"damage":8.0,"enemies":"3 Sentries","floor":6.0,"turns":2.0},{"damage":10.0,"enemies":"Gremlin Gang","floor":10.0,"turns":3.0},{"damage":12.0,"enemies":"The Mushroom Lair","floor":11.0,"turns":2.0},{"damage":29.0,"enemies":"Replay:BlueRogue","floor":13.0,"turns":4.0},{"damage":6.0,"enemies":"Looter","floor":14.0,"turns":2.0},{"damage":38.0,"enemies":"Hexaghost","floor":16.0,"turns":7.0},{"damage":25,"enemies":"2 Thieves","floor":18,"turns":3},{"damage":50,"enemies":"3 Byrds","floor":19,"turns":5},{"damage":2,"enemies":"Snake Plant","floor":21,"turns":2}],"seed_played":"6936896307356239426","potions_obtained":[{"floor":1.0,"key":"CalmPotion"},{"floor":3.0,"key":"Explosive Potion"},{"floor":11.0,"key":"BloodPotion"},{"floor":14.0,"key":"GamblersBrew"},{"floor":16.0,"key":"Explosive Potion"},{"floor":18,"key":"FearPotion"}],"is_trial":false,"path_per_floor":["M","M","M","?","M","E","R","$","T","M","?","$","E","M","R_BF","B",null,"M","M","?","M"],"character_chosen":"IRONCLAD","items_purchased":["Inflame","Clash"],"campfire_rested":0,"item_purchase_floors":[0,0],"current_hp_per_floor":[67,73,75,75,62,54,54,54,54,44,32,32,18,12,34,7,58,41,2,2,0,0],"gold":188,"neow_bonus":"","is_daily":false,"chose_seed":false,"campfire_upgraded":1,"win_rate":0.0,"timestamp":1611882916,"path_taken":["M","M","?","?","M","E","R","$","T","M","?","$","E","M","R_BF","BOSS","M","M","?","M"],"items_purchased_type":["Card","Card"],"build_version":"2020-12-22","purchased_purges":2,"victory":false,"max_hp_per_floor":[75,75,75,75,75,75,75,75,75,75,75,75,75,75,75,75,75,75,75,75,75,75],"card_choices":[{"not_picked":["Iron Wave","Havoc"],"picked":"ReplayTheSpireMod:Strike From Hell","floor":1.0},{"not_picked":["Body Slam","AT_IchimonjiDouble"],"picked":"Heavy Blade","floor":2.0},{"not_picked":["Heavy Blade","Fire Breathing"],"picked":"Bloodletting","floor":3.0},{"not_picked":["Reckless Charge","Shockwave"],"picked":"Hemogenesis","floor":5.0},{"not_picked":["Power Through","Crescendo","Dual Wield"],"picked":"SKIP","floor":6.0},{"not_picked":["Entrench+1","Combust","Dark Embrace"],"picked":"SKIP","floor":10.0},{"not_picked":["ReplayTheSpireMod:LeadingStrike","BowlingBash"],"picked":"Hemokinesis","floor":13.0},{"not_picked":["Disarm+1","Replay:Undeath\u0027s Touch","Sentinel+1"],"picked":"SKIP","floor":14.0},{"not_picked":["Impervious+1","Demonic Infusion+1"],"picked":"hubris:StunningStrike","floor":16.0},{"not_picked":["Ghostly Armor+1","Clothesline"],"picked":"Carnage","floor":18},{"not_picked":["Anger","hubris:ReadiedAction+1","Feel No Pain"],"picked":"SKIP","floor":19}],"player_experience":1078658,"relics_obtained":[{"floor":6.0,"key":"aspiration:HatOfInfinitePower"},{"floor":9.0,"key":"Toxic Egg 2"},{"floor":11.0,"key":"Odd Mushroom"},{"floor":13.0,"key":"reliquary:Firecrackers"}],"event_choices":[{"damage_healed":0.0,"max_hp_gain":0.0,"max_hp_loss":0.0,"gold_gain":0.0,"event_name":"Mushrooms","player_choice":"Fought Mushrooms","floor":11.0,"gold_loss":0.0,"damage_taken":0.0}],"is_beta":false,"boss_relics":[{"not_picked":["aspiration:FutureDiary","Runesmith:UraniumAnvil"],"picked":"reliquary:WritOfMandamus"}],"items_purged_floors":[8,12],"is_endless":false,"potions_floor_spawned":[1,3,11,14,16,18],"killed_by":"Snake Plant","ascension_level":20}}