{"host":"rspt8ghchagqewrq","time":1611957145,"event":{"mods":["AchievementEnabler","BaseMod","Colored Map","Colored Powertips","Minty Spire (QoL Compilation)","Quick Restart"],"gold_per_floor":[99,99,99,99,99,99,99,99,99,99,99,99,99,99,99,99,99,99,99,99,99,99,99,99,99,99,99,99,99,99,99,99,99,99,99,99,99,99,99,99,99,99,99,99,99,30,30,30,30,30,30],"floor_reached":50,"language":"FRA","playtime":3180,"items_purged":[],"score":578,"play_id":"b0a6fdf1-b80b-4e2c-aeb6-019e6d39ea61","local_time":"20210129225225","is_ascension_mode":false,"campfire_choices":[{"floor":7.0,"key":"REST"},{"data":"Backstab","floor":12.0,"key":"SMITH"},{"data":"Backstab","floor":15.0,"key":"SMITH"},{"data":"After Image","floor":23.0,"key":"SMITH"},{"data":"Infinite Blades","floor":24.0,"key":"SMITH"},{"data":"Outmaneuver","floor":25.0,"key":"SMITH"},{"floor":32,"key":"REST"},{"floor":42,"key":"REST"},{"data":"Underhanded Strike","floor":44,"key":"SMITH"},{"floor":49,"key":"REST"}],"circlet_count":0,"master_deck":["Strike_G","Strike_G","Strike_G","Strike_G","Strike_G","Defend_G","Defend_G","Defend_G","Defend_G","Survivor","Neutralize","Cloak And Dagger","Deflect","Quick Slash","Dagger Spray","Backstab+1","Blade Dance","Backstab+1","All Out Attack","Backflip","After Image+1","Infinite Blades+1","Sucker Punch","Outmaneuver+1","Noxious Fumes","Dagger Throw+1","Dash","Burst","Deflect","Slice","Underhanded Strike+1","Metamorphosis","Dagger Spray","Blur+1","Tactician","Deflect","All Out Attack+1"],"relics":["Ectoplasm","Nunchaku","TungstenRod","WingedGreaves","Busted Crown","Unceasing Top","Centennial Puzzle","Toy Ornithopter","Sozu","Pocketwatch","The Specimen","Bottled Tornado","Peace Pipe"],"acts_visited":["Exordium","TheCity","TheBeyond"],"potions_floor_usage":[31,33,50],"damage_taken":[{"damage":0.0,"enemies":"2 Louse","floor":1.0,"turns":3.0},{"damage":6.0,"enemies":"Jaw Worm","floor":5.0,"turns":4.0},{"damage":63.0,"enemies":"Gremlin Nob","floor":6.0,"turns":7.0},{"damage":0.0,"enemies":"Small Slimes","floor":8.0,"turns":3.0},{"damage":1.0,"enemies":"Red Slaver","floor":10.0,"turns":2.0},{"damage":0.0,"enemies":"Gremlin Gang","floor":11.0,"turns":2.0},{"damage":0.0,"enemies":"Looter","floor":13.0,"turns":1.0},{"damage":0.0,"enemies":"Large Slime","floor":14.0,"turns":3.0},{"damage":13.0,"enemies":"Hexaghost","floor":16.0,"turns":11.0},{"damage":0.0,"enemies":"Chosen","floor":18.0,"turns":4.0},{"damage":0.0,"enemies":"3 Byrds","floor":20.0,"turns":4.0},{"damage":23.0,"enemies":"Cultist and Chosen","floor":22.0,"turns":6.0},{"damage":0.0,"enemies":"Shelled Parasite and Fungi","floor":27.0,"turns":4.0},{"damage":2,"enemies":"Snake Plant","floor":28,"turns":5},{"damage":0,"enemies":"Snecko","floor":30,"turns":4},{"damage":12,"enemies":"Slavers","floor":31,"turns":3},{"damage":33,"enemies":"Champ","floor":33,"turns":13},{"damage":0,"enemies":"Orb Walker","floor":35,"turns":3},{"damage":11,"enemies":"3 Shapes","floor":36,"turns":3},{"damage":24,"enemies":"2 Orb Walkers","floor":37,"turns":6},{"damage":0,"enemies":"Spire Growth","floor":38,"turns":3},{"damage":7,"enemies":"Giant Head","floor":40,"turns":4},{"damage":4,"enemies":"3 Darklings","floor":41,"turns":3},{"damage":0,"enemies":"Sphere and 2 Shapes","floor":45,"turns":3},{"damage":6,"enemies":"Reptomancer","floor":47,"turns":5},{"damage":0,"enemies":"Jaw Worm Horde","floor":48,"turns":4},{"damage":69,"enemies":"Awakened One","floor":50,"turns":11}],"seed_played":"-3670110945036974375","potions_obtained":[{"floor":5.0,"key":"Block Potion"},{"floor":8.0,"key":"Ancient Potion"},{"floor":11.0,"key":"Swift Potion"},{"floor":14.0,"key":"BlessingOfTheForge"},{"floor":18.0,"key":"Dexterity Potion"},{"floor":20.0,"key":"BlessingOfTheForge"}],"is_trial":false,"path_per_floor":["M","?","T","?","M","E","R","M","T","M","M","R","M","M","R","B",null,"M","?","M","?","M","R","R","R","T","M","M","T","M","E","R","B",null,"M","M","?","M","?","E","M","R","T","R","M","$","E","M","R","B"],"character_chosen":"THE_SILENT","items_purchased":["Tactician"],"campfire_rested":4,"item_purchase_floors":[46],"current_hp_per_floor":[70,70,70,70,64,1,22,22,22,21,21,21,21,21,21,8,70,70,70,70,70,47,47,47,47,47,47,45,45,45,33,54,26,70,70,59,35,35,35,28,24,45,45,45,45,45,39,39,60,0,0],"gold":30,"neow_bonus":"BOSS_RELIC","is_daily":false,"chose_seed":false,"campfire_upgraded":6,"win_rate":0.0,"timestamp":1611957145,"path_taken":["M","?","?","?","M","E","R","M","T","?","M","R","M","?","R","BOSS","M","?","M","?","?","R","R","R","T","M","M","?","M","E","R","BOSS","M","M","?","M","?","E","M","R","T","R","M","$","E","M","R","BOSS"],"items_purchased_type":["Card"],"build_version":"2020-12-22","purchased_purges":0,"victory":false,"max_hp_per_floor":[70,70,70,70,70,70,70,70,70,70,70,70,70,70,70,70,70,70,70,70,70,70,70,70,70,70,70,70,70,70,70,70,70,70,70,70,70,70,70,70,70,70,70,70,70,70,70,70,70,70,70],"card_choices":[{"not_picked":["Skewer","Caltrops"],"picked":"Cloak And Dagger","floor":1.0},{"not_picked":["Choke","Dagger Throw"],"picked":"Quick Slash","floor":5.0},{"not_picked":["Footwork","Sucker Punch"],"picked":"Dagger Spray","floor":6.0},{"not_picked":["Sucker Punch","Acrobatics"],"picked":"Backstab","floor":8.0},{"not_picked":["Bane","Underhanded Strike"],"picked":"Blade Dance","floor":10.0},{"not_picked":["Bouncing Flask","Choke"],"picked":"Backstab","floor":11.0},{"not_picked":["Dodge and Roll","Outmaneuver"],"picked":"All Out Attack","floor":13.0},{"not_picked":["Slice","All Out Attack"],"picked":"Backflip","floor":14.0},{"not_picked":["Malaise","Corpse Explosion"],"picked":"After Image","floor":16.0},{"not_picked":[],"picked":"Deadly Poison+1","floor":18.0},{"not_picked":[],"picked":"Sucker Punch","floor":20.0},{"not_picked":[],"picked":"Noxious Fumes","floor":22.0},{"not_picked":[],"picked":"Dagger Throw+1","floor":27.0},{"not_picked":[],"picked":"Dash","floor":28},{"not_picked":["Crippling Poison"],"picked":"SKIP","floor":30},{"not_picked":["Bane"],"picked":"SKIP","floor":31},{"not_picked":[],"picked":"Burst","floor":33},{"not_picked":["Quick Slash"],"picked":"SKIP","floor":35},{"not_picked":[],"picked":"Deflect","floor":36},{"not_picked":[],"picked":"Slice","floor":37},{"not_picked":[],"picked":"Underhanded Strike","floor":38},{"not_picked":[],"picked":"Metamorphosis","floor":39},{"not_picked":["Poisoned Stab+1"],"picked":"SKIP","floor":40},{"not_picked":[],"picked":"Dagger Spray","floor":41},{"not_picked":[],"picked":"Blur+1","floor":45},{"not_picked":[],"picked":"Deflect","floor":47},{"not_picked":[],"picked":"All Out Attack+1","floor":48}],"player_experience":70472,"relics_obtained":[{"floor":3.0,"key":"Nunchaku"},{"floor":6.0,"key":"TungstenRod"},{"floor":9.0,"key":"WingedGreaves"},{"floor":26.0,"key":"Unceasing Top"},{"floor":29,"key":"Centennial Puzzle"},{"floor":31,"key":"Toy Ornithopter"},{"floor":37,"key":"Pocketwatch"},{"floor":40,"key":"The Specimen"},{"floor":43,"key":"Bottled Tornado"},{"floor":47,"key":"Peace Pipe"}],"event_choices":[{"damage_healed":0.0,"max_hp_gain":0.0,"max_hp_loss":0.0,"gold_gain":0.0,"event_name":"Golden Wing","player_choice":"Ignored","floor":2.0,"gold_loss":0.0,"damage_taken":0.0},{"damage_healed":0.0,"max_hp_gain":0.0,"max_hp_loss":0.0,"gold_gain":0.0,"cards_transformed":["Defend_G"],"event_name":"Transmorgrifier","player_choice":"Transformed","floor":4.0,"gold_loss":0.0,"damage_taken":0.0,"cards_obtained":["Deflect"]},{"damage_healed":0.0,"max_hp_gain":0.0,"max_hp_loss":0.0,"gold_gain":0.0,"event_name":"The Library","player_choice":"Read","floor":19.0,"gold_loss":0.0,"damage_taken":0.0,"cards_obtained":["Infinite Blades"]},{"damage_healed":0.0,"max_hp_gain":0.0,"max_hp_loss":0.0,"gold_gain":0.0,"cards_transformed":["Deadly Poison"],"event_name":"Transmorgrifier","player_choice":"Transformed","floor":21.0,"gold_loss":0.0,"damage_taken":0.0,"cards_obtained":["Outmaneuver"]},{"damage_healed":0,"gold_gain":0,"player_choice":"Fight","damage_taken":0,"max_hp_gain":0,"max_hp_loss":0,"event_name":"Mysterious Sphere","floor":37,"gold_loss":0},{"damage_healed":0,"gold_gain":0,"player_choice":"Memory 1","damage_taken":0,"max_hp_gain":0,"max_hp_loss":0,"event_name":"SensoryStone","floor":39,"gold_loss":0}],"is_beta":false,"boss_relics":[{"not_picked":["HoveringKite","Philosopher\u0027s Stone"],"picked":"Busted Crown"},{"not_picked":["Cursed Key","SlaversCollar"],"picked":"Sozu"}],"items_purged_floors":[],"is_endless":false,"potions_floor_spawned":[5,8,11,14,18,20,36,37,47,48],"killed_by":"Awakened One","ascension_level":0}}