{"host":"8is2j71l4wmybkoi","time":1611904610,"event":{"mods":["AchievementEnabler","BaseMod","Colored Map","Minty Spire (QoL Compilation)","Rare Cards Sparkle","StSLib","SuperFastMode"],"gold_per_floor":[119,139,153,169,169,181,181,194,220,220,231,244,53,78,78,156,156,173,186,200,214,129,159,159,159,159],"floor_reached":25,"language":"KOR","playtime":909,"items_purged":["Strike_B"],"score":401,"play_id":"5d07909e-774b-4cc1-85d4-6d9c57265f5c","local_time":"20210129161650","is_ascension_mode":true,"campfire_choices":[{"floor":7,"key":"REST"},{"floor":10,"key":"REST"},{"data":"Zap","floor":15,"key":"SMITH"},{"data":"Recycle","floor":24,"key":"SMITH"}],"circlet_count":0,"master_deck":["AscendersBane","Strike_B+1","Strike_B","Strike_B+1","Defend_B","Defend_B","Defend_B","Defend_B","Zap+1","Dualcast","CurseOfTheBell","Compile Driver","Sunder","Sweeping Beam","FTL","Self Repair","Loop","Ball Lightning","Cold Snap","Hologram","Glacier","Core Surge","Conserve Battery","Coolheaded","Chill","Recycle+1","Stack"],"relics":["Calling Bell","Vajra","Cables","Dead Branch","Bag of Preparation","Toy Ornithopter","Whetstone","Nuclear Battery","Boot","Mango"],"acts_visited":["Exordium","TheCity"],"potions_floor_usage":[14,19,21],"damage_taken":[{"damage":1,"enemies":"Cultist","floor":1,"turns":3},{"damage":5,"enemies":"Small Slimes","floor":2,"turns":4},{"damage":13,"enemies":"Jaw Worm","floor":3,"turns":4},{"damage":17,"enemies":"Large Slime","floor":4,"turns":5},{"damage":0,"enemies":"2 Fungi Beasts","floor":6,"turns":2},{"damage":12,"enemies":"Exordium Thugs","floor":8,"turns":3},{"damage":13,"enemies":"Blue Slaver","floor":11,"turns":3},{"damage":16,"enemies":"Large Slime","floor":12,"turns":5},{"damage":12,"enemies":"3 Sentries","floor":14,"turns":5},{"damage":5,"enemies":"The Guardian","floor":16,"turns":11},{"damage":0,"enemies":"Spheric Guardian","floor":18,"turns":3},{"damage":1,"enemies":"Shell Parasite","floor":19,"turns":6},{"damage":11,"enemies":"Cultist and Chosen","floor":20,"turns":5},{"damage":0,"enemies":"Snecko","floor":21,"turns":6},{"damage":50,"enemies":"Gremlin Leader","floor":23,"turns":7},{"damage":46,"enemies":"Book of Stabbing","floor":25,"turns":6}],"seed_played":"8443593047540769100","potions_obtained":[{"floor":8,"key":"ColorlessPotion"},{"floor":12,"key":"PowerPotion"},{"floor":16,"key":"Ancient Potion"},{"floor":20,"key":"LiquidMemories"}],"is_trial":false,"path_per_floor":["M","M","M","M","?","M","R","M","T","R","M","M","$","E","R","B",null,"M","M","M","M","?","E","R","E"],"character_chosen":"DEFECT","items_purchased":["Ball Lightning","Cold Snap","Hologram"],"campfire_rested":2,"item_purchase_floors":[13,13,13],"current_hp_per_floor":[63,58,45,28,10,10,31,19,19,40,27,18,18,18,18,20,58,65,71,67,71,71,42,42,0,0],"gold":159,"neow_bonus":"BOSS_RELIC","is_daily":false,"chose_seed":false,"campfire_upgraded":2,"win_rate":0.0,"timestamp":1611904610,"path_taken":["M","M","M","?","?","M","R","M","T","R","M","M","$","E","R","BOSS","M","M","M","M","?","E","R","E"],"items_purchased_type":["Card","Card","Card"],"build_version":"2020-12-22","purchased_purges":1,"victory":false,"max_hp_per_floor":[71,71,71,71,71,71,71,71,71,71,71,71,71,71,71,71,71,71,71,71,71,71,85,85,85,85],"card_choices":[{"not_picked":["Steam","Leap"],"picked":"Compile Driver","floor":1},{"not_picked":["Static Discharge","Capacitor","Compile Driver"],"picked":"SKIP","floor":2},{"not_picked":["Streamline","Beam Cell"],"picked":"Sunder","floor":3},{"not_picked":["Stack","Redo"],"picked":"Sweeping Beam","floor":4},{"not_picked":["Compile Driver","Sweeping Beam","Chaos"],"picked":"SKIP","floor":6},{"not_picked":["Loop","Streamline"],"picked":"FTL","floor":8},{"not_picked":["Machine Learning","Compile Driver"],"picked":"Self Repair","floor":11},{"not_picked":["Gash","Streamline"],"picked":"Loop","floor":12},{"not_picked":["Streamline","Beam Cell"],"picked":"Glacier","floor":14},{"not_picked":["Meteor Strike","Machine Learning"],"picked":"Core Surge","floor":16},{"not_picked":["Compile Driver","Rebound"],"picked":"Conserve Battery","floor":18},{"not_picked":["Leap","Steam Power"],"picked":"Coolheaded","floor":19},{"not_picked":["Reprogram","Tempest"],"picked":"Chill","floor":20},{"not_picked":["Consume","Chaos"],"picked":"Recycle","floor":21},{"not_picked":["Rebound","Skim"],"picked":"Stack","floor":23}],"player_experience":826851,"relics_obtained":[{"floor":0,"key":"Vajra"},{"floor":0,"key":"Cables"},{"floor":0,"key":"Dead Branch"},{"floor":9,"key":"Toy Ornithopter"},{"floor":14,"key":"Whetstone"},{"floor":23,"key":"Mango"}],"event_choices":[{"damage_healed":0,"gold_gain":0,"player_choice":"Success","damage_taken":18,"relics_obtained":["Bag of Preparation"],"max_hp_gain":0,"max_hp_loss":0,"event_name":"Scrap Ooze","floor":5,"gold_loss":0},{"damage_healed":0,"gold_gain":0,"player_choice":"Obtained Relic","damage_taken":0,"relics_obtained":["Boot"],"max_hp_gain":0,"max_hp_loss":0,"event_name":"Addict","floor":22,"gold_loss":85}],"is_beta":false,"boss_relics":[{"not_picked":["Sozu","SlaversCollar"],"picked":"Nuclear Battery"}],"items_purged_floors":[13],"is_endless":false,"potions_floor_spawned":[8,12,16,20],"killed_by":"Book of Stabbing","ascension_level":15}}