{"host":"mo324zvkdr1xwprd","time":1611886769,"event":{"mods":["BaseMod","Better Note","BetterRewards","Hermit","Highlight Path","Hubris","Minty Spire (QoL Compilation)","Quick Restart","Rare Cards Sparkle","Shop Mod","StSLib","The Cursed","The Hierophant"],"gold_per_floor":[109,125,143,37,57,382,382,413,413,488,503,534,550,560,560,661,661,677,677,662,674,694,726,726,756,828,828,309,323,333,359,359,464,464,480,480,480,492,58,58,74,74,74,92,125,125,153,171,171,171,171,171,51,77,77,77],"floor_reached":55,"language":"ENG","playtime":6545,"items_purged":[],"score":1029,"play_id":"c43246c2-ecd5-4629-8520-0d92712275fa","local_time":"20210129021929","is_ascension_mode":true,"campfire_choices":[{"floor":7,"key":"RECALL"},{"data":"TheCursedMod:CircleOfBlood","floor":15,"key":"SMITH"},{"floor":24,"key":"REST"},{"floor":32,"key":"REST"},{"floor":40,"key":"REST"},{"floor":42,"key":"REST"},{"data":"TheCursedMod:SpitefulPray","floor":49,"key":"SMITH"},{"data":"TheCursedMod:SoulReap","floor":52,"key":"SMITH"}],"circlet_count":0,"master_deck":["TheCursedMod:Strike_TheCursed","TheCursedMod:Strike_TheCursed","TheCursedMod:Strike_TheCursed","TheCursedMod:Defend_TheCursed","TheCursedMod:Defend_TheCursed","TheCursedMod:Defend_TheCursed","TheCursedMod:Defend_TheCursed","TheCursedMod:CursedWand","TheCursedMod:CleanUpWorkshop","TheCursedMod:Dregs","Injury","TheCursedMod:CursedAmulet","TheCursedMod:Stigma","TheCursedMod:SpreadPlague","TheCursedMod:DoubleShield","TheCursedMod:SoulReap","TheCursedMod:CursedBlade","TheCursedMod:CircleOfCorruption","TheCursedMod:SpitefulStrike","TheCursedMod:SpitefulStrike","TheCursedMod:HellsGateOpen","TheCursedMod:CircleOfBlood+1","TheCursedMod:SurpriseAttack","TheCursedMod:VoidForm","TheCursedMod:HellfireBreathing","TheCursedMod:ReleasedStrength","TheCursedMod:CircleOfCorruption+1","TheCursedMod:CursedShiv","TheCursedMod:WearCloak","TheCursedMod:CursedBlade+1","TheCursedMod:Stretching+1","TheCursedMod:CollectTribute+1","TheCursedMod:CursedSpellbook","TheCursedMod:SpitefulStrike","TheCursedMod:SoulReap+1","TheCursedMod:CircleOfCorruption","hubris:Ssssneak","Sadistic Nature","TheCursedMod:ManaBullet","TheCursedMod:StingEye","TheCursedMod:SurpriseAttack+1","TheCursedMod:CircleOfAbyss","TheCursedMod:Stigma","TheCursedMod:StunningStrike","TheCursedMod:CursedShiv+1","TheCursedMod:CircleOfCorruption+1","Decay","TheCursedMod:CursedShiv+1","TheCursedMod:CursedArmor","TheCursedMod:SoulReap","Good Instincts","TheCursedMod:CursedStaff","TheCursedMod:SpitefulStrike","TheCursedMod:SpitefulPlan+1","TheCursedMod:SpitefulPray+1","TheCursedMod:RapidMovement","TheCursedMod:CursedArmor","TheCursedMod:SpitefulStrike","TheCursedMod:SmokeScreen","TheCursedMod:SpitefulPlan","TheCursedMod:DarkBarrier"],"relics":["TheCursedMod:BlackMagic101","hubris:Spice","Old Coin","Bag of Preparation","Question Card","Vajra","Prayer Wheel","TheCursedMod:FourLeafCloverCharm","hubris:PeanutButter","hubris:AstralHammer","hubris:Towel","Boot"],"acts_visited":["Exordium","TheCity","TheBeyond","TheEnding"],"potions_floor_usage":[1,5,6,6,11,11,14,22,23,29,29,30,30,45,47,48,55,55],"damage_taken":[{"damage":0,"enemies":"Small Slimes","floor":1,"turns":3},{"damage":0,"enemies":"Cultist","floor":2,"turns":4},{"damage":4,"enemies":"Jaw Worm","floor":3,"turns":4},{"damage":1,"enemies":"Exordium Wildlife","floor":5,"turns":4},{"damage":0,"enemies":"Gremlin Nob","floor":6,"turns":3},{"damage":26,"enemies":"Lagavulin","floor":8,"turns":9},{"damage":6,"enemies":"Gremlin Gang","floor":11,"turns":3},{"damage":12,"enemies":"Gremlin Nob","floor":12,"turns":4},{"damage":0,"enemies":"2 Fungi Beasts","floor":13,"turns":2},{"damage":0,"enemies":"3 Louse","floor":14,"turns":2},{"damage":46,"enemies":"Hexaghost","floor":16,"turns":10},{"damage":0,"enemies":"3 Byrds","floor":18,"turns":5},{"damage":11,"enemies":"2 Thieves","floor":20,"turns":4},{"damage":35,"enemies":"Centurion and Healer","floor":21,"turns":4},{"damage":13,"enemies":"Sentry and Sphere","floor":22,"turns":4},{"damage":51,"enemies":"Slavers","floor":23,"turns":6},{"damage":19,"enemies":"Book of Stabbing","floor":25,"turns":5},{"damage":0,"enemies":"Chosen and Byrds","floor":29,"turns":3},{"damage":2,"enemies":"Snake Plant","floor":30,"turns":4},{"damage":30,"enemies":"Slavers","floor":31,"turns":5},{"damage":58,"enemies":"Automaton","floor":33,"turns":7},{"damage":9,"enemies":"Orb Walker","floor":35,"turns":3},{"damage":30,"enemies":"3 Darklings","floor":38,"turns":5},{"damage":27,"enemies":"Transient","floor":41,"turns":5},{"damage":0,"enemies":"Spire Growth","floor":44,"turns":3},{"damage":1,"enemies":"Reptomancer","floor":45,"turns":5},{"damage":6,"enemies":"Nemesis","floor":47,"turns":5},{"damage":0,"enemies":"3 Darklings","floor":48,"turns":4},{"damage":84,"enemies":"Donu and Deca","floor":50,"turns":9},{"damage":103,"enemies":"Shield and Spear","floor":54,"turns":6},{"damage":58,"enemies":"The Heart","floor":55,"turns":3}],"seed_played":"6621792402444724675","potions_obtained":[{"floor":1,"key":"EntropicBrew"},{"floor":5,"key":"Block Potion"},{"floor":8,"key":"Energy Potion"},{"floor":13,"key":"Explosive Potion"},{"floor":20,"key":"Ancient Potion"},{"floor":21,"key":"Weak Potion"},{"floor":22,"key":"BlessingOfTheForge"},{"floor":25,"key":"DuplicationPotion"},{"floor":29,"key":"LiquidMemories"},{"floor":41,"key":"BlessingOfTheForge"},{"floor":44,"key":"Block Potion"},{"floor":45,"key":"TheCursedMod:DregsPotion"},{"floor":48,"key":"Fruit Juice"},{"floor":54,"key":"FearPotion"}],"is_trial":false,"path_per_floor":["M","M","M","$","M","E","R","E","T","?","M","E","M","M","R","B",null,"M","?","M","M","M","E","R","E","T","?","$","M","M","E","R","B",null,"M","?","?","M","$","R","M","R","T","M","E","?","E","M","R","B",null,"R","$","E","B"],"character_chosen":"THE_CURSED","items_purchased":["TheCursedMod:DoubleShield","TheCursedMod:SoulReap","TheCursedMod:CursedSpellbook","TheCursedMod:SpitefulStrike","TheCursedMod:SoulReap","TheCursedMod:CircleOfCorruption","hubris:Ssssneak","ColorlessPotion","Sadistic Nature","hubris:PeanutButter","TheCursedMod:SoulReap","Good Instincts","TheCursedMod:SmokeScreen","TheCursedMod:SpitefulPlan"],"campfire_rested":4,"item_purchase_floors":[4,4,28,28,28,28,28,28,28,39,39,39,53,53],"current_hp_per_floor":[83,83,79,79,83,83,83,61,61,53,63,64,69,78,78,47,83,83,83,82,56,47,9,33,25,25,25,25,55,75,62,75,24,75,66,66,66,45,45,67,48,70,70,74,75,75,75,80,80,27,80,80,80,4,0,0],"gold":77,"neow_bonus":"ONE_RARE_RELIC","is_daily":false,"chose_seed":false,"campfire_upgraded":3,"win_rate":0.0,"timestamp":1611886769,"path_taken":["M","M","M","$","M","E","R","E","T","?","M","E","M","M","R","BOSS","M","?","M","M","M","E","R","E","T","?","$","?","M","E","R","BOSS","M","?","?","?","$","R","M","R","T","M","E","?","E","M","R","BOSS","R","$","E","BOSS"],"items_purchased_type":["Card","Card","Card","Card","Card","Card","Card","Potion","Card","Relic","Card","Card","Card","Card"],"build_version":"2020-12-22","purchased_purges":0,"victory":false,"max_hp_per_floor":[83,83,83,83,83,83,83,83,83,83,83,91,91,91,91,91,83,83,83,83,83,83,83,83,83,83,83,83,83,83,75,75,75,75,75,75,75,75,75,75,75,75,75,75,75,75,75,80,80,80,80,80,80,80,80,80],"card_choices":[{"not_picked":["TheCursedMod:CircleOfWindfury","TheCursedMod:SpitefulStrike"],"picked":"TheCursedMod:CursedAmulet","floor":1},{"not_picked":["TheCursedMod:SaltUponWound","TheCursedMod:CursedShiv"],"picked":"TheCursedMod:Stigma","floor":2},{"not_picked":["TheCursedMod:CursedBoomerang","TheCursedMod:RavingStaff"],"picked":"TheCursedMod:SpreadPlague","floor":3},{"not_picked":["TheCursedMod:OutForBlood","TheCursedMod:DoubleShield"],"picked":"TheCursedMod:CursedBlade","floor":5},{"not_picked":["TheCursedMod:ReleasedKnowledge","TheCursedMod:SpitefulPlan"],"picked":"TheCursedMod:CircleOfCorruption","floor":6},{"not_picked":["TheCursedMod:LuckyCharm","TheCursedMod:CursedAmulet"],"picked":"TheCursedMod:SpitefulStrike","floor":8},{"not_picked":["TheCursedMod:TacticalStrike","TheCursedMod:SmokeScreen","TheCursedMod:Obscuration"],"picked":"TheCursedMod:SpitefulStrike","floor":11},{"not_picked":["TheCursedMod:BloodBarrier","TheCursedMod:ParallelWorld","TheCursedMod:CursedShiv"],"picked":"TheCursedMod:HellsGateOpen","floor":12},{"not_picked":["TheCursedMod:SpitefulPlan","hubris:SpiceAddiction","TheCursedMod:SmokeScreen"],"picked":"TheCursedMod:CircleOfBlood","floor":13},{"not_picked":["TheCursedMod:RapidMovement","TheCursedMod:HellfireBreathing","TheCursedMod:RavingStaff"],"picked":"TheCursedMod:SurpriseAttack","floor":14},{"not_picked":["hubris:SpiceAddiction","TheCursedMod:ParallelWorld","TheCursedMod:ForbiddenAlchemy"],"picked":"TheCursedMod:VoidForm","floor":16},{"not_picked":["TheCursedMod:CircleOfFocus","TheCursedMod:RapidMovement","TheCursedMod:Obscuration"],"picked":"TheCursedMod:HellfireBreathing","floor":18},{"not_picked":["TheCursedMod:AshesToAshes","TheCursedMod:Grudge+1","TheCursedMod:Hemoplague"],"picked":"TheCursedMod:CircleOfCorruption+1","floor":20},{"not_picked":["TheCursedMod:FleshFromBone","TheCursedMod:Stretching","TheCursedMod:CursedAmulet"],"picked":"TheCursedMod:CursedShiv","floor":21},{"not_picked":["TheCursedMod:CircleOfFlame","TheCursedMod:CursedAmulet","TheCursedMod:ParallelWorld"],"picked":"TheCursedMod:WearCloak","floor":22},{"not_picked":["TheCursedMod:CircleOfFlame","TheCursedMod:CursedShiv+1","TheCursedMod:ForbiddenAlchemy"],"picked":"TheCursedMod:CursedBlade+1","floor":23},{"not_picked":["TheCursedMod:VitalStrike+1","TheCursedMod:BloodBarrier+1","TheCursedMod:CursedBlade+1"],"picked":"TheCursedMod:Stretching+1","floor":25},{"not_picked":["hubris:SpiceAddiction","TheCursedMod:Mangle","TheCursedMod:VitalStrike"],"picked":"TheCursedMod:ManaBullet","floor":29},{"not_picked":["TheCursedMod:FuryStrike","TheCursedMod:Wield+1","TheCursedMod:TacticalStrike"],"picked":"TheCursedMod:StingEye","floor":29},{"not_picked":["hubris:SpiceAddiction","TheCursedMod:CursedBlade","TheCursedMod:TacticalStrike+1"],"picked":"TheCursedMod:SurpriseAttack+1","floor":30},{"not_picked":["TheCursedMod:CircleOfFlame","hubris:SpiceAddiction","TheCursedMod:WearCloak+1"],"picked":"TheCursedMod:CircleOfAbyss","floor":30},{"not_picked":["TheCursedMod:Evocation","hubris:SpiceAddiction","TheCursedMod:ManaBullet"],"picked":"TheCursedMod:Stigma","floor":31},{"not_picked":["TheCursedMod:ParallelWorld","TheCursedMod:ShockAndAwe","TheCursedMod:Neurasthenia"],"picked":"TheCursedMod:StunningStrike","floor":33},{"not_picked":["TheCursedMod:CircleOfCorruption","TheCursedMod:TacticalStrike+1","TheCursedMod:CursedBlade+1"],"picked":"TheCursedMod:CursedShiv+1","floor":35},{"not_picked":["TheCursedMod:SmokeScreen+1","TheCursedMod:CircleOfFocus","TheCursedMod:Torture+1"],"picked":"TheCursedMod:CircleOfCorruption+1","floor":35},{"not_picked":["hubris:SpiceAddiction","TheCursedMod:BloodBarrier+1","TheCursedMod:AbyssShockwave"],"picked":"TheCursedMod:CursedShiv+1","floor":38},{"not_picked":["TheCursedMod:Obscuration","TheCursedMod:CursedMace","hubris:SpiceAddiction"],"picked":"TheCursedMod:CursedArmor","floor":38},{"not_picked":["TheCursedMod:ForbiddenAlchemy","TheCursedMod:CircleOfFocus","TheCursedMod:Obscuration"],"picked":"TheCursedMod:CursedStaff","floor":41},{"not_picked":["TheCursedMod:SoulCrush","TheCursedMod:Stigma","TheCursedMod:EmpowerCircles","hubris:SpiceAddiction"],"picked":"SKIP","floor":41},{"not_picked":["TheCursedMod:Mangle+1","TheCursedMod:RavingStaff+1","TheCursedMod:Stigma"],"picked":"TheCursedMod:SpitefulStrike","floor":44},{"not_picked":["TheCursedMod:SoulCrush+1","TheCursedMod:SmokeScreen+1","TheCursedMod:CircleOfAmplification+1"],"picked":"TheCursedMod:SpitefulPlan+1","floor":44},{"not_picked":["TheCursedMod:SurpriseAttack+1","TheCursedMod:EmpowerCircles+1","TheCursedMod:HellfireBreathing"],"picked":"TheCursedMod:SpitefulPray","floor":45},{"not_picked":["TheCursedMod:Obscuration","TheCursedMod:FuryStrike","hubris:SpiceAddiction"],"picked":"TheCursedMod:RapidMovement","floor":47},{"not_picked":["TheCursedMod:FuryStrike","TheCursedMod:ManaBullet","TheCursedMod:RapidMovement+1"],"picked":"TheCursedMod:CursedArmor","floor":48},{"not_picked":["hubris:SpiceAddiction","TheCursedMod:RapidMovement","TheCursedMod:Obscuration"],"picked":"TheCursedMod:SpitefulStrike","floor":48},{"not_picked":["TheCursedMod:CursedArmor","TheCursedMod:Stigma+1","TheCursedMod:CursedMace"],"picked":"TheCursedMod:DarkBarrier","floor":54}],"player_experience":392817,"relics_obtained":[{"floor":6,"key":"Old Coin"},{"floor":8,"key":"Bag of Preparation"},{"floor":9,"key":"Question Card"},{"floor":12,"key":"hubris:Spice"},{"floor":23,"key":"Vajra"},{"floor":25,"key":"Prayer Wheel"},{"floor":31,"key":"hubris:Spice"},{"floor":43,"key":"hubris:AstralHammer"},{"floor":47,"key":"Boot"}],"event_choices":[{"damage_healed":0,"gold_gain":75,"player_choice":"Touch","damage_taken":8,"max_hp_gain":0,"max_hp_loss":0,"event_name":"FaceTrader","floor":10,"gold_loss":0},{"damage_healed":0,"gold_gain":0,"player_choice":"Read","damage_taken":0,"max_hp_gain":0,"max_hp_loss":0,"event_name":"The Library","floor":19,"gold_loss":0,"cards_obtained":["TheCursedMod:ReleasedStrength"]},{"damage_healed":0,"gold_gain":0,"cards_transformed":["TheCursedMod:Strike_TheCursed"],"player_choice":"Transformed","damage_taken":0,"max_hp_gain":0,"max_hp_loss":0,"event_name":"Transmorgrifier","floor":27,"gold_loss":0,"cards_obtained":["TheCursedMod:CollectTribute"]},{"damage_healed":0,"gold_gain":0,"player_choice":"Cursed","damage_taken":0,"max_hp_gain":0,"max_hp_loss":0,"event_name":"Wheel of Change","floor":37,"gold_loss":0,"cards_obtained":["Decay"]}],"is_beta":false,"boss_relics":[{"not_picked":["hubris:Spice","Velvet Choker"],"picked":"hubris:Spice"},{"not_picked":["hubris:VirtuousBlindfold","hubris:TerracottaHorce"],"picked":"TheCursedMod:FourLeafCloverCharm"}],"items_purged_floors":[],"is_endless":false,"potions_floor_spawned":[1,2,5,8,13,20,21,22,25,29,41,44,45,48,54],"killed_by":"The Heart","ascension_level":3}}