{"host":"o5jvvi5yapo90aia","time":1611942017,"event":{"mods":["BaseMod","CapriCore","Minty Spire (QoL Compilation)","MostiFishMod","Prisma Mod","Spicy Shops","StSLib","TestMod","The Immortal","Yakumo Yukari mod","【人物mod】游戏王New YuGiOh mod","【功能Mod】Neow奖励"],"gold_per_floor":[129,129,63,85,110,159,209,266,266,276,276],"floor_reached":10,"language":"ZHS","playtime":391,"items_purged":["Strike_R"],"score":152,"play_id":"6350628e-6b16-4791-8f46-a5595c4cba89","local_time":"20210130014017","is_ascension_mode":true,"campfire_choices":[],"circlet_count":0,"master_deck":["AscendersBane","Strike_R","Strike_R","Strike_R","Strike_R","Defend_R","Defend_R","Defend_R","Defend_R","Bash","Burning Pact","Flame Barrier"],"relics":["DaveBox","testmod-TestBox","testmod-DeterminationOfClimber","The Courier","testmod-CardMagician","SynthV:TestCard","SsserpentHead","testmod-Nyarlathotep","testmod-IndustrialRevolution","Golden Idol","Molten Egg 2","testmod-LifeArmor"],"acts_visited":["Exordium"],"potions_floor_usage":[6],"damage_taken":[{"damage":0,"enemies":"Small Slimes","floor":1,"turns":2},{"damage":0,"enemies":"Cultist","floor":4,"turns":2},{"damage":2,"enemies":"Jaw Worm","floor":5,"turns":3},{"damage":20,"enemies":"3 Sentries","floor":6,"turns":11},{"damage":8,"enemies":"Gremlin Nob","floor":8,"turns":3},{"damage":0,"enemies":"Lagavulin","floor":10,"turns":1}],"seed_played":"-6512372199541331468","potions_obtained":[{"floor":1,"key":"Fire Potion"}],"is_trial":false,"path_per_floor":["M","?","$","M","M","E","?","E","T","E"],"character_chosen":"IRONCLAD","items_purchased":["testmod-Nyarlathotep"],"campfire_rested":0,"item_purchase_floors":[3],"current_hp_per_floor":[71,71,71,74,74,57,31,28,28,28,28],"gold":276,"neow_bonus":"BOSS_RELIC","is_daily":false,"chose_seed":false,"campfire_upgraded":0,"win_rate":0.0,"timestamp":1611942017,"path_taken":["M","?","?","M","M","E","?","E","T","E"],"items_purchased_type":["Relic"],"build_version":"2020-12-22","purchased_purges":1,"victory":false,"max_hp_per_floor":[75,75,75,75,75,75,75,75,75,75,75],"card_choices":[{"not_picked":["MostiFishMod:BrandingRite","Disarm"],"picked":"Burning Pact","floor":1},{"not_picked":["Warcry","Pommel Strike","Perfected Strike","Heavy Blade","Armaments"],"picked":"SKIP","floor":4},{"not_picked":["Battle Trance","Clothesline","Evolve","MostiFishMod:BrandingRite","Reckless Charge"],"picked":"SKIP","floor":5},{"not_picked":["Burning Pact","True Grit","Clothesline","Flame Barrier","Sentinel"],"picked":"SKIP","floor":6},{"not_picked":["Burning Pact","True Grit","Clothesline","Sentinel"],"picked":"Flame Barrier","floor":6},{"not_picked":["Clash+1","Headbutt+1","Shrug It Off","Shockwave","Perfected Strike+1"],"picked":"SKIP","floor":8}],"player_experience":1491775,"relics_obtained":[{"floor":1,"key":"SynthV:TestCard"},{"floor":6,"key":"testmod-IndustrialRevolution"},{"floor":8,"key":"Molten Egg 2"},{"floor":9,"key":"testmod-LifeArmor"}],"event_choices":[{"damage_healed":0,"gold_gain":0,"player_choice":"Trade","damage_taken":0,"relics_obtained":["SsserpentHead"],"max_hp_gain":0,"max_hp_loss":0,"event_name":"FaceTrader","floor":2,"gold_loss":0},{"damage_healed":0,"gold_gain":0,"player_choice":"Take Damage","damage_taken":26,"relics_obtained":["Golden Idol"],"max_hp_gain":0,"max_hp_loss":0,"event_name":"Golden Idol","floor":7,"gold_loss":0}],"is_beta":false,"boss_relics":[],"items_purged_floors":[3],"is_endless":false,"potions_floor_spawned":[1],"killed_by":"Lagavulin","ascension_level":20}}