{"host":"tr12w2fixbnujl15","time":1611958337,"event":{"mods":["100% Spire Juice","2.2 Compatiblity","A Penny For Your Troubles","Arknights The Spire","BaseMod","Better Skull","Better Vampires","BetterRewards","CapriCore","Clockwork Mod","Colored Powertips","Evolution","Gremlin Skip","Hermit","Hubris","Infinite Spire","JesterMod","Kalas","KinomotoSakuraMod(????)","Koishi","Mad Scientist","Magitek Elite","Mathematician","Minty Spire (QoL Compilation)","Permanent Neow","Quick Restart","Reimu??????","Relic Filter","Remilia_Scarlet Moed?????·?????3.3.5","Replay The Spire","Shop Mod","StSLib","SuperFastMode","The Accelerator","The Animator","The Bug Knight","The Construct","The Cursed","The Hayseed","The Hierophant","The Immortal","The Mystic","The Necromancer","The Runesmith","The Sage","The Senshi","The Servant 0.9.4","The Spell Scribe","The Vixen","TheFirefly","TheSwordswoman","TheVelvet","Transform Curses","WarShipGirlsR/????R mod","Yakumo Yukari mod","[IsaacMod]????"],"gold_per_floor":[115,115,137,244,244,244,244,244,268,303,322,342,342,45,45,149,149,149],"floor_reached":17,"language":"ENG","playtime":357,"items_purged":[],"score":201,"play_id":"384259e5-b102-4a51-862f-9bd91baf400b","local_time":"20210129171217","is_ascension_mode":false,"campfire_choices":[{"floor":6,"key":"REST"},{"floor":8,"key":"REST"},{"floor":13,"key":"REST"},{"data":"RemiliaMod:CJNWYXD2","floor":15,"key":"SMITH"}],"circlet_count":0,"master_deck":["RemiliaMod:Scratch","RemiliaMod:Scratch+1","RemiliaMod:Scratch","RemiliaMod:Scratch","RemiliaMod:Defend","RemiliaMod:Defend","RemiliaMod:Defend","RemiliaMod:Defend","RemiliaMod:CNLCSZL","RemiliaMod:CAattack","RemiliaMod:CSlAttack","RemiliaMod:CJNXRFZ","hubris:InfiniteBlow+12","RemiliaMod:CZXSJ","RemiliaMod:CJNWYXD2+1","RemiliaMod:CPFPDLL","RemiliaMod:CJNNPSJ"],"relics":["RemiliaMod:RXiangDui","RemiliaMod:RFkXt","RemiliaMod:RWYXT","Juzu Bracelet","EVO:Axolotl","HushsDoor","TheBean","NeowsBlessing","MoneyPower","Bronze Scales","Pen Nib","Guard_Bracelet","SteamSale","MerchantsRug","Orichalcum","hubris:BlackHole"],"acts_visited":["Exordium","TheCity"],"potions_floor_usage":[],"damage_taken":[{"damage":0,"enemies":"Cultist","floor":1,"turns":1},{"damage":0,"enemies":"Lagavulin","floor":10,"turns":1},{"damage":0,"enemies":"2 Louse","floor":11,"turns":1},{"damage":6,"enemies":"Jaw Worm","floor":12,"turns":2},{"damage":21,"enemies":"Slime Boss","floor":16,"turns":6}],"seed_played":"3991695481526619684","potions_obtained":[{"floor":10,"key":"SpeedPotion"},{"floor":12,"key":"SteroidPotion"},{"floor":16,"key":"Dexterity Potion"}],"is_trial":false,"path_per_floor":["M","?","?","?","?","R","?","R","T","E","M","M","R","$","R","B",null],"character_chosen":"Remilia_Scarlet_Modee","items_purchased":["SteamSale","MerchantsRug","Orichalcum"],"campfire_rested":3,"item_purchase_floors":[14,14,14],"current_hp_per_floor":[75,75,57,22,4,26,26,48,48,49,50,45,67,67,67,56,75,75],"gold":149,"neow_bonus":"THREE_ENEMY_KILL","is_daily":false,"chose_seed":false,"campfire_upgraded":1,"win_rate":0.0,"timestamp":1611958337,"path_taken":["M","?","?","?","?","R","?","R","T","E","M","M","R","$","R","BOSS"],"items_purchased_type":["Relic","Relic","Relic"],"build_version":"2020-12-22","purchased_purges":0,"victory":false,"max_hp_per_floor":[75,75,75,75,75,75,75,75,75,75,75,75,75,75,75,75,75,75],"card_choices":[{"not_picked":[],"picked":"ChaosCard","floor":0},{"not_picked":["RemiliaMod:CFPDMJ","RemiliaMod:CJNLLFZ"],"picked":"RemiliaMod:CSlAttack","floor":1},{"not_picked":["RemiliaMod:CJNMJFZ","RemiliaMod:CJNLLFZ"],"picked":"RemiliaMod:CJNXRFZ","floor":3},{"not_picked":["ReplayTheSpireMod:Black Plague","infinitespire:TheBestDefense"],"picked":"hubris:InfiniteBlow+12","floor":5},{"not_picked":["RemiliaMod:CJNXRFZ","RemiliaMod:CDB"],"picked":"RemiliaMod:CZXSJ","floor":10},{"not_picked":["RemiliaMod:CMPB","RemiliaMod:CD6B"],"picked":"RemiliaMod:CJNWYXD2","floor":11},{"not_picked":["RemiliaMod:CDB","RemiliaMod:CJNGSYD"],"picked":"RemiliaMod:CPFPDLL","floor":12},{"not_picked":["RemiliaMod:CPYSGJ","RemiliaMod:CYYRK"],"picked":"RemiliaMod:CJNNPSJ","floor":16}],"player_experience":93287,"relics_obtained":[{"floor":3,"key":"MoneyPower"},{"floor":9,"key":"Pen Nib"},{"floor":10,"key":"Guard_Bracelet"}],"event_choices":[{"damage_healed":0,"gold_gain":0,"player_choice":"Ignored","damage_taken":0,"max_hp_gain":0,"max_hp_loss":0,"event_name":"Golden Wing","floor":2,"gold_loss":0},{"damage_healed":0,"gold_gain":107,"player_choice":"GO RE UP ","damage_taken":40,"relics_obtained":["Bronze Scales"],"max_hp_gain":0,"max_hp_loss":0,"event_name":"betterSkull:BetterSkull","floor":4,"gold_loss":0,"cards_upgraded":["RemiliaMod:Scratch"]}],"is_beta":false,"boss_relics":[{"not_picked":["sagemod:Falmels_Amulet","Snecko Heart"],"picked":"hubris:BlackHole"},{"not_picked":[]}],"items_purged_floors":[],"is_endless":false,"potions_floor_spawned":[10,12,16],"ascension_level":0}}