{"host":"ftf7rwqr5w72pdsx","time":1611882579,"event":{"mods":["BaseMod","Bestiary","Minty Spire (QoL Compilation)","Relic Stats","Slay the Relics Exporter"],"gold_per_floor":[118,118,118,139,61,100,20,61,61,75,41,41,41,216,216,344,344,357,375,153,171,18,18,53,73,73,73,73,83,13,27,27,132,132,151,196,214,214,224,224,224],"floor_reached":40,"language":"ENG","playtime":1900,"items_purged":["Strike_B"],"score":621,"play_id":"bcb4ecb2-0753-4e17-aeaf-d53a51576c5c","local_time":"20210128190939","is_ascension_mode":true,"campfire_choices":[{"floor":12.0,"key":"REST"},{"floor":15.0,"key":"REST"},{"floor":23,"key":"REST"},{"floor":32,"key":"REST"}],"circlet_count":0,"master_deck":["AscendersBane","Strike_B+1","Defend_B","Defend_B","Defend_B+1","Zap","Dualcast","Ball Lightning","Storm","Self Repair","Hello World","Storm","Ball Lightning","Self Repair","Undo","Thunder Strike","Barrage+1","Undo+1","Ball Lightning+1","Chill+1","White Noise","Beam Cell","Go for the Eyes","Reinforced Body","Defragment+1","Loop+1","Echo Form+1","Self Repair+1","Reprogram+1","Sunder+1","Leap"],"relics":["FrozenCore","Omamori","Bloody Idol","Ice Cream","Peace Pipe","Gremlin Horn","Medical Kit","PreservedInsect","Frozen Egg 2","Mercury Hourglass","Cursed Key","Du-Vu Doll"],"acts_visited":["Exordium","TheCity","TheBeyond"],"potions_floor_usage":[24,33,33,39,40],"damage_taken":[{"damage":7.0,"enemies":"Jaw Worm","floor":1.0,"turns":3.0},{"damage":1.0,"enemies":"2 Louse","floor":4.0,"turns":2.0},{"damage":27.0,"enemies":"Lagavulin","floor":6.0,"turns":5.0},{"damage":34.0,"enemies":"3 Sentries","floor":8.0,"turns":6.0},{"damage":6.0,"enemies":"Cultist","floor":10.0,"turns":3.0},{"damage":63.0,"enemies":"The Guardian","floor":16.0,"turns":12.0},{"damage":12,"enemies":"Spheric Guardian","floor":18,"turns":4},{"damage":17,"enemies":"Chosen","floor":19,"turns":5},{"damage":49,"enemies":"Centurion and Healer","floor":21,"turns":8},{"damage":42,"enemies":"Book of Stabbing","floor":24,"turns":5},{"damage":18,"enemies":"Cultist and Chosen","floor":25,"turns":6},{"damage":20,"enemies":"Snecko","floor":29,"turns":6},{"damage":1,"enemies":"Sentry and Sphere","floor":31,"turns":4},{"damage":31,"enemies":"Champ","floor":33,"turns":14},{"damage":2,"enemies":"Orb Walker","floor":35,"turns":4},{"damage":50,"enemies":"2 Orb Walkers","floor":36,"turns":4},{"damage":5,"enemies":"3 Darklings","floor":37,"turns":4},{"damage":2,"enemies":"Writhing Mass","floor":39,"turns":6},{"damage":80,"enemies":"Reptomancer","floor":40,"turns":2}],"seed_played":"8304759284726091280","potions_obtained":[{"floor":3.0,"key":"BlessingOfTheForge"},{"floor":3.0,"key":"SpeedPotion"},{"floor":3.0,"key":"FairyPotion"},{"floor":4.0,"key":"Fruit Juice"},{"floor":6.0,"key":"PotionOfCapacity"},{"floor":16,"key":"BlessingOfTheForge"},{"floor":18,"key":"DistilledChaos"},{"floor":29,"key":"BlessingOfTheForge"},{"floor":31,"key":"Block Potion"},{"floor":36,"key":"PotionOfCapacity"},{"floor":37,"key":"PowerPotion"}],"is_trial":false,"path_per_floor":["M","?","?","M","$","E","$","E","T","M","$","R","?","?","R","B",null,"M","M","$","M","$","R","E","M","T","?","?","M","$","M","R","B",null,"M","?","M","?","M","E"],"character_chosen":"DEFECT","items_purchased":["Self Repair","Storm","Undo","Medical Kit","PreservedInsect","Defragment+1"],"campfire_rested":4,"item_purchase_floors":[5,7,11,20,22,30],"current_hp_per_floor":[61,61,61,60,60,43,43,16,16,10,10,32,17,17,39,19,65,67,64,64,29,29,53,25,21,21,21,21,13,13,17,41,29,67,80,52,69,69,79,0,0],"gold":224,"neow_bonus":"RANDOM_COMMON_RELIC","is_daily":false,"chose_seed":false,"campfire_upgraded":0,"win_rate":0.0,"timestamp":1611882579,"path_taken":["M","?","?","?","?","E","$","E","T","M","$","R","?","?","R","BOSS","BOSS","M","M","$","M","$","R","E","M","T","?","?","M","?","?","R","BOSS","M","?","M","?","M","E"],"items_purchased_type":["Card","Card","Card","Relic","Relic","Card"],"build_version":"2020-12-22","purchased_purges":1,"victory":false,"max_hp_per_floor":[75,75,75,75,75,75,75,75,75,75,75,75,75,75,75,80,80,80,80,80,80,80,80,80,80,80,80,80,80,80,80,80,80,80,80,80,80,80,80,80,80],"relic_stats":{"Peace Pipe":0,"Gremlin Horn":[6,6],"counters":[19,103],"Bloody Idol":31,"PreservedInsect":105,"Medical Kit":[3],"Cursed Key":0,"obtain_stats":[{"Ice Cream":6,"Gremlin Horn":9,"Golden Idol":2,"PreservedInsect":22,"Omamori":0,"Frozen Egg 2":24,"Medical Kit":20,"Cursed Key":34,"FrozenCore":17,"Mercury Hourglass":26,"Peace Pipe":8,"Du-Vu Doll":36,"Bloody Idol":28,"Cracked Core":0},{"Ice Cream":3,"Gremlin Horn":4,"Golden Idol":1,"PreservedInsect":9,"Omamori":0,"Frozen Egg 2":10,"Medical Kit":8,"Cursed Key":14,"FrozenCore":6,"Mercury Hourglass":11,"Peace Pipe":4,"Du-Vu Doll":16,"Bloody Idol":11,"Cracked Core":0},{"Ice Cream":10,"Gremlin Horn":16,"Golden Idol":3,"PreservedInsect":48,"Omamori":0,"Frozen Egg 2":53,"Medical Kit":40,"Cursed Key":83,"FrozenCore":31,"Mercury Hourglass":59,"Peace Pipe":16,"Du-Vu Doll":91,"Bloody Idol":59,"Cracked Core":0}],"FrozenCore":[18],"Mercury Hourglass":[129]},"card_choices":[{"not_picked":["Redo","Hologram"],"picked":"Ball Lightning","floor":1.0},{"not_picked":["Rebound","Gash"],"picked":"Storm","floor":4.0},{"not_picked":["Capacitor","Sunder"],"picked":"Hello World","floor":6.0},{"not_picked":["FTL","Streamline"],"picked":"Ball Lightning","floor":8.0},{"not_picked":["Beam Cell","Double Energy"],"picked":"Self Repair","floor":10.0},{"not_picked":["Amplify","Buffer"],"picked":"Thunder Strike","floor":16},{"not_picked":["Chaos","Compile Driver"],"picked":"Barrage+1","floor":18},{"not_picked":["Barrage","Redo"],"picked":"Undo+1","floor":19},{"not_picked":["Conserve Battery","Skim"],"picked":"Ball Lightning+1","floor":21},{"not_picked":["Chaos+1","Coolheaded"],"picked":"Chill+1","floor":24},{"not_picked":["Undo+1","Steam"],"picked":"White Noise","floor":25},{"not_picked":["White Noise","Glacier"],"picked":"Reinforced Body","floor":29},{"not_picked":["Stack+1","Gash+1"],"picked":"Loop+1","floor":31},{"not_picked":["Fission","Seek"],"picked":"Echo Form+1","floor":33},{"not_picked":["Darkness","Redo"],"picked":"Self Repair+1","floor":35},{"not_picked":["White Noise","Conserve Battery"],"picked":"Reprogram+1","floor":36},{"not_picked":["FTL+1","Melter+1"],"picked":"Sunder+1","floor":37},{"not_picked":["Steam","Stack"],"picked":"Leap","floor":39}],"player_experience":796323,"relics_obtained":[{"floor":6.0,"key":"Ice Cream"},{"floor":8.0,"key":"Peace Pipe"},{"floor":9.0,"key":"Gremlin Horn"},{"floor":24,"key":"Frozen Egg 2"},{"floor":26,"key":"Mercury Hourglass"},{"floor":36,"key":"Du-Vu Doll"}],"event_choices":[{"damage_healed":0.0,"max_hp_gain":0.0,"max_hp_loss":0.0,"gold_gain":0.0,"event_name":"Golden Idol","player_choice":"Take Wound","floor":2.0,"gold_loss":0.0,"damage_taken":0.0,"relics_obtained":["Golden Idol"],"cards_obtained":["Injury"]},{"damage_healed":0.0,"max_hp_gain":0.0,"max_hp_loss":0.0,"gold_gain":0.0,"event_name":"Lab","player_choice":"Got Potions","floor":3.0,"gold_loss":0.0,"damage_taken":0.0},{"damage_healed":0.0,"max_hp_gain":0.0,"max_hp_loss":0.0,"gold_gain":0.0,"event_name":"Shining Light","player_choice":"Entered Light","floor":13.0,"gold_loss":0.0,"damage_taken":15.0,"cards_upgraded":["Defend_B","Strike_B"]},{"damage_healed":0.0,"max_hp_gain":0.0,"max_hp_loss":0.0,"gold_gain":175.0,"event_name":"Liars Game","player_choice":"AGREE","floor":14.0,"gold_loss":0.0,"damage_taken":0.0,"cards_obtained":["Doubt"]},{"damage_healed":0,"gold_gain":0,"cards_transformed":["Strike_B","Strike_B"],"player_choice":"Became Test Subject","damage_taken":0,"max_hp_gain":0,"max_hp_loss":0,"event_name":"Drug Dealer","floor":27,"gold_loss":0,"cards_obtained":["Beam Cell","Go for the Eyes"]},{"damage_healed":0,"gold_gain":0,"player_choice":"Gave Idol","damage_taken":0,"relics_obtained":["Bloody Idol"],"max_hp_gain":0,"max_hp_loss":0,"event_name":"Forgotten Altar","floor":28,"relics_lost":["Golden Idol"],"gold_loss":0},{"damage_healed":0,"gold_gain":0,"player_choice":"Fight","damage_taken":0,"max_hp_gain":0,"max_hp_loss":0,"event_name":"Mysterious Sphere","floor":36,"gold_loss":0},{"cards_removed":["Defend_B"],"damage_healed":0,"gold_gain":0,"player_choice":"Offered Basic","damage_taken":0,"max_hp_gain":0,"max_hp_loss":0,"event_name":"Bonfire Elementals","floor":38,"gold_loss":0}],"is_beta":false,"boss_relics":[{"not_picked":["Ectoplasm","Runic Pyramid"],"picked":"FrozenCore"},{"not_picked":["Velvet Choker","Snecko Eye"],"picked":"Cursed Key"}],"items_purged_floors":[20],"is_endless":false,"potions_floor_spawned":[4,6,16,18,29,31,36,37],"killed_by":"Reptomancer","ascension_level":10}}