{"host":"eswokialmqjd9jwx","time":1611925191,"event":{"mods":["AchievementEnabler","BaseMod","Colored Map","DeckTracker","KOR Keyword Fix","Minty Spire (QoL Compilation)","StSLib","SuperFastMode"],"gold_per_floor":[111,129,147,32,47,81,81,81,108,126,137,155,155,155,155,234,234,248,263,163,179,179,207,207,207,261,275,287,84,116,136,136,214,214,226,243,293,304,319,319,349,374,374,408,18,44,54,54,54,54,54,54,54,54,87,87],"floor_reached":57,"language":"KOR","playtime":2106,"items_purged":["Strike_P","Defend_P","Strike_P+1","CrushJoints+1"],"score":3322,"play_id":"3e9cf89c-95fc-4090-b356-732d67dcbee6","local_time":"20210129215951","is_ascension_mode":true,"campfire_choices":[{"data":"Eruption","floor":8.0,"key":"SMITH"},{"floor":15.0,"key":"REST"},{"data":"Adaptation","floor":25,"key":"SMITH"},{"data":"Ghostly","floor":32,"key":"SMITH"},{"floor":40,"key":"RECALL"},{"floor":49,"key":"REST"},{"floor":53,"key":"REST"}],"circlet_count":0,"master_deck":["AscendersBane","Defend_P+1","Defend_P+1","Eruption+1","Vigilance+1","LessonLearned+1","CarveReality+1","Tantrum+1","Vault+1","Adaptation+1","CrushJoints+1","Vault+1","Ghostly+1","Ghostly+1","Ghostly+1","Halt+1","TalkToTheHand+1","MentalFortress+1","InnerPeace+1","Adaptation+1"],"relics":["PureWater","Potion Belt","FaceOfCleric","War Paint","Dream Catcher","Runic Pyramid","Nunchaku","Bag of Preparation","Toy Ornithopter","Sozu","CeramicFish","Mango","Bottled Tornado","OrangePellets","Anchor","TungstenRod"],"acts_visited":["Exordium","TheCity","TheBeyond","TheEnding"],"potions_floor_usage":[56,56,56,56],"damage_taken":[{"damage":7.0,"enemies":"Jaw Worm","floor":1.0,"turns":4.0},{"damage":0.0,"enemies":"Cultist","floor":2.0,"turns":3.0},{"damage":4.0,"enemies":"2 Louse","floor":3.0,"turns":3.0},{"damage":5.0,"enemies":"Gremlin Gang","floor":5.0,"turns":2.0},{"damage":8.0,"enemies":"Lagavulin","floor":6.0,"turns":5.0},{"damage":9.0,"enemies":"3 Louse","floor":10.0,"turns":3.0},{"damage":0.0,"enemies":"2 Fungi Beasts","floor":11.0,"turns":3.0},{"damage":10.0,"enemies":"Lots of Slimes","floor":12.0,"turns":3.0},{"damage":0.0,"enemies":"Slime Boss","floor":16.0,"turns":5.0},{"damage":0.0,"enemies":"Chosen","floor":18.0,"turns":3.0},{"damage":0.0,"enemies":"Spheric Guardian","floor":19.0,"turns":3.0},{"damage":0.0,"enemies":"Shelled Parasite and Fungi","floor":21.0,"turns":2.0},{"damage":4,"enemies":"Gremlin Leader","floor":23,"turns":4},{"damage":0,"enemies":"Snake Plant","floor":27,"turns":3},{"damage":0,"enemies":"Cultist and Chosen","floor":28,"turns":4},{"damage":0,"enemies":"Book of Stabbing","floor":30,"turns":4},{"damage":0,"enemies":"Centurion and Healer","floor":31,"turns":4},{"damage":0,"enemies":"Collector","floor":33,"turns":7},{"damage":0,"enemies":"3 Shapes","floor":35,"turns":4},{"damage":0,"enemies":"Orb Walker","floor":36,"turns":2},{"damage":0,"enemies":"Writhing Mass","floor":38,"turns":5},{"damage":0,"enemies":"3 Darklings","floor":39,"turns":3},{"damage":0,"enemies":"Nemesis","floor":41,"turns":5},{"damage":0,"enemies":"Mind Bloom Boss Battle","floor":42,"turns":5},{"damage":0,"enemies":"Giant Head","floor":44,"turns":4},{"damage":4,"enemies":"Nemesis","floor":46,"turns":7},{"damage":0,"enemies":"Sphere and 2 Shapes","floor":47,"turns":5},{"damage":0,"enemies":"Donu and Deca","floor":50,"turns":5},{"damage":0,"enemies":"Awakened One","floor":51,"turns":5},{"damage":2,"enemies":"Shield and Spear","floor":55,"turns":8},{"damage":0,"enemies":"The Heart","floor":56,"turns":8}],"seed_played":"-7790719386830435339","potions_obtained":[{"floor":1.0,"key":"Strength Potion"},{"floor":5.0,"key":"Ambrosia"},{"floor":10.0,"key":"SteroidPotion"},{"floor":16.0,"key":"CultistPotion"},{"floor":21.0,"key":"BottledMiracle"},{"floor":23,"key":"AttackPotion"},{"floor":31,"key":"Explosive Potion"}],"is_trial":false,"path_per_floor":["M","M","M","$","M","E","?","R","T","M","M","M","?","?","R","B",null,"M","M","$","M","?","E","?","R","T","M","M","$","E","M","R","B",null,"M","M","?","M","M","R","E","?","T","E","$","E","M","?","R","B","B",null,"R","$","E","B",null],"character_chosen":"WATCHER","items_purchased":["Tantrum","MentalFortress","OrangePellets","Adaptation"],"campfire_rested":3,"item_purchase_floors":[4,29,45,45],"current_hp_per_floor":[54,54,50,50,45,37,37,37,37,29,30,21,10,10,29,30,57,58,59,59,60,34,31,31,31,31,32,33,33,34,35,35,36,39,40,41,41,42,43,43,44,59,59,60,60,57,58,58,63,64,65,65,65,65,64,67],"gold":87,"neow_bonus":"REMOVE_TWO","is_daily":false,"chose_seed":false,"campfire_upgraded":3,"win_rate":0.0,"timestamp":1611925191,"path_taken":["M","M","M","$","M","E","?","R","T","M","?","M","?","?","R","BOSS","M","M","$","?","?","E","?","R","T","M","M","$","E","M","R","BOSS","M","M","?","M","?","R","E","?","T","E","$","E","M","?","R","BOSS","BOSS","R","$","E","BOSS"],"items_purchased_type":["Card","Card","Relic","Card"],"build_version":"2020-12-22","purchased_purges":4,"victory":true,"max_hp_per_floor":[62,62,62,62,62,62,62,62,62,63,64,65,65,65,65,66,66,67,68,68,69,34,35,35,35,35,36,37,37,38,39,39,40,40,41,42,42,43,44,44,45,60,60,61,61,62,63,63,63,64,65,65,65,65,66,67],"card_choices":[{"not_picked":["ThirdEye","Protect"],"picked":"CrushJoints","floor":1.0},{"not_picked":["WaveOfTheHand","EmptyBody"],"picked":"LessonLearned","floor":2.0},{"not_picked":["JustLucky","SashWhip"],"picked":"CarveReality","floor":3.0},{"not_picked":["ThirdEye","FlurryOfBlows","CutThroughFate"],"picked":"SKIP","floor":5.0},{"not_picked":["JustLucky","Evaluate"],"picked":"Vault","floor":6.0},{"not_picked":["ThirdEye","Evaluate","FlyingSleeves"],"picked":"SKIP","floor":10.0},{"not_picked":["ForeignInfluence","Consecrate","Evaluate"],"picked":"SKIP","floor":11.0},{"not_picked":["Crescendo","Swivel"],"picked":"Adaptation","floor":12.0},{"not_picked":["Judgement","Ragnarok"],"picked":"Vault","floor":16.0},{"not_picked":["Protect","Worship","FollowUp+1"],"picked":"SKIP","floor":18.0},{"not_picked":["BattleHymn","CrushJoints","Fasting2"],"picked":"SKIP","floor":19.0},{"not_picked":["EmptyMind","SashWhip","Indignation"],"picked":"SKIP","floor":21.0},{"not_picked":["Swivel","Indignation","WreathOfFlame"],"picked":"SKIP","floor":23},{"not_picked":["FlyingSleeves+1","DeceiveReality"],"picked":"TalkToTheHand","floor":27},{"not_picked":["Swivel","LikeWater","ClearTheMind"],"picked":"SKIP","floor":28},{"not_picked":["Perseverance","Halt+1","Establishment"],"picked":"SKIP","floor":30},{"not_picked":["CutThroughFate","EmptyMind","WheelKick+1"],"picked":"SKIP","floor":31},{"not_picked":["EmptyFist+1","Fasting2+1","WindmillStrike"],"picked":"SKIP","floor":35},{"not_picked":["Protect","Tantrum"],"picked":"InnerPeace+1","floor":36},{"not_picked":["FlyingSleeves+1","Indignation","LikeWater+1"],"picked":"SKIP","floor":38},{"not_picked":["BattleHymn","Meditate+1","ThirdEye"],"picked":"SKIP","floor":39},{"not_picked":["EmptyFist+1","Protect+1","JustLucky+1"],"picked":"SKIP","floor":41},{"not_picked":["Pray","JustLucky","Crescendo"],"picked":"SKIP","floor":44},{"not_picked":["WheelKick+1","SignatureMove","EmptyFist"],"picked":"SKIP","floor":46},{"not_picked":["Swivel","FearNoEvil+1","WindmillStrike+1"],"picked":"SKIP","floor":47},{"not_picked":["Protect+1","CutThroughFate","ThirdEye"],"picked":"SKIP","floor":55}],"player_experience":1171889,"relics_obtained":[{"floor":6.0,"key":"Potion Belt"},{"floor":9.0,"key":"War Paint"},{"floor":23,"key":"Nunchaku"},{"floor":26,"key":"Bag of Preparation"},{"floor":30,"key":"Toy Ornithopter"},{"floor":41,"key":"CeramicFish"},{"floor":42,"key":"Mango"},{"floor":44,"key":"Bottled Tornado"},{"floor":46,"key":"Anchor"},{"floor":55,"key":"TungstenRod"}],"event_choices":[{"damage_healed":0.0,"max_hp_gain":0.0,"max_hp_loss":0.0,"gold_gain":0.0,"event_name":"FaceTrader","player_choice":"Trade","floor":7.0,"gold_loss":0.0,"damage_taken":0.0,"relics_obtained":["FaceOfCleric"]},{"damage_healed":0.0,"max_hp_gain":0.0,"max_hp_loss":0.0,"gold_gain":0.0,"event_name":"Scrap Ooze","player_choice":"Success","floor":13.0,"gold_loss":0.0,"damage_taken":11.0,"relics_obtained":["Dream Catcher"]},{"damage_healed":0.0,"max_hp_gain":0.0,"max_hp_loss":0.0,"gold_gain":0.0,"cards_transformed":["Strike_P"],"event_name":"Transmorgrifier","player_choice":"Transformed","floor":14.0,"gold_loss":0.0,"damage_taken":0.0,"cards_obtained":["CrushJoints"]},{"damage_healed":0.0,"max_hp_gain":0.0,"max_hp_loss":35.0,"gold_gain":0.0,"event_name":"Ghosts","player_choice":"Became a Ghost","floor":22.0,"gold_loss":0.0,"damage_taken":0.0,"cards_obtained":["Ghostly","Ghostly","Ghostly"]},{"damage_healed":0,"gold_gain":0,"player_choice":"Read","damage_taken":0,"max_hp_gain":0,"max_hp_loss":0,"event_name":"The Library","floor":24,"gold_loss":0,"cards_obtained":["Halt"]},{"damage_healed":0,"gold_gain":50,"player_choice":"Pray","damage_taken":0,"max_hp_gain":0,"max_hp_loss":0,"event_name":"Golden Shrine","floor":37,"gold_loss":0},{"damage_healed":0,"gold_gain":0,"player_choice":"Fight","damage_taken":0,"max_hp_gain":0,"max_hp_loss":0,"event_name":"MindBloom","floor":42,"gold_loss":0},{"damage_healed":0,"gold_gain":0,"player_choice":"Memory 1","damage_taken":0,"max_hp_gain":0,"max_hp_loss":0,"event_name":"SensoryStone","floor":48,"gold_loss":0}],"is_beta":false,"boss_relics":[{"not_picked":["Philosopher\u0027s Stone","SlaversCollar"],"picked":"Runic Pyramid"},{"not_picked":["Runic Dome","Snecko Eye"],"picked":"Sozu"}],"items_purged_floors":[4,20,29,45],"is_endless":false,"potions_floor_spawned":[1,5,10,16,21,23,31,33,35,38,42,44,46],"ascension_level":20}}