{"host":"na09lpbrez4gbfiz","time":1611912103,"event":{"mods":["Act Like it!","BaseMod","BetterRewards","Colored Map","Colored Powertips","DeckTracker","Googly Eyes","Highlight Path","Minty Spire (QoL Compilation)","Quick Restart","Spicy Shops","StSLib","SuperFastMode","Synergy Search"],"gold_per_floor":[118,33,108,108,122,122,140,165,190,365,385,71,71,10,10,109,109,124,9,284,295,309,309,309],"floor_reached":23,"language":"ENG","playtime":436,"items_purged":["Doubt"],"score":227,"play_id":"a5748299-5215-433d-b441-1de909bc19e7","local_time":"20210129102143","is_ascension_mode":true,"campfire_choices":[{"data":"Defragment","floor":6,"key":"SMITH"},{"data":"Defragment","floor":13,"key":"SMITH"},{"floor":15,"key":"REST"}],"circlet_count":0,"master_deck":["Strike_B","Strike_B","Strike_B","Defend_B","Defend_B","Defend_B","Defend_B","Zap","Dualcast","Defragment+1","Capacitor","Ball Lightning","Defragment+1","Doubt","Conserve Battery","Loop","Regret","Melter"],"relics":["Cracked Core","NeowsBlessing","Emotion Chip","Boot","PreservedInsect","Meat on the Bone","Membership Card","Cursed Key","Peace Pipe","Medical Kit"],"acts_visited":["Exordium","TheCity"],"potions_floor_usage":[8,8,16,23],"damage_taken":[{"damage":0,"enemies":"2 Louse","floor":1,"turns":1},{"damage":0,"enemies":"Jaw Worm","floor":5,"turns":1},{"damage":0,"enemies":"Cultist","floor":7,"turns":1},{"damage":15,"enemies":"Lagavulin","floor":8,"turns":5},{"damage":22,"enemies":"Lots of Slimes","floor":11,"turns":4},{"damage":19,"enemies":"The Guardian","floor":16,"turns":7},{"damage":11,"enemies":"Spheric Guardian","floor":18,"turns":3},{"damage":10,"enemies":"Chosen","floor":21,"turns":4},{"damage":35,"enemies":"Snecko","floor":22,"turns":5},{"damage":31,"enemies":"Book of Stabbing","floor":23,"turns":3}],"seed_played":"-6799475913274056895","potions_obtained":[{"floor":5,"key":"DuplicationPotion"},{"floor":7,"key":"SpeedPotion"},{"floor":11,"key":"Weak Potion"},{"floor":21,"key":"Block Potion"}],"is_trial":false,"path_per_floor":["M","$","?","?","M","R","M","E","T","?","M","$","R","$","R","B",null,"M","$","?","M","M","E"],"character_chosen":"DEFECT","items_purchased":["Emotion Chip","Meat on the Bone","Membership Card","Peace Pipe","Medical Kit","Loop"],"campfire_rested":1,"item_purchase_floors":[2,12,14,19,19,19],"current_hp_per_floor":[75,75,64,64,64,64,64,49,49,49,27,27,27,27,49,42,75,64,64,64,54,31,0,0],"gold":309,"neow_bonus":"THREE_ENEMY_KILL","is_daily":false,"chose_seed":false,"campfire_upgraded":2,"win_rate":0.0,"timestamp":1611912103,"path_taken":["M","$","?","?","?","R","?","E","T","?","M","$","R","?","R","BOSS","M","$","?","?","M","E"],"items_purchased_type":["Relic","Relic","Relic","Relic","Relic","Card"],"build_version":"2020-12-22","purchased_purges":1,"victory":false,"max_hp_per_floor":[75,75,75,75,75,75,75,75,75,75,75,75,75,75,75,75,75,75,75,75,75,75,75,75],"card_choices":[{"not_picked":["Cold Snap","Steam Power","Reinforced Body"],"picked":"SKIP","floor":1},{"not_picked":["Cold Snap","Steam"],"picked":"Capacitor","floor":5},{"not_picked":["Rebound","Conserve Battery"],"picked":"Ball Lightning","floor":7},{"not_picked":["Leap","Storm"],"picked":"Defragment","floor":8},{"not_picked":["Conserve Battery","Stack","Thunder Strike"],"picked":"SKIP","floor":11},{"not_picked":["Stack","Gash"],"picked":"Conserve Battery","floor":18},{"not_picked":["Auto Shields","Sweeping Beam+1"],"picked":"Melter","floor":21},{"not_picked":["Stack","Self Repair","Go for the Eyes+1"],"picked":"SKIP","floor":22}],"player_experience":203213,"relics_obtained":[{"floor":8,"key":"Boot"},{"floor":9,"key":"PreservedInsect"}],"event_choices":[{"damage_healed":0,"gold_gain":75,"player_choice":"Gather Gold","damage_taken":11,"max_hp_gain":0,"max_hp_loss":0,"event_name":"World of Goop","floor":3,"gold_loss":0},{"damage_healed":0,"gold_gain":0,"cards_transformed":["Strike_B"],"player_choice":"Transformed","damage_taken":0,"max_hp_gain":0,"max_hp_loss":0,"event_name":"Transmorgrifier","floor":4,"gold_loss":0,"cards_obtained":["Defragment"]},{"damage_healed":0,"gold_gain":175,"player_choice":"AGREE","damage_taken":0,"max_hp_gain":0,"max_hp_loss":0,"event_name":"Liars Game","floor":10,"gold_loss":0,"cards_obtained":["Doubt"]},{"damage_healed":0,"gold_gain":275,"player_choice":"Desecrate","damage_taken":0,"max_hp_gain":0,"max_hp_loss":0,"event_name":"Golden Shrine","floor":20,"gold_loss":0,"cards_obtained":["Regret"]}],"is_beta":false,"boss_relics":[{"not_picked":["Velvet Choker","Ectoplasm"],"picked":"Cursed Key"}],"items_purged_floors":[12],"is_endless":false,"potions_floor_spawned":[5,7,11,21],"killed_by":"Book of Stabbing","ascension_level":4}}