{"host":"ml2ro5l6hu6y0pll","time":1611878765,"event":{"mods":["AchievementEnabler","BaseMod","Colored Map","Colored Powertips","Custom Start","Googly Eyes","Minty Spire (QoL Compilation)","Quick Restart","Rare Cards Sparkle","Relic Stats","Reliquary","StSLib","everything is the same but u backflip on backflip"],"gold_per_floor":[109,125,125,125,136,166,2,2,53,86,103,128,128,157,157,234,234,247,247,247,266,316,343,355,390,390,146,163,198,198,229,229,301,301,316,316,336,355,355,389,389,420,446,474,316,345,31,45,45,45,45,45,45,45,75,75],"floor_reached":57,"language":"ENG","playtime":2811,"items_purged":[],"score":3853,"play_id":"4349505a-5866-4681-94f9-06b8ac0987ce","local_time":"20210129000605","daily_mods":["Elite Swarm"],"is_ascension_mode":true,"campfire_choices":[{"data":"Cloak And Dagger","floor":8,"key":"SMITH"},{"data":"Skewer","floor":13,"key":"SMITH"},{"data":"Adrenaline","floor":15,"key":"SMITH"},{"data":"Wraith Form v2","floor":32,"key":"SMITH"},{"data":"Burst","floor":41,"key":"SMITH"},{"floor":49,"key":"RECALL"},{"data":"After Image","floor":53,"key":"SMITH"}],"circlet_count":0,"master_deck":["Adrenaline+1","Blade Dance","Cloak And Dagger+1","Cloak And Dagger","Cloak And Dagger","Backflip","Skewer+1","Endless Agony","Dagger Spray","Neutralize","Slice","Leg Sweep","Infinite Blades","Adrenaline+1","After Image+1","Blade Dance","Burst+1","Deflect","Dodge and Roll","Malaise","Wraith Form v2+1","Well Laid Plans","Backflip+1","Adrenaline","Blade Dance","Wraith Form v2+1","Footwork+1"],"relics":["Ring of the Snake","Shuriken","Kunai","reliquary:PorcupineQuills","Oddly Smooth Stone","reliquary:RoseTintedGlasses","Prayer Wheel","Odd Mushroom","reliquary:WritOfMandamus","Strawberry","Thread and Needle","reliquary:TridentHead","Bronze Scales","The Specimen","MutagenicStrength","Busted Crown","Tingsha","Art of War","Boot","Chemical X","Ginger","Incense Burner","Pantograph"],"acts_visited":["Exordium","TheCity","TheBeyond","TheEnding"],"potions_floor_usage":[25],"damage_taken":[{"damage":0,"enemies":"Small Slimes","floor":1,"turns":1},{"damage":0,"enemies":"2 Louse","floor":2,"turns":2},{"damage":0,"enemies":"Jaw Worm","floor":5,"turns":2},{"damage":0,"enemies":"Gremlin Nob","floor":6,"turns":3},{"damage":0,"enemies":"3 Sentries","floor":10,"turns":3},{"damage":0,"enemies":"Blue Slaver","floor":11,"turns":2},{"damage":0,"enemies":"Lagavulin","floor":12,"turns":5},{"damage":0,"enemies":"The Mushroom Lair","floor":14,"turns":2},{"damage":0,"enemies":"Hexaghost","floor":16,"turns":5},{"damage":15,"enemies":"Shell Parasite","floor":18,"turns":2},{"damage":0,"enemies":"Spheric Guardian","floor":21,"turns":1},{"damage":0,"enemies":"Slavers","floor":23,"turns":3},{"damage":0,"enemies":"Centurion and Healer","floor":24,"turns":3},{"damage":0,"enemies":"Gremlin Leader","floor":25,"turns":3},{"damage":3,"enemies":"Shelled Parasite and Fungi","floor":28,"turns":3},{"damage":0,"enemies":"Slavers","floor":29,"turns":4},{"damage":0,"enemies":"Gremlin Leader","floor":31,"turns":3},{"damage":0,"enemies":"Champ","floor":33,"turns":6},{"damage":0,"enemies":"Orb Walker","floor":35,"turns":1},{"damage":0,"enemies":"3 Darklings","floor":37,"turns":2},{"damage":0,"enemies":"Maw","floor":38,"turns":5},{"damage":6,"enemies":"Reptomancer","floor":40,"turns":5},{"damage":0,"enemies":"Giant Head","floor":42,"turns":2},{"damage":0,"enemies":"Reptomancer","floor":44,"turns":4},{"damage":0,"enemies":"Nemesis","floor":46,"turns":3},{"damage":5,"enemies":"Sphere and 2 Shapes","floor":48,"turns":5},{"damage":0,"enemies":"Awakened One","floor":50,"turns":6},{"damage":0,"enemies":"Donu and Deca","floor":51,"turns":6},{"damage":0,"enemies":"Shield and Spear","floor":55,"turns":5},{"damage":32,"enemies":"The Heart","floor":56,"turns":9}],"seed_played":"-603837643306030205","potions_obtained":[{"floor":2,"key":"SteroidPotion"},{"floor":6,"key":"Fire Potion"},{"floor":14,"key":"LiquidMemories"},{"floor":25,"key":"Dexterity Potion"},{"floor":28,"key":"Regen Potion"},{"floor":37,"key":"EntropicBrew"}],"is_trial":true,"path_per_floor":["M","M","?","?","M","E","$","R","T","E","M","E","R","?","R","B",null,"M","?","?","M","?","E","M","E","T","$","M","E","?","E","R","B",null,"M","?","M","M","?","E","R","E","T","E","$","E","$","M","R","B","B",null,"R","$","E","B",null],"character_chosen":"THE_SILENT","items_purchased":["After Image","Well Laid Plans","Bronze Scales","Chemical X","Incense Burner"],"campfire_rested":0,"item_purchase_floors":[7,27,27,45,47],"current_hp_per_floor":[59,59,59,59,59,59,59,59,59,59,59,59,59,59,59,59,64,49,62,62,62,62,69,69,69,69,69,66,66,66,66,66,66,71,71,71,71,71,69,63,63,63,63,63,63,63,63,58,58,58,58,66,66,66,66,37],"gold":75,"neow_bonus":"","is_daily":false,"chose_seed":false,"campfire_upgraded":6,"win_rate":0.0,"timestamp":1611878765,"path_taken":["M","M","?","?","M","E","$","R","T","E","M","E","R","?","R","BOSS","M","?","?","M","?","E","M","E","T","$","M","E","?","E","R","BOSS","M","?","M","?","?","E","R","E","T","E","$","E","$","M","R","BOSS","BOSS","R","$","E","BOSS"],"items_purchased_type":["Card","Card","Relic","Relic","Relic"],"build_version":"2020-12-22","purchased_purges":0,"victory":true,"max_hp_per_floor":[66,66,66,66,66,66,66,66,66,66,66,66,66,66,66,66,66,66,66,66,66,66,73,73,73,73,73,73,73,73,73,73,73,73,73,73,73,73,69,69,69,69,69,69,69,69,69,69,69,69,69,69,69,69,69,69],"relic_stats":{"counters":[30,106],"Tingsha":[0],"Ginger":[2],"Boot":[42],"Busted Crown":26,"Shuriken":[188],"Bronze Scales":[292],"Pantograph":3,"Prayer Wheel":8,"Art of War":[2],"Kunai":[188],"Chemical X":[15],"obtain_stats":[{"The Specimen":29,"Oddly Smooth Stone":9,"Thread and Needle":25,"Tingsha":40,"Incense Burner":47,"Ginger":46,"Odd Mushroom":14,"Boot":44,"reliquary:TridentHead":26,"reliquary:PorcupineQuills":6,"Busted Crown":34,"Shuriken":0,"Strawberry":23,"Bronze Scales":27,"MutagenicStrength":30,"Pantograph":55,"Prayer Wheel":12,"reliquary:RoseTintedGlasses":10,"Art of War":42,"Kunai":0,"Chemical X":45,"reliquary:WritOfMandamus":17,"Ring of the Snake":0},{"The Specimen":16,"Oddly Smooth Stone":4,"Thread and Needle":14,"Tingsha":22,"Incense Burner":25,"Ginger":25,"Odd Mushroom":8,"Boot":24,"reliquary:TridentHead":14,"reliquary:PorcupineQuills":4,"Busted Crown":18,"Shuriken":0,"Strawberry":12,"Bronze Scales":14,"MutagenicStrength":16,"Pantograph":29,"Prayer Wheel":7,"reliquary:RoseTintedGlasses":5,"Art of War":23,"Kunai":0,"Chemical X":24,"reliquary:WritOfMandamus":9,"Ring of the Snake":0},{"The Specimen":44,"Oddly Smooth Stone":8,"Thread and Needle":37,"Tingsha":66,"Incense Burner":75,"Ginger":75,"Odd Mushroom":20,"Boot":72,"reliquary:TridentHead":37,"reliquary:PorcupineQuills":8,"Busted Crown":53,"Shuriken":0,"Strawberry":31,"Bronze Scales":37,"MutagenicStrength":44,"Pantograph":97,"Prayer Wheel":18,"reliquary:RoseTintedGlasses":11,"Art of War":68,"Kunai":0,"Chemical X":72,"reliquary:WritOfMandamus":25,"Ring of the Snake":0}],"Ring of the Snake":[64]},"card_choices":[{"not_picked":["Outmaneuver","Deadly Poison"],"picked":"Leg Sweep","floor":1},{"not_picked":["Deflect","Flying Knee","Riddle With Holes"],"picked":"SKIP","floor":2},{"not_picked":["Masterful Stab","Outmaneuver"],"picked":"Infinite Blades","floor":5},{"not_picked":["Bullet Time","Venomology"],"picked":"Adrenaline","floor":6},{"not_picked":["Grand Finale","Bullet Time","A Thousand Cuts"],"picked":"SKIP","floor":10},{"not_picked":["Slice","Heel Hook","Flechettes"],"picked":"SKIP","floor":11},{"not_picked":["Die Die Die","Doppelganger","Night Terror"],"picked":"SKIP","floor":12},{"not_picked":["Quick Slash","Crippling Poison"],"picked":"Blade Dance","floor":14},{"not_picked":["Night Terror","Adrenaline"],"picked":"Burst","floor":16},{"not_picked":["Outmaneuver","Cloak And Dagger"],"picked":"Deflect","floor":18},{"not_picked":["All Out Attack","Bane","Slice"],"picked":"SKIP","floor":18},{"not_picked":["Outmaneuver","Cloak And Dagger"],"picked":"Dodge and Roll","floor":21},{"not_picked":["Underhanded Strike","Dagger Spray","Predator"],"picked":"SKIP","floor":21},{"not_picked":["Storm of Steel","Doppelganger"],"picked":"Malaise","floor":23},{"not_picked":["Slice","Bane","Infinite Blades"],"picked":"SKIP","floor":24},{"not_picked":["Caltrops+1","Quick Slash","Prepared"],"picked":"SKIP","floor":24},{"not_picked":["Doppelganger","Unload"],"picked":"Wraith Form v2","floor":25},{"not_picked":["Poisoned Stab","Noxious Fumes"],"picked":"Backflip+1","floor":28},{"not_picked":["Masterful Stab","Bane+1","Bouncing Flask"],"picked":"SKIP","floor":28},{"not_picked":["Night Terror","Bullet Time"],"picked":"Adrenaline","floor":29},{"not_picked":["Doppelganger","Die Die Die","Glass Knife"],"picked":"SKIP","floor":31},{"not_picked":[],"picked":"Blade Dance","floor":35},{"not_picked":["Concentrate+1"],"picked":"SKIP","floor":35},{"not_picked":[],"picked":"Footwork+1","floor":37},{"not_picked":["Outmaneuver+1"],"picked":"SKIP","floor":37},{"not_picked":["Dagger Spray+1"],"picked":"SKIP","floor":38},{"not_picked":["Terror"],"picked":"SKIP","floor":38},{"not_picked":["Storm of Steel"],"picked":"SKIP","floor":40},{"not_picked":["Malaise"],"picked":"SKIP","floor":42},{"not_picked":["Storm of Steel"],"picked":"SKIP","floor":44},{"not_picked":["Venomology"],"picked":"SKIP","floor":46},{"not_picked":["Leg Sweep"],"picked":"SKIP","floor":48},{"not_picked":["Calculated Gamble"],"picked":"SKIP","floor":48},{"not_picked":["Night Terror"],"picked":"SKIP","floor":55}],"player_experience":861498,"relics_obtained":[{"floor":6,"key":"reliquary:PorcupineQuills"},{"floor":9,"key":"Oddly Smooth Stone"},{"floor":10,"key":"reliquary:RoseTintedGlasses"},{"floor":12,"key":"Prayer Wheel"},{"floor":14,"key":"Odd Mushroom"},{"floor":23,"key":"Strawberry"},{"floor":25,"key":"Thread and Needle"},{"floor":26,"key":"reliquary:TridentHead"},{"floor":29,"key":"The Specimen"},{"floor":40,"key":"Tingsha"},{"floor":42,"key":"Art of War"},{"floor":44,"key":"Boot"},{"floor":46,"key":"Ginger"},{"floor":55,"key":"Pantograph"}],"event_choices":[{"damage_healed":0,"gold_gain":0,"player_choice":"Grow","damage_taken":0,"max_hp_gain":0,"max_hp_loss":0,"event_name":"Living Wall","floor":3,"gold_loss":0,"cards_upgraded":["Adrenaline"]},{"damage_healed":0,"gold_gain":0,"player_choice":"Ignored","damage_taken":0,"max_hp_gain":0,"max_hp_loss":0,"event_name":"Liars Game","floor":4,"gold_loss":0},{"damage_healed":0,"gold_gain":0,"player_choice":"Fought Mushrooms","damage_taken":0,"max_hp_gain":0,"max_hp_loss":0,"event_name":"Mushrooms","floor":14,"gold_loss":0},{"damage_healed":13,"gold_gain":0,"player_choice":"Heal","damage_taken":0,"max_hp_gain":0,"max_hp_loss":0,"event_name":"The Library","floor":19,"gold_loss":0},{"damage_healed":0,"gold_gain":0,"player_choice":"Ignored","damage_taken":0,"max_hp_gain":0,"max_hp_loss":0,"event_name":"Ghosts","floor":20,"gold_loss":0},{"damage_healed":0,"gold_gain":50,"player_choice":"Stole From Cult","damage_taken":0,"max_hp_gain":0,"max_hp_loss":0,"event_name":"Nest","floor":22,"gold_loss":0},{"damage_healed":0,"gold_gain":0,"player_choice":"Inject Mutagens","damage_taken":0,"relics_obtained":["MutagenicStrength"],"max_hp_gain":0,"max_hp_loss":0,"event_name":"Drug Dealer","floor":30,"gold_loss":0},{"damage_healed":0,"gold_gain":0,"player_choice":"Copied","damage_taken":0,"max_hp_gain":0,"max_hp_loss":0,"event_name":"Duplicator","floor":36,"gold_loss":0,"cards_obtained":["Wraith Form v2"]},{"damage_healed":0,"gold_gain":0,"player_choice":"Max HP","damage_taken":0,"max_hp_gain":0,"max_hp_loss":4,"event_name":"Winding Halls","floor":39,"gold_loss":0}],"is_beta":false,"boss_relics":[{"not_picked":["Black Star","Sozu"],"picked":"reliquary:WritOfMandamus"},{"not_picked":["Velvet Choker","Snecko Eye"],"picked":"Busted Crown"}],"items_purged_floors":[],"is_endless":false,"potions_floor_spawned":[2,6,11,14,21,24,25,28,37,38,42,46],"ascension_level":20}}