{"host":"lzlnscgb2n0l5w2m","time":1611911334,"event":{"mods":["AchievementEnabler","BaseMod","Block Reminder","Colored Powertips","Googly Eyes","Highlight Path","Minty Spire (QoL Compilation)","Permanent Neow","Relic Stats","StSLib"],"gold_per_floor":[113,126,126,151,12,45,45,86,86,100,100,100,2,35,35,155,155,180,279,279,294,44,44,85,118,198,243,268,280,308,320,332,463,475,501,335,335,72,72,72,72,115,115,115,148,148,148,22,22,22,22,22,22,65,65],"floor_reached":56,"language":"ZHT","playtime":4812,"items_purged":["Strike_B","Writhe"],"score":1408,"play_id":"cb5b831c-eceb-4c28-b7cc-e914648efc3b","local_time":"20210129170854","is_ascension_mode":true,"campfire_choices":[{"data":"Gash","floor":7.0,"key":"SMITH"},{"floor":11.0,"key":"REST"},{"floor":15.0,"key":"REST"},{"data":"Steam Power","floor":23.0,"key":"SMITH"},{"data":"Undo","floor":29.0,"key":"SMITH"},{"floor":32.0,"key":"REST"},{"data":"Seek","floor":40.0,"key":"SMITH"},{"data":"Chill","floor":44.0,"key":"SMITH"},{"floor":46.0,"key":"RECALL"},{"data":"All For One","floor":47.0,"key":"SMITH"},{"data":"Dualcast","floor":49.0,"key":"SMITH"},{"data":"Transmutation","floor":52.0,"key":"SMITH"}],"circlet_count":0,"master_deck":["Strike_B+1","Strike_B+1","Strike_B+1","Defend_B+1","Defend_B+1","Defend_B+1","Defend_B+1","Dualcast+1","Gash+1","Cold Snap","Chill+1","Seek+1","Steam Power+1","Go for the Eyes+1","Beam Cell","Undo+1","All For One+1","Gash","Cold Snap","Rebound+1","Consume+1","Loop+1","Machine Learning+1","Cold Snap+1","Cold Snap","Transmutation+1","Beam Cell","Defragment+1","Panache+1"],"relics":["SlaversCollar","Golden Idol","Toy Ornithopter","WingedGreaves","Frozen Egg 2","Whetstone","Busted Crown","Ornamental Fan","DataDisk","MawBank","Symbiotic Virus","MealTicket","Inserter","Runic Capacitor","Dream Catcher","Singing Bowl","CaptainsWheel"],"acts_visited":["Exordium","TheCity","TheBeyond","TheEnding"],"potions_floor_usage":[55],"damage_taken":[{"damage":6.0,"enemies":"Cultist","floor":1.0,"turns":4.0},{"damage":5.0,"enemies":"Small Slimes","floor":2.0,"turns":3.0},{"damage":2.0,"enemies":"2 Louse","floor":4.0,"turns":4.0},{"damage":11.0,"enemies":"3 Sentries","floor":6.0,"turns":7.0},{"damage":28.0,"enemies":"Gremlin Nob","floor":8.0,"turns":5.0},{"damage":3.0,"enemies":"Red Slaver","floor":10.0,"turns":4.0},{"damage":11.0,"enemies":"3 Sentries","floor":14.0,"turns":7.0},{"damage":19.0,"enemies":"Hexaghost","floor":16.0,"turns":10.0},{"damage":5.0,"enemies":"Shell Parasite","floor":18.0,"turns":2.0},{"damage":12.0,"enemies":"Spheric Guardian","floor":21.0,"turns":5.0},{"damage":0.0,"enemies":"Book of Stabbing","floor":24.0,"turns":5.0},{"damage":2.0,"enemies":"Snake Plant","floor":25.0,"turns":3.0},{"damage":25.0,"enemies":"Gremlin Leader","floor":27.0,"turns":9.0},{"damage":5.0,"enemies":"Sentry and Sphere","floor":28.0,"turns":4.0},{"damage":1.0,"enemies":"Centurion and Healer","floor":30.0,"turns":5.0},{"damage":5.0,"enemies":"Collector","floor":33.0,"turns":10.0},{"damage":0.0,"enemies":"Orb Walker","floor":35.0,"turns":3.0},{"damage":0.0,"enemies":"3 Shapes","floor":41.0,"turns":5.0},{"damage":0.0,"enemies":"Giant Head","floor":42.0,"turns":7.0},{"damage":23.0,"enemies":"Nemesis","floor":45.0,"turns":5.0},{"damage":27.0,"enemies":"Time Eater","floor":50.0,"turns":7.0},{"damage":18.0,"enemies":"Shield and Spear","floor":54.0,"turns":6.0},{"damage":39,"enemies":"The Heart","floor":55,"turns":10}],"seed_played":"-2109655631350310817","potions_obtained":[{"floor":2.0,"key":"Swift Potion"},{"floor":4.0,"key":"LiquidBronze"},{"floor":8.0,"key":"PotionOfCapacity"},{"floor":10.0,"key":"LiquidBronze"},{"floor":12.0,"key":"Fruit Juice"},{"floor":12.0,"key":"EssenceOfDarkness"},{"floor":12.0,"key":"DistilledChaos"},{"floor":14.0,"key":"AttackPotion"},{"floor":18.0,"key":"Energy Potion"},{"floor":25.0,"key":"SmokeBomb"},{"floor":30.0,"key":"Energy Potion"}],"is_trial":false,"path_per_floor":["M","M","?","M","$","E","R","E","T","M","R","?","$","E","R","B",null,"M","?","?","M","$","R","E","M","T","E","M","R","M","?","R","B",null,"M","$","?","$","?","R","M","E","T","R","E","R","R","$","R","B",null,"R","$","E","B",null],"character_chosen":"DEFECT","items_purchased":["Seek","Beam Cell","DataDisk","Runic Capacitor","Cold Snap","Beam Cell","Defragment+1","Panache+1","Swift Potion","DuplicationPotion"],"campfire_rested":3,"item_purchase_floors":[5,13,22,36,36,38,38,38,48,48],"current_hp_per_floor":[69,64,46,44,44,33,33,5,5,2,24,34,34,28,52,38,80,75,75,75,63,63,63,63,66,66,41,36,36,35,35,59,64,80,80,80,70,80,80,80,80,80,80,80,59,59,59,74,74,52,82,82,82,66,32],"gold":65,"neow_bonus":"BOSS_RELIC","is_daily":false,"chose_seed":false,"campfire_upgraded":8,"win_rate":0.0,"timestamp":1611911334,"path_taken":["M","?","?","M","$","E","R","E","T","M","R","?","$","E","R","BOSS","M","?","?","M","?","R","E","M","T","E","M","R","M","?","R","BOSS","M","$","?","$","?","R","?","E","T","R","E","R","R","$","R","BOSS","R","$","E","BOSS"],"items_purchased_type":["Card","Card","Relic","Relic","Card","Card","Card","Card","Potion","Potion"],"build_version":"2020-12-22","purchased_purges":2,"victory":true,"max_hp_per_floor":[75,75,75,75,75,75,75,75,75,75,75,80,80,80,80,80,80,80,80,80,80,80,80,80,80,80,80,80,80,80,80,80,80,80,80,80,80,80,80,80,80,80,80,80,82,82,82,82,82,82,82,82,82,84,84],"relic_stats":{"Dream Catcher":0,"Busted Crown":32,"Inserter":[21],"Singing Bowl":4,"counters":[23,130],"Golden Idol":203,"Ornamental Fan":[276],"MealTicket":25,"Whetstone":["Strike_B","Go for the Eyes"],"MawBank":144,"obtain_stats":[{"Inserter":34,"Singing Bowl":45,"Golden Idol":3,"Runic Capacitor":36,"Whetstone":14,"Frozen Egg 2":9,"MawBank":24,"SlaversCollar":0,"DataDisk":22,"Dream Catcher":42,"CaptainsWheel":54,"Busted Crown":17,"Ornamental Fan":20,"MealTicket":27,"WingedGreaves":8,"Cracked Core":0,"Symbiotic Virus":26,"Toy Ornithopter":6},{"Inserter":16,"Singing Bowl":20,"Golden Idol":2,"Runic Capacitor":17,"Whetstone":7,"Frozen Egg 2":5,"MawBank":11,"SlaversCollar":0,"DataDisk":10,"Dream Catcher":19,"CaptainsWheel":22,"Busted Crown":8,"Ornamental Fan":9,"MealTicket":13,"WingedGreaves":5,"Cracked Core":0,"Symbiotic Virus":12,"Toy Ornithopter":4},{"Inserter":87,"Singing Bowl":107,"Golden Idol":7,"Runic Capacitor":90,"Whetstone":34,"Frozen Egg 2":23,"MawBank":56,"SlaversCollar":0,"DataDisk":51,"Dream Catcher":102,"CaptainsWheel":120,"Busted Crown":44,"Ornamental Fan":46,"MealTicket":68,"WingedGreaves":23,"Cracked Core":0,"Symbiotic Virus":59,"Toy Ornithopter":18}],"Toy Ornithopter":40},"card_choices":[{"not_picked":["Cold Snap","Steam Power"],"picked":"Gash","floor":1.0},{"not_picked":["Ball Lightning","Force Field"],"picked":"Cold Snap","floor":2.0},{"not_picked":["Turbo","Hello World"],"picked":"Chill","floor":4.0},{"not_picked":["Double Energy","Beam Cell"],"picked":"Steam Power","floor":6.0},{"not_picked":["Undo","Leap"],"picked":"Go for the Eyes","floor":8.0},{"not_picked":["Streamline","Amplify","Redo"],"picked":"SKIP","floor":10.0},{"not_picked":["Doom and Gloom","Turbo"],"picked":"Undo","floor":14.0},{"not_picked":["Core Surge","Biased Cognition+1"],"picked":"All For One","floor":16.0},{"not_picked":[],"picked":"Gash","floor":18.0},{"not_picked":[],"picked":"Cold Snap","floor":21.0},{"not_picked":[],"picked":"Rebound+1","floor":24.0},{"not_picked":["Streamline"],"picked":"SKIP","floor":25.0},{"not_picked":["Streamline+1"],"picked":"SKIP","floor":27.0},{"not_picked":[],"picked":"Consume+1","floor":28.0},{"not_picked":[],"picked":"Loop+1","floor":30.0},{"not_picked":[],"picked":"Machine Learning+1","floor":33.0},{"not_picked":[],"picked":"Cold Snap+1","floor":35.0},{"not_picked":[],"picked":"Transmutation","floor":37.0},{"not_picked":["Force Field+1"],"picked":"SKIP","floor":42.0},{"not_picked":["Streamline+1"],"picked":"Singing Bowl","floor":45.0},{"not_picked":["Lockon"],"picked":"Singing Bowl","floor":54.0}],"player_experience":276417,"relics_obtained":[{"floor":6.0,"key":"Toy Ornithopter"},{"floor":8.0,"key":"WingedGreaves"},{"floor":9.0,"key":"Frozen Egg 2"},{"floor":14.0,"key":"Whetstone"},{"floor":24.0,"key":"MawBank"},{"floor":26.0,"key":"Symbiotic Virus"},{"floor":27.0,"key":"MealTicket"},{"floor":42.0,"key":"Dream Catcher"},{"floor":45.0,"key":"Singing Bowl"},{"floor":54.0,"key":"CaptainsWheel"}],"event_choices":[{"damage_healed":0.0,"max_hp_gain":0.0,"max_hp_loss":0.0,"gold_gain":0.0,"event_name":"Golden Idol","player_choice":"Take Damage","floor":3.0,"gold_loss":0.0,"damage_taken":18.0,"relics_obtained":["Golden Idol"]},{"damage_healed":0.0,"max_hp_gain":0.0,"max_hp_loss":0.0,"gold_gain":0.0,"event_name":"Lab","player_choice":"Got Potions","floor":12.0,"gold_loss":0.0,"damage_taken":0.0},{"damage_healed":0.0,"max_hp_gain":0.0,"max_hp_loss":0.0,"gold_gain":99.0,"event_name":"Nest","player_choice":"Stole From Cult","floor":19.0,"gold_loss":0.0,"damage_taken":0.0},{"damage_healed":0.0,"max_hp_gain":0.0,"max_hp_loss":0.0,"gold_gain":0.0,"event_name":"The Mausoleum","player_choice":"Opened","floor":20.0,"gold_loss":0.0,"damage_taken":0.0,"relics_obtained":["Ornamental Fan"],"cards_obtained":["Writhe"]},{"damage_healed":0.0,"max_hp_gain":0.0,"max_hp_loss":0.0,"gold_gain":0.0,"event_name":"Back to Basics","player_choice":"Simplicity","floor":31.0,"gold_loss":0.0,"damage_taken":0.0,"cards_upgraded":["Strike_B","Strike_B","Defend_B","Defend_B","Defend_B","Defend_B"]},{"damage_healed":0.0,"max_hp_gain":0.0,"max_hp_loss":0.0,"gold_gain":0.0,"event_name":"SensoryStone","player_choice":"Memory 3","floor":37.0,"gold_loss":0.0,"damage_taken":10.0},{"cards_removed":["Zap"],"damage_healed":0.0,"max_hp_gain":0.0,"max_hp_loss":0.0,"gold_gain":0.0,"event_name":"Bonfire Elementals","player_choice":"Offered Basic","floor":39.0,"gold_loss":0.0,"damage_taken":0.0}],"is_beta":false,"boss_relics":[{"not_picked":["Velvet Choker","Runic Dome"],"picked":"Busted Crown"},{"not_picked":["Calling Bell","Fusion Hammer"],"picked":"Inserter"}],"items_purged_floors":[13,22],"is_endless":false,"potions_floor_spawned":[2,4,8,10,14,18,25,30],"ascension_level":2}}