{"host":"n605f8gctjc87d7h","time":1611942184,"event":{"mods":["Aspiration","Bard","BaseMod","Better Match","Better Note","Better Skull","Better Third Choice","Conspire","Downfall","Halation","Hermit","Infinite Spire","Minty Spire (QoL Compilation)","Replay The Spire","Retaliation","Shade Mod","Spicy Shops","StSLib","The IronCluck","The Jungle"],"gold_per_floor":[99,113,126,111,61,97,97,82,125,152,192,192,192,237,252,262,262,262],"floor_reached":16,"language":"ENG","playtime":1373,"items_purged":[],"score":137,"play_id":"5f7d1192-1c6b-4e06-a400-512b3a227abb","local_time":"20210129094304","is_ascension_mode":false,"campfire_choices":[{"data":"Guardian:CurlUp","floor":1,"key":"SMITH"},{"data":"Guardian:SentryBeam","floor":12,"key":"SMITH"}],"circlet_count":0,"master_deck":["Guardian:Strike_Guardian","Guardian:Strike_Guardian","Guardian:Strike_Guardian","Guardian:Strike_Guardian","Guardian:Defend_Guardian","Guardian:Defend_Guardian","Guardian:Defend_Guardian","Guardian:Defend_Guardian","Guardian:CurlUp+1","Guardian:TwinSlam","Guardian:BaubleBeam","Guardian:ShieldCharger","conspire:SpireCoStock","Guardian:ChargeCore","Guardian:SentryBeam+1","Guardian:Orbwalk","Guardian:TemporalStrike","Guardian:SphericShield","Guardian:Gem_Green"],"relics":["Guardian:ModeShifter","aspiration:FetidBarrel","Juzu Bracelet","Pen Nib"],"acts_visited":["Exordium"],"potions_floor_usage":[11,16,16,16],"damage_taken":[{"damage":1,"enemies":"Cultist","floor":2,"turns":4},{"damage":5,"enemies":"Small Slimes","floor":3,"turns":4},{"damage":5,"enemies":"downfall:FleeingMerchant","floor":4,"turns":4},{"damage":1,"enemies":"Jaw Worm","floor":6,"turns":5},{"damage":9,"enemies":"downfall:FleeingMerchant","floor":8,"turns":4},{"damage":12,"enemies":"3 Sentries","floor":9,"turns":8},{"damage":1,"enemies":"2 Fungi Beasts","floor":10,"turns":4},{"damage":11,"enemies":"Gremlin Gang","floor":11,"turns":5},{"damage":0,"enemies":"Lagavulin","floor":14,"turns":6},{"damage":13,"enemies":"3 Louse","floor":15,"turns":3},{"damage":23,"enemies":"WA_ARCHETYPE_RETAIN","floor":16,"turns":8}],"seed_played":"-1222692105819385750","potions_obtained":[{"floor":6,"key":"SneckoOil"},{"floor":10,"key":"Weak Potion"},{"floor":11,"key":"Swift Potion"},{"floor":14,"key":"SteroidPotion"}],"is_trial":false,"path_per_floor":["R","M","M","$","?","M","T","$","E","M","M","R","?","E","M","B"],"character_chosen":"GUARDIAN","items_purchased":[],"campfire_rested":0,"item_purchase_floors":[],"current_hp_per_floor":[80,79,74,69,69,68,68,59,47,46,35,35,35,35,22,0,0,0],"gold":262,"neow_bonus":"ONE_RANDOM_RARE_CARD","is_daily":false,"chose_seed":false,"campfire_upgraded":2,"win_rate":0.0,"timestamp":1611942184,"path_taken":["R","M","?","$","?","M","T","$","E","M","M","R","?","E","M","BOSS"],"items_purchased_type":[],"build_version":"2020-12-22","purchased_purges":0,"victory":false,"max_hp_per_floor":[80,80,80,80,80,80,80,80,80,80,80,80,80,80,80,80,80,80],"card_choices":[{"not_picked":["Guardian:Planning","Guardian:TemporalStrike"],"picked":"Guardian:ShieldCharger","floor":2},{"not_picked":["Guardian:PolyBeam","Guardian:Reroute","Guardian:Harden"],"picked":"SKIP","floor":3},{"not_picked":["Guardian:Planning","Guardian:PrismaticBeam"],"picked":"Guardian:Gem_Green","floor":4},{"not_picked":["Guardian:BaubleBeam","Guardian:CrystalBeam"],"picked":"Guardian:ChargeCore","floor":6},{"not_picked":["Guardian:ChargeCore","Guardian:Incinerate"],"picked":"Guardian:Gem_Blue","floor":8},{"not_picked":["Guardian:WalkerClaw","Guardian:TimeCapacitor"],"picked":"Guardian:SentryBeam","floor":9},{"not_picked":["Guardian:Reroute","Guardian:PrismaticBarrier"],"picked":"Guardian:Orbwalk","floor":10},{"not_picked":["Guardian:Repulse","Guardian:PrimingBeam"],"picked":"Guardian:TemporalStrike","floor":11},{"not_picked":["Guardian:ConstructionForm","Guardian:VentSteam"],"picked":"Guardian:SphericShield","floor":14},{"not_picked":["Guardian:TemporalStrike","Guardian:WalkerClaw"],"picked":"Guardian:Gem_Green","floor":15}],"player_experience":789199,"relics_obtained":[{"floor":7,"key":"aspiration:FetidBarrel"},{"floor":9,"key":"Juzu Bracelet"},{"floor":14,"key":"Pen Nib"}],"event_choices":[{"damage_healed":0,"gold_gain":0,"player_choice":"Invest 1","damage_taken":0,"max_hp_gain":0,"max_hp_loss":0,"event_name":"conspire:Investor","floor":5,"gold_loss":0}],"is_beta":false,"boss_relics":[],"items_purged_floors":[],"is_endless":false,"potions_floor_spawned":[6,10,11,14],"killed_by":"WA_ARCHETYPE_RETAIN","ascension_level":0}}