{"host":"dcj2yvrgcvh5dl2s","time":1611878696,"event":{"mods":["BaseMod","Bestiary","Better Note","Block Reminder","Colored Powertips","Curses Come First","DeckTracker","Minty Spire (QoL Compilation)","Quick Restart","Rare Cards Sparkle","Relic Stats","StSLib"],"gold_per_floor":[366,516,516,30,41,41,66,82,82,101,101,126,126,136,136,211,211,226,226,35,35,35,35,61,77,77,77,109,109,127,156,156,233,233,249,269,288,288,4,4,0,0,0,30,30,62,12,43,43,43],"floor_reached":51,"language":"ENG","playtime":12348,"items_purged":["Doubt"],"score":1554,"play_id":"58a3d24b-3659-46a1-82fe-9c1ec7b09518","local_time":"20210129100456","is_ascension_mode":true,"campfire_choices":[{"data":"Heavy Blade","floor":6,"key":"SMITH"},{"floor":11,"key":"REST"},{"data":"Intimidate","floor":13,"key":"SMITH"},{"data":"Flex","floor":15,"key":"SMITH"},{"data":"Offering","floor":23,"key":"SMITH"},{"floor":27,"key":"REST"},{"floor":29,"key":"REST"},{"data":"Flex","floor":32,"key":"SMITH"},{"floor":40,"key":"REST"},{"floor":42,"key":"DIG"},{"floor":45,"key":"REST"},{"data":"Limit Break","floor":49,"key":"SMITH"}],"circlet_count":0,"master_deck":["AscendersBane","Strike_R","Strike_R","Strike_R","Defend_R","Defend_R","Defend_R","Defend_R","Bash+1","Shrug It Off","Heavy Blade+1","Battle Trance","Sword Boomerang","Intimidate+1","Flex+1","Pummel","Limit Break+1","Offering+1","Shrug It Off","Inflame","Flex+1","Uppercut+1","Whirlwind+1","Feel No Pain+1","Limit Break","Whirlwind+1","Reaper+1","Battle Trance","Metallicize","Flex+1","Heavy Blade+1","Pummel+1"],"relics":["Burning Blood","Kunai","Charon\u0027s Ashes","HornCleat","Bottled Flame","SacredBark","Bag of Marbles","Pantograph","Bronze Scales","Shovel","Molten Egg 2","Mercury Hourglass","Black Star","Red Mask","Blue Candle","Frozen Egg 2","Paper Frog","Bag of Preparation","Nunchaku","Mummified Hand","Turnip","Regal Pillow"],"acts_visited":["Exordium","TheCity","TheBeyond"],"potions_floor_usage":[12,12,24,28,28,31,33,37,44,48],"damage_taken":[{"damage":9,"enemies":"2 Louse","floor":1,"turns":2},{"damage":0,"enemies":"Cultist","floor":5,"turns":3},{"damage":32,"enemies":"Gremlin Nob","floor":7,"turns":4},{"damage":6,"enemies":"Jaw Worm","floor":8,"turns":4},{"damage":3,"enemies":"Looter","floor":10,"turns":3},{"damage":10,"enemies":"3 Sentries","floor":12,"turns":3},{"damage":5,"enemies":"Blue Slaver","floor":14,"turns":3},{"damage":30,"enemies":"Slime Boss","floor":16,"turns":8},{"damage":18,"enemies":"3 Byrds","floor":18,"turns":5},{"damage":23,"enemies":"Slavers","floor":24,"turns":4},{"damage":11,"enemies":"Shell Parasite","floor":25,"turns":2},{"damage":10,"enemies":"Book of Stabbing","floor":28,"turns":2},{"damage":6,"enemies":"Sentry and Sphere","floor":30,"turns":2},{"damage":15,"enemies":"Slavers","floor":31,"turns":3},{"damage":19,"enemies":"Automaton","floor":33,"turns":5},{"damage":9,"enemies":"Orb Walker","floor":35,"turns":2},{"damage":36,"enemies":"3 Darklings","floor":36,"turns":5},{"damage":6,"enemies":"Spire Growth","floor":37,"turns":2},{"damage":38,"enemies":"Reptomancer","floor":44,"turns":5},{"damage":6,"enemies":"Nemesis","floor":46,"turns":3},{"damage":18,"enemies":"Reptomancer","floor":48,"turns":4},{"damage":62,"enemies":"Donu and Deca","floor":50,"turns":7}],"seed_played":"3214778299775504374","potions_obtained":[{"floor":5,"key":"SteroidPotion"},{"floor":10,"key":"ColorlessPotion"},{"floor":14,"key":"Explosive Potion"},{"floor":25,"key":"EntropicBrew"},{"floor":30,"key":"AttackPotion"},{"floor":31,"key":"CultistPotion"},{"floor":35,"key":"FearPotion"},{"floor":36,"key":"AttackPotion"},{"floor":46,"key":"HeartOfIron"}],"is_trial":false,"path_per_floor":["M","?","?","$","M","R","E","M","T","M","R","E","R","M","R","B",null,"M","?","$","T","$","R","E","M","T","R","E","R","M","E","R","B",null,"M","M","M","?","$","R","?","R","T","E","R","E","$","E","R","B",null],"character_chosen":"IRONCLAD","items_purchased":["Heavy Blade","Battle Trance","Kunai","Bag of Marbles","Shrug It Off","Reaper+1","Battle Trance","Metallicize","Heavy Blade+1"],"campfire_rested":5,"item_purchase_floors":[4,4,4,20,20,39,39,39,47],"current_hp_per_floor":[47,47,47,47,53,53,27,27,27,30,52,48,48,49,49,25,63,51,51,51,51,51,51,34,29,29,51,47,69,69,60,60,62,72,69,39,39,39,39,61,61,61,61,29,51,51,51,55,55,30],"gold":43,"neow_bonus":"TWO_FIFTY_GOLD","is_daily":false,"chose_seed":false,"campfire_upgraded":6,"win_rate":0.0,"timestamp":1611878696,"path_taken":["M","?","?","$","?","R","E","M","T","M","R","E","R","M","R","BOSS","M","?","$","?","$","R","E","M","T","R","E","R","M","E","R","BOSS","M","M","M","?","$","R","?","R","T","E","R","E","$","E","R","BOSS"],"items_purchased_type":["Card","Card","Relic","Relic","Card","Card","Card","Card","Card"],"build_version":"2020-12-22","purchased_purges":1,"victory":true,"max_hp_per_floor":[75,75,75,75,75,75,75,75,75,75,75,75,75,75,75,75,75,75,75,75,75,75,75,75,75,75,75,75,75,75,75,75,75,75,75,75,75,75,75,75,75,75,75,75,75,75,75,75,75,75],"relic_stats":{"Regal Pillow":0,"counters":[22,81],"Blue Candle":[0],"Charon\u0027s Ashes":[325],"Bag of Preparation":[6],"Burning Blood":132,"Mercury Hourglass":[155],"Nunchaku":[2],"Shovel":1,"Mummified Hand":[9],"Pantograph":35,"Bronze Scales":[90],"Turnip":[0],"Black Star":3,"Kunai":[11],"obtain_stats":[{"Regal Pillow":48,"SacredBark":17,"Blue Candle":42,"Charon\u0027s Ashes":7,"Bag of Preparation":44,"Frozen Egg 2":43,"Burning Blood":0,"Mercury Hourglass":31,"Bottled Flame":12,"Nunchaku":46,"HornCleat":9,"Shovel":26,"Mummified Hand":46,"Pantograph":21,"Bronze Scales":24,"Molten Egg 2":28,"Turnip":48,"Bag of Marbles":20,"Black Star":34,"Red Mask":41,"Kunai":4,"Paper Frog":44},{"Regal Pillow":21,"SacredBark":8,"Blue Candle":18,"Charon\u0027s Ashes":3,"Bag of Preparation":19,"Frozen Egg 2":18,"Burning Blood":0,"Mercury Hourglass":14,"Bottled Flame":6,"Nunchaku":20,"HornCleat":4,"Shovel":11,"Mummified Hand":20,"Pantograph":9,"Bronze Scales":10,"Molten Egg 2":12,"Turnip":21,"Bag of Marbles":9,"Black Star":15,"Red Mask":18,"Kunai":1,"Paper Frog":19},{"Regal Pillow":74,"SacredBark":30,"Blue Candle":62,"Charon\u0027s Ashes":9,"Bag of Preparation":67,"Frozen Egg 2":62,"Burning Blood":0,"Mercury Hourglass":48,"Bottled Flame":19,"Nunchaku":70,"HornCleat":13,"Shovel":41,"Mummified Hand":70,"Pantograph":35,"Bronze Scales":39,"Molten Egg 2":43,"Turnip":74,"Bag of Marbles":35,"Black Star":53,"Red Mask":62,"Kunai":2,"Paper Frog":67}]},"card_choices":[{"not_picked":["Clash","Burning Pact"],"picked":"Shrug It Off","floor":1},{"not_picked":["Thunderclap","Iron Wave"],"picked":"Sword Boomerang","floor":5},{"not_picked":["Ghostly Armor","Heavy Blade","Hemokinesis"],"picked":"SKIP","floor":7},{"not_picked":["Clash","Anger"],"picked":"Intimidate","floor":8},{"not_picked":["Wild Strike","Disarm"],"picked":"Flex","floor":10},{"not_picked":["Blood for Blood","Rage"],"picked":"Pummel","floor":12},{"not_picked":["Dropkick","Shrug It Off"],"picked":"Limit Break","floor":14},{"not_picked":["Double Tap","Impervious"],"picked":"Offering","floor":16},{"not_picked":["Headbutt","Sentinel","Body Slam"],"picked":"SKIP","floor":18},{"not_picked":["Feel No Pain+1","Headbutt"],"picked":"Inflame","floor":24},{"not_picked":["Bloodletting","Pummel"],"picked":"Flex","floor":25},{"not_picked":["Blood for Blood+1","Iron Wave+1"],"picked":"Uppercut+1","floor":28},{"not_picked":["Dark Embrace+1","Armaments"],"picked":"Whirlwind+1","floor":30},{"not_picked":["Havoc","Iron Wave+1"],"picked":"Feel No Pain+1","floor":31},{"not_picked":["Demon Form","Impervious"],"picked":"Limit Break","floor":33},{"not_picked":["Uppercut+1","Twin Strike+1","Clash+1"],"picked":"SKIP","floor":35},{"not_picked":["Havoc+1","Rupture"],"picked":"Whirlwind+1","floor":36},{"not_picked":["Armaments+1","Carnage+1","Rupture"],"picked":"SKIP","floor":37},{"not_picked":["Sever Soul+1","Warcry+1","Perfected Strike+1"],"picked":"SKIP","floor":44},{"not_picked":["Burning Pact+1","Barricade+1"],"picked":"Flex+1","floor":46},{"not_picked":["Armaments","Thunderclap+1"],"picked":"Pummel+1","floor":48}],"player_experience":2273162,"relics_obtained":[{"floor":7,"key":"Charon\u0027s Ashes"},{"floor":9,"key":"HornCleat"},{"floor":12,"key":"Bottled Flame"},{"floor":21,"key":"Pantograph"},{"floor":24,"key":"Bronze Scales"},{"floor":26,"key":"Shovel"},{"floor":28,"key":"Molten Egg 2"},{"floor":31,"key":"Mercury Hourglass"},{"floor":42,"key":"Blue Candle"},{"floor":43,"key":"Frozen Egg 2"},{"floor":44,"key":"Paper Frog"},{"floor":44,"key":"Bag of Preparation"},{"floor":46,"key":"Nunchaku"},{"floor":46,"key":"Mummified Hand"},{"floor":48,"key":"Turnip"},{"floor":48,"key":"Regal Pillow"}],"event_choices":[{"damage_healed":0,"gold_gain":150,"player_choice":"AGREE","damage_taken":0,"max_hp_gain":0,"max_hp_loss":0,"event_name":"Liars Game","floor":2,"gold_loss":0,"cards_obtained":["Doubt"]},{"damage_healed":0,"gold_gain":0,"player_choice":"Upgraded","damage_taken":0,"max_hp_gain":0,"max_hp_loss":0,"event_name":"Upgrade Shrine","floor":3,"gold_loss":0,"cards_upgraded":["Bash"]},{"cards_removed":["Strike_R"],"damage_healed":0,"gold_gain":0,"player_choice":"Card Removal","damage_taken":0,"max_hp_gain":0,"max_hp_loss":0,"event_name":"Wheel of Change","floor":19,"gold_loss":0},{"cards_removed":["Strike_R"],"damage_healed":0,"gold_gain":0,"player_choice":"Removed Attack","damage_taken":0,"max_hp_gain":0,"max_hp_loss":0,"event_name":"Falling","floor":38,"gold_loss":0},{"damage_healed":0,"gold_gain":0,"player_choice":"Paid","damage_taken":0,"relics_obtained":["Red Mask"],"max_hp_gain":0,"max_hp_loss":0,"event_name":"Tomb of Lord Red Mask","floor":41,"gold_loss":4}],"is_beta":false,"boss_relics":[{"not_picked":["SlaversCollar","Coffee Dripper"],"picked":"SacredBark"},{"not_picked":["Empty Cage","Mark of Pain"],"picked":"Black Star"}],"items_purged_floors":[4],"is_endless":false,"potions_floor_spawned":[5,10,14,25,30,31,35,36,46],"ascension_level":19}}