{"host":"0fro2zsghd18gsf6","time":1611935352,"event":{"mods":["Act Like it!","Arknights The Spire","BaseMod","Better Third Choice","CapriCore","Gensokyo","Minty Spire (QoL Compilation)","StSLib"],"gold_per_floor":[109,124,135,145,160,192,192,210,233,233,247,262,23,51,51,154,154,169,188,113,125,125,150,168,168,193,203,220,237,137,59,59,160,160,175,192,207,222,222],"floor_reached":38,"language":"ZHS","playtime":1945,"items_purged":["ats:Strike S","ats:Strike C"],"score":443,"play_id":"844d0e27-2823-4ce5-8116-586cba026508","local_time":"20210129234912","is_ascension_mode":false,"campfire_choices":[{"data":"ats:Closed Bolt Burst Fire","floor":7,"key":"SMITH"},{"floor":10,"key":"REST"},{"floor":15,"key":"REST"},{"floor":25,"key":"REST"},{"floor":32,"key":"REST"}],"circlet_count":0,"master_deck":["ats:Strike G","ats:Strike V","ats:Armor Crushing Shot","ats:Defend","ats:Defend","ats:Defend","ats:Defend","ats:Emotion Absorption","ats:Closed Bolt Burst Fire+1","ats:Absolute Focus","ats:Chain Hook","ats:Serious Mode","ats:Shell Defense","ats:Leaping Hammer","ats:Blood Oath","ats:Healing Strengthening","ats:Flexible Camouflage","ats:Blood Oath","ats:Blood Oath","ats:Red Shift","ats:Durian","ats:Support Order","ats:Thermite Blade+1","ats:Shell Defense+1","ats:Revitalization","ats:Flexible Camouflage","ats:Healing Strengthening+1","ats:Healing Strengthening+1","ats:Part Time Job+1","ats:Assault Order","ats:Sashimi Platter+1","ats:Shadow Assault","ats:Chain Hook","ats:Part Time Job+1","ats:Cat Scratch","ats:Demon Strength","ats:Soul Rend","ats:Revitalization+1","ats:Sashimi Platter+1","Parasite","ats:Overload+1","ats:Chain Hook","ats:Very Hot Blade"],"relics":["ats:Sanity","NeowsBlessing","ats:Originium","Prayer Wheel","Anchor","Shuriken","ats:Berate","Fusion Hammer","FaceOfCleric","Toy Ornithopter","PreservedInsect","Black Star"],"acts_visited":["Exordium","TheCity","TheBeyond"],"potions_floor_usage":[23],"damage_taken":[{"damage":0,"enemies":"Jaw Worm","floor":1,"turns":1},{"damage":0,"enemies":"Cultist","floor":2,"turns":1},{"damage":0,"enemies":"Small Slimes","floor":3,"turns":1},{"damage":15,"enemies":"Looter","floor":4,"turns":3},{"damage":22,"enemies":"Exordium Thugs","floor":5,"turns":4},{"damage":9,"enemies":"3 Sentries","floor":6,"turns":6},{"damage":1,"enemies":"3 Louse","floor":8,"turns":2},{"damage":0,"enemies":"Lots of Slimes","floor":11,"turns":4},{"damage":0,"enemies":"Looter","floor":12,"turns":3},{"damage":36,"enemies":"Lagavulin","floor":14,"turns":4},{"damage":54,"enemies":"The Guardian","floor":16,"turns":9},{"damage":10,"enemies":"Spheric Guardian","floor":18,"turns":3},{"damage":23,"enemies":"3 Byrds","floor":19,"turns":4},{"damage":5,"enemies":"Cultist and Chosen","floor":21,"turns":4},{"damage":37,"enemies":"Slavers","floor":23,"turns":4},{"damage":23,"enemies":"Centurion and Healer","floor":24,"turns":6},{"damage":62,"enemies":"3 Cultists","floor":27,"turns":7},{"damage":58,"enemies":"Cultist and Chosen","floor":28,"turns":8},{"damage":30,"enemies":"Centurion and Healer","floor":29,"turns":8},{"damage":115,"enemies":"Automaton","floor":33,"turns":9},{"damage":56,"enemies":"3 Shapes","floor":35,"turns":5},{"damage":30,"enemies":"3 Darklings","floor":36,"turns":3},{"damage":90,"enemies":"Writhing Mass","floor":37,"turns":8},{"damage":102,"enemies":"Transient","floor":38,"turns":5}],"seed_played":"-7965374342424109886","potions_obtained":[{"floor":4,"key":"GamblersBrew"},{"floor":5,"key":"Weak Potion"},{"floor":6,"key":"Explosive Potion"},{"floor":18,"key":"LiquidBronze"},{"floor":28,"key":"CultistPotion"},{"floor":33,"key":"ats:Top Emergency Sanity Potion"},{"floor":35,"key":"FairyPotion"}],"is_trial":false,"path_per_floor":["M","M","M","M","M","E","R","M","T","R","M","M","$","E","R","B",null,"M","M","$","M","?","E","M","R","T","M","M","M","$","$","R","B",null,"M","M","M","M"],"character_chosen":"DOCTOR_CLASS","items_purchased":["Shuriken","ats:Demon Strength"],"campfire_rested":4,"item_purchase_floors":[13,31],"current_hp_per_floor":[72,72,72,57,35,29,29,28,28,49,58,60,60,32,53,35,72,62,48,48,49,49,41,63,74,74,75,76,77,77,77,77,47,78,58,40,81,5,5],"gold":222,"neow_bonus":"THREE_ENEMY_KILL","is_daily":false,"chose_seed":false,"campfire_upgraded":1,"win_rate":0.0,"timestamp":1611935352,"path_taken":["M","M","M","M","M","E","R","M","T","R","M","M","$","E","R","BOSS","M","M","$","M","?","E","M","R","T","M","M","M","?","$","R","BOSS","M","?","M","M"],"items_purchased_type":["Relic","Card"],"build_version":"2020-12-22","purchased_purges":2,"victory":false,"max_hp_per_floor":[72,72,72,72,72,72,72,72,72,72,72,72,72,72,72,72,72,72,72,72,72,72,73,74,74,74,75,76,77,77,77,77,78,78,79,80,81,82,82],"card_choices":[{"not_picked":["ats:Assault Order","ats:Absolute Focus"],"picked":"ats:Closed Bolt Burst Fire","floor":1},{"not_picked":["ats:Consecutive Shot Auto","ats:Guardian Obelisk"],"picked":"ats:Absolute Focus","floor":2},{"not_picked":["ats:Ignite","ats:Very Hot Blade"],"picked":"ats:Chain Hook","floor":3},{"not_picked":["ats:Defend Order","ats:Disruption Kick"],"picked":"ats:Serious Mode","floor":4},{"not_picked":["ats:Explosion Area Strengthen","ats:Ignite"],"picked":"ats:Shell Defense","floor":5},{"not_picked":["ats:Consecutive Shot Auto","ats:Very Hot Blade"],"picked":"ats:Leaping Hammer","floor":6},{"not_picked":["ats:Ignite","ats:Leaping Hammer"],"picked":"ats:Blood Oath","floor":8},{"not_picked":["ats:Leaping Hammer","ats:Magnetic Hammer","ats:Neurotoxin"],"picked":"SKIP","floor":8},{"not_picked":["ats:Automatic Cover","ats:Burning Ground"],"picked":"ats:Healing Strengthening","floor":11},{"not_picked":["ats:Ignite","ats:Beaten Up"],"picked":"ats:Flexible Camouflage","floor":11},{"not_picked":["ats:Ambush","ats:Powerful Strike"],"picked":"ats:Blood Oath","floor":12},{"not_picked":["ats:Hammer On","ats:Very Hot Blade"],"picked":"ats:Blood Oath","floor":12},{"not_picked":["ats:Poison Spread","ats:Consecutive Shot Auto"],"picked":"ats:Red Shift","floor":14},{"not_picked":["ats:Disruption Kick","ats:Fractured Body"],"picked":"ats:Durian","floor":16},{"not_picked":["ats:Guard Mode","ats:Absolute Focus"],"picked":"ats:Support Order","floor":18},{"not_picked":["ats:Closed Bolt Burst Fire","ats:Charging Defense"],"picked":"ats:Thermite Blade+1","floor":18},{"not_picked":["ats:Hammer On","ats:Soul Absorption"],"picked":"ats:Shell Defense+1","floor":19},{"not_picked":["ats:Absolute Focus+1","ats:Thermite Blade"],"picked":"ats:Revitalization","floor":19},{"not_picked":["ats:Absolute Focus","ats:Automatic Cover"],"picked":"ats:Flexible Camouflage","floor":21},{"not_picked":["ats:Collapsing Strike","ats:Steam Pump"],"picked":"ats:Healing Strengthening+1","floor":21},{"not_picked":["ats:Apocalypse+1","ats:Cat Scratch"],"picked":"ats:Healing Strengthening+1","floor":23},{"not_picked":["ats:Cat Scratch","ats:Closed Bolt Burst Fire"],"picked":"ats:Part Time Job+1","floor":24},{"not_picked":["ats:Fractured Body","ats:Ignite"],"picked":"ats:Assault Order","floor":24},{"not_picked":["ats:Leaping Hammer","ats:Song Of Battle"],"picked":"ats:Sashimi Platter+1","floor":27},{"not_picked":["ats:Support Order","ats:Ignite","ats:Very Hot Blade"],"picked":"SKIP","floor":27},{"not_picked":["ats:Ignite","ats:Shell Defense"],"picked":"ats:Shadow Assault","floor":28},{"not_picked":["ats:Consecutive Shot Auto+1","ats:Leaping Hammer+1"],"picked":"ats:Chain Hook","floor":28},{"not_picked":["ats:Revitalization","ats:Mental Burst"],"picked":"ats:Part Time Job+1","floor":29},{"not_picked":["ats:Poison Spread","ats:Soul Absorption"],"picked":"ats:Cat Scratch","floor":29},{"not_picked":["ats:Wolf Pack","ats:Echo Reverb"],"picked":"ats:Soul Rend","floor":33},{"not_picked":["ats:Assault Order+1","ats:Neurotoxin"],"picked":"ats:Revitalization+1","floor":35},{"not_picked":["ats:Automatic Cover","ats:Absolute Focus","ats:Closed Bolt Burst Fire+1"],"picked":"SKIP","floor":35},{"not_picked":["ats:Very Hot Blade+1","ats:Explosion Area Strengthen"],"picked":"ats:Sashimi Platter+1","floor":36},{"not_picked":["ats:Shadow Raid+1","ats:Phantom+1","ats:Rapid Magazine+1"],"picked":"SKIP","floor":36},{"not_picked":["ats:Directed Diagnosis","ats:Shell Defense+1"],"picked":"ats:Overload+1","floor":37},{"not_picked":["ats:Flame Of Heaven","ats:Apocalypse"],"picked":"ats:Chain Hook","floor":37},{"not_picked":["ats:Guard Mode+1","ats:Ignite"],"picked":"ats:Very Hot Blade","floor":38},{"not_picked":["ats:Burning Ground","ats:Assault Order","ats:Ignite+1"],"picked":"SKIP","floor":38}],"player_experience":195469,"relics_obtained":[{"floor":6,"key":"ats:Originium"},{"floor":6,"key":"Prayer Wheel"},{"floor":9,"key":"Anchor"},{"floor":14,"key":"ats:Originium"},{"floor":14,"key":"ats:Berate"},{"floor":23,"key":"ats:Originium"},{"floor":23,"key":"Toy Ornithopter"},{"floor":26,"key":"PreservedInsect"}],"event_choices":[{"damage_healed":0,"gold_gain":0,"player_choice":"Trade","damage_taken":0,"relics_obtained":["FaceOfCleric"],"max_hp_gain":0,"max_hp_loss":0,"event_name":"FaceTrader","floor":22,"gold_loss":0}],"is_beta":false,"boss_relics":[{"not_picked":["Busted Crown","Runic Dome"],"picked":"Fusion Hammer"},{"not_picked":["ats:Tactical Delivery","SacredBark"],"picked":"Black Star"}],"items_purged_floors":[20,30],"is_endless":false,"potions_floor_spawned":[4,5,6,11,14,18,28,33,35,36],"killed_by":"Transient","ascension_level":0}}