{"host":"i58uscbei3sy5089","time":1611933244,"event":{"mods":["ATMod(°¢èªMod)","Act Like it!","BaseMod","Challenge The Spire","Colored Powertips","Conspire","Gensokyo","Infinite Spire","Lobotomy","LobotomyExtend","Minty Spire (QoL Compilation)","MostiFishMod","Quick Restart","Replay The Spire","Shop Mod","Spicy Shops","StSLib","TestMod","UnlockEverythingMod","[IsaacMod]ÒÔÈö¼âËþ","¡¾¹¦ÄÜMod¡¿»ìãçÖ®»·ÐÞ¸´²¹¶¡","¡¾ÒÅÎï¿¨ÅÆ¡¿REMEMod","óô»ðÖ¸ÄÏ"],"gold_per_floor":[274,19,9,9,23,60,60,60,60,60,62,112,112,149,149,249,249,266,286,308,329,329,329,330,330],"floor_reached":24,"language":"ZHS","playtime":1206,"items_purged":["InformationCode"],"score":381,"play_id":"0c786e5c-8d5e-493c-91c4-3752882d4526","local_time":"20210129231404","is_ascension_mode":true,"campfire_choices":[{"data":"MostiFishMod:KingOfFree","floor":8,"key":"SMITH"},{"data":"AT_TearsDenial","floor":10,"key":"SMITH"},{"data":"DaCapo","floor":15,"key":"SMITH"}],"circlet_count":1,"master_deck":["SpecialBullet","SpecialBullet","SpecialBullet","SpecialBullet","SpecialBullet","SpecialBullet","SpecialBullet","AT_TearsDenial+1","MostiFishMod:KingOfFree+1","Scorched","SecurityCode","DaCapo+1","MHz","Soda+1"],"relics":["CogitoBucket","testmod-TestBox","HushsDoor","DaveBox","AT_ATBox","REME_ComplimentaryCards","testmod-CyclicPeriapt","ChiXiaoBlade","Chaos","DianPoetry","SynthV:TestCard","LetterFromLob","testmod-InfectionSource","testmod-AssaultLearning","Meat on the Bone","Heaven_r","Amita_r","testmod-NegativeEmotionEnhancer","SynthV","FleshIdol","Circlet"],"acts_visited":["Exordium","Gensokyo:Gensokyo"],"potions_floor_usage":[],"damage_taken":[{"damage":0,"enemies":"Gensokyo:3_Fairies","floor":1,"turns":2},{"damage":18,"enemies":"Gensokyo:2_Kodama","floor":5,"turns":2},{"damage":0,"enemies":"Gensokyo:Mamizou","floor":6,"turns":4},{"damage":50,"enemies":"Gensokyo:Cirno","floor":11,"turns":3},{"damage":63,"enemies":"Gensokyo:Cirno","floor":14,"turns":6},{"damage":25,"enemies":"Gensokyo:Yukari","floor":16,"turns":3},{"damage":0,"enemies":"Gensokyo:2_Gloops","floor":18,"turns":3},{"damage":16,"enemies":"Gensokyo:3_Dogs","floor":19,"turns":2},{"damage":12,"enemies":"Gensokyo:3_Gloops","floor":20,"turns":3},{"damage":46,"enemies":"Gensokyo:Slime_Group","floor":21,"turns":3},{"damage":61,"enemies":"Gensokyo:Wraith","floor":24,"turns":3}],"seed_played":"3463397867597066316","potions_obtained":[{"floor":6,"key":"Block Potion"},{"floor":14,"key":"Strength Potion"},{"floor":16,"key":"Venom Potion"}],"is_trial":false,"path_per_floor":["M","COS","?","$","M","E","$","R","T","R","E","?","?","E","R","B",null,"M","M","M","M","AVR","R","M"],"character_chosen":"Angela","items_purchased":[],"campfire_rested":0,"item_purchase_floors":[],"current_hp_per_floor":[65,65,70,70,53,55,55,55,55,55,51,36,57,30,30,29,62,76,72,74,46,51,51,0,0],"gold":330,"neow_bonus":"RANDOM_COMMON_RELIC","is_daily":false,"chose_seed":false,"campfire_upgraded":3,"win_rate":0.0,"timestamp":1611933244,"path_taken":["M","COS","?","$","M","E","?","R","T","R","E","?","?","E","R","BOSS","M","M","M","?","AVR","R","M"],"items_purchased_type":[],"build_version":"2020-12-22","purchased_purges":1,"victory":false,"max_hp_per_floor":[70,70,70,70,70,70,70,70,70,70,70,70,70,71,71,73,73,76,80,84,87,92,92,92,92],"card_choices":[{"not_picked":["CUTE","Regret_ego"],"picked":"SKIP","floor":1},{"not_picked":["CherryBlossoms","Wellcheers"],"picked":"Scorched","floor":5},{"not_picked":["Diffraction","Discord","Loneliness","TodaysExpression"],"picked":"SKIP","floor":5},{"not_picked":["CrimsonScar","Noise","TheSmile","Lantern"],"picked":"SKIP","floor":6},{"not_picked":["TodaysExpression","BlueScar","InTheNameOfLoveAndHate"],"picked":"DaCapo","floor":14},{"not_picked":["LittlePrince","BeautyBeast"],"picked":"MHz","floor":18},{"not_picked":["Horn+1","Pleasure","BloodyDesire","Tough+1"],"picked":"SKIP","floor":18},{"not_picked":["BearPaw","Horn","GreenStem","CherryBlossom"],"picked":"SKIP","floor":19},{"not_picked":["MagicBullet","Lamp+1","Tough","Logging+1"],"picked":"SKIP","floor":20},{"not_picked":["Moonlight+1","Lantern","Wingbeat+1"],"picked":"Soda+1","floor":21}],"player_experience":615405,"relics_obtained":[{"floor":1,"key":"SynthV:TestCard"},{"floor":1,"key":"LetterFromLob"},{"floor":6,"key":"testmod-AssaultLearning"},{"floor":9,"key":"Meat on the Bone"},{"floor":14,"key":"testmod-NegativeEmotionEnhancer"}],"event_choices":[],"is_beta":false,"boss_relics":[{"not_picked":["testmod-Recursion","Bag of Marbles"],"picked":"SynthV"},{"not_picked":[]}],"items_purged_floors":[22],"is_endless":false,"potions_floor_spawned":[6,14,16,19,20],"killed_by":"Gensokyo:Wraith","ascension_level":9}}