{"host":"ml2ro5l6hu6y0pll","time":1611946062,"event":{"mods":["AchievementEnabler","BaseMod","Colored Map","Colored Powertips","Custom Start","Googly Eyes","Minty Spire (QoL Compilation)","Quick Restart","Rare Cards Sparkle","Relic Stats","Reliquary","StSLib","everything is the same but u backflip on backflip"],"gold_per_floor":[117,80,80,95,107,133,148,148,199,227,270,298,323,370,382,470,482,508,183,193,193,193,219,219,229,281,281,310,310,342,361,361,361,361],"floor_reached":33,"language":"ENG","playtime":1441,"items_purged":[],"score":754,"play_id":"2be840e8-914d-4d80-b44c-4156328a63f5","local_time":"20210129184742","daily_mods":["Elite Swarm"],"is_ascension_mode":true,"campfire_choices":[{"data":"Eruption","floor":8,"key":"SMITH"},{"data":"LessonLearned","floor":15,"key":"SMITH"},{"data":"Vault","floor":24,"key":"SMITH"},{"data":"Nirvana","floor":27,"key":"SMITH"},{"data":"Omniscience","floor":29,"key":"SMITH"},{"data":"MentalFortress","floor":32,"key":"SMITH"}],"circlet_count":0,"master_deck":["Protect","EmptyBody","EmptyBody+1","Vigilance","Eruption+1","EmptyFist","CutThroughFate","CutThroughFate","JustLucky+1","Consecrate","FlurryOfBlows","Crescendo","Wireheading","FollowUp","DeusExMachina","Conclude","FearNoEvil+1","Weave","MentalFortress+1","LessonLearned+1","Vault+1","Weave+1","Nirvana+1","SpiritShield","Weave","Omniscience+1","DevaForm"],"relics":["PureWater","Mummified Hand","Shuriken","Prayer Wheel","MawBank","reliquary:TuningFork","Happy Flower","Coffee Dripper","Lee\u0027s Waffle","MutagenicStrength","Tiny Chest","Ginger","Bag of Marbles"],"acts_visited":["Exordium","TheCity"],"potions_floor_usage":[30,33,33,33,33],"damage_taken":[{"damage":0.0,"enemies":"Small Slimes","floor":1.0,"turns":2.0},{"damage":0.0,"enemies":"2 Louse","floor":4.0,"turns":2.0},{"damage":0.0,"enemies":"Cultist","floor":5.0,"turns":1.0},{"damage":4.0,"enemies":"3 Sentries","floor":6.0,"turns":7.0},{"damage":0,"enemies":"3 Louse","floor":7,"turns":2},{"damage":0,"enemies":"Lots of Slimes","floor":10,"turns":1},{"damage":0,"enemies":"Lagavulin","floor":11,"turns":4},{"damage":4,"enemies":"Looter","floor":12,"turns":2},{"damage":8,"enemies":"Exordium Wildlife","floor":13,"turns":3},{"damage":0,"enemies":"3 Sentries","floor":14,"turns":4},{"damage":13,"enemies":"The Guardian","floor":16,"turns":6},{"damage":3,"enemies":"3 Byrds","floor":18,"turns":4},{"damage":0,"enemies":"Chosen","floor":20,"turns":2},{"damage":7,"enemies":"Book of Stabbing","floor":23,"turns":3},{"damage":16,"enemies":"Centurion and Healer","floor":25,"turns":4},{"damage":4,"enemies":"Gremlin Leader","floor":28,"turns":4},{"damage":7,"enemies":"Slavers","floor":30,"turns":3},{"damage":32,"enemies":"Shelled Parasite and Fungi","floor":31,"turns":6},{"damage":36,"enemies":"Collector","floor":33,"turns":2}],"seed_played":"-7644008875515034422","potions_obtained":[{"floor":5.0,"key":"FearPotion"},{"floor":7,"key":"DistilledChaos"},{"floor":12,"key":"EntropicBrew"},{"floor":30,"key":"Ambrosia"}],"is_trial":true,"path_per_floor":["M","$","?","M","M","E","M","R","T","M","E","M","M","E","R","B",null,"M","$","M","?","?","E","R","M","T","R","E","R","E","M","R","B"],"character_chosen":"WATCHER","items_purchased":["Wireheading","Weave","Lee\u0027s Waffle","Nirvana"],"campfire_rested":0,"item_purchase_floors":[2,19,19,19],"current_hp_per_floor":[61,61,61,61,61,57,57,57,57,57,57,53,45,45,45,32,59,56,75,75,75,75,68,68,52,52,52,48,48,41,9,9,0,0],"gold":361,"neow_bonus":"","is_daily":false,"chose_seed":false,"campfire_upgraded":6,"win_rate":0.0,"timestamp":1611946062,"path_taken":["M","$","?","M","M","E","M","R","T","M","E","M","M","E","R","BOSS","M","$","M","?","?","E","R","M","T","R","E","R","E","M","R","BOSS"],"items_purchased_type":["Card","Card","Relic","Card"],"build_version":"2020-12-22","purchased_purges":0,"victory":false,"max_hp_per_floor":[68,68,68,68,68,68,68,68,68,68,68,68,68,68,68,68,68,68,75,75,75,75,75,75,75,75,75,75,75,75,75,75,75,75],"relic_stats":{"Lee\u0027s Waffle":19,"Happy Flower":[11],"counters":[19,62],"Mummified Hand":[35],"Shuriken":[55],"Prayer Wheel":8,"Tiny Chest":0,"Ginger":[0],"MawBank":120,"obtain_stats":[{"Lee\u0027s Waffle":19,"Happy Flower":14,"Ginger":28,"MawBank":9,"Mummified Hand":0,"Shuriken":0,"MutagenicStrength":21,"Prayer Wheel":6,"Tiny Chest":23,"reliquary:TuningFork":11,"Coffee Dripper":17,"Bag of Marbles":30,"PureWater":0},{"Lee\u0027s Waffle":12,"Happy Flower":10,"Ginger":16,"MawBank":5,"Mummified Hand":0,"Shuriken":0,"MutagenicStrength":13,"Prayer Wheel":4,"Tiny Chest":14,"reliquary:TuningFork":7,"Coffee Dripper":11,"Bag of Marbles":17,"PureWater":0},{"Lee\u0027s Waffle":38,"Happy Flower":28,"Ginger":51,"MawBank":14,"Mummified Hand":0,"Shuriken":0,"MutagenicStrength":40,"Prayer Wheel":12,"Tiny Chest":43,"reliquary:TuningFork":19,"Coffee Dripper":34,"Bag of Marbles":54,"PureWater":0}]},"card_choices":[{"not_picked":["WreathOfFlame","Halt"],"picked":"Crescendo","floor":1.0},{"not_picked":["Halt","ThirdEye","ForeignInfluence"],"picked":"SKIP","floor":4.0},{"not_picked":["Sanctity","EmptyFist"],"picked":"FollowUp","floor":5.0},{"not_picked":["Devotion","MasterReality"],"picked":"DeusExMachina","floor":6.0},{"not_picked":["Consecrate","WheelKick"],"picked":"Conclude","floor":7},{"not_picked":["Evaluate","EmptyBody","Collect"],"picked":"SKIP","floor":7},{"not_picked":["WindmillStrike","EmptyFist"],"picked":"FearNoEvil","floor":10},{"not_picked":["EmptyBody","ForeignInfluence","CutThroughFate"],"picked":"SKIP","floor":10},{"not_picked":["Devotion","ConjureBlade","Ragnarok"],"picked":"SKIP","floor":11},{"not_picked":["Adaptation","Halt"],"picked":"Weave","floor":12},{"not_picked":["Wireheading","WaveOfTheHand","JustLucky"],"picked":"SKIP","floor":12},{"not_picked":["Pray","WindmillStrike"],"picked":"MentalFortress","floor":13},{"not_picked":["Protect","Consecrate","Wireheading"],"picked":"SKIP","floor":13},{"not_picked":["Devotion","SpiritShield"],"picked":"LessonLearned","floor":14},{"not_picked":["Establishment","LessonLearned"],"picked":"Vault","floor":16},{"not_picked":["Swivel","EmptyBody","ForeignInfluence"],"picked":"SKIP","floor":18},{"not_picked":["SandsOfTime","EmptyFist","CrushJoints"],"picked":"SKIP","floor":18},{"not_picked":["PathToVictory","Protect","Fasting2"],"picked":"SKIP","floor":20},{"not_picked":["ForeignInfluence","EmptyBody","CutThroughFate"],"picked":"SKIP","floor":20},{"not_picked":["Judgement","DeusExMachina"],"picked":"SpiritShield","floor":23},{"not_picked":["JustLucky","Evaluate"],"picked":"Weave","floor":25},{"not_picked":["CrushJoints","BowlingBash","Crescendo"],"picked":"SKIP","floor":25},{"not_picked":["Alpha","LessonLearned"],"picked":"Omniscience","floor":28},{"not_picked":["Establishment","Devotion"],"picked":"DevaForm","floor":30},{"not_picked":["FollowUp","Collect","Crescendo"],"picked":"SKIP","floor":31},{"not_picked":["Protect","Pray+1","SignatureMove+1"],"picked":"SKIP","floor":31}],"player_experience":870938,"relics_obtained":[{"floor":6.0,"key":"Prayer Wheel"},{"floor":9,"key":"MawBank"},{"floor":11,"key":"reliquary:TuningFork"},{"floor":14,"key":"Happy Flower"},{"floor":23,"key":"Tiny Chest"},{"floor":28,"key":"Ginger"},{"floor":30,"key":"Bag of Marbles"}],"event_choices":[{"damage_healed":0.0,"max_hp_gain":0.0,"max_hp_loss":0.0,"gold_gain":0.0,"event_name":"Liars Game","player_choice":"Ignored","floor":3.0,"gold_loss":0.0,"damage_taken":0.0},{"damage_healed":0,"gold_gain":0,"player_choice":"Inject Mutagens","damage_taken":0,"relics_obtained":["MutagenicStrength"],"max_hp_gain":0,"max_hp_loss":0,"event_name":"Drug Dealer","floor":21,"gold_loss":0},{"damage_healed":0,"gold_gain":0,"player_choice":"Ignored","damage_taken":0,"max_hp_gain":0,"max_hp_loss":0,"event_name":"Ghosts","floor":22,"gold_loss":0}],"is_beta":false,"boss_relics":[{"not_picked":["Runic Pyramid","Tiny House"],"picked":"Coffee Dripper"}],"items_purged_floors":[],"is_endless":false,"potions_floor_spawned":[5,7,10,11,12,13,20,25,30],"killed_by":"Collector","ascension_level":20}}