{"host":"rv8qrr1d2i1l2m12","time":1611961697,"event":{"mods":["BaseMod","Colored Map","Minty Spire (QoL Compilation)","StSLib"],"gold_per_floor":[113,128,148,148,148,180,180,191,191,19,19,39,39,39,39,135,135,146,16,16,16,34,34,52,63,63,63,63,83,83,101,101,101,101],"floor_reached":33,"language":"ENG","playtime":1600,"items_purged":[],"score":358,"play_id":"b69e0d4a-4e2a-4cdc-a5ec-376d1105169e","local_time":"20210129180817","is_ascension_mode":true,"campfire_choices":[{"floor":7,"key":"REST"},{"floor":11,"key":"REST"},{"floor":13,"key":"REST"},{"data":"Static Discharge","floor":15,"key":"SMITH"},{"floor":23,"key":"REST"},{"floor":27,"key":"REST"},{"floor":30,"key":"REST"},{"floor":32,"key":"REST"}],"circlet_count":0,"master_deck":["Strike_B","Strike_B","Strike_B","Strike_B","Defend_B+1","Defend_B+1","Defend_B","Defend_B","Zap","Dualcast","Defragment","Conserve Battery","Cold Snap","Lockon","Static Discharge+1","Heatsinks","Blizzard","Creative AI","Storm","Apotheosis+1","Storm","Cold Snap+1","Go for the Eyes+1","Capacitor"],"relics":["Cracked Core","NeowsBlessing","Happy Flower","Art of War","Membership Card","Nuclear Battery","Question Card"],"acts_visited":["Exordium","TheCity"],"potions_floor_usage":[6,6,16,25,29],"damage_taken":[{"damage":0,"enemies":"Cultist","floor":1,"turns":1},{"damage":0,"enemies":"Jaw Worm","floor":2,"turns":1},{"damage":0,"enemies":"2 Louse","floor":3,"turns":1},{"damage":29,"enemies":"Gremlin Nob","floor":6,"turns":5},{"damage":11,"enemies":"Lots of Slimes","floor":8,"turns":5},{"damage":16,"enemies":"2 Fungi Beasts","floor":12,"turns":3},{"damage":20,"enemies":"Slime Boss","floor":16,"turns":7},{"damage":9,"enemies":"Chosen","floor":18,"turns":4},{"damage":25,"enemies":"2 Thieves","floor":22,"turns":4},{"damage":33,"enemies":"Shelled Parasite and Fungi","floor":24,"turns":3},{"damage":19,"enemies":"Sentry and Sphere","floor":25,"turns":3},{"damage":17,"enemies":"3 Cultists","floor":29,"turns":4},{"damage":33,"enemies":"Centurion and Healer","floor":31,"turns":4},{"damage":48,"enemies":"Champ","floor":33,"turns":7}],"seed_played":"-2735316766070397441","potions_obtained":[{"floor":1,"key":"Block Potion"},{"floor":3,"key":"PotionOfCapacity"},{"floor":12,"key":"Fire Potion"},{"floor":22,"key":"PowerPotion"},{"floor":25,"key":"DistilledChaos"}],"is_trial":false,"path_per_floor":["M","M","M","?","?","E","R","M","T","$","R","M","R","?","R","B",null,"M","$","?","$","M","R","M","M","T","R","?","M","R","M","R","B"],"character_chosen":"DEFECT","items_purchased":["Membership Card","Heatsinks","Apotheosis","Storm"],"campfire_rested":7,"item_purchase_floors":[10,10,19,19],"current_hp_per_floor":[68,68,68,53,53,24,46,35,35,35,57,41,63,68,68,48,72,63,63,63,63,38,62,29,10,10,34,34,17,41,8,32,0,0],"gold":101,"neow_bonus":"THREE_ENEMY_KILL","is_daily":false,"chose_seed":false,"campfire_upgraded":1,"win_rate":0.0,"timestamp":1611961697,"path_taken":["M","M","M","?","?","E","R","?","T","$","R","M","R","?","R","BOSS","M","$","?","$","?","R","M","M","T","R","?","M","R","?","R","BOSS"],"items_purchased_type":["Relic","Card","Card","Card"],"build_version":"2020-12-22","purchased_purges":0,"victory":false,"max_hp_per_floor":[75,75,75,75,75,75,75,75,75,75,75,75,75,80,80,80,80,80,80,80,80,80,80,80,80,80,80,80,80,80,80,80,80,80],"card_choices":[{"not_picked":["Barrage","Recycle"],"picked":"Defragment","floor":1},{"not_picked":["Barrage","Beam Cell"],"picked":"Conserve Battery","floor":2},{"not_picked":["Hologram","Rebound"],"picked":"Cold Snap","floor":3},{"not_picked":["Leap","All For One"],"picked":"Lockon","floor":6},{"not_picked":["Scrape","Auto Shields"],"picked":"Static Discharge","floor":8},{"not_picked":["Double Energy","Tempest"],"picked":"Blizzard","floor":12},{"not_picked":["Reboot","Rainbow"],"picked":"Creative AI","floor":16},{"not_picked":["Beam Cell","Self Repair"],"picked":"Storm","floor":18},{"not_picked":["Leap","Rip and Tear","Steam+1"],"picked":"SKIP","floor":22},{"not_picked":["Redo","Coolheaded+1"],"picked":"Cold Snap+1","floor":24},{"not_picked":["BootSequence","Redo"],"picked":"Go for the Eyes+1","floor":25},{"not_picked":["Gash","Skim+1","Rebound"],"picked":"Capacitor","floor":29},{"not_picked":["Turbo","Genetic Algorithm+1","Hologram","Meteor Strike"],"picked":"SKIP","floor":31}],"player_experience":570359,"relics_obtained":[{"floor":6,"key":"Happy Flower"},{"floor":9,"key":"Art of War"},{"floor":26,"key":"Question Card"}],"event_choices":[{"damage_healed":0,"gold_gain":0,"player_choice":"Entered Light","damage_taken":15,"max_hp_gain":0,"max_hp_loss":0,"event_name":"Shining Light","floor":4,"gold_loss":0,"cards_upgraded":["Defend_B","Defend_B"]},{"damage_healed":0,"gold_gain":0,"player_choice":"Bought 0 Potions","damage_taken":0,"max_hp_gain":0,"max_hp_loss":0,"event_name":"The Woman in Blue","floor":5,"gold_loss":0},{"damage_healed":0,"gold_gain":0,"player_choice":"Donut","damage_taken":0,"max_hp_gain":5,"max_hp_loss":0,"event_name":"Big Fish","floor":14,"gold_loss":0},{"damage_healed":0,"gold_gain":0,"player_choice":"Forge","damage_taken":0,"max_hp_gain":0,"max_hp_loss":0,"event_name":"Accursed Blacksmith","floor":20,"gold_loss":0,"cards_upgraded":["Apotheosis"]},{"damage_healed":0,"gold_gain":0,"player_choice":"Leave","damage_taken":0,"max_hp_gain":0,"max_hp_loss":0,"event_name":"FaceTrader","floor":28,"gold_loss":0}],"is_beta":false,"boss_relics":[{"not_picked":["Snecko Eye","Black Star"],"picked":"Nuclear Battery"}],"items_purged_floors":[],"is_endless":false,"potions_floor_spawned":[1,3,12,22,25],"killed_by":"Champ","ascension_level":9}}