{"host":"0azimyi6n3ugndj4","time":1611952684,"event":{"mods":["2.2 Compatiblity","BaseMod","Bestiary","Conspire","Curses Come First","Defuse TimeMaze Blight","Hermit","Hubris","Hyrulean Relics","Infinite Spire","Keyboard Shortcuts","Minty Spire (QoL Compilation)","Relic Filter Mod","Relic Stats","Reliquary","Replay The Spire","StSLib","SuperFastMode","The Cursed","The Hierophant","Uncapped","¡¼?Úª?ø«¡½REMEMod"],"gold_per_floor":[158,223,256,181,181,273,326,326,326,326,160,160,160,160,160,418,418,462,516,628,628,695,804,871,986,1057,1057,1057,1057],"floor_reached":28,"language":"KOR","playtime":533,"items_purged":[],"score":719,"play_id":"2f80e543-bc67-4b92-b70f-299ae25d3af5","local_time":"20210130053804","daily_mods":["Draft","Hoarder","Insanity","Chimera","Specialized","Vintage","ControlledChaos","Allstar","Diverse","Colorless Cards","Heirloom","Time Dilation","Flight","Elite Swarm","Lethality","Midas","Binary"],"is_ascension_mode":true,"campfire_choices":[{"floor":10,"key":"REST"},{"floor":15,"key":"REST"}],"circlet_count":0,"master_deck":["Demon Form","Wraith Form v2","Echo Form","DevaForm","AscendersBane","Bash","Survivor","Zap","Strike_R","Strike_G","Strike_B","Defend_R","Defend_G","Defend_P","Well Laid Plans","hierophant:Sermon","TheCursedMod:ReleasedStrength","hermit:GoldenBullet","TheCursedMod:Torture","conspire:Charge","hermit:TrackingShot","Blind","Self Repair","Recycle","TheCursedMod:CursedMace","Power Through","Scrape","hierophant:Doubloon","REME_FearOfPain","Replay:ManipulateFuture","hierophant:EyeForCoin","TheCursedMod:Obscuration","hierophant:Purify","hermit:Quickdraw","Anger","hierophant:ThreeLashes","Seeing Red","Compile Driver","REME_Compress","EmptyBody","hierophant:Remorse","Dagger Throw","Swivel","TheCursedMod:Mangle","Thunderclap","Turbo","hermit:WideOpen","REME_MusicOfDeath","TheCursedMod:CircleOfFlame","infinitespire:OneForAll","hermit:Quickdraw","Meditate","Swift Strike","TheCursedMod:RavingStaff","Cold Snap","Bouncing Flask","REME_FearOfPain","ThirdEye","Slice","Halt","Protect","hierophant:Sermon","hierophant:Flagellation","hierophant:Flagellation","hierophant:Flagellation","hierophant:Flagellation","hierophant:Flagellation","hierophant:Flagellation","hierophant:Flagellation","hierophant:Flagellation","hierophant:Flagellation","hierophant:Flagellation","hierophant:Flagellation","hierophant:Flagellation","hierophant:Flagellation","hierophant:Flagellation","hierophant:Flagellation","hierophant:ArchangelShield","hierophant:ArchangelShield","hierophant:ArchangelShield","Bane","Bane","Bane","conspire:Rain","conspire:Rain","conspire:Rain","TheCursedMod:SpitefulStrike","TheCursedMod:SpitefulStrike","TheCursedMod:SpitefulStrike","Cold Snap","Cold Snap","Cold Snap","Slice","Slice","Slice","Hidden Blade","Hidden Blade","Hidden Blade","Clash","Clash","Clash","hermit:Coalescence","hermit:Coalescence","hermit:Coalescence","hermit:BodyArmor","hermit:BodyArmor","hermit:BodyArmor","Gash","Gash","Gash","hermit:CursedWeapon","hermit:CursedWeapon","hermit:CursedWeapon","Ball Lightning","Ball Lightning","Ball Lightning","Perfected Strike","Perfected Strike","Perfected Strike","TheCursedMod:SpitefulStrike","TheCursedMod:SpitefulStrike","TheCursedMod:SpitefulStrike","Lockon","Lockon","Lockon","Establishment","Establishment","Establishment","Wish","Wish","Wish"],"relics":["Burning Blood","Frozen Eye","Busted Crown","REME_ComplimentaryCards","Pondfish Scales","reliquary:SilkGlove","Calipers","zeldaRelics:CourageTriforce","Potion Belt","Golden Idol","reliquary:RedPaperclip","Shovel","Red Mask","Durian","zeldaRelics:WisdomTriforce"],"acts_visited":["Exordium","TheCity"],"potions_floor_usage":[23,27,28,28,28],"damage_taken":[{"damage":0,"enemies":"Cultist","floor":1,"turns":2},{"damage":0,"enemies":"Jaw Worm","floor":2,"turns":2},{"damage":11,"enemies":"Replay:BlueRogue","floor":6,"turns":3},{"damage":12,"enemies":"conspire:RoseBush","floor":7,"turns":1},{"damage":51,"enemies":"Hexaghost","floor":16,"turns":6},{"damage":0,"enemies":"Spheric Guardian","floor":18,"turns":3},{"damage":2,"enemies":"Masked Bandits","floor":20,"turns":2},{"damage":21,"enemies":"Shell Parasite","floor":22,"turns":4},{"damage":28,"enemies":"Nightmare","floor":23,"turns":5},{"damage":26,"enemies":"Shelled Parasite and Fungi","floor":24,"turns":3},{"damage":42,"enemies":"conspire:SneckoGhost","floor":25,"turns":7},{"damage":4,"enemies":"conspire:Head Lice","floor":27,"turns":2},{"damage":8,"enemies":"Colosseum Slavers","floor":28,"turns":3},{"damage":8,"enemies":"Colosseum Nobs","floor":28,"turns":2}],"seed_played":"-7617439926533999106","potions_obtained":[{"floor":1,"key":"DuplicationPotion"},{"floor":6,"key":"LifebloodPotion"},{"floor":16,"key":"Weak Potion"},{"floor":18,"key":"BloodPotion"},{"floor":23,"key":"SmokeBomb"},{"floor":25,"key":"Swift Potion"}],"is_trial":true,"path_per_floor":["M","M","?","?","?","E","M","?","T","R","$","?","?","?","R","B",null,"M","T","?","?","M","NM","M","E","T","E","?"],"character_chosen":"IRONCLAD","items_purchased":["Potion Belt"],"campfire_rested":2,"item_purchase_floors":[11],"current_hp_per_floor":[74,75,51,51,56,51,45,48,48,72,72,43,38,38,62,24,68,74,74,78,78,68,63,43,7,7,9,0,0],"gold":1057,"neow_bonus":"","is_daily":false,"chose_seed":false,"campfire_upgraded":0,"win_rate":0.0,"timestamp":1611952684,"path_taken":["M","?","?","?","?","E","?","?","T","R","$","?","?","?","R","BOSS","M","?","?","?","?","NM","M","E","T","E","?"],"items_purchased_type":["Relic"],"build_version":"2020-12-22","purchased_purges":0,"victory":false,"max_hp_per_floor":[75,75,75,75,80,80,80,83,83,83,83,83,83,83,83,83,83,83,83,83,83,88,88,88,88,88,88,88,88],"relic_stats":{"Busted Crown":44,"Shovel":0,"counters":[14,45],"Golden Idol":89,"obtain_stats":[{"Potion Belt":11,"zeldaRelics:WisdomPiece":23,"reliquary:SilkGlove":1,"Calipers":3,"Golden Idol":12,"Boot":7,"Burning Blood":0,"zeldaRelics:CourageTriforce":19,"zeldaRelics:WisdomTriforce":26,"Frozen Eye":0,"Pondfish Scales":0,"Busted Crown":0,"reliquary:RedPaperclip":17,"Shovel":18,"zeldaRelics:CouragePiece":6,"Red Mask":20,"Durian":22,"hubris:OldNail":2,"REME_ComplimentaryCards":0},{"Potion Belt":4,"zeldaRelics:WisdomPiece":9,"reliquary:SilkGlove":1,"Calipers":2,"Golden Idol":4,"Boot":4,"Burning Blood":0,"zeldaRelics:CourageTriforce":6,"zeldaRelics:WisdomTriforce":11,"Frozen Eye":0,"Pondfish Scales":0,"Busted Crown":0,"reliquary:RedPaperclip":5,"Shovel":6,"zeldaRelics:CouragePiece":3,"Red Mask":7,"Durian":8,"hubris:OldNail":2,"REME_ComplimentaryCards":0},{"Potion Belt":8,"zeldaRelics:WisdomPiece":28,"reliquary:SilkGlove":2,"Calipers":4,"Golden Idol":8,"Boot":8,"Burning Blood":0,"zeldaRelics:CourageTriforce":17,"zeldaRelics:WisdomTriforce":38,"Frozen Eye":0,"Pondfish Scales":0,"Busted Crown":0,"reliquary:RedPaperclip":14,"Shovel":17,"zeldaRelics:CouragePiece":7,"Red Mask":19,"Durian":23,"hubris:OldNail":4,"REME_ComplimentaryCards":0}],"Burning Blood":73},"card_choices":[{"not_picked":["hierophant:Encroach","TheCursedMod:Obscuration"],"picked":"hierophant:ArchangelShield","floor":0},{"not_picked":["TheCursedMod:Torture","Panic Button"],"picked":"Bane","floor":0},{"not_picked":["TheCursedMod:Stigma","hermit:Vantage"],"picked":"conspire:Rain","floor":0},{"not_picked":["ReplaySort","Replay:AtTheReady"],"picked":"TheCursedMod:SpitefulStrike","floor":0},{"not_picked":["Perfected Strike","BowlingBash"],"picked":"Cold Snap","floor":0},{"not_picked":["hermit:Brawl","TheCursedMod:CircleOfFlame"],"picked":"Slice","floor":0},{"not_picked":["Steam","Scrape"],"picked":"Hidden Blade","floor":0},{"not_picked":["hermit:Ricochet","hermit:Headshot"],"picked":"Clash","floor":0},{"not_picked":["ReplayReversal","hermit:TrackingShot"],"picked":"hermit:Coalescence","floor":0},{"not_picked":["hermit:DeadMansHand","ReplayTheSpireMod:Scrap Shanks"],"picked":"hermit:BodyArmor","floor":0},{"not_picked":["hermit:GoldenBullet","hermit:SprayPray"],"picked":"Gash","floor":0},{"not_picked":["Barrage","True Grit"],"picked":"hermit:CursedWeapon","floor":0},{"not_picked":["REME_Repentance","hierophant:Purify"],"picked":"Ball Lightning","floor":0},{"not_picked":["Prepared","hermit:TakeAim"],"picked":"Perfected Strike","floor":0},{"not_picked":["Quick Slash","hierophant:Alms"],"picked":"TheCursedMod:SpitefulStrike","floor":0}],"player_experience":1572686,"relics_obtained":[{"floor":1,"key":"reliquary:SilkGlove"},{"floor":2,"key":"hubris:OldNail"},{"floor":3,"key":"Calipers"},{"floor":6,"key":"zeldaRelics:CouragePiece"},{"floor":7,"key":"Boot"},{"floor":9,"key":"zeldaRelics:CouragePiece"},{"floor":18,"key":"Shovel"},{"floor":19,"key":"zeldaRelics:CouragePiece"},{"floor":20,"key":"Red Mask"},{"floor":22,"key":"Durian"},{"floor":23,"key":"zeldaRelics:WisdomPiece"},{"floor":25,"key":"zeldaRelics:WisdomPiece"},{"floor":26,"key":"zeldaRelics:WisdomPiece"}],"event_choices":[{"cards_removed":["Eruption"],"damage_healed":0,"gold_gain":0,"player_choice":"Card Removal","damage_taken":0,"max_hp_gain":0,"max_hp_loss":0,"event_name":"The Cleric","floor":4,"gold_loss":75},{"damage_healed":0,"gold_gain":0,"player_choice":"Donut","damage_taken":0,"max_hp_gain":5,"max_hp_loss":0,"event_name":"Big Fish","floor":5,"gold_loss":0},{"damage_healed":0,"gold_gain":0,"player_choice":"Take Damage","damage_taken":29,"relics_obtained":["Golden Idol"],"max_hp_gain":0,"max_hp_loss":0,"event_name":"Golden Idol","floor":12,"gold_loss":0},{"damage_healed":0,"gold_gain":0,"player_choice":"Leave","damage_taken":0,"max_hp_gain":0,"max_hp_loss":0,"event_name":"conspire:Investor","floor":13,"gold_loss":0},{"damage_healed":0,"gold_gain":0,"cards_transformed":["Vengeance"],"player_choice":"Transformed","damage_taken":0,"max_hp_gain":0,"max_hp_loss":0,"event_name":"Transmorgrifier","floor":14,"gold_loss":0,"cards_obtained":["Establishment"]},{"damage_healed":0,"gold_gain":0,"player_choice":"Fought Bandits","damage_taken":0,"max_hp_gain":0,"max_hp_loss":0,"event_name":"Masked Bandits","floor":20,"gold_loss":0},{"damage_healed":0,"gold_gain":0,"cards_transformed":["Crescendo"],"player_choice":"Transformed","damage_taken":0,"max_hp_gain":0,"max_hp_loss":0,"event_name":"Transmorgrifier","floor":21,"gold_loss":0,"cards_obtained":["Wish"]},{"damage_healed":0,"gold_gain":0,"player_choice":"Fight","damage_taken":0,"max_hp_gain":0,"max_hp_loss":0,"event_name":"Colosseum","floor":28,"gold_loss":0},{"damage_healed":0,"gold_gain":0,"player_choice":"Fought Nobs","damage_taken":0,"max_hp_gain":0,"max_hp_loss":0,"event_name":"Colosseum","floor":28,"gold_loss":0}],"is_beta":false,"boss_relics":[{"not_picked":["Fusion Hammer","REME_DuelDisc"],"picked":"reliquary:RedPaperclip"}],"items_purged_floors":[],"is_endless":true,"potions_floor_spawned":[1,6,16,18,23,25,27],"killed_by":"Colosseum Nobs","ascension_level":20}}