{"host":"6xsbn6ynqlzwllfm","time":1611955471,"event":{"mods":["2.2 Compatiblity","BaseMod","Bestiary","Colored Map","Colored Powertips","Curses Come First","Highlight Path","Keyboard Shortcuts","Minty Spire (QoL Compilation)","Relic Stats","Slay the Relics Exporter","StSLib","SuperFastMode"],"gold_per_floor":[115,115,40,40,51,51,80,80,80,80,109,128,185,217,217,289,289,304,13,24,43,43,43,68,68,68,93,8,41,61,10,10,85,85,96,96,96,116,131,131,156,181,258,303,315,354,366,378,390,402,414,426,438,70,105,105],"floor_reached":57,"language":"ENG","playtime":5290,"items_purged":["Strike_G","Defend_G"],"score":3045,"play_id":"f664802f-916f-4f08-bc72-46663e3492c1","local_time":"20210129162431","is_ascension_mode":true,"campfire_choices":[{"data":"Skewer","floor":6.0,"key":"SMITH"},{"data":"Quick Slash","floor":10.0,"key":"SMITH"},{"data":"Caltrops","floor":15.0,"key":"SMITH"},{"data":"Corpse Explosion","floor":23.0,"key":"SMITH"},{"data":"Burst","floor":25.0,"key":"SMITH"},{"floor":32.0,"key":"REST"},{"floor":40.0,"key":"RECALL"},{"data":"Blade Dance","floor":45.0,"key":"SMITH"},{"data":"Adrenaline","floor":47.0,"key":"SMITH"},{"data":"Panache","floor":49.0,"key":"SMITH"},{"data":"Cloak And Dagger","floor":53.0,"key":"SMITH"}],"circlet_count":0,"master_deck":["AscendersBane","Strike_G","Strike_G","Defend_G","Defend_G","Defend_G","Defend_G","Survivor","Neutralize","Skewer+1","Distraction","Quick Slash+1","Masterful Stab","PiercingWail","Caltrops+1","Cloak And Dagger+1","Predator","Corpse Explosion+1","Backflip","Escape Plan+1","Blade Dance+1","Burst+1","Blade Dance","Dodge and Roll","Adrenaline+1","Dodge and Roll","Flash of Steel","Panache+1","Cloak And Dagger+1","Catalyst+1","Shame","Caltrops+1","PiercingWail+1","Infinite Blades","Secret Technique","Cloak And Dagger+1"],"relics":["SlaversCollar","Mercury Hourglass","Pantograph","Ninja Scroll","StrikeDummy","Centennial Puzzle","Cursed Key","Frozen Eye","Dead Branch","Matryoshka","Kunai","Bird Faced Urn","Sozu","MealTicket","Lizard Tail","MawBank","Bottled Flame","Blood Vial","ClockworkSouvenir","Vajra"],"acts_visited":["Exordium","TheCity","TheBeyond","TheEnding"],"potions_floor_usage":[],"damage_taken":[{"damage":3.0,"enemies":"Jaw Worm","floor":1.0,"turns":4.0},{"damage":0.0,"enemies":"2 Louse","floor":5.0,"turns":4.0},{"damage":0.0,"enemies":"Gremlin Nob","floor":7.0,"turns":2.0},{"damage":7.0,"enemies":"Lagavulin","floor":11.0,"turns":4.0},{"damage":0.0,"enemies":"Small Slimes","floor":12.0,"turns":1.0},{"damage":15.0,"enemies":"3 Sentries","floor":13.0,"turns":6.0},{"damage":4.0,"enemies":"3 Sentries","floor":14.0,"turns":5.0},{"damage":9.0,"enemies":"The Guardian","floor":16.0,"turns":9.0},{"damage":0.0,"enemies":"3 Byrds","floor":18.0,"turns":1.0},{"damage":11.0,"enemies":"2 Thieves","floor":20.0,"turns":3.0},{"damage":0.0,"enemies":"3 Cultists","floor":21.0,"turns":2.0},{"damage":11.0,"enemies":"Slavers","floor":24.0,"turns":3.0},{"damage":3.0,"enemies":"Book of Stabbing","floor":27.0,"turns":4.0},{"damage":8.0,"enemies":"Gremlin Leader","floor":29.0,"turns":5.0},{"damage":13.0,"enemies":"Shelled Parasite and Fungi","floor":30.0,"turns":4.0},{"damage":0.0,"enemies":"Collector","floor":33.0,"turns":5.0},{"damage":3.0,"enemies":"3 Darklings","floor":35.0,"turns":2.0},{"damage":0.0,"enemies":"3 Shapes","floor":38.0,"turns":5.0},{"damage":0.0,"enemies":"Transient","floor":39.0,"turns":6.0},{"damage":19.0,"enemies":"Nemesis","floor":41.0,"turns":5.0},{"damage":0.0,"enemies":"Mind Bloom Boss Battle","floor":42.0,"turns":4.0},{"damage":15.0,"enemies":"Reptomancer","floor":44.0,"turns":4.0},{"damage":0.0,"enemies":"Nemesis","floor":46.0,"turns":5.0},{"damage":24.0,"enemies":"Awakened One","floor":50.0,"turns":10.0},{"damage":120.0,"enemies":"Time Eater","floor":51.0,"turns":11.0},{"damage":11.0,"enemies":"Shield and Spear","floor":55.0,"turns":5.0},{"damage":52,"enemies":"The Heart","floor":56,"turns":9}],"seed_played":"7888452121791279262","potions_obtained":[{"floor":1.0,"key":"FearPotion"},{"floor":14.0,"key":"Weak Potion"},{"floor":16.0,"key":"FearPotion"},{"floor":18.0,"key":"SpeedPotion"},{"floor":21.0,"key":"SpeedPotion"},{"floor":30.0,"key":"LiquidBronze"}],"is_trial":false,"path_per_floor":["M","?","$","?","M","R","E","?","T","R","E","M","?","E","R","B",null,"M","$","M","M","?","R","E","R","T","E","?","E","M","$","R","B",null,"M","?","T","M","M","R","E","?","T","E","R","E","R","?","R","B","B",null,"R","$","E","B",null],"character_chosen":"THE_SILENT","items_purchased":["Backflip","Frozen Eye","Dodge and Roll","Infinite Blades","ClockworkSouvenir","Secret Technique"],"campfire_rested":1,"item_purchase_floors":[19,19,31,54,54,54],"current_hp_per_floor":[56,56,56,56,56,56,56,49,49,49,42,42,27,23,23,39,59,59,59,48,48,48,48,37,37,37,34,34,26,13,13,32,61,65,64,54,54,62,66,66,49,66,66,55,55,66,66,63,63,43,31,55,55,63,63,29],"gold":105,"neow_bonus":"BOSS_RELIC","is_daily":false,"chose_seed":false,"campfire_upgraded":9,"win_rate":0.0,"timestamp":1611955471,"path_taken":["M","?","$","?","M","R","E","?","T","R","E","M","?","E","R","BOSS","M","$","M","M","?","R","E","R","T","E","?","E","M","$","R","BOSS","M","?","?","?","M","R","E","?","T","E","R","E","R","?","R","BOSS","BOSS","R","$","E","BOSS"],"items_purchased_type":["Card","Relic","Card","Card","Relic","Card"],"build_version":"2020-12-22","purchased_purges":2,"victory":true,"max_hp_per_floor":[66,66,66,66,66,66,66,66,66,66,66,66,66,66,66,66,66,66,66,66,66,66,66,66,66,66,66,66,66,66,66,66,66,66,66,66,66,66,66,66,66,66,66,66,66,66,66,63,63,63,63,63,63,63,63,63],"relic_stats":{"counters":[27,127],"Dead Branch":[347],"Cursed Key":1,"MawBank":132,"Mercury Hourglass":[490],"Sozu":3,"Blood Vial":2,"Centennial Puzzle":[37],"Lizard Tail":31,"Pantograph":85,"Bird Faced Urn":[76],"MealTicket":8,"Kunai":[97],"obtain_stats":[{"Dead Branch":24,"Vajra":55,"Cursed Key":17,"MawBank":43,"Mercury Hourglass":7,"ClockworkSouvenir":54,"Sozu":34,"Blood Vial":46,"SlaversCollar":0,"Frozen Eye":19,"Centennial Puzzle":14,"Lizard Tail":42,"Bottled Flame":44,"Matryoshka":27,"Ninja Scroll":11,"Pantograph":9,"Bird Faced Urn":29,"MealTicket":41,"Kunai":28,"StrikeDummy":13,"Ring of the Snake":0},{"Dead Branch":12,"Vajra":26,"Cursed Key":8,"MawBank":21,"Mercury Hourglass":3,"ClockworkSouvenir":25,"Sozu":16,"Blood Vial":23,"SlaversCollar":0,"Frozen Eye":9,"Centennial Puzzle":7,"Lizard Tail":21,"Bottled Flame":22,"Matryoshka":13,"Ninja Scroll":4,"Pantograph":3,"Bird Faced Urn":14,"MealTicket":20,"Kunai":13,"StrikeDummy":6,"Ring of the Snake":0},{"Dead Branch":43,"Vajra":118,"Cursed Key":34,"MawBank":83,"Mercury Hourglass":10,"ClockworkSouvenir":113,"Sozu":61,"Blood Vial":92,"SlaversCollar":0,"Frozen Eye":35,"Centennial Puzzle":25,"Lizard Tail":83,"Bottled Flame":87,"Matryoshka":47,"Ninja Scroll":14,"Pantograph":10,"Bird Faced Urn":52,"MealTicket":79,"Kunai":47,"StrikeDummy":21,"Ring of the Snake":0}]},"card_choices":[{"not_picked":["Acrobatics","Quick Slash"],"picked":"Skewer","floor":1.0},{"not_picked":["Underhanded Strike","Distraction"],"picked":"Quick Slash","floor":5.0},{"not_picked":["Dagger Throw","PiercingWail"],"picked":"Masterful Stab","floor":7.0},{"not_picked":["Bane","Endless Agony"],"picked":"PiercingWail","floor":11.0},{"not_picked":["Blade Dance","Backflip"],"picked":"Caltrops","floor":12.0},{"not_picked":["Prepared","Sucker Punch"],"picked":"Cloak And Dagger","floor":13.0},{"not_picked":["Expertise","Cloak And Dagger"],"picked":"Predator","floor":14.0},{"not_picked":["Envenom","Bullet Time"],"picked":"Corpse Explosion","floor":16.0},{"not_picked":["Poisoned Stab","Setup"],"picked":"Escape Plan+1","floor":20.0},{"not_picked":["Sucker Punch+1","Acrobatics"],"picked":"Blade Dance","floor":21.0},{"not_picked":["Catalyst","PiercingWail"],"picked":"Burst","floor":24.0},{"not_picked":["Skewer","Setup"],"picked":"Blade Dance","floor":27.0},{"not_picked":["Bouncing Flask","Noxious Fumes","Slice"],"picked":"SKIP","floor":29.0},{"not_picked":["Bouncing Flask","Deadly Poison","Blade Dance"],"picked":"SKIP","floor":30.0},{"not_picked":["Die Die Die","Glass Knife"],"picked":"Adrenaline","floor":33.0},{"not_picked":["Expertise","Poisoned Stab"],"picked":"Dodge and Roll","floor":35.0},{"not_picked":["Dark Shackles","Mind Blast"],"picked":"Flash of Steel","floor":36.0},{"not_picked":["Bandage Up","Finesse"],"picked":"Panache","floor":36.0},{"not_picked":["Flying Knee","Noxious Fumes"],"picked":"Cloak And Dagger+1","floor":38.0},{"not_picked":["Flying Knee","Finisher","Skewer+1"],"picked":"SKIP","floor":39.0},{"not_picked":["Reflex+1","Noxious Fumes+1"],"picked":"Catalyst+1","floor":41.0},{"not_picked":["Sucker Punch","Tactician"],"picked":"Caltrops+1","floor":44.0},{"not_picked":["Outmaneuver","Endless Agony"],"picked":"PiercingWail+1","floor":46.0},{"not_picked":["Finisher","Setup+1"],"picked":"Cloak And Dagger+1","floor":55.0}],"player_experience":1222347,"relics_obtained":[{"floor":7.0,"key":"Mercury Hourglass"},{"floor":9.0,"key":"Pantograph"},{"floor":11.0,"key":"Ninja Scroll"},{"floor":13.0,"key":"StrikeDummy"},{"floor":14.0,"key":"Centennial Puzzle"},{"floor":24.0,"key":"Dead Branch"},{"floor":27.0,"key":"Matryoshka"},{"floor":29.0,"key":"Bird Faced Urn"},{"floor":41.0,"key":"MealTicket"},{"floor":42.0,"key":"Lizard Tail"},{"floor":43.0,"key":"MawBank"},{"floor":44.0,"key":"Bottled Flame"},{"floor":46.0,"key":"Blood Vial"},{"floor":55.0,"key":"Vajra"}],"event_choices":[{"damage_healed":0.0,"max_hp_gain":0.0,"max_hp_loss":0.0,"gold_gain":0.0,"event_name":"Liars Game","player_choice":"Ignored","floor":2.0,"gold_loss":0.0,"damage_taken":0.0},{"damage_healed":0.0,"max_hp_gain":0.0,"max_hp_loss":0.0,"gold_gain":0.0,"cards_transformed":["Strike_G"],"event_name":"Living Wall","player_choice":"Change","floor":4.0,"gold_loss":0.0,"damage_taken":0.0,"cards_obtained":["Distraction"]},{"cards_removed":["Strike_G"],"damage_healed":0.0,"max_hp_gain":0.0,"max_hp_loss":0.0,"gold_gain":0.0,"event_name":"Golden Wing","player_choice":"Card Removal","floor":8.0,"gold_loss":0.0,"damage_taken":7.0},{"damage_healed":0.0,"max_hp_gain":0.0,"max_hp_loss":0.0,"gold_gain":30.0,"event_name":"Dead Adventurer","player_choice":"Searched \u00272\u0027 times","floor":13.0,"gold_loss":0.0,"damage_taken":0.0},{"damage_healed":0.0,"max_hp_gain":0.0,"max_hp_loss":0.0,"gold_gain":0.0,"event_name":"The Mausoleum","player_choice":"Ignored","floor":22.0,"gold_loss":0.0,"damage_taken":0.0},{"damage_healed":0.0,"max_hp_gain":0.0,"max_hp_loss":0.0,"gold_gain":0.0,"event_name":"Addict","player_choice":"Obtained Relic","floor":28.0,"gold_loss":85.0,"damage_taken":0.0,"relics_obtained":["Kunai"]},{"damage_healed":0.0,"max_hp_gain":0.0,"max_hp_loss":0.0,"gold_gain":0.0,"event_name":"SensoryStone","player_choice":"Memory 3","floor":36.0,"gold_loss":0.0,"damage_taken":10.0},{"damage_healed":0.0,"max_hp_gain":0.0,"max_hp_loss":0.0,"gold_gain":0.0,"event_name":"MindBloom","player_choice":"Fight","floor":42.0,"gold_loss":0.0,"damage_taken":0.0},{"damage_healed":0.0,"max_hp_gain":0.0,"max_hp_loss":3.0,"gold_gain":0.0,"event_name":"Winding Halls","player_choice":"Max HP","floor":48.0,"gold_loss":0.0,"damage_taken":0.0}],"is_beta":false,"boss_relics":[{"not_picked":["Coffee Dripper","Philosopher\u0027s Stone"],"picked":"Cursed Key"},{"not_picked":["WristBlade","Pandora\u0027s Box"],"picked":"Sozu"}],"items_purged_floors":[3,19],"is_endless":false,"potions_floor_spawned":[1,14,16,18,21,30,41,44,55],"ascension_level":20}}