{"host":"AZZAM","time":1611957394,"event":{"mods":["BaseMod","Colored Map","Highlight Path","Minty Spire (QoL Compilation)","Relic Stats","Unceasing Turn Reminder"],"gold_per_floor":[119,133,145,145,160,190,210,90,90,119,119,134,166,180,180,180,180],"floor_reached":16,"language":"ENG","playtime":490,"items_purged":["Strike_G"],"score":143,"play_id":"757db31a-6365-45d7-86df-95f9c6c719ce","local_time":"20210130005634","is_ascension_mode":true,"campfire_choices":[{"data":"Glass Knife","floor":11,"key":"SMITH"},{"data":"Masterful Stab","floor":15,"key":"SMITH"}],"circlet_count":0,"master_deck":["Strike_G","Strike_G","Strike_G","Strike_G","Defend_G","Defend_G","Defend_G","Defend_G","Defend_G","Survivor","Neutralize","Glass Knife+1","Masterful Stab+1","Poisoned Stab","Sucker Punch","All Out Attack","Poisoned Stab","Catalyst+1","Backstab","Distraction+1"],"relics":["Ring of the Snake","Bottled Flame","Toxic Egg 2","Regal Pillow","Unceasing Top"],"acts_visited":["Exordium"],"potions_floor_usage":[6,16,16],"damage_taken":[{"damage":0,"enemies":"Cultist","floor":1,"turns":4},{"damage":0,"enemies":"Jaw Worm","floor":2,"turns":2},{"damage":0,"enemies":"2 Louse","floor":3,"turns":2},{"damage":0,"enemies":"Exordium Wildlife","floor":5,"turns":5},{"damage":15,"enemies":"Lagavulin","floor":6,"turns":5},{"damage":3,"enemies":"Looter","floor":7,"turns":3},{"damage":17,"enemies":"Gremlin Nob","floor":10,"turns":4},{"damage":1,"enemies":"Blue Slaver","floor":12,"turns":2},{"damage":15,"enemies":"Lagavulin","floor":13,"turns":5},{"damage":1,"enemies":"Exordium Thugs","floor":14,"turns":4},{"damage":15,"enemies":"The Guardian","floor":16,"turns":9}],"seed_played":"-9063309353593362743","potions_obtained":[{"floor":3,"key":"LiquidBronze"},{"floor":4,"key":"Block Potion"},{"floor":4,"key":"PowerPotion"},{"floor":10,"key":"GamblersBrew"}],"is_trial":false,"path_per_floor":["M","M","M","?","M","E","M","$","T","E","R","M","E","M","R","B"],"character_chosen":"THE_SILENT","items_purchased":["Poisoned Stab"],"campfire_rested":0,"item_purchase_floors":[8],"current_hp_per_floor":[63,63,63,63,63,48,45,45,45,28,28,27,12,11,11,0,0],"gold":180,"neow_bonus":"THREE_RARE_CARDS","is_daily":false,"chose_seed":false,"campfire_upgraded":2,"win_rate":0.0,"timestamp":1611957394,"path_taken":["M","?","M","?","M","E","M","$","T","E","R","M","E","M","R","BOSS"],"items_purchased_type":["Card"],"build_version":"2020-12-18","purchased_purges":1,"victory":false,"max_hp_per_floor":[63,63,63,63,63,63,63,63,63,63,63,63,63,63,63,63,63],"relic_stats":{"Regal Pillow":0,"counters":[11,45],"obtain_stats":[{"Bottled Flame":6,"Regal Pillow":10,"Toxic Egg 2":9,"Unceasing Top":13,"Ring of the Snake":0},{"Bottled Flame":5,"Regal Pillow":7,"Toxic Egg 2":6,"Unceasing Top":9,"Ring of the Snake":0},{"Bottled Flame":18,"Regal Pillow":25,"Toxic Egg 2":21,"Unceasing Top":32,"Ring of the Snake":0}],"Unceasing Top":[1],"Ring of the Snake":[22]},"card_choices":[{"not_picked":["Envenom","Corpse Explosion"],"picked":"Glass Knife","floor":0},{"not_picked":["Outmaneuver","Backflip"],"picked":"Masterful Stab","floor":1},{"not_picked":["Cloak And Dagger","Dodge and Roll","Concentrate"],"picked":"SKIP","floor":2},{"not_picked":["Blur","Acrobatics"],"picked":"Poisoned Stab","floor":3},{"not_picked":["Slice","Quick Slash","Cloak And Dagger"],"picked":"SKIP","floor":5},{"not_picked":["Cloak And Dagger","Accuracy"],"picked":"Sucker Punch","floor":6},{"not_picked":["Storm of Steel","Dodge and Roll"],"picked":"All Out Attack","floor":7},{"not_picked":["After Image","Poisoned Stab"],"picked":"Catalyst+1","floor":10},{"not_picked":["Poisoned Stab","Outmaneuver+1"],"picked":"Backstab","floor":12},{"not_picked":["Backstab","Slice"],"picked":"Distraction+1","floor":13},{"not_picked":["Quick Slash","Dagger Throw","Slice"],"picked":"SKIP","floor":14}],"player_experience":68688,"relics_obtained":[{"floor":6,"key":"Bottled Flame"},{"floor":9,"key":"Toxic Egg 2"},{"floor":10,"key":"Regal Pillow"},{"floor":13,"key":"Unceasing Top"}],"event_choices":[{"damage_healed":0,"gold_gain":0,"player_choice":"Got Potions","damage_taken":0,"max_hp_gain":0,"max_hp_loss":0,"event_name":"Lab","floor":4,"gold_loss":0}],"is_beta":true,"boss_relics":[],"items_purged_floors":[8],"is_endless":false,"potions_floor_spawned":[3,5,10],"killed_by":"The Guardian","ascension_level":3}}