{"host":"mku5fdaoqz3qihec","time":1611956973,"event":{"mods":["100% Spire Juice","2.2 Compatiblity","AchievementEnabler","Arknights The Spire","BaseMod","CapriCore","Colored Map","Colored Powertips","Hermit","Koishi","Minty Spire (QoL Compilation)","Rare Cards Sparkle","StSLib","SuperFastMode","The Cursed","The Dragon Tamer","The Gatherer","The Immortal","The Servant 0.9.3"],"gold_per_floor":[119,133,133,83,106,106,142,142,142,185,185,29,29,48,48,179,179,204,204,89,89,89,118,217,232,259,292,303,303,140,159,159,258,258,273,273,285,285,295,295,312,323,374,399,399,73,121,137,137,137,137,137,87,115,115],"floor_reached":56,"language":"KOR","playtime":2000,"items_purged":["TheCursedMod:Defend_TheCursed","TheCursedMod:Strike_TheCursed","TheCursedMod:Defend_TheCursed","TheCursedMod:Defend_TheCursed"],"score":1268,"play_id":"91264d83-2321-48f0-8109-c5e7af0dfd3f","local_time":"20210130064933","is_ascension_mode":true,"campfire_choices":[{"data":"TheCursedMod:CleanUpWorkshop","floor":6.0,"key":"SMITH"},{"data":"TheCursedMod:VitalStrike","floor":8.0,"key":"SMITH"},{"data":"TheCursedMod:CircleOfAbyss","floor":15.0,"key":"SMITH"},{"data":"TheCursedMod:DemonSword","floor":29,"key":"SMITH"},{"data":"TheCursedMod:CollectTribute","floor":32,"key":"SMITH"},{"data":"TheCursedMod:VoidForm","floor":40,"key":"SMITH"},{"floor":49,"key":"RECALL"},{"data":"TheCursedMod:LuckyCharm","floor":52,"key":"SMITH"}],"circlet_count":0,"master_deck":["TheCursedMod:Defend_TheCursed","TheCursedMod:CursedWand","TheCursedMod:CleanUpWorkshop+1","TheCursedMod:Dregs","TheCursedMod:SpitefulStrike","TheCursedMod:Stigma","TheCursedMod:CircleOfAbyss+1","TheCursedMod:LuckyCharm+1","TheCursedMod:DemonSword+1","TheCursedMod:CursedSpellbook+1","TheCursedMod:BlessingInDisguise+1","TheCursedMod:TroublousMinions+1","TheCursedMod:SaltUponWound+1","TheCursedMod:WearCloak","TheCursedMod:PrepareRite","TheCursedMod:CollectTribute+1","TheCursedMod:SpitefulPray+1","TheCursedMod:VoidForm+1","TheCursedMod:RavingStaff+1","TheCursedMod:CollectTribute"],"relics":["TheCursedMod:BlackMagic101","Bloody Idol","Pocketwatch","Mango","Membership Card","Akabeko","Astrolabe","MealTicket","Ginger","Smiling Mask","Vajra","Prayer Wheel","ClockworkSouvenir","Runic Dome","TheCursedMod:Tack","InkBottle","Kunai","Dead Branch","TungstenRod","Gremlin Horn"],"acts_visited":["Exordium","TheCity","TheBeyond","TheEnding"],"potions_floor_usage":[16,16,33,33,47,48,48],"damage_taken":[{"damage":0.0,"enemies":"Small Slimes","floor":1.0,"turns":3.0},{"damage":0.0,"enemies":"2 Louse","floor":2.0,"turns":2.0},{"damage":0.0,"enemies":"Jaw Worm","floor":5.0,"turns":3.0},{"damage":16.0,"enemies":"3 Sentries","floor":7.0,"turns":10.0},{"damage":1.0,"enemies":"Gremlin Nob","floor":10.0,"turns":3.0},{"damage":10.0,"enemies":"Large Slime","floor":14.0,"turns":3.0},{"damage":41,"enemies":"The Guardian","floor":16,"turns":8},{"damage":3,"enemies":"Chosen","floor":18,"turns":5},{"damage":11,"enemies":"Book of Stabbing","floor":23,"turns":6},{"damage":11,"enemies":"3 Byrds","floor":25,"turns":4},{"damage":36,"enemies":"Gremlin Leader","floor":27,"turns":8},{"damage":8,"enemies":"Centurion and Healer","floor":28,"turns":4},{"damage":2,"enemies":"Cultist and Chosen","floor":31,"turns":4},{"damage":15,"enemies":"Champ","floor":33,"turns":11},{"damage":6,"enemies":"3 Darklings","floor":35,"turns":6},{"damage":0,"enemies":"Orb Walker","floor":37,"turns":3},{"damage":0,"enemies":"Maw","floor":39,"turns":5},{"damage":12,"enemies":"3 Darklings","floor":41,"turns":4},{"damage":4,"enemies":"Writhing Mass","floor":42,"turns":4},{"damage":45,"enemies":"Nemesis","floor":44,"turns":5},{"damage":13,"enemies":"2 Orb Walkers","floor":47,"turns":3},{"damage":2,"enemies":"4 Shapes","floor":48,"turns":4},{"damage":28,"enemies":"Donu and Deca","floor":50,"turns":6},{"damage":4,"enemies":"Shield and Spear","floor":54,"turns":4},{"damage":3,"enemies":"The Heart","floor":55,"turns":5}],"seed_played":"-5287192695922428880","potions_obtained":[{"floor":1.0,"key":"Strength Potion"},{"floor":14.0,"key":"FearPotion"},{"floor":16,"key":"BlessingOfTheForge"},{"floor":27,"key":"Swift Potion"},{"floor":31,"key":"GamblersBrew"},{"floor":35,"key":"SpeedPotion"},{"floor":39,"key":"SteroidPotion"},{"floor":47,"key":"EssenceOfSteel"},{"floor":54,"key":"Dexterity Potion"}],"is_trial":false,"path_per_floor":["M","M","?","?","M","R","E","R","T","E","?","$","?","M","R","B",null,"M","?","$","?","T","E","?","M","T","E","M","R","$","M","R","B",null,"M","?","M","?","M","R","M","M","T","E","?","$","?","M","R","B",null,"R","$","E","B",null],"character_chosen":"THE_CURSED","items_purchased":["Membership Card","MealTicket","ClockworkSouvenir","TheCursedMod:CollectTribute","Kunai","Dead Branch"],"campfire_rested":0,"item_purchase_floors":[12,20,30,30,46,46],"current_hp_per_floor":[89,89,67,67,67,67,51,51,51,64,64,64,52,42,42,1,103,100,100,100,100,100,94,99,93,98,67,64,64,79,82,82,72,103,102,102,103,93,98,98,91,92,97,57,57,72,64,67,67,39,103,103,103,103,100],"gold":115,"neow_bonus":"TWENTY_PERCENT_HP_BONUS","is_daily":false,"chose_seed":false,"campfire_upgraded":7,"win_rate":0.0,"timestamp":1611956973,"path_taken":["M","M","?","?","M","R","E","R","T","E","?","$","?","M","R","BOSS","M","?","$","?","?","E","?","?","T","E","M","R","$","M","R","BOSS","M","?","M","?","?","R","M","M","T","E","?","$","?","M","R","BOSS","R","$","E","BOSS"],"items_purchased_type":["Relic","Relic","Relic","Card","Relic","Relic"],"build_version":"2020-12-22","purchased_purges":4,"victory":true,"max_hp_per_floor":[89,89,89,89,89,89,89,89,89,103,103,103,103,103,103,103,103,103,103,103,103,103,103,103,103,103,103,103,103,103,103,103,103,103,103,103,103,103,103,103,103,103,103,103,103,103,103,103,103,103,103,103,103,103,103],"card_choices":[{"not_picked":["TheCursedMod:Evocation","TheCursedMod:RavingStaff"],"picked":"TheCursedMod:SpitefulStrike","floor":1.0},{"not_picked":["TheCursedMod:CursedAmulet","TheCursedMod:SaltUponWound"],"picked":"TheCursedMod:Stigma","floor":2.0},{"not_picked":["TheCursedMod:Stigma","TheCursedMod:Stretching","TheCursedMod:BloodBarrier"],"picked":"SKIP","floor":5.0},{"not_picked":["TheCursedMod:Grudge","TheCursedMod:ReleasedKnowledge"],"picked":"TheCursedMod:VitalStrike","floor":7.0},{"not_picked":["TheCursedMod:CursedAmulet","TheCursedMod:ReleasedStrength"],"picked":"TheCursedMod:CircleOfAbyss","floor":10.0},{"not_picked":["TheCursedMod:CursedMace","TheCursedMod:CursedShiv"],"picked":"TheCursedMod:LuckyCharm","floor":14.0},{"not_picked":["TheCursedMod:DarkBarrier","TheCursedMod:ManaCirculation"],"picked":"TheCursedMod:DemonSword","floor":16},{"not_picked":["TheCursedMod:CircleOfCorruption+1","TheCursedMod:ManaBullet+1","TheCursedMod:Wield+1"],"picked":"SKIP","floor":18},{"not_picked":["TheCursedMod:CursedBlade+1","TheCursedMod:TroublousMinions+1"],"picked":"TheCursedMod:SaltUponWound+1","floor":23},{"not_picked":["TheCursedMod:HellsGateOpen","TheCursedMod:CircleOfCorruption+1","TheCursedMod:CursedMace"],"picked":"SKIP","floor":25},{"not_picked":["TheCursedMod:Stigma","TheCursedMod:CursedAmulet+1"],"picked":"TheCursedMod:WearCloak","floor":27},{"not_picked":["TheCursedMod:AbyssShockwave+1","TheCursedMod:CircleOfCorruption"],"picked":"TheCursedMod:PrepareRite","floor":28},{"not_picked":["TheCursedMod:SoulReap","TheCursedMod:CircleOfCorruption","TheCursedMod:Obscuration+1"],"picked":"SKIP","floor":28},{"not_picked":["TheCursedMod:CursedStaff","TheCursedMod:AshesToAshes"],"picked":"TheCursedMod:SpitefulPray+1","floor":31},{"not_picked":["TheCursedMod:HellsGateOpen","TheCursedMod:Stigma","TheCursedMod:BlessingInDisguise+1"],"picked":"SKIP","floor":31},{"not_picked":["TheCursedMod:CursedRelics","TheCursedMod:DemonSword"],"picked":"TheCursedMod:VoidForm","floor":33},{"not_picked":["TheCursedMod:FleshFromBone+1","TheCursedMod:SpitefulPray"],"picked":"TheCursedMod:RavingStaff+1","floor":35},{"not_picked":["TheCursedMod:CursedSpellbook","TheCursedMod:Stigma","TheCursedMod:CursedShiv"],"picked":"SKIP","floor":35},{"not_picked":["TheCursedMod:Torture","TheCursedMod:AshesToAshes","TheCursedMod:CursedAmulet"],"picked":"SKIP","floor":37},{"not_picked":["TheCursedMod:CircleOfCorruption","TheCursedMod:SpitefulStrike+1","TheCursedMod:VitalStrike"],"picked":"SKIP","floor":37},{"not_picked":["TheCursedMod:CursedMace+1","TheCursedMod:FuryStrike","TheCursedMod:Grudge+1"],"picked":"SKIP","floor":39},{"not_picked":["TheCursedMod:EmpowerCircles+1","TheCursedMod:BlessingInDisguise","TheCursedMod:VitalStrike"],"picked":"SKIP","floor":39},{"not_picked":["TheCursedMod:CircleOfWindfury+1","TheCursedMod:SpitefulStrike","TheCursedMod:CircleOfAmplification"],"picked":"SKIP","floor":41},{"not_picked":["TheCursedMod:CursedMace+1","TheCursedMod:ReleasedStrength+1","TheCursedMod:RapidMovement+1"],"picked":"SKIP","floor":41},{"not_picked":["TheCursedMod:CircleOfFlame","TheCursedMod:RavingStaff","TheCursedMod:CircleOfFocus+1"],"picked":"SKIP","floor":42},{"not_picked":["TheCursedMod:SpitefulStrike+1","TheCursedMod:Torture","TheCursedMod:Mangle"],"picked":"SKIP","floor":42},{"not_picked":["TheCursedMod:Neurasthenia","TheCursedMod:FleshFromBone"],"picked":"TheCursedMod:CollectTribute","floor":44},{"not_picked":["TheCursedMod:ManaBullet","TheCursedMod:CursedBoomerang","TheCursedMod:Wield"],"picked":"SKIP","floor":48},{"not_picked":["TheCursedMod:VitalStrike+1","TheCursedMod:Stretching","TheCursedMod:Obscuration"],"picked":"SKIP","floor":48},{"not_picked":["TheCursedMod:ForbiddenAlchemy","TheCursedMod:FleshFromBone+1","TheCursedMod:CursedBlade+1"],"picked":"SKIP","floor":54}],"player_experience":304367,"relics_obtained":[{"floor":7.0,"key":"Pocketwatch"},{"floor":10.0,"key":"Mango"},{"floor":22,"key":"Ginger"},{"floor":23,"key":"Smiling Mask"},{"floor":26,"key":"Vajra"},{"floor":27,"key":"Prayer Wheel"},{"floor":43,"key":"TheCursedMod:Tack"},{"floor":44,"key":"InkBottle"},{"floor":47,"key":"TungstenRod"},{"floor":54,"key":"Gremlin Horn"}],"event_choices":[{"damage_healed":0.0,"max_hp_gain":0.0,"max_hp_loss":0.0,"gold_gain":0.0,"event_name":"Golden Idol","player_choice":"Take Damage","floor":3.0,"gold_loss":0.0,"damage_taken":22.0,"relics_obtained":["Golden Idol"]},{"cards_removed":["Clumsy"],"damage_healed":0.0,"max_hp_gain":0.0,"max_hp_loss":0.0,"gold_gain":0.0,"event_name":"The Cleric","player_choice":"Card Removal","floor":4.0,"gold_loss":50.0,"damage_taken":0.0},{"damage_healed":0.0,"max_hp_gain":0.0,"max_hp_loss":0.0,"gold_gain":0.0,"event_name":"Dead Adventurer","player_choice":"Searched \u00270\u0027 times","floor":11.0,"gold_loss":0.0,"damage_taken":0.0},{"damage_healed":0.0,"max_hp_gain":0.0,"max_hp_loss":0.0,"gold_gain":0.0,"event_name":"Scrap Ooze","player_choice":"Success","floor":13.0,"gold_loss":0.0,"damage_taken":12.0,"relics_obtained":["Akabeko"]},{"damage_healed":0,"gold_gain":0,"player_choice":"Ignored","damage_taken":0,"max_hp_gain":0,"max_hp_loss":0,"event_name":"Vampires","floor":19,"gold_loss":0},{"damage_healed":0,"gold_gain":0,"player_choice":"Gave Idol","damage_taken":0,"relics_obtained":["Bloody Idol"],"max_hp_gain":0,"max_hp_loss":0,"event_name":"Forgotten Altar","floor":21,"relics_lost":["Golden Idol"],"gold_loss":0},{"damage_healed":0,"gold_gain":99,"player_choice":"Stole From Cult","damage_taken":0,"max_hp_gain":0,"max_hp_loss":0,"event_name":"Nest","floor":24,"gold_loss":0},{"cards_removed":["TheCursedMod:VitalStrike"],"damage_healed":0,"gold_gain":0,"player_choice":"Removed Attack","damage_taken":0,"max_hp_gain":0,"max_hp_loss":0,"event_name":"Falling","floor":36,"gold_loss":0},{"damage_healed":0,"gold_gain":0,"player_choice":"Memory 3","damage_taken":10,"max_hp_gain":0,"max_hp_loss":0,"event_name":"SensoryStone","floor":38,"gold_loss":0},{"damage_healed":0,"gold_gain":0,"player_choice":"Ignored","damage_taken":0,"max_hp_gain":0,"max_hp_loss":0,"event_name":"Tomb of Lord Red Mask","floor":45,"gold_loss":0},{"damage_healed":0,"gold_gain":0,"player_choice":"Fight","damage_taken":0,"max_hp_gain":0,"max_hp_loss":0,"event_name":"Mysterious Sphere","floor":47,"gold_loss":0}],"is_beta":false,"boss_relics":[{"not_picked":["Ectoplasm","TheCursedMod:FourLeafCloverCharm"],"picked":"Astrolabe"},{"not_picked":["Runic Pyramid","Tiny House"],"picked":"Runic Dome"}],"items_purged_floors":[20,30,46,53],"is_endless":false,"potions_floor_spawned":[1,14,16,27,31,35,39,41,42,47,54],"ascension_level":1}}