{"host":"i2s4iw62z1dejrqn","time":1611905694,"event":{"mods":["AchievementEnabler","BaseMod","Minty Spire (QoL Compilation)","Random Character Button","SuperFastMode"],"gold_per_floor":[110,110,185,195,195,221,221,255,282,282,306,325,325,345,345,465,465,483,502,502,535,549,549,549,549,572,572,649,649,153,178,178,299,299,324,324,76,101,125,125,146,146,146,146,189,169,194,194,194,194,194],"floor_reached":50,"language":"KOR","playtime":3263,"items_purged":["Anger+1","Strike_R"],"score":729,"play_id":"a38663f2-e18d-42d2-8046-c72173127ddb","local_time":"20210129163454","is_ascension_mode":true,"campfire_choices":[{"floor":13,"key":"REST"},{"data":"Body Slam","floor":15,"key":"SMITH"},{"data":"Double Tap","floor":23,"key":"SMITH"},{"floor":27,"key":"REST"},{"data":"Apotheosis","floor":32,"key":"SMITH"},{"data":"Berserk","floor":40,"key":"SMITH"},{"data":"Whirlwind","floor":42,"key":"SMITH"},{"data":"Shockwave","floor":44,"key":"SMITH"},{"floor":49,"key":"REST"}],"circlet_count":0,"master_deck":["Strike_R+1","Defend_R","Defend_R","Defend_R+1","Defend_R","Bash","Discovery","Fire Breathing","Shrug It Off","Power Through","Offering","Body Slam+1","Double Tap+1","Dropkick+1","Entrench+1","Wild Strike+1","Shockwave+1","Pommel Strike+1","Uppercut+1","RitualDagger","Ghostly","Ghostly","Ghostly","Ghostly","Ghostly","Apotheosis+1","Berserk+1","Whirlwind+1","Pummel+1","Warcry+1","Spot Weakness+1","Headbutt+1","Panacea","Metamorphosis"],"relics":["Burning Blood","Art of War","Happy Flower","Boot","Omamori","Golden Idol","Astrolabe","Nilry\u0027s Codex","Red Mask","MealTicket","StrikeDummy","Membership Card","Oddly Smooth Stone","Pen Nib","SlaversCollar","Darkstone Periapt","Strange Spoon","Shuriken","Molten Egg 2","Mummified Hand"],"acts_visited":["Exordium","TheCity","TheBeyond"],"potions_floor_usage":[6,6,16,21,21,31,31,50,50,50],"damage_taken":[{"damage":9,"enemies":"Jaw Worm","floor":1,"turns":4},{"damage":4,"enemies":"Small Slimes","floor":4,"turns":4},{"damage":23,"enemies":"Lagavulin","floor":6,"turns":10},{"damage":21,"enemies":"Gremlin Nob","floor":8,"turns":5},{"damage":0,"enemies":"2 Louse","floor":11,"turns":2},{"damage":11,"enemies":"Large Slime","floor":12,"turns":9},{"damage":9,"enemies":"3 Louse","floor":14,"turns":4},{"damage":27,"enemies":"The Guardian","floor":16,"turns":10},{"damage":6,"enemies":"Spheric Guardian","floor":18,"turns":3},{"damage":14,"enemies":"Shell Parasite","floor":19,"turns":6},{"damage":8,"enemies":"Masked Bandits","floor":21,"turns":3},{"damage":18,"enemies":"Snake Plant","floor":22,"turns":3},{"damage":16,"enemies":"Centurion and Healer","floor":31,"turns":5},{"damage":28,"enemies":"Collector","floor":33,"turns":10},{"damage":9,"enemies":"3 Darklings","floor":35,"turns":8},{"damage":0,"enemies":"3 Shapes","floor":38,"turns":6},{"damage":10,"enemies":"3 Darklings","floor":39,"turns":4},{"damage":14,"enemies":"Sphere and 2 Shapes","floor":41,"turns":10},{"damage":16,"enemies":"Nemesis","floor":45,"turns":9},{"damage":10,"enemies":"Spire Growth","floor":47,"turns":5},{"damage":60,"enemies":"Awakened One","floor":50,"turns":8}],"seed_played":"-8072771650461389909","potions_obtained":[{"floor":1,"key":"Swift Potion"},{"floor":4,"key":"Dexterity Potion"},{"floor":11,"key":"AttackPotion"},{"floor":14,"key":"LiquidBronze"},{"floor":19,"key":"BlessingOfTheForge"},{"floor":33,"key":"FearPotion"},{"floor":38,"key":"SkillPotion"},{"floor":39,"key":"Dexterity Potion"},{"floor":46,"key":"SkillPotion"}],"is_trial":false,"path_per_floor":["M","?","?","M","?","E","?","E","T","?","M","M","R","M","R","B",null,"M","M","?","?","M","R","?","?","T","R","T","?","$","M","R","B",null,"M","T","$","M","M","R","M","R","T","R","E","?","M","?","R","B"],"character_chosen":"IRONCLAD","items_purchased":["Membership Card","Apotheosis","Block Potion","Block Potion","Oddly Smooth Stone","Pen Nib","Strange Spoon","Shuriken"],"campfire_rested":3,"item_purchase_floors":[30,30,30,30,30,30,37,37],"current_hp_per_floor":[69,69,58,60,57,40,24,9,9,9,15,10,34,31,31,10,63,63,55,39,37,25,25,19,19,19,43,43,40,40,30,30,8,32,29,29,40,40,36,36,28,28,28,28,18,18,14,9,21,0,0],"gold":194,"neow_bonus":"RANDOM_COLORLESS","is_daily":false,"chose_seed":false,"campfire_upgraded":6,"win_rate":0.0,"timestamp":1611905694,"path_taken":["M","?","?","M","?","E","?","E","T","?","M","?","R","M","R","BOSS","M","M","?","?","M","R","?","?","T","R","?","?","?","M","R","BOSS","M","?","$","M","M","R","M","R","T","R","E","?","?","?","R","BOSS"],"items_purchased_type":["Relic","Card","Potion","Potion","Relic","Relic","Relic","Relic"],"build_version":"2020-12-22","purchased_purges":2,"victory":false,"max_hp_per_floor":[80,80,80,80,80,80,80,80,80,80,80,80,80,80,80,80,80,80,80,80,80,80,80,80,80,80,80,80,40,40,40,40,40,40,40,40,40,40,40,40,40,40,40,40,40,40,40,40,40,40,40],"card_choices":[{"not_picked":["Dramatic Entrance","PanicButton"],"picked":"Discovery","floor":0},{"not_picked":["Cleave","Dual Wield"],"picked":"Fire Breathing","floor":1},{"not_picked":["Warcry","Armaments"],"picked":"Shrug It Off","floor":4},{"not_picked":["Spot Weakness","Reckless Charge"],"picked":"Power Through","floor":6},{"not_picked":["Dark Embrace","Sever Soul"],"picked":"Offering","floor":8},{"not_picked":["Fire Breathing","Flex","Clash"],"picked":"SKIP","floor":11},{"not_picked":["Intimidate","Clothesline","Sever Soul"],"picked":"SKIP","floor":12},{"not_picked":["Twin Strike","Armaments"],"picked":"Body Slam","floor":14},{"not_picked":["Impervious","Juggernaut"],"picked":"Double Tap","floor":16},{"not_picked":["Warcry","Sword Boomerang"],"picked":"Wild Strike+1","floor":18},{"not_picked":["Headbutt","Dropkick"],"picked":"Shockwave","floor":19},{"not_picked":["Flex+1","Warcry"],"picked":"Pommel Strike+1","floor":21},{"not_picked":["Twin Strike","Perfected Strike"],"picked":"Uppercut+1","floor":22},{"not_picked":["Pommel Strike","Clash+1","True Grit"],"picked":"SKIP","floor":31},{"not_picked":["Limit Break","Juggernaut"],"picked":"Berserk","floor":33},{"not_picked":["Havoc","Shrug It Off+1","Armaments"],"picked":"SKIP","floor":35},{"not_picked":["Clothesline+1","Inflame"],"picked":"Whirlwind","floor":38},{"not_picked":["True Grit","Wild Strike"],"picked":"Pummel+1","floor":39},{"not_picked":["Metallicize+1","Dual Wield+1"],"picked":"Warcry+1","floor":41},{"not_picked":["Twin Strike+1","Carnage+1"],"picked":"Spot Weakness+1","floor":45},{"not_picked":["Heavy Blade+1","Cleave+1"],"picked":"Headbutt+1","floor":47},{"not_picked":["Magnetism","Impatience"],"picked":"Panacea","floor":48},{"not_picked":["Deep Breath","Thinking Ahead"],"picked":"Metamorphosis","floor":48}],"player_experience":435111,"relics_obtained":[{"floor":6,"key":"Happy Flower"},{"floor":8,"key":"Boot"},{"floor":9,"key":"Omamori"},{"floor":20,"key":"Nilry\u0027s Codex"},{"floor":21,"key":"Red Mask"},{"floor":28,"key":"StrikeDummy"},{"floor":36,"key":"Darkstone Periapt"},{"floor":43,"key":"Molten Egg 2"},{"floor":45,"key":"Mummified Hand"}],"event_choices":[{"damage_healed":0,"gold_gain":0,"player_choice":"Ignored","damage_taken":0,"max_hp_gain":0,"max_hp_loss":0,"event_name":"Liars Game","floor":2,"gold_loss":0},{"damage_healed":0,"gold_gain":75,"player_choice":"Gather Gold","damage_taken":11,"max_hp_gain":0,"max_hp_loss":0,"event_name":"World of Goop","floor":3,"gold_loss":0},{"damage_healed":0,"gold_gain":0,"player_choice":"Success","damage_taken":3,"relics_obtained":["Art of War"],"max_hp_gain":0,"max_hp_loss":0,"event_name":"Scrap Ooze","floor":5,"gold_loss":0},{"damage_healed":0,"gold_gain":0,"player_choice":"Entered Light","damage_taken":16,"max_hp_gain":0,"max_hp_loss":0,"event_name":"Shining Light","floor":7,"gold_loss":0,"cards_upgraded":["Strike_R","Defend_R"]},{"damage_healed":0,"gold_gain":0,"player_choice":"Take Wound","damage_taken":0,"relics_obtained":["Golden Idol"],"max_hp_gain":0,"max_hp_loss":0,"event_name":"Golden Idol","floor":10,"gold_loss":0,"cards_obtained":["Injury"]},{"damage_healed":0,"gold_gain":0,"player_choice":"Obtained Book","damage_taken":16,"max_hp_gain":0,"max_hp_loss":0,"event_name":"Cursed Tome","floor":20,"gold_loss":0},{"damage_healed":0,"gold_gain":0,"player_choice":"Fought Bandits","damage_taken":0,"max_hp_gain":0,"max_hp_loss":0,"event_name":"Masked Bandits","floor":21,"gold_loss":0},{"damage_healed":0,"gold_gain":0,"player_choice":"Joined the Cult","damage_taken":6,"max_hp_gain":0,"max_hp_loss":0,"event_name":"Nest","floor":24,"gold_loss":0,"cards_obtained":["RitualDagger"]},{"damage_healed":0,"gold_gain":0,"player_choice":"Opened","damage_taken":0,"relics_obtained":["MealTicket"],"max_hp_gain":0,"max_hp_loss":0,"event_name":"The Mausoleum","floor":25,"gold_loss":0,"cards_obtained":["Writhe"]},{"damage_healed":0,"gold_gain":0,"player_choice":"Became a Ghost","damage_taken":0,"max_hp_gain":0,"max_hp_loss":40,"event_name":"Ghosts","floor":29,"gold_loss":0,"cards_obtained":["Ghostly","Ghostly","Ghostly","Ghostly","Ghostly"]},{"damage_healed":0,"gold_gain":0,"player_choice":"Bought 1 Potion","damage_taken":0,"max_hp_gain":0,"max_hp_loss":0,"event_name":"The Woman in Blue","floor":46,"gold_loss":0},{"damage_healed":0,"gold_gain":0,"player_choice":"Memory 2","damage_taken":5,"max_hp_gain":0,"max_hp_loss":0,"event_name":"SensoryStone","floor":48,"gold_loss":0}],"is_beta":false,"boss_relics":[{"not_picked":["Snecko Eye","Runic Pyramid"],"picked":"Astrolabe"},{"not_picked":["Philosopher\u0027s Stone","Runic Cube"],"picked":"SlaversCollar"}],"items_purged_floors":[30,37],"is_endless":false,"potions_floor_spawned":[1,4,11,14,19,33,38,39,47],"killed_by":"Awakened One","ascension_level":7}}