{"host":"hixkpep13ay54y5b","time":1611933849,"event":{"mods":["AchievementEnabler","BaseMod","BetterRewards","Colored Map","Hubris","Infinite Spire","Minty Spire (QoL Compilation)","Quick Restart","Replay The Spire","Shop Mod","StSLib","SuperFastMode"],"gold_per_floor":[115,131,145,12,12,12,12,12,58,73,114,114,164,202,202,330,330,346,369,390,420,420,420],"floor_reached":22,"language":"ENG","playtime":816,"items_purged":["Strike_R"],"score":196,"play_id":"9f2ef111-6fb5-4b1f-815f-a35de2c9dd06","local_time":"20210129102409","is_ascension_mode":false,"campfire_choices":[{"data":"Defend_R","floor":6.0,"key":"SMITH"},{"data":"Defend_R","floor":12.0,"key":"SMITH"},{"data":"Double Tap","floor":15,"key":"SMITH"}],"circlet_count":0,"master_deck":["Strike_R","Strike_R","Strike_R","Strike_R","Defend_R+1","Defend_R+1","Defend_R+1","Defend_R+1","Bash","Cleave","Inflame","Inflame","Thunderclap","Double Tap+1","Pummel","Armaments+1"],"relics":["Burning Blood","NeowsBlessing","Golden Idol","CeramicFish","MealTicket","War Paint","Odd Mushroom","SlaversCollar"],"acts_visited":["Exordium","TheCity"],"potions_floor_usage":[13,16,16,21],"damage_taken":[{"damage":0.0,"enemies":"2 Louse","floor":1.0,"turns":1.0},{"damage":0.0,"enemies":"Jaw Worm","floor":2.0,"turns":1.0},{"damage":0.0,"enemies":"Small Slimes","floor":3.0,"turns":1.0},{"damage":7.0,"enemies":"Blue Slaver","floor":10.0,"turns":3.0},{"damage":24.0,"enemies":"3 Sentries","floor":11.0,"turns":8.0},{"damage":23,"enemies":"Lagavulin","floor":13,"turns":8},{"damage":14,"enemies":"The Mushroom Lair","floor":14,"turns":4},{"damage":25,"enemies":"Fading Forest","floor":16,"turns":11},{"damage":10,"enemies":"Chosen","floor":18,"turns":7},{"damage":17,"enemies":"3 Byrds","floor":19,"turns":4},{"damage":36,"enemies":"Shelled Parasite and Fungi","floor":20,"turns":6},{"damage":26,"enemies":"Centurion and Healer","floor":21,"turns":8},{"damage":31,"enemies":"Cultist and Chosen","floor":22,"turns":4}],"seed_played":"6879687650298959609","potions_obtained":[{"floor":11.0,"key":"GamblersBrew"},{"floor":13,"key":"FearPotion"},{"floor":14,"key":"FearPotion"},{"floor":20,"key":"Swift Potion"}],"is_trial":false,"path_per_floor":["M","M","M","$","?","R","?","?","T","M","E","R","E","?","R","B",null,"M","M","M","M","M"],"character_chosen":"IRONCLAD","items_purchased":["Inflame"],"campfire_rested":0,"item_purchase_floors":[4],"current_hp_per_floor":[80,80,80,80,60,60,60,60,60,59,41,41,24,16,16,23,80,76,65,35,15,0,0],"gold":420,"neow_bonus":"THREE_ENEMY_KILL","is_daily":false,"chose_seed":false,"campfire_upgraded":3,"win_rate":0.0,"timestamp":1611933849,"path_taken":["M","M","M","$","?","R","?","?","T","M","E","R","E","?","R","BOSS","M","M","M","M","M"],"items_purchased_type":["Card"],"build_version":"2020-12-22","purchased_purges":1,"victory":false,"max_hp_per_floor":[80,80,80,80,80,80,80,80,80,80,80,80,80,80,80,80,80,80,80,80,80,80,80],"card_choices":[{"not_picked":["Rage","Sword Boomerang","hubris:ReadiedAction"],"picked":"SKIP","floor":1.0},{"not_picked":["Life Link","Clash","Whirlwind"],"picked":"SKIP","floor":2.0},{"not_picked":["Replay:Undeath\u0027s Touch","Wild Strike"],"picked":"Cleave","floor":3.0},{"not_picked":["Iron Wave","True Grit","Massacre"],"picked":"SKIP","floor":10.0},{"not_picked":["Body Slam","Dark Embrace","Replay:Undeath\u0027s Touch"],"picked":"SKIP","floor":11.0},{"not_picked":["Shockwave","ReplayTheSpireMod:Corrosion Curse"],"picked":"Thunderclap","floor":13},{"not_picked":["ReplayTheSpireMod:Strike From Hell","Armaments"],"picked":"Double Tap","floor":14},{"not_picked":["Pommel Strike","Rage","Defy Death"],"picked":"SKIP","floor":18},{"not_picked":["ReplayTheSpireMod:Limb From Limb","Armaments+1"],"picked":"Pummel","floor":19},{"not_picked":["Headbutt","Wild Strike+1","Body Slam"],"picked":"SKIP","floor":20},{"not_picked":["Headbutt","Wild Strike+1","Body Slam"],"picked":"SKIP","floor":20},{"not_picked":["hubris:SharpeningStone","Feel No Pain+1"],"picked":"Armaments+1","floor":21}],"player_experience":156929,"relics_obtained":[{"floor":9.0,"key":"CeramicFish"},{"floor":11.0,"key":"MealTicket"},{"floor":13,"key":"War Paint"},{"floor":14,"key":"Odd Mushroom"}],"event_choices":[{"damage_healed":0.0,"max_hp_gain":0.0,"max_hp_loss":0.0,"gold_gain":0.0,"event_name":"Golden Idol","player_choice":"Take Damage","floor":5.0,"gold_loss":0.0,"damage_taken":20.0,"relics_obtained":["Golden Idol"]},{"damage_healed":0,"gold_gain":0,"player_choice":"Fought Mushrooms","damage_taken":0,"max_hp_gain":0,"max_hp_loss":0,"event_name":"Mushrooms","floor":14,"gold_loss":0}],"is_beta":false,"boss_relics":[{"not_picked":["Astrolabe","Replay:Bronze Core"],"picked":"SlaversCollar"}],"items_purged_floors":[4],"is_endless":false,"potions_floor_spawned":[11,13,14,20],"killed_by":"Cultist and Chosen","ascension_level":0}}