{"host":"gg","time":1611892597,"event":{"mods":["BaseMod","Colored Map","Googly Eyes","Minty Spire (QoL Compilation)","Permanent Neow","Relic Stats","The IronCluck"],"gold_per_floor":[111,111,121,131,150,175,175,175,224,244,279,279,279,279,279,356,356,370,176,186,186,186,186,265,180,180,180,200,210,236,253,253,331,331,341,341,341,355,355,355,386,386,431,441,441,441],"floor_reached":45,"language":"ENG","playtime":3296,"items_purged":["Strike_P"],"score":1092,"play_id":"ed4510c1-b8d2-460a-80bb-2a5343dbe3d8","local_time":"20210128195637","is_ascension_mode":true,"campfire_choices":[{"floor":7.0,"key":"REST"},{"data":"Eruption","floor":13.0,"key":"SMITH"},{"data":"Adaptation","floor":15.0,"key":"SMITH"},{"data":"J.A.X.","floor":23.0,"key":"SMITH"},{"data":"Tantrum","floor":27.0,"key":"SMITH"},{"floor":32.0,"key":"REST"},{"floor":40,"key":"REST"},{"data":"TalkToTheHand","floor":42,"key":"SMITH"}],"circlet_count":0,"master_deck":["AscendersBane","Strike_P","Strike_P+1","Defend_P+1","Eruption+1","Vigilance","Wallop+1","LikeWater+1","Protect+1","WheelKick","Wireheading","CrushJoints+1","Adaptation+1","FlurryOfBlows+1","DeusExMachina","Consecrate","Tantrum+1","J.A.X.+1","JustLucky+1","FollowUp","Sanctity","TalkToTheHand+1","LessonLearned","Halt+1","ThirdEye"],"relics":["Astrolabe","Yang","Smiling Mask","Potion Belt","TungstenRod","SacredBark","HornCleat","Frozen Egg 2","Pantograph","Dream Catcher","Busted Crown","PreservedInsect"],"acts_visited":["Exordium","TheCity","TheBeyond"],"potions_floor_usage":[],"damage_taken":[{"damage":1.0,"enemies":"Small Slimes","floor":1.0,"turns":4.0},{"damage":0.0,"enemies":"Cultist","floor":3.0,"turns":2.0},{"damage":0.0,"enemies":"2 Louse","floor":4.0,"turns":2.0},{"damage":17.0,"enemies":"Exordium Wildlife","floor":5.0,"turns":3.0},{"damage":34.0,"enemies":"3 Sentries","floor":6.0,"turns":11.0},{"damage":2.0,"enemies":"Blue Slaver","floor":10.0,"turns":4.0},{"damage":13.0,"enemies":"Lagavulin","floor":11.0,"turns":9.0},{"damage":0.0,"enemies":"The Guardian","floor":16.0,"turns":8.0},{"damage":3.0,"enemies":"2 Thieves","floor":18.0,"turns":4.0},{"damage":0.0,"enemies":"Chosen","floor":20.0,"turns":2.0},{"damage":2.0,"enemies":"Snecko","floor":28.0,"turns":2.0},{"damage":0.0,"enemies":"Cultist and Chosen","floor":29.0,"turns":3.0},{"damage":41.0,"enemies":"Gremlin Leader","floor":30.0,"turns":4.0},{"damage":5.0,"enemies":"Sentry and Sphere","floor":31.0,"turns":4.0},{"damage":33.0,"enemies":"Automaton","floor":33.0,"turns":7.0},{"damage":35,"enemies":"3 Shapes","floor":35,"turns":6},{"damage":0,"enemies":"Orb Walker","floor":38,"turns":3},{"damage":2,"enemies":"Giant Head","floor":41,"turns":4},{"damage":10,"enemies":"Transient","floor":44,"turns":6},{"damage":48,"enemies":"Reptomancer","floor":45,"turns":4}],"seed_played":"-1430796417263324613","potions_obtained":[{"floor":4.0,"key":"Ancient Potion"},{"floor":10.0,"key":"Explosive Potion"},{"floor":11.0,"key":"Dexterity Potion"},{"floor":18.0,"key":"BlessingOfTheForge"}],"is_trial":false,"path_per_floor":["M","?","M","M","M","E","R","?","T","M","E","?","R","?","R","B",null,"M","$","M","?","?","R","T","?","T","R","M","M","E","M","R","B",null,"M","?","?","M","?","R","E","R","T","M","E"],"character_chosen":"WATCHER","items_purchased":["Tantrum","Explosive Potion"],"campfire_rested":3,"item_purchase_floors":[19,19],"current_hp_per_floor":[60,60,60,60,43,9,29,51,51,49,36,31,31,12,12,12,54,51,51,51,51,51,51,51,51,51,51,49,49,8,3,23,15,55,20,20,20,20,20,39,37,37,37,27,0,0],"gold":441,"neow_bonus":"BOSS_RELIC","is_daily":false,"chose_seed":false,"campfire_upgraded":5,"win_rate":0.0,"timestamp":1611892597,"path_taken":["M","?","M","?","M","E","R","?","T","M","E","?","R","?","R","BOSS","M","$","M","?","?","R","?","?","T","R","M","M","E","M","R","BOSS","BOSS","M","?","?","?","?","R","E","R","T","M","E"],"items_purchased_type":["Card","Potion"],"build_version":"2020-12-18","purchased_purges":1,"victory":false,"max_hp_per_floor":[68,68,68,68,68,68,68,68,68,68,68,68,68,68,68,68,68,68,68,68,68,68,68,68,68,68,68,68,68,68,68,68,68,68,68,65,65,65,65,65,65,65,65,65,65,65],"relic_stats":{"Dream Catcher":2,"Busted Crown":10,"counters":[20,92],"Astrolabe":["Wallop","LikeWater","Protect"],"Pantograph":25,"Yang":[181],"PreservedInsect":60,"Smiling Mask":25,"obtain_stats":[{"Potion Belt":11,"Astrolabe":0,"SacredBark":17,"Yang":6,"PreservedInsect":41,"Frozen Egg 2":25,"Smiling Mask":9,"Dream Catcher":30,"HornCleat":24,"Busted Crown":34,"Pantograph":26,"PureWater":0,"TungstenRod":12},{"Potion Belt":7,"Astrolabe":0,"SacredBark":8,"Yang":5,"PreservedInsect":18,"Frozen Egg 2":10,"Smiling Mask":5,"Dream Catcher":13,"HornCleat":10,"Busted Crown":15,"Pantograph":10,"PureWater":0,"TungstenRod":7},{"Potion Belt":35,"Astrolabe":0,"SacredBark":43,"Yang":22,"PreservedInsect":82,"Frozen Egg 2":49,"Smiling Mask":22,"Dream Catcher":58,"HornCleat":49,"Busted Crown":69,"Pantograph":49,"PureWater":0,"TungstenRod":35}],"TungstenRod":24},"card_choices":[{"not_picked":["ThirdEye","Pray","Prostrate"],"picked":"SKIP","floor":1.0},{"not_picked":["PathToVictory","Indignation"],"picked":"WheelKick","floor":3.0},{"not_picked":["ForeignInfluence","InnerPeace","ClearTheMind"],"picked":"SKIP","floor":4.0},{"not_picked":["ForeignInfluence","Wallop"],"picked":"Wireheading","floor":5.0},{"not_picked":["Nirvana","FlurryOfBlows"],"picked":"CrushJoints","floor":6.0},{"not_picked":["EmptyMind","ThirdEye"],"picked":"Adaptation","floor":10.0},{"not_picked":["Crescendo","Prostrate"],"picked":"FlurryOfBlows","floor":11.0},{"not_picked":["Establishment","DevaForm"],"picked":"DeusExMachina","floor":16.0},{"not_picked":["FollowUp","WheelKick"],"picked":"Consecrate","floor":18.0},{"not_picked":["SignatureMove+1","Protect","Evaluate+1"],"picked":"SKIP","floor":20.0},{"not_picked":["CarveReality","EmptyFist"],"picked":"JustLucky+1","floor":28.0},{"not_picked":["DevaForm+1","Prostrate"],"picked":"FollowUp","floor":29.0},{"not_picked":["WheelKick","Swivel"],"picked":"Sanctity","floor":30.0},{"not_picked":["Perseverance+1","JustLucky+1","ClearTheMind"],"picked":"SKIP","floor":31.0},{"not_picked":["Consecrate","Crescendo"],"picked":"TalkToTheHand","floor":32.0},{"not_picked":["Brilliance","Establishment+1"],"picked":"LessonLearned","floor":33},{"not_picked":["Crescendo"],"picked":"SKIP","floor":35},{"not_picked":[],"picked":"Halt+1","floor":38},{"not_picked":["Protect"],"picked":"SKIP","floor":41},{"not_picked":[],"picked":"ThirdEye","floor":44}],"player_experience":1289443,"relics_obtained":[{"floor":6.0,"key":"Yang"},{"floor":9.0,"key":"Smiling Mask"},{"floor":11.0,"key":"Potion Belt"},{"floor":24.0,"key":"HornCleat"},{"floor":26.0,"key":"Pantograph"},{"floor":30.0,"key":"Dream Catcher"},{"floor":41,"key":"PreservedInsect"}],"event_choices":[{"cards_removed":["Defend_P"],"damage_healed":0.0,"max_hp_gain":0.0,"max_hp_loss":0.0,"gold_gain":0.0,"event_name":"Purifier","player_choice":"Purged","floor":2.0,"gold_loss":0.0,"damage_taken":0.0},{"damage_healed":22.0,"max_hp_gain":0.0,"max_hp_loss":0.0,"gold_gain":0.0,"event_name":"Big Fish","player_choice":"Banana","floor":8.0,"gold_loss":0.0,"damage_taken":0.0},{"damage_healed":0.0,"max_hp_gain":0.0,"max_hp_loss":0.0,"gold_gain":0.0,"event_name":"Scrap Ooze","player_choice":"Success","floor":12.0,"gold_loss":0.0,"damage_taken":5.0,"relics_obtained":["TungstenRod"]},{"damage_healed":0.0,"max_hp_gain":0.0,"max_hp_loss":0.0,"gold_gain":0.0,"event_name":"Shining Light","player_choice":"Entered Light","floor":14.0,"gold_loss":0.0,"damage_taken":20.0,"cards_upgraded":["CrushJoints","Strike_P"]},{"damage_healed":0.0,"max_hp_gain":0.0,"max_hp_loss":0.0,"gold_gain":0.0,"event_name":"Drug Dealer","player_choice":"Obtain J.A.X.","floor":21.0,"gold_loss":0.0,"damage_taken":0.0,"cards_obtained":["J.A.X."]},{"damage_healed":0.0,"max_hp_gain":0.0,"max_hp_loss":0.0,"gold_gain":0.0,"event_name":"Vampires","player_choice":"Ignored","floor":22.0,"gold_loss":0.0,"damage_taken":0.0},{"damage_healed":0.0,"max_hp_gain":0.0,"max_hp_loss":0.0,"gold_gain":0.0,"event_name":"Addict","player_choice":"Obtained Relic","floor":25.0,"gold_loss":85.0,"damage_taken":0.0,"relics_obtained":["Frozen Egg 2"]},{"damage_healed":0,"gold_gain":0,"player_choice":"Max HP","damage_taken":0,"max_hp_gain":0,"max_hp_loss":3,"event_name":"Winding Halls","floor":36,"gold_loss":0},{"damage_healed":0,"gold_gain":0,"player_choice":"Ignored","damage_taken":0,"max_hp_gain":0,"max_hp_loss":0,"event_name":"SecretPortal","floor":37,"gold_loss":0},{"damage_healed":0,"gold_gain":0,"player_choice":"Ignored","damage_taken":0,"max_hp_gain":0,"max_hp_loss":0,"event_name":"Tomb of Lord Red Mask","floor":39,"gold_loss":0}],"is_beta":true,"boss_relics":[{"not_picked":["Black Star","VioletLotus"],"picked":"SacredBark"},{"not_picked":["Velvet Choker","Snecko Eye"],"picked":"Busted Crown"}],"items_purged_floors":[19],"is_endless":false,"potions_floor_spawned":[4,10,11,18,28],"killed_by":"Reptomancer","ascension_level":20}}