{"host":"3498uni0c31c9bdm","time":1611933935,"event":{"mods":["BaseMod","Better Third Choice","Minty Spire (QoL Compilation)","Replay The Spire","StSLib"],"gold_per_floor":[116,132,132,132,145,145,179,179,206,240,260,274,274,289,289,391,391,406,406,356,376,376,411,429,429,429],"floor_reached":25,"language":"ENG","playtime":1144,"items_purged":[],"score":338,"play_id":"900222d0-4001-4d61-b358-cdff0ee726e6","local_time":"20210130022535","is_ascension_mode":true,"campfire_choices":[{"data":"EmptyFist","floor":6,"key":"SMITH"},{"floor":13,"key":"REST"},{"floor":15,"key":"RECALL"}],"circlet_count":0,"master_deck":["Strike_P","Strike_P","Strike_P","Strike_P","Defend_P","Defend_P","Defend_P","Defend_P","Eruption","Vigilance","EmptyFist+1","PathToVictory","TalkToTheHand+1","Wireheading","CutThroughFate","Wallop","Consecrate","SpiritShield","PathToVictory","Decay","SashWhip+1","BattleHymn+1","FlurryOfBlows+1"],"relics":["PureWater","Regal Pillow","Oddly Smooth Stone","Pondfish Scales","Ring of Chaos","MutagenicStrength","Matryoshka"],"acts_visited":["Exordium","TheCity"],"potions_floor_usage":[7,10,12,16,23,23,23,25],"damage_taken":[{"damage":8,"enemies":"Jaw Worm","floor":1,"turns":5},{"damage":0,"enemies":"2 Louse","floor":2,"turns":1},{"damage":0,"enemies":"Cultist","floor":5,"turns":2},{"damage":34,"enemies":"Gremlin Nob","floor":7,"turns":5},{"damage":17,"enemies":"Lagavulin","floor":10,"turns":6},{"damage":1,"enemies":"2 Fungi Beasts","floor":11,"turns":3},{"damage":0,"enemies":"Gremlin Gang","floor":12,"turns":3},{"damage":0,"enemies":"3 Louse","floor":14,"turns":4},{"damage":3,"enemies":"The Guardian","floor":16,"turns":10},{"damage":2,"enemies":"3 Byrds","floor":18,"turns":7},{"damage":13,"enemies":"Chosen","floor":21,"turns":5},{"damage":46,"enemies":"Book of Stabbing","floor":23,"turns":8},{"damage":2,"enemies":"Snecko","floor":24,"turns":5},{"damage":8,"enemies":"Centurion and Healer","floor":25,"turns":2}],"seed_played":"-8228169835114530371","potions_obtained":[{"floor":0,"key":"Languid Potion"},{"floor":0,"key":"Explosive Potion"},{"floor":0,"key":"StancePotion"},{"floor":2,"key":"Adrenaline Potion"},{"floor":7,"key":"LifebloodPotion"},{"floor":10,"key":"GamblersBrew"},{"floor":12,"key":"BottledMiracle"},{"floor":21,"key":"SkillPotion"},{"floor":23,"key":"SpeedPotion"},{"floor":24,"key":"Energy Potion"}],"is_trial":false,"path_per_floor":["M","M","?","?","M","R","E","?","T","E","M","M","R","M","R","B",null,"M","?","?","M","?","E","M","M"],"character_chosen":"WATCHER","items_purchased":[],"campfire_rested":1,"item_purchase_floors":[],"current_hp_per_floor":[57,57,57,72,72,72,38,38,38,21,20,20,56,56,56,53,67,65,65,65,52,52,6,4,0,0],"gold":429,"neow_bonus":"THREE_SMALL_POTIONS","is_daily":false,"chose_seed":false,"campfire_upgraded":1,"win_rate":0.0,"timestamp":1611933935,"path_taken":["M","M","?","?","?","R","E","?","T","E","M","?","R","M","R","BOSS","M","?","?","?","?","E","M","M"],"items_purchased_type":[],"build_version":"2020-12-22","purchased_purges":0,"victory":false,"max_hp_per_floor":[72,72,72,72,72,72,72,72,72,72,72,72,72,72,72,72,72,72,72,72,72,72,72,72,72,72],"card_choices":[{"not_picked":["Collect","Adaptation"],"picked":"EmptyFist","floor":1},{"not_picked":["Conclude","FlyingSleeves"],"picked":"ForeignInfluence","floor":2},{"not_picked":["Replay:Battleflow","Nirvana"],"picked":"PathToVictory","floor":5},{"not_picked":["Vengeance","FollowUp"],"picked":"TalkToTheHand","floor":7},{"not_picked":["Scrawl","InnerPeace"],"picked":"Wireheading","floor":10},{"not_picked":["Crescendo","ForeignInfluence"],"picked":"CutThroughFate","floor":11},{"not_picked":["LikeWater","CrushJoints"],"picked":"Wallop","floor":12},{"not_picked":["Protect","Scrawl"],"picked":"Consecrate","floor":14},{"not_picked":["Establishment","Replay:LoomingThreat"],"picked":"SpiritShield","floor":16},{"not_picked":["SashWhip+1","CrushJoints+1"],"picked":"PathToVictory","floor":18},{"not_picked":["CutThroughFate","Crescendo"],"picked":"SashWhip+1","floor":21},{"not_picked":["Replay:AtTheReady","CutThroughFate"],"picked":"BattleHymn+1","floor":23},{"not_picked":["Replay:DivineShield","Protect"],"picked":"FlurryOfBlows+1","floor":24}],"player_experience":761816,"relics_obtained":[{"floor":7,"key":"Regal Pillow"},{"floor":9,"key":"Oddly Smooth Stone"},{"floor":10,"key":"Pondfish Scales"},{"floor":23,"key":"Matryoshka"}],"event_choices":[{"damage_healed":0,"gold_gain":0,"player_choice":"Ignored","damage_taken":0,"max_hp_gain":0,"max_hp_loss":0,"event_name":"Golden Wing","floor":3,"gold_loss":0},{"cards_removed":["ForeignInfluence"],"damage_healed":15,"gold_gain":0,"player_choice":"Offered Uncommon","damage_taken":0,"max_hp_gain":0,"max_hp_loss":0,"event_name":"Bonfire Elementals","floor":4,"gold_loss":0},{"damage_healed":0,"gold_gain":0,"player_choice":"Upgraded","damage_taken":0,"max_hp_gain":0,"max_hp_loss":0,"event_name":"Upgrade Shrine","floor":8,"gold_loss":0,"cards_upgraded":["TalkToTheHand"]},{"damage_healed":0,"gold_gain":0,"player_choice":"Smashed Altar","damage_taken":0,"max_hp_gain":0,"max_hp_loss":0,"event_name":"Forgotten Altar","floor":19,"gold_loss":0,"cards_obtained":["Decay"]},{"damage_healed":0,"gold_gain":0,"player_choice":"Bet on Owner","damage_taken":0,"max_hp_gain":0,"max_hp_loss":0,"event_name":"The Joust","floor":20,"gold_loss":50},{"damage_healed":0,"gold_gain":0,"player_choice":"Inject Mutagens","damage_taken":0,"relics_obtained":["MutagenicStrength"],"max_hp_gain":0,"max_hp_loss":0,"event_name":"Drug Dealer","floor":22,"gold_loss":0}],"is_beta":false,"boss_relics":[{"not_picked":["Coffee Dripper","Sozu"],"picked":"Ring of Chaos"}],"items_purged_floors":[],"is_endless":false,"potions_floor_spawned":[2,7,10,12,21,23,24],"killed_by":"Centurion and Healer","ascension_level":9}}