{"host":"sum4dy402bbv9y4o","time":1611950911,"event":{"mods":["Aspiration","BaseMod","Conspire","Highlight Path","Minty Spire (QoL Compilation)","StSLib"],"gold_per_floor":[119,135,149,161,47,47,47,74,74,74,93,93,123,142,142,220,220,232,232,26,26,38,38,38,3,28,44,73,73,89,102,102,102,102],"floor_reached":33,"language":"ENG","playtime":977,"items_purged":["Defend_P","conspire:GhostlyStrike"],"score":554,"play_id":"d7ae93ef-50c5-451b-90b9-a1203b79442c","local_time":"20210129230831","is_ascension_mode":true,"campfire_choices":[{"data":"Eruption","floor":6,"key":"SMITH"},{"data":"Judgement","floor":12,"key":"SMITH"},{"data":"SashWhip","floor":15,"key":"SMITH"},{"floor":23,"key":"REST"},{"data":"Ragnarok","floor":29,"key":"SMITH"},{"floor":32,"key":"REST"}],"circlet_count":0,"master_deck":["AscendersBane","conspire:GhostlyStrike","conspire:GhostlyStrike","conspire:GhostlyStrike","conspire:GhostlyDefend","conspire:GhostlyDefend","conspire:GhostlyDefend","Eruption+1","Vigilance","Judgement+1","FlurryOfBlows","BowlingBash","JustLucky","Consecrate","Perseverance","Brilliance","BowlingBash","Protect","SashWhip+1","Ragnarok+1","Wallop","Judgement+1","FlurryOfBlows","FollowUp","Adaptation","Halt+1","EmptyBody"],"relics":["PureWater","aspiration:StickyExplosives","Smiling Mask","Pocketwatch","The Courier","VioletLotus","Toy Ornithopter","Orichalcum","Happy Flower","Dream Catcher"],"acts_visited":["Exordium","TheCity"],"potions_floor_usage":[4,8,28,33,33],"damage_taken":[{"damage":0,"enemies":"2 Louse","floor":1,"turns":2},{"damage":1,"enemies":"Cultist","floor":2,"turns":3},{"damage":1,"enemies":"Small Slimes","floor":3,"turns":3},{"damage":0,"enemies":"Blue Slaver","floor":4,"turns":2},{"damage":3,"enemies":"Lagavulin","floor":8,"turns":5},{"damage":0,"enemies":"2 Fungi Beasts","floor":11,"turns":2},{"damage":8,"enemies":"Gremlin Nob","floor":13,"turns":3},{"damage":16,"enemies":"Exordium Wildlife","floor":14,"turns":3},{"damage":20,"enemies":"Slime Boss","floor":16,"turns":5},{"damage":12,"enemies":"3 Byrds","floor":18,"turns":4},{"damage":16,"enemies":"2 Thieves","floor":22,"turns":2},{"damage":0,"enemies":"3 Cultists","floor":27,"turns":4},{"damage":24,"enemies":"Gremlin Leader","floor":28,"turns":5},{"damage":15,"enemies":"Snake Plant","floor":30,"turns":4},{"damage":0,"enemies":"Cultist and Chosen","floor":31,"turns":2},{"damage":45,"enemies":"Champ","floor":33,"turns":10}],"seed_played":"7148535160573246001","potions_obtained":[{"floor":1,"key":"BlessingOfTheForge"},{"floor":3,"key":"FairyPotion"},{"floor":4,"key":"LiquidMemories"},{"floor":22,"key":"Fire Potion"},{"floor":27,"key":"DistilledChaos"},{"floor":30,"key":"Fire Potion"}],"is_trial":false,"path_per_floor":["M","M","M","M","$","R","?","E","T","?","M","R","E","M","R","B",null,"M","?","$","T","M","R","?","$","T","M","E","R","M","M","R","B"],"character_chosen":"WATCHER","items_purchased":["Perseverance","FlurryOfBlows","Toy Ornithopter","Adaptation"],"campfire_rested":2,"item_purchase_floors":[5,20,20,25],"current_hp_per_floor":[61,60,59,59,59,59,59,56,56,56,56,56,48,32,32,12,54,42,42,42,42,26,46,46,46,46,46,27,27,12,12,32,0,0],"gold":102,"neow_bonus":"ONE_RANDOM_RARE_CARD","is_daily":false,"chose_seed":false,"campfire_upgraded":4,"win_rate":0.0,"timestamp":1611950911,"path_taken":["M","M","M","M","$","R","?","E","T","?","M","R","E","M","R","BOSS","M","?","$","?","M","R","?","$","T","M","E","R","M","M","R","BOSS"],"items_purchased_type":["Card","Card","Relic","Card"],"build_version":"2020-12-22","purchased_purges":2,"victory":false,"max_hp_per_floor":[68,68,68,68,68,68,68,68,68,68,68,68,68,68,68,68,68,68,68,68,68,68,68,68,68,68,68,68,68,68,68,68,68,68],"card_choices":[{"not_picked":["WreathOfFlame","Sanctity"],"picked":"FlurryOfBlows","floor":1},{"not_picked":["Protect","PathToVictory"],"picked":"BowlingBash","floor":2},{"not_picked":["WindmillStrike","InnerPeace"],"picked":"JustLucky","floor":3},{"not_picked":["FlyingSleeves","EmptyBody"],"picked":"Consecrate","floor":4},{"not_picked":["Consecrate","EmptyFist"],"picked":"Brilliance","floor":8},{"not_picked":["InnerPeace","Vengeance"],"picked":"BowlingBash","floor":11},{"not_picked":["Collect","Fasting2"],"picked":"Protect","floor":13},{"not_picked":["WheelKick","Wireheading"],"picked":"SashWhip","floor":14},{"not_picked":["DevaForm","Alpha"],"picked":"Ragnarok","floor":16},{"not_picked":["EmptyFist","WindmillStrike"],"picked":"Wallop","floor":18},{"not_picked":["WaveOfTheHand","DeceiveReality"],"picked":"FollowUp","floor":22},{"not_picked":["Consecrate","PathToVictory","Blasphemy"],"picked":"SKIP","floor":27},{"not_picked":["FollowUp","WaveOfTheHand","Evaluate"],"picked":"SKIP","floor":28},{"not_picked":["ThirdEye","Sanctity"],"picked":"Halt+1","floor":30},{"not_picked":["Evaluate","Wish"],"picked":"EmptyBody","floor":31}],"player_experience":3022159,"relics_obtained":[{"floor":8,"key":"Smiling Mask"},{"floor":9,"key":"Pocketwatch"},{"floor":13,"key":"The Courier"},{"floor":21,"key":"Orichalcum"},{"floor":26,"key":"Happy Flower"},{"floor":28,"key":"Dream Catcher"}],"event_choices":[{"damage_healed":0,"gold_gain":0,"player_choice":"Searched \u00272\u0027 times","damage_taken":0,"relics_obtained":["aspiration:StickyExplosives"],"max_hp_gain":0,"max_hp_loss":0,"event_name":"Dead Adventurer","floor":7,"gold_loss":0},{"damage_healed":0,"gold_gain":0,"player_choice":"Agree","damage_taken":0,"max_hp_gain":0,"max_hp_loss":0,"event_name":"conspire:LoneGhost","floor":10,"gold_loss":0},{"damage_healed":0,"gold_gain":0,"player_choice":"Copied","damage_taken":0,"max_hp_gain":0,"max_hp_loss":0,"event_name":"Duplicator","floor":19,"gold_loss":0,"cards_obtained":["Judgement"]}],"is_beta":false,"boss_relics":[{"not_picked":["Pandora\u0027s Box","Coffee Dripper"],"picked":"VioletLotus"}],"items_purged_floors":[5,20],"is_endless":false,"potions_floor_spawned":[1,3,4,22,27,30],"killed_by":"Champ","ascension_level":20}}