{"host":"2brg86hfzr3u5cix","time":1611950050,"event":{"mods":["AchievementEnabler","Ascension Unlocker","BaseMod","CapriCore","DeckTracker","Highlight Path","Keyboard Shortcuts","Minty Spire (QoL Compilation)","Permanent Neow","Relic Stats","StSLib","Twitch Utils","Uncapped","UnlockEverythingMod"],"gold_per_floor":[115,115,115,40,40,40,40,60,85,111,111,126,157,74,74,148,148,159,159,175,32,0,37,57,57,106,128,165,165,193,212,212,212,212],"floor_reached":33,"language":"KOR","playtime":1271,"items_purged":["Defend_P"],"score":686,"play_id":"f5acca8d-33f7-480c-ac6c-25c17b35308b","local_time":"20210130045410","is_ascension_mode":true,"campfire_choices":[{"data":"Eruption","floor":6.0,"key":"SMITH"},{"floor":11.0,"key":"REST"},{"data":"Scrawl","floor":15.0,"key":"SMITH"},{"floor":25.0,"key":"REST"},{"floor":29.0,"key":"REST"},{"data":"Vigilance","floor":32.0,"key":"SMITH"}],"circlet_count":0,"master_deck":["AscendersBane","Strike_P","Strike_P","Strike_P","Defend_P","Defend_P","Defend_P+1","Eruption+1","Vigilance+1","Scrawl+1","CrushJoints+1","Protect","EmptyFist","Blasphemy+1","MentalFortress","Establishment","Crescendo+1","FlurryOfBlows+1","ForeignInfluence+1","Halt+1","Omniscience+1","ClearTheMind+1","EmptyBody+1","WheelKick","Indignation+1","Worship+1"],"relics":["PureWater","Akabeko","Sundial","Toxic Egg 2","Black Star","Bottled Lightning","CeramicFish","Ancient Tea Set","CloakClasp","Bottled Tornado"],"acts_visited":["Exordium","TheCity"],"potions_floor_usage":[33],"damage_taken":[{"damage":0.0,"enemies":"2 Louse","floor":1.0,"turns":5.0},{"damage":0.0,"enemies":"Jaw Worm","floor":8.0,"turns":3.0},{"damage":0.0,"enemies":"Gremlin Nob","floor":10.0,"turns":2.0},{"damage":0.0,"enemies":"Small Slimes","floor":12.0,"turns":3.0},{"damage":8.0,"enemies":"3 Sentries","floor":13.0,"turns":12.0},{"damage":47.0,"enemies":"The Guardian","floor":16.0,"turns":16.0},{"damage":14.0,"enemies":"Spheric Guardian","floor":18.0,"turns":7.0},{"damage":7.0,"enemies":"2 Thieves","floor":20.0,"turns":3.0},{"damage":16.0,"enemies":"Book of Stabbing","floor":23.0,"turns":3.0},{"damage":5.0,"enemies":"Snecko","floor":24.0,"turns":3.0},{"damage":7.0,"enemies":"Centurion and Healer","floor":27.0,"turns":3.0},{"damage":0.0,"enemies":"Gremlin Leader","floor":28.0,"turns":3.0},{"damage":0.0,"enemies":"Snake Plant","floor":30.0,"turns":2.0},{"damage":0.0,"enemies":"Sentry and Sphere","floor":31.0,"turns":5.0},{"damage":71,"enemies":"Automaton","floor":33,"turns":10}],"seed_played":"-5659995947151963245","potions_obtained":[{"floor":10.0,"key":"EssenceOfSteel"},{"floor":13.0,"key":"Block Potion"},{"floor":16.0,"key":"Fire Potion"},{"floor":20.0,"key":"Explosive Potion"},{"floor":27.0,"key":"LiquidMemories"},{"floor":28.0,"key":"Strength Potion"},{"floor":30.0,"key":"Fire Potion"}],"is_trial":false,"path_per_floor":["M","?","?","$","?","R","?","M","T","E","R","M","E","$","R","B",null,"M","?","M","$","?","E","M","R","T","M","E","R","M","M","R","B"],"character_chosen":"WATCHER","items_purchased":["MentalFortress","ForeignInfluence+1","Halt+1"],"campfire_rested":3,"item_purchase_floors":[14,21,21],"current_hp_per_floor":[61,66,59,59,59,59,37,37,37,37,58,58,50,50,50,3,56,42,42,35,35,35,19,14,35,35,28,28,49,49,49,49,0,0],"gold":212,"neow_bonus":"ONE_RANDOM_RARE_CARD","is_daily":false,"chose_seed":false,"campfire_upgraded":3,"win_rate":0.0,"timestamp":1611950050,"path_taken":["M","?","?","$","?","R","?","M","T","E","R","?","E","$","R","BOSS","M","?","M","$","?","E","?","R","T","?","E","R","M","M","R","BOSS"],"items_purchased_type":["Card","Card","Card"],"build_version":"2020-12-22","purchased_purges":1,"victory":false,"max_hp_per_floor":[68,73,73,73,73,73,73,73,73,73,73,73,73,73,73,73,73,73,73,73,73,73,73,73,73,73,73,73,73,73,73,73,73,73],"relic_stats":{"counters":[15,80],"Sundial":[14],"CeramicFish":54,"Black Star":2,"CloakClasp":[40],"obtain_stats":[{"Sundial":10,"CeramicFish":23,"Black Star":17,"CloakClasp":28,"Bottled Lightning":23,"PureWater":0,"Toxic Egg 2":13,"Bottled Tornado":28,"Ancient Tea Set":26,"Akabeko":9},{"Sundial":3,"CeramicFish":9,"Black Star":6,"CloakClasp":12,"Bottled Lightning":9,"PureWater":0,"Toxic Egg 2":5,"Bottled Tornado":12,"Ancient Tea Set":10,"Akabeko":2},{"Sundial":10,"CeramicFish":54,"Black Star":41,"CloakClasp":63,"Bottled Lightning":54,"PureWater":0,"Toxic Egg 2":25,"Bottled Tornado":63,"Ancient Tea Set":57,"Akabeko":8}]},"card_choices":[{"not_picked":["Wallop","Protect"],"picked":"CrushJoints","floor":1.0},{"not_picked":["Wallop","InnerPeace"],"picked":"Protect","floor":8.0},{"not_picked":["FollowUp","Protect"],"picked":"EmptyFist","floor":10.0},{"not_picked":["CrushJoints","FollowUp","EmptyFist"],"picked":"SKIP","floor":12.0},{"not_picked":["Wireheading","EmptyFist"],"picked":"Blasphemy+1","floor":13.0},{"not_picked":["SpiritShield+1","Brilliance"],"picked":"Establishment","floor":16.0},{"not_picked":["Crescendo+1","EmptyFist","Nirvana"],"picked":"SKIP","floor":18.0},{"not_picked":["EmptyFist","Nirvana"],"picked":"Crescendo+1","floor":18.0},{"not_picked":["WaveOfTheHand+1","WheelKick"],"picked":"FlurryOfBlows+1","floor":20.0},{"not_picked":["PathToVictory+1","SandsOfTime"],"picked":"Omniscience+1","floor":23.0},{"not_picked":["CrushJoints","Adaptation"],"picked":"ClearTheMind+1","floor":24.0},{"not_picked":["Prostrate+1","Pray+1"],"picked":"EmptyBody+1","floor":27.0},{"not_picked":["Perseverance+1","JustLucky"],"picked":"WheelKick","floor":28.0},{"not_picked":["ThirdEye+1","EmptyBody+1"],"picked":"Indignation+1","floor":30.0},{"not_picked":["SashWhip","Alpha+1"],"picked":"Worship+1","floor":31.0}],"player_experience":340694,"relics_obtained":[{"floor":9.0,"key":"Akabeko"},{"floor":10.0,"key":"Sundial"},{"floor":13.0,"key":"Toxic Egg 2"},{"floor":23.0,"key":"Bottled Lightning"},{"floor":23.0,"key":"CeramicFish"},{"floor":26.0,"key":"Ancient Tea Set"},{"floor":28.0,"key":"CloakClasp"},{"floor":28.0,"key":"Bottled Tornado"}],"event_choices":[{"damage_healed":0.0,"max_hp_gain":5.0,"max_hp_loss":0.0,"gold_gain":0.0,"event_name":"Big Fish","player_choice":"Donut","floor":2.0,"gold_loss":0.0,"damage_taken":0.0},{"cards_removed":["Strike_P"],"damage_healed":0.0,"max_hp_gain":0.0,"max_hp_loss":0.0,"gold_gain":0.0,"event_name":"Golden Wing","player_choice":"Card Removal","floor":3.0,"gold_loss":0.0,"damage_taken":7.0},{"damage_healed":0.0,"max_hp_gain":0.0,"max_hp_loss":0.0,"gold_gain":0.0,"event_name":"Liars Game","player_choice":"Ignored","floor":5.0,"gold_loss":0.0,"damage_taken":0.0},{"damage_healed":0.0,"max_hp_gain":0.0,"max_hp_loss":0.0,"gold_gain":0.0,"event_name":"Shining Light","player_choice":"Entered Light","floor":7.0,"gold_loss":0.0,"damage_taken":22.0,"cards_upgraded":["Defend_P","CrushJoints"]},{"damage_healed":0.0,"max_hp_gain":0.0,"max_hp_loss":0.0,"gold_gain":0.0,"event_name":"Vampires","player_choice":"Ignored","floor":19.0,"gold_loss":0.0,"damage_taken":0.0},{"damage_healed":0.0,"max_hp_gain":0.0,"max_hp_loss":0.0,"gold_gain":0.0,"event_name":"Masked Bandits","player_choice":"Paid Fearfully","floor":22.0,"gold_loss":32.0,"damage_taken":0.0}],"is_beta":false,"boss_relics":[{"not_picked":["Empty Cage","Snecko Eye"],"picked":"Black Star"}],"items_purged_floors":[4],"is_endless":false,"potions_floor_spawned":[10,13,16,20,27,28,30],"killed_by":"Automaton","ascension_level":20}}