{"host":"1dz819zv7fs9tsdy","time":1611882380,"event":{"mods":["AchievementEnabler","BaseMod","Colored Powertips","Curses Come First","Hubris","Minty Spire (QoL Compilation)","Rare Cards Sparkle","StSLib"],"gold_per_floor":[113,126,137,137,155,155,130,169,216,216,216],"floor_reached":10,"language":"ENG","playtime":960,"items_purged":[],"score":78,"play_id":"23013020-8eb1-4aef-8189-d66ad76dd9fd","local_time":"20210129010620","is_ascension_mode":true,"campfire_choices":[{"floor":6,"key":"REST"}],"circlet_count":0,"master_deck":["Strike_G","Strike_G","Strike_G","Strike_G","Strike_G","Defend_G","Defend_G","Defend_G","Defend_G","Defend_G","Survivor","Neutralize","Bane","PiercingWail","Concentrate","Masterful Stab","Cloak And Dagger","Flying Knee"],"relics":["SlaversCollar","Golden Idol","Blood Vial"],"acts_visited":["Exordium"],"potions_floor_usage":[5],"damage_taken":[{"damage":5,"enemies":"Cultist","floor":1,"turns":5},{"damage":0,"enemies":"Small Slimes","floor":2,"turns":4},{"damage":5,"enemies":"2 Louse","floor":3,"turns":4},{"damage":4,"enemies":"2 Fungi Beasts","floor":5,"turns":4},{"damage":42,"enemies":"3 Sentries","floor":8,"turns":10},{"damage":30,"enemies":"Lagavulin","floor":10,"turns":6}],"seed_played":"-255372747815964328","potions_obtained":[{"floor":2,"key":"Dexterity Potion"},{"floor":3,"key":"Fire Potion"}],"is_trial":false,"path_per_floor":["M","M","M","?","M","R","$","E","T","E"],"character_chosen":"THE_SILENT","items_purchased":["Cloak And Dagger"],"campfire_rested":1,"item_purchase_floors":[7],"current_hp_per_floor":[65,65,60,43,39,60,60,18,18,0,0],"gold":216,"neow_bonus":"BOSS_RELIC","is_daily":false,"chose_seed":false,"campfire_upgraded":0,"win_rate":0.0,"timestamp":1611882380,"path_taken":["M","?","?","?","M","R","$","E","T","E"],"items_purchased_type":["Card"],"build_version":"2020-12-22","purchased_purges":0,"victory":false,"max_hp_per_floor":[70,70,70,70,70,70,70,70,70,70,70],"card_choices":[{"not_picked":["Deflect","Footwork"],"picked":"Bane","floor":1},{"not_picked":["Backstab","Prepared"],"picked":"PiercingWail","floor":2},{"not_picked":["Prepared","PiercingWail"],"picked":"Concentrate","floor":3},{"not_picked":["Setup","Riddle With Holes"],"picked":"Masterful Stab","floor":5},{"not_picked":["Cloak And Dagger","hubris:SlightOfHand"],"picked":"Flying Knee","floor":8}],"player_experience":342974,"relics_obtained":[{"floor":8,"key":"Blood Vial"}],"event_choices":[{"damage_healed":0,"gold_gain":0,"player_choice":"Take Damage","damage_taken":17,"relics_obtained":["Golden Idol"],"max_hp_gain":0,"max_hp_loss":0,"event_name":"Golden Idol","floor":4,"gold_loss":0}],"is_beta":false,"boss_relics":[],"items_purged_floors":[],"is_endless":false,"potions_floor_spawned":[2,3],"killed_by":"Lagavulin","ascension_level":3}}