{"host":"q9718omregw4er46","time":1611937227,"event":{"mods":["BaseMod","Bestiary","Colored Powertips","Custom Start","Minty Spire (QoL Compilation)","Practice Mode","Quick Restart","Relic Stats"],"gold_per_floor":[154,79,133,171,211,211,266,266,347,425,494,494,538,567,567,694,694,704,237,275,275,15,45,105,105,105,190,190,229,299,340,340,474,474,487,560,560,560,124,124,183,183,208,27,27,52,69,117,117,142],"floor_reached":51,"language":"ENG","playtime":3038,"items_purged":["Strike_P","Strike_P"],"score":928,"play_id":"8e786892-af26-40d1-971b-5895a700f2bf","local_time":"20210129212027","is_ascension_mode":false,"campfire_choices":[{"data":"HandOfGreed","floor":6,"key":"SMITH"},{"floor":8,"key":"REST"},{"data":"Conclude","floor":15,"key":"SMITH"},{"data":"Meditate","floor":25,"key":"SMITH"},{"data":"Wish","floor":28,"key":"SMITH"},{"data":"Eruption","floor":32,"key":"SMITH"},{"data":"Strike_P+1","floor":40,"key":"PURGE"},{"data":"SashWhip+1","floor":42,"key":"PURGE"},{"data":"Vigilance","floor":49,"key":"SMITH"}],"circlet_count":0,"master_deck":["Defend_P+1","Defend_P+1","Defend_P+1","Defend_P+1","Eruption+1","Vigilance+1","HandOfGreed+1","CutThroughFate+1","Tantrum+1","Conclude+1","Consecrate+1","LessonLearned+1","Sanctity+1","DevaForm+1","Adaptation+1","Fasting2+1","MentalFortress+1","Wish+1","Meditate+1","DeceiveReality+1","Blasphemy+1","CutThroughFate+1","Fasting2+1","Scrawl+1","CurseOfTheBell","ClearTheMind+1","Thinking Ahead+1","MentalFortress+1","Wireheading+1","LikeWater+1"],"relics":["HolyWater","FossilizedHelix","White Beast Statue","Odd Mushroom","Dream Catcher","Frozen Egg 2","Orrery","Toxic Egg 2","Singing Bowl","Red Mask","Pear","Prayer Wheel","Calling Bell","Bag of Marbles","Gremlin Horn","Peace Pipe","Incense Burner","Mango","Bronze Scales","Unceasing Top","Ancient Tea Set","Strawberry","Eternal Feather","Calipers"],"acts_visited":["Exordium","TheCity","TheBeyond"],"potions_floor_usage":[23,27,29,33,35,41,50],"damage_taken":[{"damage":0.0,"enemies":"2 Louse","floor":1.0,"turns":6.0},{"damage":0.0,"enemies":"Small Slimes","floor":3.0,"turns":3.0},{"damage":1,"enemies":"Cultist","floor":4,"turns":3},{"damage":2,"enemies":"Looter","floor":5,"turns":4},{"damage":32,"enemies":"Gremlin Nob","floor":7,"turns":4},{"damage":21,"enemies":"The Mushroom Lair","floor":10,"turns":6},{"damage":0,"enemies":"3 Louse","floor":11,"turns":5},{"damage":0,"enemies":"Exordium Wildlife","floor":13,"turns":3},{"damage":0,"enemies":"Lagavulin","floor":14,"turns":4},{"damage":0,"enemies":"Slime Boss","floor":16,"turns":4},{"damage":0,"enemies":"Chosen","floor":18,"turns":3},{"damage":0,"enemies":"2 Thieves","floor":20,"turns":2},{"damage":20,"enemies":"Book of Stabbing","floor":23,"turns":5},{"damage":4,"enemies":"Masked Bandits","floor":24,"turns":4},{"damage":0,"enemies":"Gremlin Leader","floor":27,"turns":6},{"damage":0,"enemies":"3 Cultists","floor":29,"turns":2},{"damage":0,"enemies":"Cultist and Chosen","floor":30,"turns":3},{"damage":0,"enemies":"Snecko","floor":31,"turns":8},{"damage":15,"enemies":"Automaton","floor":33,"turns":6},{"damage":0,"enemies":"3 Darklings","floor":35,"turns":4},{"damage":0,"enemies":"2 Orb Walkers","floor":36,"turns":3},{"damage":25,"enemies":"Reptomancer","floor":41,"turns":11},{"damage":0,"enemies":"Nemesis","floor":46,"turns":7},{"damage":0,"enemies":"Orb Walker","floor":47,"turns":3},{"damage":0,"enemies":"Transient","floor":48,"turns":5},{"damage":15,"enemies":"Time Eater","floor":50,"turns":8}],"seed_played":"695019873138619879","potions_obtained":[{"floor":1.0,"key":"LiquidBronze"},{"floor":10,"key":"PowerPotion"},{"floor":11,"key":"GamblersBrew"},{"floor":13,"key":"DistilledChaos"},{"floor":23,"key":"BottledMiracle"},{"floor":24,"key":"Regen Potion"},{"floor":27,"key":"SkillPotion"},{"floor":29,"key":"GamblersBrew"},{"floor":33,"key":"Ambrosia"},{"floor":35,"key":"Dexterity Potion"},{"floor":36,"key":"Ambrosia"},{"floor":41,"key":"EssenceOfSteel"},{"floor":47,"key":"LiquidMemories"}],"is_trial":false,"path_per_floor":["M","$","M","M","M","R","E","R","T","?","M","?","M","E","R","B",null,"M","$","M","?","$","E","?","R","T","E","R","M","M","M","R","B",null,"M","?","?","T","$","R","E","R","T","$","T","E","M","M","R","B",null],"character_chosen":"WATCHER","items_purchased":["Frozen Egg 2","Orrery","MentalFortress+1","Toxic Egg 2","ClearTheMind+1","Thinking Ahead+1","Bronze Scales","Wireheading+1","Strawberry"],"campfire_rested":1,"item_purchase_floors":[19,19,19,22,39,39,39,44,44],"current_hp_per_floor":[51,51,51,50,48,48,16,37,37,16,16,16,16,16,16,16,72,72,72,72,72,72,52,50,50,60,65,65,67,69,73,73,58,92,96,98,98,112,112,112,87,87,87,94,94,96,98,102,120,105],"gold":142,"neow_bonus":"RANDOM_COLORLESS_2","is_daily":false,"chose_seed":false,"campfire_upgraded":6,"win_rate":0.0,"timestamp":1611937227,"path_taken":["M","$","M","M","M","R","E","R","T","?","M","?","M","E","R","BOSS","M","$","?","?","$","E","?","R","T","E","R","?","M","M","R","BOSS","M","?","?","?","$","R","E","R","T","?","?","E","M","M","R","BOSS"],"items_purchased_type":["Relic","Relic","Card","Relic","Card","Card","Relic","Card","Relic"],"build_version":"2020-12-22","purchased_purges":2,"victory":true,"max_hp_per_floor":[72,72,72,72,72,72,72,72,72,72,72,72,72,72,72,72,72,72,72,72,72,72,72,74,74,84,84,84,86,88,92,92,92,92,96,98,98,112,112,112,112,112,112,119,119,121,123,127,127,127],"relic_stats":{"Peace Pipe":2,"Dream Catcher":0,"Singing Bowl":24,"Gremlin Horn":[10,10],"counters":[26,122],"Bronze Scales":[99],"Prayer Wheel":6,"Eternal Feather":18,"obtain_stats":[{"Calipers":46,"Singing Bowl":23,"Gremlin Horn":34,"Mango":38,"Incense Burner":36,"Ancient Tea Set":43,"Dream Catcher":14,"Strawberry":44,"Prayer Wheel":27,"Red Mask":24,"Toxic Egg 2":22,"Pear":26,"Eternal Feather":45,"Odd Mushroom":10,"Frozen Egg 2":19,"White Beast Statue":9,"Calling Bell":34,"Peace Pipe":34,"Bronze Scales":39,"HolyWater":17,"Orrery":19,"Bag of Marbles":34,"PureWater":0,"FossilizedHelix":7,"Unceasing Top":41},{"Calipers":23,"Singing Bowl":13,"Gremlin Horn":19,"Mango":21,"Incense Burner":21,"Ancient Tea Set":22,"Dream Catcher":9,"Strawberry":22,"Prayer Wheel":15,"Red Mask":14,"Toxic Egg 2":12,"Pear":14,"Eternal Feather":22,"Odd Mushroom":6,"Frozen Egg 2":11,"White Beast Statue":5,"Calling Bell":19,"Peace Pipe":19,"Bronze Scales":21,"HolyWater":10,"Orrery":11,"Bag of Marbles":19,"PureWater":0,"FossilizedHelix":5,"Unceasing Top":22},{"Calipers":106,"Singing Bowl":52,"Gremlin Horn":81,"Mango":88,"Incense Burner":88,"Ancient Tea Set":99,"Dream Catcher":38,"Strawberry":99,"Prayer Wheel":62,"Red Mask":56,"Toxic Egg 2":47,"Pear":56,"Eternal Feather":99,"Odd Mushroom":26,"Frozen Egg 2":45,"White Beast Statue":20,"Calling Bell":81,"Peace Pipe":81,"Bronze Scales":88,"HolyWater":42,"Orrery":45,"Bag of Marbles":81,"PureWater":0,"FossilizedHelix":20,"Unceasing Top":99}],"Unceasing Top":[0]},"card_choices":[{"not_picked":["Magnetism","Metamorphosis"],"picked":"HandOfGreed","floor":0.0},{"not_picked":["Weave","Evaluate","Halt"],"picked":"SKIP","floor":1.0},{"not_picked":["WaveOfTheHand","PathToVictory"],"picked":"CutThroughFate","floor":3.0},{"not_picked":["Weave","FollowUp"],"picked":"SashWhip","floor":4},{"not_picked":["Evaluate","Weave","PathToVictory"],"picked":"SKIP","floor":5},{"not_picked":["FollowUp","ThirdEye"],"picked":"Consecrate","floor":7},{"not_picked":["EmptyBody","SandsOfTime"],"picked":"Tantrum","floor":10},{"not_picked":["SashWhip","EmptyFist"],"picked":"Conclude","floor":11},{"not_picked":["Wallop","FlyingSleeves"],"picked":"LessonLearned","floor":13},{"not_picked":["EmptyFist","BowlingBash"],"picked":"Sanctity","floor":14},{"not_picked":["Omniscience","DeusExMachina"],"picked":"DevaForm","floor":16},{"not_picked":["Swivel","Nirvana","FlurryOfBlows"],"picked":"SKIP","floor":18},{"not_picked":["ThirdEye","JustLucky"],"picked":"Adaptation+1","floor":19},{"not_picked":["CarveReality","SashWhip"],"picked":"Fasting2+1","floor":19},{"not_picked":["EmptyFist","Collect+1"],"picked":"Wish","floor":20},{"not_picked":["InnerPeace+1","Adaptation+1"],"picked":"DeceiveReality+1","floor":23},{"not_picked":["FlyingSleeves+1","Weave+1","ThirdEye+1"],"picked":"Singing Bowl","floor":24},{"not_picked":["Adaptation+1","CutThroughFate"],"picked":"Blasphemy+1","floor":27},{"not_picked":["FlurryOfBlows","Evaluate+1","EmptyBody+1"],"picked":"Singing Bowl","floor":29},{"not_picked":["JustLucky","DeceiveReality+1"],"picked":"CutThroughFate+1","floor":29},{"not_picked":["Ragnarok","WindmillStrike"],"picked":"Fasting2+1","floor":30},{"not_picked":["Sanctity+1","PathToVictory+1","CrushJoints"],"picked":"Singing Bowl","floor":30},{"not_picked":["EmptyBody+1","JustLucky","FlyingSleeves+1"],"picked":"Singing Bowl","floor":31},{"not_picked":["Perseverance+1","Protect+1","SashWhip+1"],"picked":"Singing Bowl","floor":31},{"not_picked":["Establishment+1","Blasphemy+1"],"picked":"Scrawl+1","floor":33},{"not_picked":["Consecrate+1","FlyingSleeves","Protect+1"],"picked":"Singing Bowl","floor":35},{"not_picked":["Conclude+1","DeceiveReality+1","ThirdEye+1"],"picked":"Singing Bowl","floor":35},{"not_picked":["Prostrate+1","Crescendo+1","FollowUp"],"picked":"Singing Bowl","floor":36},{"not_picked":["Nirvana+1","SashWhip"],"picked":"MentalFortress+1","floor":41},{"not_picked":["Study+1","Halt+1","ThirdEye+1"],"picked":"Singing Bowl","floor":46},{"not_picked":["BowlingBash+1","Meditate+1","EmptyFist+1"],"picked":"Singing Bowl","floor":47},{"not_picked":["Brilliance","Indignation+1"],"picked":"LikeWater+1","floor":47},{"not_picked":["SignatureMove+1","SandsOfTime+1","WaveOfTheHand+1"],"picked":"Singing Bowl","floor":48},{"not_picked":["Consecrate","CarveReality+1","ThirdEye+1"],"picked":"Singing Bowl","floor":48}],"player_experience":760885,"relics_obtained":[{"floor":7,"key":"FossilizedHelix"},{"floor":9,"key":"White Beast Statue"},{"floor":10,"key":"Odd Mushroom"},{"floor":14,"key":"Dream Catcher"},{"floor":23,"key":"Singing Bowl"},{"floor":24,"key":"Red Mask"},{"floor":26,"key":"Pear"},{"floor":27,"key":"Prayer Wheel"},{"floor":34,"key":"Bag of Marbles"},{"floor":34,"key":"Gremlin Horn"},{"floor":34,"key":"Peace Pipe"},{"floor":36,"key":"Incense Burner"},{"floor":38,"key":"Mango"},{"floor":41,"key":"Unceasing Top"},{"floor":43,"key":"Ancient Tea Set"},{"floor":45,"key":"Eternal Feather"},{"floor":46,"key":"Calipers"}],"event_choices":[{"damage_healed":0,"gold_gain":0,"player_choice":"Fought Mushrooms","damage_taken":0,"max_hp_gain":0,"max_hp_loss":0,"event_name":"Mushrooms","floor":10,"gold_loss":0},{"damage_healed":0,"gold_gain":0,"cards_transformed":["Strike_P"],"player_choice":"Transformed","damage_taken":0,"max_hp_gain":0,"max_hp_loss":0,"event_name":"Transmorgrifier","floor":12,"gold_loss":0,"cards_obtained":["Consecrate"]},{"damage_healed":0,"gold_gain":0,"player_choice":"Read","damage_taken":0,"max_hp_gain":0,"max_hp_loss":0,"event_name":"The Library","floor":21,"gold_loss":0,"cards_obtained":["Meditate"]},{"damage_healed":0,"gold_gain":0,"player_choice":"Fought Bandits","damage_taken":0,"max_hp_gain":0,"max_hp_loss":0,"event_name":"Masked Bandits","floor":24,"gold_loss":0},{"damage_healed":0,"gold_gain":0,"player_choice":"Fight","damage_taken":0,"max_hp_gain":0,"max_hp_loss":0,"event_name":"Mysterious Sphere","floor":36,"gold_loss":0},{"cards_removed":["Consecrate"],"damage_healed":0,"gold_gain":0,"player_choice":"Removed Attack","damage_taken":0,"max_hp_gain":0,"max_hp_loss":0,"event_name":"Falling","floor":37,"gold_loss":0}],"is_beta":false,"boss_relics":[{"not_picked":["Empty Cage","Sozu"],"picked":"HolyWater"},{"not_picked":["Runic Pyramid","Velvet Choker"],"picked":"Calling Bell"}],"items_purged_floors":[2,39],"is_endless":false,"potions_floor_spawned":[1,10,11,13,14,16,18,20,23,24,27,29,30,31,33,35,36,41,46,47,48],"ascension_level":0}}