{"host":"or1kyy78tiubr3jv","time":1611884892,"event":{"mods":["2.2 Compatiblity","AchievementEnabler","BaseMod","Bestiary","Better Note","Better Third Choice","BetterRewards","Colored Map","Colored Powertips","DeckTracker","Downfall","Energized Spire","Highlight Path","Infinite Spire","Minty Spire (QoL Compilation)","Quick Restart","Relic Filter","Reworked Bosses","StSLib","The Cursed"],"gold_per_floor":[0,17,17,17,17,17,44,69,69,98,98,98,12,60,79,187,187,87,114,141,141,160,197,221,249,293,93,110,110,110,136,151,256,256,256,270,289,319,355,58,111,111,145,145,172,188,188,188,213,213,213,244,25,25,25,25,25,25],"floor_reached":56,"language":"ENG","playtime":10688,"items_purged":["champ:Strike","Decay"],"score":880,"play_id":"1f2a33cd-dab4-4604-a9dd-4e4362d33686","local_time":"20210128204812","is_ascension_mode":true,"campfire_choices":[{"floor":1.0,"key":"RECALL"},{"data":"champ:Defend","floor":6.0,"key":"SMITH"},{"data":"champ:Defend","floor":9.0,"key":"SMITH"},{"floor":12.0,"key":"REST"},{"data":"champ:ShieldWall","floor":18.0,"key":"SMITH"},{"data":"champ:Taunt","floor":27.0,"key":"SMITH"},{"data":"champ:SkillfulDodge","floor":29.0,"key":"SMITH"},{"data":"champ:GladiatorForm","floor":35.0,"key":"SMITH"},{"data":"expansioncontent:StudyTheSpire","floor":42,"key":"SMITH"},{"floor":47,"key":"REST"},{"floor":54,"key":"REST"}],"circlet_count":0,"master_deck":["champ:Strike","champ:Strike","champ:Defend","champ:Defend","champ:Defend+1","champ:Defend+1","champ:Execute","champ:Taunt+1","champ:StanceDance","champ:EnchantCrown","infinitespire:SevenWalls+1","champ:ShieldThrow+1","champ:ShieldWall+1","champ:Haymaker+1","champ:SteelEdge+1","champ:ShieldSigil+1","champ:SkillfulDodge+1","champ:TornadoPunch+1","champ:Backstep","champ:Endure","champ:EnchantCrown","champ:MurderStrike+1","champ:GladiatorForm+1","Parasite","champ:GutPunch+1","champ:EndlessRage","downfall:Icky","champ:PreciseThrust+1","champ:GutPunch+1","expansioncontent:StudyTheSpire+1","champ:StanceDance+1","downfall:Malfunctioning","champ:VampiricStrike+1","downfall:Aged","champ:GladiatorStyle","Apotheosis","champ:Backstep"],"relics":["champ:ChampionCrown","Boot","infinitespire:EmpoweringShard","Molten Egg 2","CeramicFish","energizedSpire:CursedPentagram","downfall:HeartBlessingRed","infinitespire:BottledMercury","Blood Vial","downfall:HeartBlessingGreen","downfall:HeartBlessingBlue","Busted Crown","Omamori","Bronze Scales","bronze:DecasWashers","Darkstone Periapt","Oddly Smooth Stone"],"acts_visited":["Exordium","TheCity","TheBeyond","TheEnding"],"potions_floor_usage":[43,46,50],"damage_taken":[{"damage":27.0,"enemies":"Cultist","floor":2.0,"turns":4.0},{"damage":76.0,"enemies":"3 Sentries","floor":8.0,"turns":12.0},{"damage":46.0,"enemies":"Lagavulin","floor":10.0,"turns":8.0},{"damage":0.0,"enemies":"downfall:FleeingMerchant","floor":13.0,"turns":4.0},{"damage":0.0,"enemies":"Jaw Worm","floor":15.0,"turns":2.0},{"damage":3.0,"enemies":"IC_STATUS_ARCHETYPE","floor":16.0,"turns":6.0},{"damage":10.0,"enemies":"Chosen","floor":19.0,"turns":3.0},{"damage":10.0,"enemies":"Shell Parasite","floor":20.0,"turns":3.0},{"damage":25.0,"enemies":"Snake Plant","floor":22.0,"turns":4.0},{"damage":29.0,"enemies":"Slavers","floor":23.0,"turns":7.0},{"damage":19.0,"enemies":"Centurion and Healer","floor":25.0,"turns":4.0},{"damage":20.0,"enemies":"Nightmare","floor":26.0,"turns":7.0},{"damage":0.0,"enemies":"Sentry and Sphere","floor":28.0,"turns":5.0},{"damage":25.0,"enemies":"Shelled Parasite and Fungi","floor":31.0,"turns":3.0},{"damage":10.0,"enemies":"Snake Plant","floor":32.0,"turns":3.0},{"damage":32.0,"enemies":"DF_ARCHETYPE_CLAW","floor":33.0,"turns":8.0},{"damage":15.0,"enemies":"Orb Walker","floor":36.0,"turns":3.0},{"damage":3.0,"enemies":"3 Darklings","floor":37.0,"turns":5.0},{"damage":45,"enemies":"Writhing Mass","floor":38,"turns":6},{"damage":58,"enemies":"Transient","floor":39,"turns":5},{"damage":30,"enemies":"downfall:FleeingMerchant","floor":40,"turns":4},{"damage":43,"enemies":"Reptomancer","floor":43,"turns":6},{"damage":31,"enemies":"Sphere and 2 Shapes","floor":46,"turns":3},{"damage":31,"enemies":"Spire Growth","floor":49,"turns":4},{"damage":35,"enemies":"SI_POISON_ARCHETYPE","floor":50,"turns":12},{"damage":133,"enemies":"downfall:CharBossMerchant","floor":52,"turns":9},{"damage":82,"enemies":"downfall:NeowBoss","floor":55,"turns":19},{"damage":43,"enemies":"downfall:NeowBossFinal","floor":56,"turns":2}],"seed_played":"4886114515814583184","potions_obtained":[{"floor":8.0,"key":"PowerPotion"},{"floor":10.0,"key":"PowerPotion"},{"floor":19.0,"key":"hexamod:SoulburnPotion"},{"floor":22.0,"key":"LiquidMemories"},{"floor":28.0,"key":"AttackPotion"},{"floor":32.0,"key":"GamblersBrew"},{"floor":33.0,"key":"ColorlessPotion"},{"floor":38,"key":"Fire Potion"},{"floor":43,"key":"champ:OpenerPotion"}],"is_trial":false,"path_per_floor":["R","M","?","?","?","R","T","E","R","E","?","R","$","T","M","B",null,"R","M","M","?","M","E","T","M","NM","R","M","R","?","M","M","B",null,"R","M","M","M","M","$","T","R","E","AVR","?","M","R","?","M","B",null,"E","$","R","B","B"],"character_chosen":"THE_CHAMP","items_purchased":["champ:ShieldWall","champ:GutPunch+1","expansioncontent:StudyTheSpire","Apotheosis","champ:Backstep"],"campfire_rested":3,"item_purchase_floors":[13,40,40,53,53],"current_hp_per_floor":[108,101,101,101,111,111,111,75,75,64,35,70,90,90,90,97,118,118,118,118,83,68,69,69,75,75,85,87,87,87,74,76,66,128,128,113,122,99,63,75,75,75,49,49,61,57,99,99,100,102,140,27,27,69,39,0,0,0],"gold":25,"neow_bonus":"TWENTY_PERCENT_HP_BONUS","is_daily":false,"chose_seed":false,"campfire_upgraded":7,"win_rate":0.0,"timestamp":1611884892,"path_taken":["R","M","?","?","?","R","T","E","R","E","?","R","?","?","M","BOSS","R","M","M","?","M","E","T","M","NM","R","?","R","?","M","M","BOSS","R","M","M","M","M","$","T","R","E","AVR","?","M","R","?","M","BOSS","E","$","R","BOSS","BOSS"],"items_purchased_type":["Card","Card","Card","Card","Card"],"build_version":"2020-12-22","purchased_purges":2,"victory":false,"max_hp_per_floor":[108,108,108,108,118,118,118,118,118,118,118,118,118,118,118,118,118,118,118,118,118,118,118,118,118,118,128,128,128,128,128,128,128,128,128,128,128,128,128,128,128,128,128,128,140,140,140,140,140,140,140,140,140,140,140,140,140,140],"card_choices":[{"not_picked":["champ:ViciousMockery","champ:Parry"],"picked":"champ:StanceDance","floor":2.0},{"not_picked":["champ:BladeFlurry","champ:UltimateStance","champ:StanceDance"],"picked":"SKIP","floor":8.0},{"not_picked":["champ:StanceDance","champ:Shatter+1"],"picked":"champ:EnchantCrown","floor":10.0},{"not_picked":["infinitespire:Execution","infinitespire:FinalStrike"],"picked":"infinitespire:SevenWalls","floor":11.0},{"not_picked":["champ:AdrenalArmor","champ:Parry"],"picked":"champ:ShieldThrow+1","floor":13.0},{"not_picked":["champ:EnGarde","champ:ViciousMockery"],"picked":"champ:Haymaker+1","floor":15.0},{"not_picked":["champ:IgnorePain","champ:HeavySlash+1"],"picked":"champ:SteelEdge+1","floor":16.0},{"not_picked":["champ:FanOfKnives+1","champ:FocusedBerserking"],"picked":"champ:ShieldSigil+1","floor":19.0},{"not_picked":["champ:Haymaker+1","champ:Circumvent+1"],"picked":"champ:SkillfulDodge","floor":20.0},{"not_picked":["champ:DeathBlow+1","champ:ShieldSigil"],"picked":"champ:TornadoPunch+1","floor":22.0},{"not_picked":["champ:ShieldSigil","champ:PerfectedStrike+1"],"picked":"champ:Backstep","floor":23.0},{"not_picked":["champ:ArenaPreparation","champ:BerserkersShout"],"picked":"champ:Endure","floor":25.0},{"not_picked":["champ:EnGarde","champ:StanceDance+1"],"picked":"champ:EnchantCrown","floor":26.0},{"not_picked":["champ:ShieldSigil","champ:FanOfKnives+1","champ:Backstep+1"],"picked":"SKIP","floor":28.0},{"not_picked":["champ:FlashCut+1","champ:Circumvent+1"],"picked":"champ:MurderStrike+1","floor":31.0},{"not_picked":["champ:FanOfKnives+1","champ:Lariat","champ:BerserkersShout"],"picked":"SKIP","floor":32.0},{"not_picked":["champ:MurderStrike+1","champ:DancingMaster"],"picked":"champ:GladiatorForm","floor":33.0},{"not_picked":["champ:TornadoPunch+1"],"picked":"SKIP","floor":36.0},{"not_picked":["champ:ShieldSigil+1"],"picked":"SKIP","floor":37.0},{"not_picked":[],"picked":"champ:GutPunch+1","floor":38},{"not_picked":[],"picked":"champ:EndlessRage","floor":39},{"not_picked":[],"picked":"champ:PreciseThrust+1","floor":40},{"not_picked":[],"picked":"champ:StanceDance+1","floor":43},{"not_picked":["champ:FanOfKnives+1"],"picked":"SKIP","floor":46},{"not_picked":[],"picked":"champ:GladiatorStyle","floor":49},{"not_picked":["champ:RisingSlash+1"],"picked":"SKIP","floor":52}],"player_experience":526434,"relics_obtained":[{"floor":7.0,"key":"Boot"},{"floor":8.0,"key":"infinitespire:EmpoweringShard"},{"floor":10.0,"key":"Molten Egg 2"},{"floor":14.0,"key":"CeramicFish"},{"floor":23.0,"key":"infinitespire:BottledMercury"},{"floor":26.0,"key":"Blood Vial"},{"floor":41,"key":"Omamori"},{"floor":43,"key":"Bronze Scales"},{"floor":52,"key":"Oddly Smooth Stone"}],"event_choices":[{"cards_removed":["champ:Strike"],"damage_healed":0.0,"max_hp_gain":0.0,"max_hp_loss":0.0,"gold_gain":0.0,"event_name":"The Cleric","player_choice":"Card Removal","floor":3.0,"gold_loss":0.0,"damage_taken":0.0},{"damage_healed":0.0,"max_hp_gain":0.0,"max_hp_loss":0.0,"gold_gain":0.0,"event_name":"Ghosts","player_choice":"Ignored","floor":30.0,"gold_loss":0.0,"damage_taken":0.0}],"is_beta":false,"boss_relics":[{"not_picked":["Philosopher\u0027s Stone","energizedSpire:MagnifyingGlass"],"picked":"energizedSpire:CursedPentagram"},{"not_picked":["Coffee Dripper","bronze:MakeshiftBattery"],"picked":"Busted Crown"}],"items_purged_floors":[40,44],"is_endless":false,"potions_floor_spawned":[8,10,19,22,28,32,33,38,43],"killed_by":"downfall:NeowBossFinal","ascension_level":3}}