{"host":"g5k24uqcth2ihc11","time":1611906131,"event":{"mods":["Arknights The Spire","BaseMod","Downfall","Jorbs\u0027s Wanderer Trilogy","Marisa????????","Minty Spire (QoL Compilation)","Robot Space Explorer","StSLib","The Cursed","The Dragon Tamer","The Marked","The Servant 0.9.4"],"gold_per_floor":[114,127,146,162,174,174,174,174,174,174,174,199,199,216,216,317,317,329,348,348,364,40,40,40,40,91,91,91,91,171,5,5,101,101,121,171,190,190,190],"floor_reached":38,"language":"ENG","playtime":3759,"items_purged":[],"score":497,"play_id":"0726051f-c463-4f68-922d-51b4c04a98a0","local_time":"20210128234211","daily_mods":["SealedDeck","Flight"],"is_ascension_mode":false,"campfire_choices":[{"data":"Defy","floor":6,"key":"SMITH"},{"data":"Ricochet","floor":7,"key":"SMITH"},{"data":"Defy","floor":8,"key":"SMITH"},{"data":"ReturningBlade","floor":10,"key":"SMITH"},{"data":"Read","floor":15,"key":"SMITH"},{"data":"Solidify","floor":23,"key":"SMITH"},{"data":"DoubleEdge","floor":24,"key":"SMITH"},{"data":"ReturningBlade+1","floor":25,"key":"SMITH"},{"data":"ReturningBlade+2","floor":27,"key":"SMITH"},{"data":"ReturningBlade+3","floor":28,"key":"SMITH"},{"data":"ReturningBlade+4","floor":32,"key":"SMITH"}],"circlet_count":0,"master_deck":["Potential","Ricochet","Gouge","Defy+1","Ricochet+1","Spin","Defy+1","Rearm","Misdirection","Starlight","Read+1","Starlight","ReturningBlade+5","Rewind","TheWorld","Solidify+1","Rearm+1","DoubleEdge+1","Luminosity","Initiator","Sunlight","CurseOfTheBell","Rewind+1","SurpressingFire+1","Contraction"],"relics":["Uniform","StrikeDummy","Bird Faced Urn","The Courier","Philosopher\u0027s Stone","Pocketwatch","Kunai","bronze:BronzeIdol","Happy Flower","bronze:DecasWashers","Calling Bell","Art of War","Pear","Lizard Tail","CaptainsWheel"],"acts_visited":["Exordium","TheCity","TheBeyond"],"potions_floor_usage":[35,38,38,38],"damage_taken":[{"damage":0,"enemies":"2 Louse","floor":1,"turns":1},{"damage":0,"enemies":"Small Slimes","floor":2,"turns":2},{"damage":0,"enemies":"Cultist","floor":3,"turns":3},{"damage":0,"enemies":"Large Slime","floor":4,"turns":5},{"damage":0,"enemies":"Lots of Slimes","floor":5,"turns":1},{"damage":14,"enemies":"Gremlin Nob","floor":12,"turns":3},{"damage":5,"enemies":"3 Louse","floor":14,"turns":2},{"damage":0,"enemies":"Slime Boss","floor":16,"turns":7},{"damage":0,"enemies":"Spheric Guardian","floor":18,"turns":4},{"damage":0,"enemies":"Chosen","floor":19,"turns":4},{"damage":0,"enemies":"Snake Plant","floor":21,"turns":7},{"damage":0,"enemies":"Automaton","floor":33,"turns":6},{"damage":4,"enemies":"3 Darklings","floor":35,"turns":3},{"damage":11,"enemies":"Mind Bloom Boss Battle","floor":36,"turns":6},{"damage":16,"enemies":"3 Shapes","floor":37,"turns":3},{"damage":100,"enemies":"Orin","floor":38,"turns":6}],"seed_played":"2637641775568739777","potions_obtained":[{"floor":3,"key":"CultistPotion"},{"floor":5,"key":"Slimebound:ThreeZeroPotion"},{"floor":13,"key":"Weak Potion"},{"floor":18,"key":"Block Potion"},{"floor":33,"key":"ColorlessPotion"},{"floor":36,"key":"Dexterity Potion"}],"is_trial":true,"path_per_floor":["M","M","M","M","M","R","R","R","T","R","?","E","?","M","R","B",null,"M","M","?","M","$","R","R","R","T","R","R","?","T","$","R","B",null,"M","?","M","?"],"character_chosen":"THE_SERVANT","items_purchased":["Kunai","bronze:BronzeIdol","Luminosity","Initiator"],"campfire_rested":0,"item_purchase_floors":[22,22,31,31],"current_hp_per_floor":[65,65,65,65,65,65,65,65,65,65,58,44,44,39,39,39,65,65,65,65,65,65,65,65,65,65,65,65,54,54,54,54,56,80,76,67,55,0,0],"gold":190,"neow_bonus":"","is_daily":false,"chose_seed":false,"campfire_upgraded":11,"win_rate":0.0,"timestamp":1611906131,"path_taken":["M","M","M","M","M","R","R","R","T","R","?","E","?","M","R","BOSS","M","?","?","?","$","R","R","R","T","R","R","?","?","$","R","BOSS","M","?","M","?"],"items_purchased_type":["Relic","Relic","Card","Card"],"build_version":"2020-12-22","purchased_purges":0,"victory":false,"max_hp_per_floor":[65,65,65,65,65,65,65,65,65,65,65,65,65,65,65,65,65,65,65,65,65,65,65,65,65,65,65,65,70,70,70,70,70,80,80,80,80,80,80],"card_choices":[{"not_picked":["Misdirection","Gouge"],"picked":"Read","floor":1},{"not_picked":["Replace","ShiftingGears","BottledTime"],"picked":"SKIP","floor":2},{"not_picked":["Rearm","Foresight"],"picked":"Starlight","floor":3},{"not_picked":["Unruled","SpecialFormula"],"picked":"ReturningBlade","floor":4},{"not_picked":["Spin","FanOfKnives"],"picked":"Rewind","floor":5},{"not_picked":["Starlight","RealityMarble"],"picked":"TheWorld","floor":12},{"not_picked":["TimeWarp","Rewind","Shuttle"],"picked":"SKIP","floor":14},{"not_picked":["Deny","KillingDoll"],"picked":"Solidify","floor":16},{"not_picked":["FastForward","BestPractice","RealityMarble"],"picked":"SKIP","floor":18},{"not_picked":["Alleviate","Replace"],"picked":"Rearm+1","floor":19},{"not_picked":["Ricochet","TimeWarp"],"picked":"DoubleEdge","floor":21},{"not_picked":["KillingDoll","ForgedInTime"],"picked":"Sunlight","floor":33},{"not_picked":["Spin+1","Desolation+1"],"picked":"Rewind+1","floor":35},{"not_picked":["Hightail","Foresight+1"],"picked":"SurpressingFire+1","floor":36},{"not_picked":["TimeWarp","Foresight"],"picked":"Contraction","floor":37}],"player_experience":59773,"relics_obtained":[{"floor":9,"key":"StrikeDummy"},{"floor":12,"key":"The Courier"},{"floor":26,"key":"Happy Flower"},{"floor":30,"key":"bronze:DecasWashers"},{"floor":34,"key":"Art of War"},{"floor":34,"key":"Pear"},{"floor":34,"key":"Lizard Tail"},{"floor":36,"key":"CaptainsWheel"}],"event_choices":[{"damage_healed":0,"gold_gain":0,"player_choice":"Success","damage_taken":7,"relics_obtained":["Bird Faced Urn"],"max_hp_gain":0,"max_hp_loss":0,"event_name":"Scrap Ooze","floor":11,"gold_loss":0},{"damage_healed":0,"gold_gain":0,"player_choice":"Got Potions","damage_taken":0,"max_hp_gain":0,"max_hp_loss":0,"event_name":"Lab","floor":13,"gold_loss":0},{"damage_healed":0,"gold_gain":0,"player_choice":"Gave Potion","damage_taken":0,"relics_obtained":["Pocketwatch"],"max_hp_gain":0,"max_hp_loss":0,"event_name":"WeMeetAgain","floor":20,"gold_loss":0},{"damage_healed":0,"gold_gain":0,"player_choice":"Shed Blood","damage_taken":16,"max_hp_gain":5,"max_hp_loss":0,"event_name":"Forgotten Altar","floor":29,"gold_loss":0},{"damage_healed":0,"gold_gain":0,"player_choice":"Fight","damage_taken":0,"max_hp_gain":0,"max_hp_loss":0,"event_name":"MindBloom","floor":36,"gold_loss":0},{"damage_healed":0,"gold_gain":0,"player_choice":"Fight","damage_taken":0,"max_hp_gain":0,"max_hp_loss":0,"event_name":"OrinTheCat","floor":38,"gold_loss":0}],"is_beta":false,"boss_relics":[{"not_picked":["Tiny House","SacredBark"],"picked":"Philosopher\u0027s Stone"},{"not_picked":["Astrolabe","Empty Cage"],"picked":"Calling Bell"}],"items_purged_floors":[],"is_endless":false,"potions_floor_spawned":[3,5,14,16,18,33,36],"killed_by":"Orin","ascension_level":0}}