{"host":"t9zjxed0utvsfjwc","time":1611891101,"event":{"mods":["2.2 Compatiblity","Aspiration","BaseMod","Better Altar","Better Match","Better Note","Better Sensory Stone","Better Skull","Better Third Choice","Block Reminder","Colored Map","Colored Powertips","Custom Start","Downfall","Hermit","Highlight Path","Hubris","Infinite Spire","Marisa????????","Minty Spire (QoL Compilation)","Quick Restart","Rare Cards Sparkle","Reliquary","Replay The Spire","StSLib","The Cursed","The Marked","The Runesmith","Unceasing Turn Reminder","everything is the same but u backflip on backflip"],"gold_per_floor":[99,110,560,560,560,576,576,576,576,576],"floor_reached":8,"language":"ENG","playtime":241,"items_purged":[],"score":146,"play_id":"aa3ab84b-6db6-4dca-9508-f11aac91462e","local_time":"20210129033141","is_ascension_mode":true,"campfire_choices":[{"floor":1,"key":"DIG"}],"circlet_count":0,"master_deck":["bronze:Strike","bronze:Strike","bronze:Strike","bronze:Strike","bronze:Defend+1","bronze:Defend+1","bronze:Defend","bronze:Defend","bronze:Replicate","bronze:Goto","AbeCurse","downfall:Icky","downfall:Icky","downfall:Icky","infinitespire:Fortify+1","downfall:Malfunctioning"],"relics":["Abe\u0027s Treasure","reliquary:PurpleTingedLeaf"],"acts_visited":["Exordium"],"potions_floor_usage":[8],"damage_taken":[{"damage":9,"enemies":"Jaw Worm","floor":2,"turns":4},{"damage":0,"enemies":"2 Louse","floor":6,"turns":4},{"damage":49,"enemies":"3 Sentries","floor":8,"turns":5}],"seed_played":"-8273542127292214187","potions_obtained":[{"floor":2,"key":"Adrenaline Potion"}],"is_trial":false,"path_per_floor":["R_BF","M","?","?","?","M","T","E"],"character_chosen":"THE_AUTOMATON","items_purchased":[],"campfire_rested":0,"item_purchase_floors":[],"current_hp_per_floor":[70,62,62,45,45,47,47,0,0,0],"gold":576,"neow_bonus":"BOSS_RELIC","is_daily":false,"chose_seed":false,"campfire_upgraded":0,"win_rate":0.0,"timestamp":1611891101,"path_taken":["R_BF","M","?","?","?","M","T","E"],"items_purchased_type":[],"build_version":"2020-12-22","purchased_purges":0,"victory":false,"max_hp_per_floor":[70,70,70,70,70,70,70,70,70,70],"card_choices":[{"not_picked":["bronze:CutThrough","bronze:Branch","bronze:BugBarrage"],"picked":"SKIP","floor":2},{"not_picked":["infinitespire:Execution","hubris:InfiniteBlow"],"picked":"infinitespire:Fortify","floor":4},{"not_picked":["bronze:DelayedSlice","bronze:Format","bronze:BronzeOrb"],"picked":"SKIP","floor":6}],"player_experience":458967,"relics_obtained":[{"floor":1,"key":"reliquary:PurpleTingedLeaf"}],"event_choices":[],"is_beta":false,"boss_relics":[],"items_purged_floors":[],"is_endless":false,"potions_floor_spawned":[2],"killed_by":"3 Sentries","ascension_level":1}}