{"host":"0luxfixkkfk9wck3","time":1611960360,"event":{"mods":["BaseMod","DeckTracker","Downfall","Highlight Path","Minty Spire (QoL Compilation)","StSLib"],"gold_per_floor":[99,112,132,132,132,147,196,208,208,208,219,219,55,67,86,191,191,191,206,223,223,223,223,276,303,320,320,320,351,18,18,35,130,130,30,50,68,53,65,81,81,177,202,102,133,133,133,144,159,159],"floor_reached":51,"language":"ENG","playtime":8353,"items_purged":["downfall:Malfunctioning","champ:Strike"],"score":967,"play_id":"a93ed5f6-bcd4-446f-87b8-e6991fb8c2f3","local_time":"20210129164600","is_ascension_mode":true,"campfire_choices":[{"data":"champ:Execute","floor":1,"key":"SMITH"},{"data":"champ:ArenaPreparation","floor":10,"key":"SMITH"},{"data":"champ:DefensiveShout","floor":12,"key":"SMITH"},{"data":"champ:SwordSigil","floor":18,"key":"SMITH"},{"data":"champ:BladeFlurry","floor":23,"key":"SMITH"},{"data":"champ:GutPunch","floor":27,"key":"SMITH"},{"floor":35,"key":"RECALL"},{"data":"champ:FlashCut","floor":44,"key":"SMITH"},{"data":"champ:StanceDance","floor":46,"key":"SMITH"}],"circlet_count":0,"master_deck":["champ:Strike+1","champ:Strike+1","champ:Defend","champ:Defend","champ:Defend","champ:Defend","champ:Execute+1","champ:Taunt","champ:Endure+1","champ:ArenaPreparation+1","champ:EnGarde","champ:Haymaker","champ:DefensiveShout+1","champ:GutPunch+1","champ:StanceDance+1","champ:BladeFlurry+1","champ:SwordSigil+1","champ:EnchantCrown","champ:Backstep+1","RitualDagger","champ:BringItOn+1","champ:ShieldThrow","champ:ShieldWall","champ:FlashCut+1","champ:HoldFirm","champ:ShieldWall+1","champ:StanceDance+1","champ:RageSigil+1","champ:ShieldWall+1","champ:DefensiveStyle","expansioncontent:YouAreMine"],"relics":["champ:ChampionCrown","CaptainsWheel","Sundial","Blood Vial","Sozu","Pen Nib","MealTicket","Centennial Puzzle","Kunai","Coffee Dripper","downfall:HeartBlessingBlue","Guardian:PocketSentry","DollysMirror","champ:GladiatorsBookOfMartialProwess","downfall:HeartBlessingRed","Bag of Marbles"],"acts_visited":["Exordium","TheCity","TheBeyond"],"potions_floor_usage":[11,50,50,50],"damage_taken":[{"damage":22,"enemies":"Jaw Worm","floor":2,"turns":3},{"damage":10,"enemies":"Small Slimes","floor":3,"turns":3},{"damage":0,"enemies":"2 Louse","floor":6,"turns":3},{"damage":14,"enemies":"2 Fungi Beasts","floor":8,"turns":3},{"damage":13,"enemies":"Gremlin Gang","floor":11,"turns":7},{"damage":30,"enemies":"downfall:FleeingMerchant","floor":13,"turns":4},{"damage":5,"enemies":"3 Louse","floor":14,"turns":3},{"damage":20,"enemies":"Red Slaver","floor":15,"turns":4},{"damage":50,"enemies":"DF_ARCHETYPE_STREAMLINE","floor":16,"turns":12},{"damage":16,"enemies":"3 Byrds","floor":19,"turns":5},{"damage":5,"enemies":"Spheric Guardian","floor":20,"turns":3},{"damage":50,"enemies":"Snecko","floor":26,"turns":4},{"damage":44,"enemies":"Book of Stabbing","floor":29,"turns":4},{"damage":20,"enemies":"downfall:FleeingMerchant","floor":30,"turns":4},{"damage":14,"enemies":"Snake Plant","floor":32,"turns":3},{"damage":50,"enemies":"IC_MUSHROOM_ARCHETYPE","floor":33,"turns":7},{"damage":0,"enemies":"Orb Walker","floor":36,"turns":2},{"damage":0,"enemies":"3 Shapes","floor":37,"turns":2},{"damage":40,"enemies":"downfall:FleeingMerchant","floor":38,"turns":4},{"damage":0,"enemies":"Spire Growth","floor":39,"turns":4},{"damage":35,"enemies":"Writhing Mass","floor":40,"turns":5},{"damage":0,"enemies":"downfall:FleeingMerchant","floor":42,"turns":1},{"damage":15,"enemies":"Reptomancer","floor":43,"turns":6},{"damage":0,"enemies":"Giant Head","floor":45,"turns":9},{"damage":0,"enemies":"3 Darklings","floor":48,"turns":4},{"damage":10,"enemies":"4 Shapes","floor":49,"turns":5},{"damage":0,"enemies":"WA_ARCHETYPE_DIVINITY","floor":50,"turns":6}],"seed_played":"4049750461482426412","potions_obtained":[{"floor":3,"key":"EntropicBrew"},{"floor":8,"key":"GamblersBrew"},{"floor":16,"key":"champ:TechniquePotion"}],"is_trial":false,"path_per_floor":["R","M","M","?","?","M","T","M","?","R","M","R","$","M","M","B",null,"R","M","M","?","?","R","T","T","M","R","T","E","$","?","M","B",null,"R","M","M","$","M","M","T","$","E","R","E","R","?","M","M","B",null],"character_chosen":"THE_CHAMP","items_purchased":["champ:StanceDance","Dexterity Potion","champ:ShieldWall","Kunai","DollysMirror"],"campfire_rested":0,"item_purchase_floors":[13,13,30,30,42],"current_hp_per_floor":[81,79,79,79,67,67,67,65,65,65,64,64,66,63,60,62,81,81,80,81,66,60,60,60,60,62,62,62,40,47,47,45,22,86,96,96,96,96,96,96,96,96,86,86,88,88,88,90,92,94],"gold":159,"neow_bonus":"ONE_RARE_RELIC","is_daily":false,"chose_seed":false,"campfire_upgraded":8,"win_rate":0.0,"timestamp":1611960360,"path_taken":["R","M","M","?","?","M","T","M","?","R","M","R","$","M","M","BOSS","R","M","M","?","?","R","T","?","M","R","?","E","$","?","M","BOSS","R","M","M","$","M","?","T","$","E","R","E","R","?","M","M","BOSS"],"items_purchased_type":["Card","Potion","Card","Relic","Relic"],"build_version":"2020-12-22","purchased_purges":2,"victory":true,"max_hp_per_floor":[81,81,81,81,81,81,81,81,81,81,81,81,81,81,81,81,81,81,81,81,86,86,86,86,86,86,86,86,86,86,86,86,86,86,96,96,96,96,96,96,96,96,96,96,96,96,96,96,96,96],"card_choices":[{"not_picked":["champ:BringItOn","champ:BerserkerStyle"],"picked":"champ:Endure","floor":2},{"not_picked":["champ:Haymaker","champ:PerfectedStrike"],"picked":"champ:ArenaPreparation","floor":3},{"not_picked":["champ:BladeFlurry","champ:FanOfKnives"],"picked":"champ:EnGarde","floor":6},{"not_picked":["champ:FancyFootwork","champ:BladeFlurry"],"picked":"champ:Haymaker","floor":8},{"not_picked":["champ:PreciseThrust","champ:TornadoPunch"],"picked":"champ:DefensiveShout","floor":11},{"not_picked":["champ:Haymaker","champ:Shatter"],"picked":"champ:GutPunch","floor":13},{"not_picked":["champ:GutPunch","champ:TornadoPunch"],"picked":"champ:BladeFlurry","floor":14},{"not_picked":["champ:EnragedBash","champ:FaceSlap"],"picked":"champ:SwordSigil","floor":15},{"not_picked":["champ:SteelEdge","champ:CheapShot"],"picked":"champ:EnchantCrown","floor":16},{"not_picked":["champ:EnGarde+1","champ:CrownThrow","champ:Haymaker"],"picked":"SKIP","floor":19},{"not_picked":["champ:CrownThrow","champ:CalledShot"],"picked":"champ:Backstep+1","floor":20},{"not_picked":["champ:AdrenalArmor","champ:RecklessLeap"],"picked":"champ:BringItOn+1","floor":26},{"not_picked":["champ:Parry","champ:DefensiveShout"],"picked":"champ:ShieldThrow","floor":29},{"not_picked":["champ:EnragedBash+1","champ:FanOfKnives","champ:GutPunch"],"picked":"SKIP","floor":30},{"not_picked":["champ:FaceSlap","champ:BringItOn"],"picked":"champ:FlashCut","floor":32},{"not_picked":["champ:VampiricStrike","champ:UltimateStance"],"picked":"champ:HoldFirm","floor":33},{"not_picked":["champ:PreciseThrust","champ:BringItOn+1","champ:TornadoPunch"],"picked":"SKIP","floor":36},{"not_picked":["champ:Backstep","champ:AdrenalArmor"],"picked":"champ:ShieldWall+1","floor":37},{"not_picked":["champ:DefensiveShout+1","champ:BladeFlurry"],"picked":"champ:StanceDance+1","floor":38},{"not_picked":["champ:IronFortress+1","champ:RecklessLeap","champ:EnragedBash"],"picked":"SKIP","floor":39},{"not_picked":["champ:Endure","champ:HeartStrike+1"],"picked":"champ:RageSigil+1","floor":40},{"not_picked":["champ:ShieldSigil","champ:DefensiveShout+1","champ:AdrenalArmor"],"picked":"SKIP","floor":42},{"not_picked":["champ:IgnorePain","champ:ShieldWall"],"picked":"champ:DefensiveStyle","floor":43},{"not_picked":["champ:Backstep+1","champ:BladeFlurry+1","champ:Haymaker"],"picked":"SKIP","floor":45},{"not_picked":["expansioncontent:InvincibleStrength","expansioncontent:GuardianWhirl"],"picked":"expansioncontent:YouAreMine","floor":47},{"not_picked":["champ:CalledShot","champ:TornadoPunch","champ:Haymaker"],"picked":"SKIP","floor":48},{"not_picked":["champ:EnGarde+1","champ:AdrenalArmor+1","champ:DeathBlow"],"picked":"SKIP","floor":49}],"player_experience":11426465,"relics_obtained":[{"floor":7,"key":"Blood Vial"},{"floor":24,"key":"Pen Nib"},{"floor":25,"key":"MealTicket"},{"floor":29,"key":"Centennial Puzzle"},{"floor":41,"key":"Guardian:PocketSentry"},{"floor":43,"key":"champ:GladiatorsBookOfMartialProwess"},{"floor":45,"key":"Bag of Marbles"}],"event_choices":[{"damage_healed":0,"gold_gain":0,"player_choice":"Success","damage_taken":12,"relics_obtained":["Sundial"],"max_hp_gain":0,"max_hp_loss":0,"event_name":"Scrap Ooze","floor":5,"gold_loss":0}],"is_beta":false,"boss_relics":[{"not_picked":["Runic Pyramid","Black Star"],"picked":"Sozu"},{"not_picked":["Philosopher\u0027s Stone","Tiny House"],"picked":"Coffee Dripper"}],"items_purged_floors":[13,42],"is_endless":false,"potions_floor_spawned":[3,8,16,19,20,33,36,39,48,49],"ascension_level":3}}