{"host":"3a1ypf1irl30q4k8","time":1611940567,"event":{"mods":["AchievementEnabler","BaseMod","Bestiary","Colored Map","Minty Spire (QoL Compilation)","Relic Stats"],"gold_per_floor":[18,29,41,55,20,54,129,17,68,80,90,90,124,26,26,129,129,148,179,163,173,197,224,224,250,274,274,287,287,287,202,202,303,303,322,1321,643,643,256,286,296,296,347,358,358,580,580,591,591,591],"floor_reached":51,"language":"ENG","playtime":2868,"items_purged":["Strike_R","Strike_R","Anger"],"score":913,"play_id":"f047cf59-ddb4-48a0-a664-d6bcf4905b44","local_time":"20210129171607","is_ascension_mode":true,"campfire_choices":[{"data":"True Grit","floor":12.0,"key":"SMITH"},{"data":"Shrug It Off","floor":15.0,"key":"SMITH"},{"floor":24.0,"key":"REST"},{"data":"Brutality","floor":27.0,"key":"SMITH"},{"data":"Strike_R","floor":29.0,"key":"PURGE"},{"data":"Strike_R","floor":32.0,"key":"PURGE"},{"data":"Shockwave","floor":42.0,"key":"SMITH"},{"data":"Shockwave","floor":45.0,"key":"SMITH"},{"data":"Inflame","floor":47.0,"key":"SMITH"},{"data":"Metallicize","floor":49.0,"key":"SMITH"}],"circlet_count":0,"master_deck":["Defend_R","Defend_R","Defend_R","Bash","Bludgeon","Brutality+1","Shrug It Off","Shockwave+1","Inflame+1","Cleave","Seeing Red","Metallicize+1","Ghostly Armor","True Grit+1","Shrug It Off+1","Flex","Demon Form","Flex+1","Sever Soul+1","Feel No Pain","Flame Barrier+1","Intimidate+1","Corruption","Blood for Blood+1","Disarm","Feel No Pain+1","Pummel+1","Cleave+1","Body Slam+1","Shockwave+1","Sword Boomerang+1"],"relics":["Burning Blood","Letter Opener","Omamori","Akabeko","Snecko Eye","Red Mask","Nunchaku","Dream Catcher","Peace Pipe","Anchor","Lizard Tail","Runic Cube","Molten Egg 2","Frozen Egg 2","Membership Card","Oddly Smooth Stone","FossilizedHelix"],"acts_visited":["Exordium","TheCity","TheBeyond"],"potions_floor_usage":[],"damage_taken":[{"damage":8.0,"enemies":"Cultist","floor":1.0,"turns":3.0},{"damage":1.0,"enemies":"2 Louse","floor":2.0,"turns":3.0},{"damage":12.0,"enemies":"Jaw Worm","floor":3.0,"turns":2.0},{"damage":33.0,"enemies":"Exordium Thugs","floor":4.0,"turns":5.0},{"damage":14.0,"enemies":"Gremlin Nob","floor":6.0,"turns":3.0},{"damage":3.0,"enemies":"Looter","floor":10.0,"turns":3.0},{"damage":8.0,"enemies":"Exordium Wildlife","floor":11.0,"turns":2.0},{"damage":12.0,"enemies":"Lagavulin","floor":13.0,"turns":5.0},{"damage":18.0,"enemies":"The Guardian","floor":16.0,"turns":9.0},{"damage":9.0,"enemies":"Shell Parasite","floor":18.0,"turns":2.0},{"damage":31.0,"enemies":"Masked Bandits","floor":19.0,"turns":6.0},{"damage":16.0,"enemies":"2 Thieves","floor":20.0,"turns":4.0},{"damage":7.0,"enemies":"Shelled Parasite and Fungi","floor":21.0,"turns":3.0},{"damage":28.0,"enemies":"Book of Stabbing","floor":23.0,"turns":5.0},{"damage":2.0,"enemies":"Gremlin Leader","floor":25.0,"turns":4.0},{"damage":0.0,"enemies":"Snake Plant","floor":28.0,"turns":2.0},{"damage":11.0,"enemies":"Champ","floor":33.0,"turns":9.0},{"damage":10.0,"enemies":"Orb Walker","floor":35.0,"turns":4.0},{"damage":6.0,"enemies":"Giant Head","floor":40.0,"turns":7.0},{"damage":0.0,"enemies":"3 Darklings","floor":41.0,"turns":6.0},{"damage":13.0,"enemies":"4 Shapes","floor":44.0,"turns":5.0},{"damage":0.0,"enemies":"Spire Growth","floor":48.0,"turns":4.0},{"damage":7,"enemies":"Time Eater","floor":50,"turns":7}],"seed_played":"-6245571057814022478","potions_obtained":[{"floor":2.0,"key":"Dexterity Potion"},{"floor":6.0,"key":"BloodPotion"},{"floor":10.0,"key":"SteroidPotion"},{"floor":11.0,"key":"FearPotion"},{"floor":18.0,"key":"Swift Potion"},{"floor":21.0,"key":"GamblersBrew"},{"floor":23.0,"key":"Block Potion"},{"floor":25.0,"key":"BloodPotion"},{"floor":33.0,"key":"ColorlessPotion"},{"floor":35.0,"key":"SpeedPotion"},{"floor":41.0,"key":"DuplicationPotion"},{"floor":48.0,"key":"Regen Potion"}],"is_trial":false,"path_per_floor":["M","M","M","M","?","E","?","$","T","M","M","R","E","$","R","B",null,"M","?","M","M","T","E","R","E","T","R","M","R","?","?","R","B",null,"M","?","$","?","$","E","M","R","T","M","R","?","R","M","R","B",null],"character_chosen":"IRONCLAD","items_purchased":["Seeing Red","Metallicize","Flex","Disarm","Molten Egg 2","Frozen Egg 2","Energy Potion","Membership Card","Oddly Smooth Stone","Feel No Pain+1","Pummel+1","Cleave+1"],"campfire_rested":1,"item_purchase_floors":[8,8,14,37,37,37,37,39,39,39,39,39],"current_hp_per_floor":[78,80,74,47,67,59,48,48,48,67,65,65,59,59,59,47,80,77,52,42,41,41,19,43,47,47,47,53,53,53,53,53,48,80,76,76,76,76,76,76,76,76,76,69,69,69,69,75,75,74],"gold":591,"neow_bonus":"TRANSFORM_TWO_CARDS","is_daily":false,"chose_seed":false,"campfire_upgraded":7,"win_rate":0.0,"timestamp":1611940567,"path_taken":["M","M","?","M","?","E","?","$","T","M","?","R","E","$","R","BOSS","M","?","M","M","?","E","R","E","T","R","M","R","?","?","R","BOSS","M","?","$","?","$","E","M","R","T","M","R","?","R","M","R","BOSS"],"items_purchased_type":["Card","Card","Card","Card","Relic","Relic","Potion","Relic","Relic","Card","Card","Card"],"build_version":"2020-12-22","purchased_purges":3,"victory":true,"max_hp_per_floor":[80,80,80,80,80,80,80,80,80,80,80,80,80,80,80,80,80,80,80,80,80,80,80,80,80,80,80,80,80,80,80,80,80,80,80,80,80,76,76,76,76,76,76,76,76,76,76,76,76,76],"relic_stats":{"Peace Pipe":2,"Nunchaku":[6],"Dream Catcher":1,"Lizard Tail":0,"counters":[23,103],"Snecko Eye":[117,110,123,158],"Letter Opener":[135],"obtain_stats":[{"Oddly Smooth Stone":39,"Omamori":9,"Letter Opener":6,"Frozen Egg 2":37,"Burning Blood":0,"Akabeko":13,"Peace Pipe":25,"Nunchaku":22,"Dream Catcher":23,"Anchor":26,"Lizard Tail":31,"Snecko Eye":17,"Molten Egg 2":37,"Red Mask":19,"Membership Card":39,"FossilizedHelix":40,"Runic Cube":34},{"Oddly Smooth Stone":18,"Omamori":5,"Letter Opener":5,"Frozen Egg 2":18,"Burning Blood":0,"Akabeko":8,"Peace Pipe":15,"Nunchaku":13,"Dream Catcher":14,"Anchor":15,"Lizard Tail":16,"Snecko Eye":9,"Molten Egg 2":18,"Red Mask":11,"Membership Card":18,"FossilizedHelix":19,"Runic Cube":17},{"Oddly Smooth Stone":74,"Omamori":16,"Letter Opener":16,"Frozen Egg 2":74,"Burning Blood":0,"Akabeko":26,"Peace Pipe":59,"Nunchaku":50,"Dream Catcher":55,"Anchor":59,"Lizard Tail":61,"Snecko Eye":35,"Molten Egg 2":74,"Red Mask":43,"Membership Card":74,"FossilizedHelix":81,"Runic Cube":70}],"Burning Blood":129,"Runic Cube":[10]},"card_choices":[{"not_picked":["Pummel","True Grit"],"picked":"Anger","floor":1.0},{"not_picked":["Headbutt","Warcry"],"picked":"Shrug It Off","floor":2.0},{"not_picked":["Havoc","Clash"],"picked":"Shockwave","floor":3.0},{"not_picked":["Battle Trance","Shockwave"],"picked":"Inflame","floor":4.0},{"not_picked":["Barricade","Clothesline"],"picked":"Cleave","floor":6.0},{"not_picked":["Thunderclap","Dropkick"],"picked":"Ghostly Armor","floor":10.0},{"not_picked":["Pummel","Body Slam"],"picked":"True Grit","floor":11.0},{"not_picked":["True Grit","Anger"],"picked":"Shrug It Off","floor":13.0},{"not_picked":["Reaper","Impervious"],"picked":"Demon Form","floor":16.0},{"not_picked":["Body Slam","Bloodletting","Flex"],"picked":"SKIP","floor":18.0},{"not_picked":["True Grit","Sentinel"],"picked":"Flex+1","floor":19.0},{"not_picked":["True Grit","Sword Boomerang"],"picked":"Sever Soul+1","floor":20.0},{"not_picked":["Reckless Charge","Heavy Blade","Cleave"],"picked":"SKIP","floor":21.0},{"not_picked":["Juggernaut","Bloodletting"],"picked":"Feel No Pain","floor":23.0},{"not_picked":["Thunderclap","Heavy Blade"],"picked":"Flame Barrier+1","floor":24.0},{"not_picked":["Bloodletting","Combust"],"picked":"Intimidate+1","floor":25.0},{"not_picked":["Wild Strike+1","Shockwave","Cleave+1"],"picked":"SKIP","floor":28.0},{"not_picked":["Exhume","Immolate"],"picked":"Corruption","floor":33.0},{"not_picked":["Cleave","Warcry+1"],"picked":"Blood for Blood+1","floor":35.0},{"not_picked":["Wild Strike+1","Hemokinesis+1"],"picked":"Body Slam+1","floor":40.0},{"not_picked":["Wild Strike+1","Flex"],"picked":"Shockwave","floor":41.0},{"not_picked":["Heavy Blade+1","Evolve+1","Cleave+1"],"picked":"SKIP","floor":44.0},{"not_picked":["Armaments","Dropkick+1"],"picked":"Sword Boomerang+1","floor":48.0}],"player_experience":1246206,"relics_obtained":[{"floor":6.0,"key":"Letter Opener"},{"floor":9.0,"key":"Omamori"},{"floor":13.0,"key":"Akabeko"},{"floor":19.0,"key":"Red Mask"},{"floor":22.0,"key":"Nunchaku"},{"floor":23.0,"key":"Dream Catcher"},{"floor":25.0,"key":"Peace Pipe"},{"floor":26.0,"key":"Anchor"},{"floor":40.0,"key":"FossilizedHelix"}],"event_choices":[{"damage_healed":20.0,"max_hp_gain":0.0,"max_hp_loss":0.0,"gold_gain":0.0,"event_name":"The Cleric","player_choice":"Healed","floor":5.0,"gold_loss":35.0,"damage_taken":0.0},{"damage_healed":0.0,"max_hp_gain":0.0,"max_hp_loss":0.0,"gold_gain":75.0,"event_name":"World of Goop","player_choice":"Gather Gold","floor":7.0,"gold_loss":0.0,"damage_taken":11.0},{"damage_healed":0.0,"max_hp_gain":0.0,"max_hp_loss":0.0,"gold_gain":0.0,"event_name":"Masked Bandits","player_choice":"Fought Bandits","floor":19.0,"gold_loss":0.0,"damage_taken":0.0},{"damage_healed":0.0,"max_hp_gain":0.0,"max_hp_loss":0.0,"gold_gain":0.0,"event_name":"Vampires","player_choice":"Ignored","floor":30.0,"gold_loss":0.0,"damage_taken":0.0},{"damage_healed":0.0,"max_hp_gain":0.0,"max_hp_loss":0.0,"gold_gain":0.0,"event_name":"Addict","player_choice":"Obtained Relic","floor":31.0,"gold_loss":85.0,"damage_taken":0.0,"relics_obtained":["Lizard Tail"]},{"damage_healed":0.0,"max_hp_gain":0.0,"max_hp_loss":0.0,"gold_gain":999.0,"event_name":"MindBloom","player_choice":"Gold","floor":36.0,"gold_loss":0.0,"damage_taken":0.0,"cards_obtained":["Normality","Normality"]},{"damage_healed":0.0,"max_hp_gain":0.0,"max_hp_loss":4.0,"gold_gain":0.0,"event_name":"Winding Halls","player_choice":"Max HP","floor":38.0,"gold_loss":0.0,"damage_taken":0.0},{"damage_healed":0.0,"max_hp_gain":0.0,"max_hp_loss":0.0,"gold_gain":222.0,"event_name":"Tomb of Lord Red Mask","player_choice":"Wore Mask","floor":46.0,"gold_loss":0.0,"damage_taken":0.0}],"is_beta":false,"boss_relics":[{"not_picked":["Cursed Key","Runic Dome"],"picked":"Snecko Eye"},{"not_picked":["Astrolabe","Black Blood"],"picked":"Runic Cube"}],"items_purged_floors":[14,37,39],"is_endless":false,"potions_floor_spawned":[2,6,10,11,18,21,23,25,33,35,41,48],"ascension_level":4}}