{"host":"u8jm3mkzbb0z8q6m","time":1611886075,"event":{"mods":["BaseMod","Challenge The Spire","Colored Powertips","Minty Spire (QoL Compilation)","Quick Restart","Replay The Spire","Spicy Shops","StSLib","¡¾ÒÅÎï¿¨ÅÆ¡¿REMEMod"],"gold_per_floor":[880,370,405,438,467,467,212,5,36,80,125,137,67,67,100,125,153,153,153],"floor_reached":18,"language":"ZHS","playtime":2672,"items_purged":["Defend_G","Strike_G","Defend_G"],"score":305,"play_id":"7f083a15-492b-431d-b590-88223086eb38","local_time":"20210129110755","daily_mods":["challengethespire:Bronze Difficulty","challengethespire:Elite Rush","Uncertain Future"],"is_ascension_mode":false,"campfire_choices":[{"floor":14,"key":"REST"}],"circlet_count":0,"master_deck":["Strike_G","Strike_G","Strike_G","Strike_G","Defend_G","Defend_G","Defend_G+1","Survivor","Neutralize+1","Poisoned Strike","Poisoned Stab+1","Well Laid Plans","Bane","Replay:Poison Smokescreen","Corpse Explosion","Poisoned Stab","Bane","ReplayTheSpireMod:Speed Training+1","REME_GreenPollution","Prepared","Envenom","Bane","Tactician"],"relics":["Ring of the Serpent","Black Star","Sling","PreservedInsect","REME_ComplimentaryCards","Calipers","Bag of Marbles","Bottled Flame","Whetstone","Iron Hammer","Regal Pillow","REME_LimitBreaker","Fusion Hammer","ClockworkSouvenir","Lee\u0027s Waffle","MawBank","Strawberry","Replay:Ringing Soul","ReplayTheSpireMod:Shallot","Blood Vial","Replay:Towering Pillar of Hats","CaptainsWheel","Boot","War Paint","Gremlin Food","REME_PoisonedDagger","Garlic","Vajra"],"acts_visited":["Exordium"],"potions_floor_usage":[15,15],"damage_taken":[{"damage":21,"enemies":"Lagavulin","floor":3,"turns":5},{"damage":5,"enemies":"3 Sentries","floor":4,"turns":5},{"damage":0,"enemies":"Gremlin Nob","floor":5,"turns":2},{"damage":19,"enemies":"Slavers","floor":9,"turns":3},{"damage":4,"enemies":"Gremlin Leader","floor":10,"turns":2},{"damage":0,"enemies":"Book of Stabbing","floor":11,"turns":3},{"damage":56,"enemies":"Reptomancer","floor":15,"turns":3},{"damage":7,"enemies":"Nemesis","floor":16,"turns":5},{"damage":20,"enemies":"Giant Head","floor":17,"turns":6},{"damage":23,"enemies":"Shield and Spear","floor":18,"turns":2}],"seed_played":"-3848110688583513097","potions_obtained":[{"floor":3,"key":"SkillPotion"},{"floor":5,"key":"AttackPotion"},{"floor":10,"key":"BlessingOfTheForge"}],"is_trial":true,"path_per_floor":["$","$","E","E","E","T","$","$","E","E","E","T","$","R","E","E","E","E"],"character_chosen":"THE_SILENT","items_purchased":["Poisoned Stab","Well Laid Plans","Calipers","ClockworkSouvenir","Poisoned Stab","Bane","Lee\u0027s Waffle","CaptainsWheel"],"campfire_rested":1,"item_purchase_floors":[1,2,2,7,7,8,8,13],"current_hp_per_floor":[70,70,49,44,44,44,44,77,65,64,67,67,67,90,37,35,20,0,0],"gold":153,"neow_bonus":"","is_daily":false,"chose_seed":false,"campfire_upgraded":0,"win_rate":0.0,"timestamp":1611886075,"path_taken":["$","$","E","E","E","T","$","$","E","E","E","T","$","R","E","E","E","E"],"items_purchased_type":["Card","Card","Relic","Relic","Card","Card","Relic","Relic"],"build_version":"2020-12-22","purchased_purges":3,"victory":false,"max_hp_per_floor":[70,70,70,70,70,70,70,77,84,87,90,90,90,90,93,96,99,99,99],"card_choices":[],"player_experience":21573,"relics_obtained":[{"floor":3,"key":"Bag of Marbles"},{"floor":3,"key":"Bottled Flame"},{"floor":4,"key":"Whetstone"},{"floor":4,"key":"Iron Hammer"},{"floor":5,"key":"Regal Pillow"},{"floor":5,"key":"REME_LimitBreaker"},{"floor":9,"key":"MawBank"},{"floor":9,"key":"Strawberry"},{"floor":10,"key":"Replay:Ringing Soul"},{"floor":10,"key":"ReplayTheSpireMod:Shallot"},{"floor":11,"key":"Blood Vial"},{"floor":11,"key":"Replay:Towering Pillar of Hats"},{"floor":15,"key":"Boot"},{"floor":15,"key":"War Paint"},{"floor":16,"key":"Gremlin Food"},{"floor":16,"key":"REME_PoisonedDagger"},{"floor":17,"key":"Garlic"},{"floor":17,"key":"Vajra"}],"event_choices":[],"is_beta":false,"boss_relics":[{"not_picked":["Replay:Wanted Poster","Kintsugi"],"picked":"Fusion Hammer"},{"not_picked":["Velvet Choker","Replay:Bronze Core"],"picked":"Ring of the Serpent"}],"items_purged_floors":[1,2,7],"is_endless":false,"potions_floor_spawned":[3,5,10],"killed_by":"Shield and Spear","ascension_level":0}}