{"host":"5ty8fyb0ngp9gspj","time":1611890341,"event":{"mods":["2.2 Compatiblity","AchievementEnabler","Act Like it!","BaseMod","Colored Map","Downfall","Minty Spire (QoL Compilation)","Rare Cards Sparkle","Relic Stats","Reliquary","StSLib","The Jungle","slay the spire mod where everything is the same but ironclad has a cowboy hat"],"gold_per_floor":[113,113,113,133,147,147,173,187,187,187,211,211,249,262,262,383,383,401,401,100,100,121,121,145,183,255,290,290,323,323,323,323,447,447,466,124,224,238,258,297,297,320,373,413,426,759,770,795,795,795,795],"floor_reached":50,"language":"ENG","playtime":2076,"items_purged":["Injury","Defend_P"],"score":798,"play_id":"1bbacac8-2565-44c4-bdcd-0892d280b669","local_time":"20210129141901","is_ascension_mode":true,"campfire_choices":[{"data":"Vigilance","floor":6,"key":"SMITH"},{"data":"BowlingBash","floor":12,"key":"SMITH"},{"floor":15,"key":"REST"},{"floor":23,"key":"REST"},{"floor":28,"key":"REST"},{"floor":30,"key":"REST"},{"data":"Shame","floor":32,"key":"PURGE"},{"floor":41,"key":"RECALL"},{"floor":49,"key":"REST"}],"circlet_count":0,"master_deck":["Strike_P+1","Strike_P+1","Strike_P+1","Strike_P+1","Defend_P+1","Defend_P","Eruption+1","Vigilance+1","Vengeance+1","EmptyBody","SashWhip+1","FlurryOfBlows","BowlingBash+1","Consecrate","Halt","LessonLearned+1","Consecrate+1","ClearTheMind+1","Vault+1","FollowUp","LikeWater","Evaluate","ThirdEye+1","MentalFortress","Consecrate","SashWhip","LikeWater+1","Crescendo","Protect+1","Collect+1"],"relics":["VioletLotus","Smiling Mask","Mummified Hand","Mango","Busted Crown","reliquary:BallBearing","theJungle:BirthdayCakeSlice","Peace Pipe","Bottled Lightning","Shuriken","StrikeDummy","theJungle:SneckoAutograph","Runic Pyramid","HornCleat","Omamori","Vajra","Pen Nib","reliquary:Stiletto","MealTicket"],"acts_visited":["Exordium","Exordium","TheBeyond"],"potions_floor_usage":[7,16,24,27,50],"damage_taken":[{"damage":7,"enemies":"Cultist","floor":1,"turns":3},{"damage":0,"enemies":"Jaw Worm","floor":4,"turns":3},{"damage":4,"enemies":"2 Louse","floor":5,"turns":3},{"damage":18,"enemies":"Gremlin Nob","floor":7,"turns":3},{"damage":1,"enemies":"Blue Slaver","floor":8,"turns":3},{"damage":6,"enemies":"Looter","floor":11,"turns":2},{"damage":30,"enemies":"Lagavulin","floor":13,"turns":9},{"damage":11,"enemies":"Large Slime","floor":14,"turns":4},{"damage":19,"enemies":"Slime Boss","floor":16,"turns":9},{"damage":22,"enemies":"Shell Parasite","floor":18,"turns":7},{"damage":5,"enemies":"theJungle:MUSHROOMGANG","floor":22,"turns":3},{"damage":8,"enemies":"theJungle:2_Snecko_Cultists","floor":24,"turns":4},{"damage":29,"enemies":"theJungle:MamaSnecko","floor":25,"turns":6},{"damage":53,"enemies":"theJungle:2_Phrogs","floor":27,"turns":6},{"damage":30,"enemies":"theJungle:MamaSnecko","floor":29,"turns":5},{"damage":14,"enemies":"theJungle:QueenSpyder","floor":33,"turns":9},{"damage":0,"enemies":"3 Shapes","floor":35,"turns":5},{"damage":0,"enemies":"Orb Walker","floor":38,"turns":2},{"damage":0,"enemies":"4 Shapes","floor":39,"turns":5},{"damage":19,"enemies":"Reptomancer","floor":40,"turns":5},{"damage":6,"enemies":"Transient","floor":42,"turns":6},{"damage":0,"enemies":"Giant Head","floor":44,"turns":4},{"damage":14,"enemies":"Jaw Worm Horde","floor":45,"turns":5},{"damage":0,"enemies":"4 Shapes","floor":47,"turns":3},{"damage":20,"enemies":"Reptomancer","floor":48,"turns":4},{"damage":91,"enemies":"Awakened One","floor":50,"turns":8}],"seed_played":"8936091253701643589","potions_obtained":[{"floor":5,"key":"SteroidPotion"},{"floor":13,"key":"Energy Potion"},{"floor":14,"key":"Regen Potion"},{"floor":16,"key":"champ:CounterPotion"},{"floor":18,"key":"Block Potion"},{"floor":25,"key":"champ:CounterPotion"},{"floor":33,"key":"Regen Potion"},{"floor":42,"key":"BottledMiracle"}],"is_trial":false,"path_per_floor":["M","?","?","M","M","R","E","M","T","?","M","R","E","M","R","B",null,"M","?","$","?","M","R","M","E","T","E","R","E","R","?","R","B",null,"M","$","?","M","M","E","R","M","T","E","M","?","M","E","R","B"],"character_chosen":"WATCHER","items_purchased":["reliquary:BallBearing","FollowUp","LikeWater","Evaluate","Omamori"],"campfire_rested":5,"item_purchase_floors":[20,36,36,36,36],"current_hp_per_floor":[65,70,63,63,59,59,41,40,40,40,34,34,18,7,34,30,91,69,64,64,69,64,94,86,57,57,4,34,4,34,34,34,20,101,101,101,101,101,101,82,82,76,76,76,62,62,62,42,72,0,0],"gold":795,"neow_bonus":"BOSS_RELIC","is_daily":false,"chose_seed":false,"campfire_upgraded":2,"win_rate":0.0,"timestamp":1611890341,"path_taken":["M","?","?","M","M","R","E","M","T","?","M","R","E","M","R","BOSS","M","?","$","?","M","R","M","E","T","E","R","E","R","?","R","BOSS","M","$","?","?","M","E","R","M","T","E","M","?","M","E","R","BOSS"],"items_purchased_type":["Relic","Card","Card","Card","Relic"],"build_version":"2020-12-22","purchased_purges":2,"victory":false,"max_hp_per_floor":[72,77,77,77,77,77,77,77,77,77,77,77,91,91,91,91,91,91,96,96,101,101,101,101,101,101,101,101,101,101,101,101,101,101,101,101,101,101,101,101,101,101,101,101,101,101,101,101,101,101,101],"relic_stats":{"Peace Pipe":1,"Busted Crown":32,"counters":[26,126],"Mummified Hand":[14],"Shuriken":[32],"MealTicket":0,"VioletLotus":[32],"Pen Nib":[6],"Smiling Mask":75,"obtain_stats":[{"Golden Idol":10,"Vajra":40,"Mango":13,"Pen Nib":43,"Omamori":36,"Smiling Mask":7,"Peace Pipe":25,"theJungle:SneckoAutograph":31,"Busted Crown":17,"HornCleat":36,"Mummified Hand":9,"theJungle:BirthdayCakeSlice":21,"Shuriken":27,"MealTicket":48,"VioletLotus":0,"reliquary:BallBearing":20,"reliquary:Stiletto":44,"Bottled Lightning":26,"PureWater":0,"StrikeDummy":29,"Runic Pyramid":34},{"Golden Idol":5,"Vajra":20,"Mango":7,"Pen Nib":21,"Omamori":17,"Smiling Mask":4,"Peace Pipe":13,"theJungle:SneckoAutograph":15,"Busted Crown":9,"HornCleat":17,"Mummified Hand":5,"theJungle:BirthdayCakeSlice":10,"Shuriken":14,"MealTicket":25,"VioletLotus":0,"reliquary:BallBearing":10,"reliquary:Stiletto":22,"Bottled Lightning":13,"PureWater":0,"StrikeDummy":15,"Runic Pyramid":16},{"Golden Idol":15,"Vajra":96,"Mango":26,"Pen Nib":102,"Omamori":84,"Smiling Mask":12,"Peace Pipe":59,"theJungle:SneckoAutograph":70,"Busted Crown":39,"HornCleat":84,"Mummified Hand":15,"theJungle:BirthdayCakeSlice":46,"Shuriken":65,"MealTicket":118,"VioletLotus":0,"reliquary:BallBearing":46,"reliquary:Stiletto":106,"Bottled Lightning":59,"PureWater":0,"StrikeDummy":70,"Runic Pyramid":79}]},"card_choices":[{"not_picked":["ThirdEye","BattleHymn"],"picked":"Vengeance","floor":1},{"not_picked":["JustLucky","WheelKick","Indignation"],"picked":"SKIP","floor":4},{"not_picked":["JustLucky","Evaluate"],"picked":"EmptyBody","floor":5},{"not_picked":["Evaluate","Consecrate"],"picked":"SashWhip","floor":7},{"not_picked":["FlyingSleeves","Prostrate"],"picked":"FlurryOfBlows","floor":8},{"not_picked":["CutThroughFate","FlyingSleeves"],"picked":"BowlingBash","floor":11},{"not_picked":["Crescendo","Wish"],"picked":"Consecrate","floor":13},{"not_picked":["MentalFortress","CutThroughFate"],"picked":"Halt","floor":14},{"not_picked":["Vault","DeusExMachina"],"picked":"LessonLearned","floor":16},{"not_picked":[],"picked":"Consecrate+1","floor":18},{"not_picked":["Fasting2"],"picked":"SKIP","floor":22},{"not_picked":["CutThroughFate"],"picked":"SKIP","floor":24},{"not_picked":["Evaluate"],"picked":"SKIP","floor":25},{"not_picked":[],"picked":"ClearTheMind+1","floor":27},{"not_picked":[],"picked":"Vault","floor":29},{"not_picked":["CutThroughFate+1"],"picked":"SKIP","floor":35},{"not_picked":[],"picked":"ThirdEye+1","floor":38},{"not_picked":[],"picked":"MentalFortress","floor":39},{"not_picked":[],"picked":"Consecrate","floor":40},{"not_picked":[],"picked":"SashWhip","floor":42},{"not_picked":[],"picked":"LikeWater+1","floor":44},{"not_picked":[],"picked":"Crescendo","floor":45},{"not_picked":[],"picked":"Protect+1","floor":47},{"not_picked":[],"picked":"Collect+1","floor":48}],"player_experience":452897,"relics_obtained":[{"floor":7,"key":"Smiling Mask"},{"floor":9,"key":"Mummified Hand"},{"floor":13,"key":"Mango"},{"floor":25,"key":"Peace Pipe"},{"floor":26,"key":"Bottled Lightning"},{"floor":27,"key":"Shuriken"},{"floor":29,"key":"StrikeDummy"},{"floor":40,"key":"Vajra"},{"floor":43,"key":"Pen Nib"},{"floor":44,"key":"reliquary:Stiletto"},{"floor":48,"key":"MealTicket"}],"event_choices":[{"damage_healed":0,"gold_gain":0,"player_choice":"Donut","damage_taken":0,"max_hp_gain":5,"max_hp_loss":0,"event_name":"Big Fish","floor":2,"gold_loss":0},{"cards_removed":["Defend_P"],"damage_healed":0,"gold_gain":0,"player_choice":"Card Removal","damage_taken":7,"max_hp_gain":0,"max_hp_loss":0,"event_name":"Golden Wing","floor":3,"gold_loss":0},{"damage_healed":0,"gold_gain":0,"player_choice":"Take Wound","damage_taken":0,"relics_obtained":["Golden Idol"],"max_hp_gain":0,"max_hp_loss":0,"event_name":"Golden Idol","floor":10,"gold_loss":0,"cards_obtained":["Injury"]},{"damage_healed":0,"gold_gain":100,"player_choice":"Pray","damage_taken":0,"max_hp_gain":0,"max_hp_loss":0,"event_name":"Golden Shrine","floor":37,"gold_loss":0},{"damage_healed":0,"gold_gain":333,"player_choice":"Gave Idol","damage_taken":0,"max_hp_gain":0,"max_hp_loss":0,"event_name":"The Moai Head","floor":46,"relics_lost":["Golden Idol"],"gold_loss":0}],"is_beta":false,"boss_relics":[{"not_picked":["Empty Cage","SlaversCollar"],"picked":"Busted Crown"},{"not_picked":["Tiny House","Philosopher\u0027s Stone"],"picked":"Runic Pyramid"}],"items_purged_floors":[20,36],"is_endless":false,"potions_floor_spawned":[5,13,14,16,18,25,33,40,42,44,47],"killed_by":"Awakened One","ascension_level":3}}