{"host":"l84l8xigz5v5foa2","time":1611893502,"event":{"mods":["2.2 Compatiblity","AchievementEnabler","BaseMod","Better Note","Better Vampires","Card Filter","Colored Map","DeckTracker","Downfall","Gremlin Skip","Highlight Path","Keyboard Shortcuts","Minty Spire (QoL Compilation)","Permanent Neow","Quick Restart","Relic Filter","Relic Stats","StSLib","SuperFastMode","Transform Curses","Unknown Chances"],"gold_per_floor":[112,131,142,153,167,167,207,207,278,278,321,321,246,270,270,357,357,378,378,405,26,35,79,79,116,142,142,182,182,217,239,239,324,324,344,368,448,497,497,497,279,318,318,334,259,281,132,158,158,158,158,158,158,20,58,58,58,58],"floor_reached":56,"language":"ENG","playtime":2852,"items_purged":["hexamod:Strike+1","hexamod:Strike+1","hexamod:Defend+1"],"score":1965,"play_id":"fc71c77b-8a99-44f0-8734-10e41ab89910","local_time":"20210129131142","is_ascension_mode":true,"campfire_choices":[{"data":"hexamod:Float","floor":6.0,"key":"SMITH"},{"data":"hexamod:RadiantFlame","floor":8.0,"key":"SMITH"},{"data":"hexamod:SuperheatedStrike","floor":10.0,"key":"SMITH"},{"floor":15.0,"key":"REST"},{"data":"hexamod:RainOfEmbers","floor":24.0,"key":"SMITH"},{"data":"hexamod:HeatShield","floor":27.0,"key":"SMITH"},{"data":"hexamod:ThermalTransfer","floor":29.0,"key":"SMITH"},{"floor":32.0,"key":"RECALL"},{"data":"hexamod:HeatShield","floor":49.0,"key":"SMITH"}],"circlet_count":0,"master_deck":["AscendersBane","hexamod:Defend+1","hexamod:Defend+1","hexamod:Float+1","hexamod:Hexaguard+1","hexamod:SuperheatedStrike+1","hexamod:HauntingEcho+1","hexamod:RadiantFlame+1","hexamod:SixthSeal","hexamod:ThermalTransfer+1","hexamod:GhostOfSpirePast+1","hexamod:FirstSeal","hexamod:TimeOfNeed+1","hexamod:ThirdSeal","hexamod:SoulSteal+1","hexamod:ShieldOfDarkness+1","hexamod:ForkedFlame+1","hexamod:Float+1","hexamod:RainOfEmbers+1","hexamod:ApocalypseNow+1","hexamod:HeatShield+1","hexamod:ThermalTransfer+1","hexamod:TimeWarp+1","hexamod:ThermalTransfer+1","hexamod:VolcanoVisage+1","hexamod:HeatCrush+1","hexamod:GhostflameBarrier+1","hexamod:AdvancingGuard+1","hexamod:HeatShield+1","hexamod:HeatMetal+1","hexamod:RainOfEmbers+1"],"relics":["hexamod:SpiritBrand","CeramicFish","Kunai","PreservedInsect","Guardian:PocketSentry","Coffee Dripper","Membership Card","Potion Belt","War Paint","MealTicket","Molten Egg 2","expansioncontent:StudyCardRelic","hexamod:SoulConsumer","Lantern","hexamod:BolsterEngine","Toy Ornithopter","Bottled Tornado","bronze:BronzeIdol","Art of War","InkBottle","Akabeko"],"acts_visited":["TheCity","TheBeyond","TheEnding"],"potions_floor_usage":[56,56,56],"damage_taken":[{"damage":0.0,"enemies":"2 Louse","floor":1.0,"turns":4.0},{"damage":0.0,"enemies":"Cultist","floor":2.0,"turns":3.0},{"damage":0.0,"enemies":"Small Slimes","floor":3.0,"turns":3.0},{"damage":3.0,"enemies":"Blue Slaver","floor":4.0,"turns":4.0},{"damage":1.0,"enemies":"Looter","floor":5.0,"turns":3.0},{"damage":16.0,"enemies":"Lagavulin","floor":7.0,"turns":7.0},{"damage":19.0,"enemies":"3 Sentries","floor":11.0,"turns":8.0},{"damage":0.0,"enemies":"Exordium Thugs","floor":14.0,"turns":3.0},{"damage":4.0,"enemies":"The Guardian","floor":16.0,"turns":8.0},{"damage":8.0,"enemies":"3 Byrds","floor":18.0,"turns":5.0},{"damage":0.0,"enemies":"Spheric Guardian","floor":20.0,"turns":3.0},{"damage":23.0,"enemies":"Gremlin Leader","floor":23.0,"turns":4.0},{"damage":0.0,"enemies":"Cultist and Chosen","floor":25.0,"turns":4.0},{"damage":11.0,"enemies":"Slavers","floor":28.0,"turns":5.0},{"damage":0.0,"enemies":"Book of Stabbing","floor":30.0,"turns":3.0},{"damage":0.0,"enemies":"Snake Plant","floor":31.0,"turns":3.0},{"damage":3.0,"enemies":"Champ","floor":33.0,"turns":8.0},{"damage":0.0,"enemies":"Orb Walker","floor":35.0,"turns":4.0},{"damage":0.0,"enemies":"3 Shapes","floor":36.0,"turns":6.0},{"damage":23.0,"enemies":"2 Orb Walkers","floor":38.0,"turns":6.0},{"damage":7.0,"enemies":"Reptomancer","floor":42.0,"turns":4.0},{"damage":16.0,"enemies":"Writhing Mass","floor":44.0,"turns":4.0},{"damage":0.0,"enemies":"3 Darklings","floor":46.0,"turns":5.0},{"damage":6.0,"enemies":"4 Shapes","floor":48.0,"turns":7.0},{"damage":8.0,"enemies":"Donu and Deca","floor":50.0,"turns":6.0},{"damage":46,"enemies":"Awakened One","floor":51,"turns":12},{"damage":8,"enemies":"Shield and Spear","floor":55,"turns":4},{"damage":69,"enemies":"The Heart","floor":56,"turns":8}],"seed_played":"-363578516664740661","potions_obtained":[{"floor":3.0,"key":"hexamod:DoubleChargePotion"},{"floor":4.0,"key":"ColorlessPotion"},{"floor":7.0,"key":"Fire Potion"},{"floor":14.0,"key":"ColorlessPotion"},{"floor":16.0,"key":"hexamod:DoubleChargePotion"},{"floor":18.0,"key":"FearPotion"},{"floor":23.0,"key":"GamblersBrew"},{"floor":28.0,"key":"Block Potion"},{"floor":30.0,"key":"Fire Potion"},{"floor":35.0,"key":"Energy Potion"},{"floor":36.0,"key":"Strength Potion"},{"floor":38.0,"key":"BlessingOfTheForge"},{"floor":48.0,"key":"GamblersBrew"}],"is_trial":false,"path_per_floor":["M","M","M","M","M","R","E","R","T","R","E","?","?","M","R","B",null,"M","?","M","$","?","E","R","M","T","R","E","R","E","M","R","B",null,"M","M","T","?","T","R","$","E","T","M","?","M","$","M","R","B","B",null,"R","$","E","B"],"character_chosen":"THE_SPIRIT","items_purchased":["Membership Card","hexamod:ShieldOfDarkness","hexamod:ForkedFlame","Potion Belt","hexamod:BolsterEngine","Toy Ornithopter","Art of War","InkBottle"],"campfire_rested":1,"item_purchase_floors":[21,21,21,21,41,41,47,54],"current_hp_per_floor":[57,57,57,54,53,53,37,37,37,37,18,7,7,7,25,28,54,53,53,60,60,60,44,44,51,51,51,40,40,47,54,54,58,62,62,63,63,47,47,47,62,63,63,58,58,63,63,63,63,63,21,53,53,63,59,0,0,0],"gold":58,"neow_bonus":"TRANSFORM_CARD","is_daily":false,"chose_seed":false,"campfire_upgraded":7,"win_rate":0.0,"timestamp":1611893502,"path_taken":["M","M","M","M","M","R","E","R","T","R","E","?","?","M","R","BOSS","M","?","M","$","?","E","R","M","T","R","E","R","E","M","R","BOSS","M","M","?","?","?","R","$","E","T","M","?","M","$","M","R","BOSS","BOSS","R","$","E","BOSS"],"items_purchased_type":["Relic","Card","Card","Relic","Relic","Relic","Relic","Relic"],"build_version":"2020-12-22","purchased_purges":3,"victory":false,"max_hp_per_floor":[63,63,63,63,63,63,63,63,63,63,63,63,63,63,63,63,63,63,63,63,63,63,63,63,63,63,63,63,63,63,63,63,63,63,63,63,63,63,63,63,63,63,63,63,63,63,63,63,63,63,63,63,63,63,63,63,63,63],"relic_stats":{"counters":[28,138],"CeramicFish":198,"MealTicket":25,"PreservedInsect":267,"Art of War":[4],"Kunai":[31],"War Paint":["hexamod:Defend","hexamod:ShieldOfDarkness"],"obtain_stats":[{"Potion Belt":21,"Lantern":39,"CeramicFish":7,"PreservedInsect":11,"Guardian:PocketSentry":12,"expansioncontent:StudyCardRelic":34,"War Paint":23,"Bottled Tornado":42,"Akabeko":55,"bronze:BronzeIdol":43,"MealTicket":26,"Molten Egg 2":28,"Coffee Dripper":17,"Art of War":47,"Kunai":9,"Membership Card":21,"hexamod:SoulConsumer":38,"hexamod:BolsterEngine":41,"hexamod:SpiritBrand":0,"Toy Ornithopter":41,"InkBottle":54},{"Potion Belt":11,"Lantern":20,"CeramicFish":6,"PreservedInsect":7,"Guardian:PocketSentry":7,"expansioncontent:StudyCardRelic":17,"War Paint":12,"Bottled Tornado":21,"Akabeko":27,"bronze:BronzeIdol":21,"MealTicket":13,"Molten Egg 2":14,"Coffee Dripper":9,"Art of War":23,"Kunai":6,"Membership Card":11,"hexamod:SoulConsumer":20,"hexamod:BolsterEngine":20,"hexamod:SpiritBrand":0,"Toy Ornithopter":20,"InkBottle":26},{"Potion Belt":50,"Lantern":90,"CeramicFish":24,"PreservedInsect":32,"Guardian:PocketSentry":32,"expansioncontent:StudyCardRelic":76,"War Paint":54,"Bottled Tornado":94,"Akabeko":130,"bronze:BronzeIdol":94,"MealTicket":58,"Molten Egg 2":62,"Coffee Dripper":43,"Art of War":103,"Kunai":24,"Membership Card":50,"hexamod:SoulConsumer":90,"hexamod:BolsterEngine":90,"hexamod:SpiritBrand":0,"Toy Ornithopter":90,"InkBottle":127}],"Toy Ornithopter":10,"InkBottle":[6]},"card_choices":[{"not_picked":["hexamod:NightmareStrike","hexamod:SoulSteal"],"picked":"hexamod:SuperheatedStrike","floor":1.0},{"not_picked":["hexamod:GhostShield","hexamod:EtherealExpedition"],"picked":"hexamod:HauntingEcho","floor":2.0},{"not_picked":["hexamod:GhostShield","hexamod:PowerFromBeyond"],"picked":"hexamod:RadiantFlame","floor":3.0},{"not_picked":["hexamod:BacktrackSmack","hexamod:SkipABeat","hexamod:FlamesFromBeyond"],"picked":"SKIP","floor":4.0},{"not_picked":["hexamod:SecondSeal","hexamod:GhostShield"],"picked":"hexamod:SixthSeal","floor":5.0},{"not_picked":["hexamod:CatchUp","hexamod:RetreatToShadows"],"picked":"hexamod:ThermalTransfer","floor":7.0},{"not_picked":["hexamod:AdvancingGuard","hexamod:BacktrackSmack"],"picked":"hexamod:GhostOfSpirePast","floor":11.0},{"not_picked":["hexamod:NecessarySacrifice","hexamod:HeatCrush"],"picked":"hexamod:FirstSeal","floor":14.0},{"not_picked":["hexamod:WildfireWeapon","hexamod:SearingWound"],"picked":"hexamod:TimeOfNeed","floor":16.0},{"not_picked":["hexamod:ChargedBarrage","hexamod:Hexaguard"],"picked":"hexamod:ThirdSeal","floor":18.0},{"not_picked":["hexamod:Haunt","hexamod:ExtraCrispy"],"picked":"hexamod:SoulSteal+1","floor":20.0},{"not_picked":["hexamod:SuperheatedStrike","hexamod:SwordOfDarkness","hexamod:NecessarySacrifice"],"picked":"SKIP","floor":20.0},{"not_picked":["hexamod:TimeOfNeed","hexamod:InspiringFlames"],"picked":"hexamod:RainOfEmbers","floor":23.0},{"not_picked":["hexamod:ApocalypticArmor","hexamod:ThermalTransfer"],"picked":"hexamod:ApocalypseNow","floor":23.0},{"not_picked":["hexamod:NightmareStrike+1","hexamod:SpectersWail"],"picked":"hexamod:HeatShield","floor":25.0},{"not_picked":["hexamod:ShieldOfDarkness","hexamod:HeatMetal"],"picked":"hexamod:ThermalTransfer+1","floor":25.0},{"not_picked":["hexamod:HauntingEcho+1","hexamod:SuperheatedStrike+1"],"picked":"hexamod:TimeWarp+1","floor":28.0},{"not_picked":["hexamod:PhantomFireball+1","hexamod:RecurringNightmare","hexamod:GhostOfSpireFuture"],"picked":"SKIP","floor":28.0},{"not_picked":["hexamod:HeatCrush+1","hexamod:SecondSeal","hexamod:RecurringNightmare+1"],"picked":"SKIP","floor":30.0},{"not_picked":["hexamod:GhostLash+1","hexamod:FastForward"],"picked":"hexamod:ThermalTransfer+1","floor":31.0},{"not_picked":["hexamod:BurningTouch","hexamod:Haunt","hexamod:PhantomCloak"],"picked":"SKIP","floor":31.0},{"not_picked":["hexamod:GhostflameInferno","hexamod:ApocalypticArmor"],"picked":"hexamod:VolcanoVisage","floor":33.0},{"not_picked":["hexamod:FastForward","hexamod:SpectralSpark"],"picked":"hexamod:HeatCrush+1","floor":35.0},{"not_picked":["hexamod:NightmareGuise","hexamod:ChargedBarrage","hexamod:AdvancingGuard"],"picked":"SKIP","floor":35.0},{"not_picked":["hexamod:AdvancingGuard","hexamod:CatchUp+1"],"picked":"hexamod:GhostflameBarrier+1","floor":36.0},{"not_picked":["hexamod:GhostLash+1","hexamod:SkipABeat","hexamod:PowerFromBeyond"],"picked":"SKIP","floor":36.0},{"not_picked":["hexamod:HeatMetal+1","hexamod:FlamesFromBeyond"],"picked":"hexamod:AdvancingGuard","floor":42.0},{"not_picked":["hexamod:SwordOfDarkness+1","hexamod:VolcanoVisage","hexamod:ShieldOfDarkness"],"picked":"SKIP","floor":42.0},{"not_picked":["hexamod:GhostLash+1","hexamod:NightmareGuise","hexamod:Again"],"picked":"SKIP","floor":44.0},{"not_picked":["hexamod:ShieldOfDarkness","hexamod:RadiantFlame","hexamod:InspiringFlames+1"],"picked":"SKIP","floor":44.0},{"not_picked":["hexamod:FourthSeal","hexamod:ShieldOfDarkness+1"],"picked":"hexamod:HeatShield","floor":46.0},{"not_picked":["hexamod:NightmareStrike+1","hexamod:ThermalTransfer+1","hexamod:FastForward"],"picked":"SKIP","floor":46.0},{"not_picked":["hexamod:PowerFromBeyond","hexamod:SixthSeal"],"picked":"hexamod:HeatMetal+1","floor":48.0},{"not_picked":["hexamod:SuperheatedStrike+1","hexamod:CatchUp","hexamod:InspiringFlames"],"picked":"SKIP","floor":48.0},{"not_picked":["hexamod:SuperheatedStrike+1","hexamod:FlamesFromBeyond"],"picked":"hexamod:RainOfEmbers+1","floor":55}],"player_experience":3480070,"relics_obtained":[{"floor":7.0,"key":"CeramicFish"},{"floor":9.0,"key":"Kunai"},{"floor":11.0,"key":"PreservedInsect"},{"floor":23.0,"key":"War Paint"},{"floor":26.0,"key":"MealTicket"},{"floor":28.0,"key":"Molten Egg 2"},{"floor":38.0,"key":"hexamod:SoulConsumer"},{"floor":39.0,"key":"Lantern"},{"floor":42.0,"key":"Bottled Tornado"},{"floor":43.0,"key":"bronze:BronzeIdol"},{"floor":55,"key":"Akabeko"}],"event_choices":[{"damage_healed":0.0,"max_hp_gain":0.0,"max_hp_loss":0.0,"gold_gain":0.0,"event_name":"Scrap Ooze","player_choice":"Success","floor":12.0,"gold_loss":0.0,"damage_taken":11.0,"relics_obtained":["Guardian:PocketSentry"]},{"cards_removed":["hexamod:Strike"],"damage_healed":0.0,"max_hp_gain":0.0,"max_hp_loss":0.0,"gold_gain":0.0,"event_name":"The Cleric","player_choice":"Card Removal","floor":13.0,"gold_loss":75.0,"damage_taken":0.0},{"damage_healed":0.0,"max_hp_gain":0.0,"max_hp_loss":0.0,"gold_gain":0.0,"event_name":"Duplicator","player_choice":"Copied","floor":22.0,"gold_loss":0.0,"damage_taken":0.0,"cards_obtained":["hexamod:Float"]},{"damage_healed":0.0,"max_hp_gain":0.0,"max_hp_loss":0.0,"gold_gain":0.0,"event_name":"Mysterious Sphere","player_choice":"Fight","floor":38.0,"gold_loss":0.0,"damage_taken":0.0},{"cards_removed":["hexamod:Sear"],"damage_healed":0.0,"max_hp_gain":0.0,"max_hp_loss":0.0,"gold_gain":0.0,"event_name":"Designer","player_choice":"Single Remove","floor":45.0,"gold_loss":75.0,"damage_taken":0.0}],"is_beta":false,"boss_relics":[{"not_picked":["Calling Bell","Busted Crown"],"picked":"Coffee Dripper"},{"not_picked":["SlaversCollar","Cursed Key"],"picked":"expansioncontent:StudyCardRelic"}],"items_purged_floors":[21,41,47],"is_endless":false,"potions_floor_spawned":[3,4,7,14,16,18,23,28,30,35,36,38,48],"killed_by":"The Heart","ascension_level":20}}