{"host":"sum4dy402bbv9y4o","time":1611949921,"event":{"mods":["Aspiration","BaseMod","Conspire","Highlight Path","Minty Spire (QoL Compilation)","StSLib"],"gold_per_floor":[111,261,274,293,90,118,137,137,137,137,37,62,62,96,108,195,207,229,253,280,7,7,7],"floor_reached":22,"language":"ENG","playtime":787,"items_purged":["Doubt","Strike_P","Strike_P"],"score":538,"play_id":"cc40969e-e290-4749-9bef-efc59ec709a1","local_time":"20210129225201","is_ascension_mode":true,"campfire_choices":[{"data":"Eruption","floor":8,"key":"SMITH"},{"data":"TalkToTheHand","floor":10,"key":"SMITH"},{"data":"TalkToTheHand","floor":13,"key":"SMITH"},{"floor":15,"key":"REST"}],"circlet_count":0,"master_deck":["AscendersBane","Strike_P","Strike_P","Defend_P","Defend_P","Defend_P","Defend_P","Eruption+1","Vigilance","Magnetism","TalkToTheHand+1","SashWhip","FlurryOfBlows","MentalFortress","Consecrate","TalkToTheHand+1","WheelKick","Brilliance","DeceiveReality+1","Protect","EmptyFist"],"relics":["PureWater","White Beast Statue","StrikeDummy","Odd Mushroom","MawBank","Black Star","Oddly Smooth Stone"],"acts_visited":["Exordium","TheCity"],"potions_floor_usage":[6,14,16,18,18,19,19,20,20],"damage_taken":[{"damage":1,"enemies":"Cultist","floor":1,"turns":4},{"damage":2,"enemies":"Jaw Worm","floor":3,"turns":6},{"damage":9,"enemies":"2 Louse","floor":4,"turns":4},{"damage":0,"enemies":"Lagavulin","floor":6,"turns":5},{"damage":17,"enemies":"Red Slaver","floor":7,"turns":5},{"damage":1,"enemies":"The Mushroom Lair","floor":12,"turns":3},{"damage":20,"enemies":"3 Sentries","floor":14,"turns":3},{"damage":0,"enemies":"Slime Boss","floor":16,"turns":5},{"damage":20,"enemies":"Shell Parasite","floor":18,"turns":3},{"damage":12,"enemies":"2 Thieves","floor":19,"turns":2},{"damage":3,"enemies":"Cultist and Chosen","floor":20,"turns":6},{"damage":23,"enemies":"Sentry and Sphere","floor":22,"turns":5}],"seed_played":"-3670949105238792948","potions_obtained":[{"floor":4,"key":"BottledMiracle"},{"floor":6,"key":"EntropicBrew"},{"floor":7,"key":"LiquidMemories"},{"floor":12,"key":"CultistPotion"},{"floor":14,"key":"Ancient Potion"},{"floor":16,"key":"EssenceOfSteel"},{"floor":18,"key":"Ambrosia"},{"floor":19,"key":"EntropicBrew"},{"floor":20,"key":"FearPotion"}],"is_trial":false,"path_per_floor":["M","?","M","M","$","E","M","R","T","R","$","?","R","E","R","B",null,"M","M","M","$","M"],"character_chosen":"WATCHER","items_purchased":["MentalFortress","Regen Potion","Oddly Smooth Stone"],"campfire_rested":1,"item_purchase_floors":[5,5,21],"current_hp_per_floor":[42,42,40,31,31,45,28,28,28,28,28,27,27,7,27,27,58,38,26,23,23,0,0],"gold":7,"neow_bonus":"RANDOM_COLORLESS_2","is_daily":false,"chose_seed":false,"campfire_upgraded":3,"win_rate":0.0,"timestamp":1611949921,"path_taken":["M","?","M","M","$","E","M","R","T","R","$","?","R","E","R","BOSS","M","M","M","$","M"],"items_purchased_type":["Card","Potion","Relic"],"build_version":"2020-12-22","purchased_purges":3,"victory":false,"max_hp_per_floor":[68,68,68,68,68,68,68,68,68,68,68,68,68,68,68,68,68,68,68,68,68,68,68],"card_choices":[{"not_picked":["Sadistic Nature","Transmutation"],"picked":"Magnetism","floor":0},{"not_picked":["Protect","FlurryOfBlows"],"picked":"TalkToTheHand","floor":1},{"not_picked":["InnerPeace","BattleHymn"],"picked":"SashWhip","floor":3},{"not_picked":["EmptyBody","PathToVictory"],"picked":"FlurryOfBlows","floor":4},{"not_picked":["Study","PathToVictory","SignatureMove"],"picked":"SKIP","floor":6},{"not_picked":["SashWhip","WheelKick"],"picked":"Consecrate","floor":7},{"not_picked":["Wish","SashWhip"],"picked":"TalkToTheHand","floor":12},{"not_picked":["Study","Indignation"],"picked":"WheelKick","floor":14},{"not_picked":["Establishment","MasterReality"],"picked":"Brilliance","floor":16},{"not_picked":["ThirdEye","Halt"],"picked":"DeceiveReality+1","floor":18},{"not_picked":["FlyingSleeves","Prostrate"],"picked":"Protect","floor":19},{"not_picked":["CrushJoints","InnerPeace"],"picked":"EmptyFist","floor":20}],"player_experience":3021372,"relics_obtained":[{"floor":6,"key":"White Beast Statue"},{"floor":9,"key":"StrikeDummy"},{"floor":12,"key":"Odd Mushroom"},{"floor":14,"key":"MawBank"}],"event_choices":[{"damage_healed":0,"gold_gain":150,"player_choice":"AGREE","damage_taken":0,"max_hp_gain":0,"max_hp_loss":0,"event_name":"Liars Game","floor":2,"gold_loss":0,"cards_obtained":["Doubt"]},{"damage_healed":0,"gold_gain":0,"player_choice":"Fought Mushrooms","damage_taken":0,"max_hp_gain":0,"max_hp_loss":0,"event_name":"Mushrooms","floor":12,"gold_loss":0}],"is_beta":false,"boss_relics":[{"not_picked":["Snecko Eye","Fusion Hammer"],"picked":"Black Star"}],"items_purged_floors":[5,11,21],"is_endless":false,"potions_floor_spawned":[4,6,7,12,14,16,18,19,20],"killed_by":"Sentry and Sphere","ascension_level":20}}