{"host":"2se5dq1do2gp0x9k","time":1611893904,"event":{"mods":["AchievementEnabler","BaseMod","Block Reminder","Colored Map","Colored Powertips","Minty Spire (QoL Compilation)","Relic Stats","StSLib","SuperFastMode"],"gold_per_floor":[113,113,125,125,137,137,148,148,216,216,216,216],"floor_reached":11,"language":"ENG","playtime":220,"items_purged":[],"score":126,"play_id":"abfac66e-48b7-4a71-8486-e4d63f20b8b9","local_time":"20210128201824","is_ascension_mode":true,"campfire_choices":[{"data":"Zap","floor":6,"key":"SMITH"},{"data":"Double Energy","floor":8,"key":"SMITH"},{"data":"Multi-Cast","floor":10,"key":"SMITH"}],"circlet_count":0,"master_deck":["AscendersBane","Strike_B","Strike_B","Strike_B","Strike_B","Defend_B+1","Defend_B+1","Defend_B","Defend_B","Zap+1","Dualcast","Gash","Ball Lightning","Double Energy+1","Multi-Cast+1"],"relics":["Runic Pyramid","Ancient Tea Set","Pantograph"],"acts_visited":["Exordium"],"potions_floor_usage":[11],"damage_taken":[{"damage":0,"enemies":"2 Louse","floor":1,"turns":2},{"damage":0,"enemies":"Cultist","floor":3,"turns":3},{"damage":0,"enemies":"Small Slimes","floor":5,"turns":4},{"damage":9,"enemies":"Looter","floor":7,"turns":3},{"damage":34,"enemies":"Gremlin Nob","floor":11,"turns":3}],"seed_played":"5411430883982897709","potions_obtained":[{"floor":3,"key":"PowerPotion"},{"floor":5,"key":"Ancient Potion"}],"is_trial":false,"path_per_floor":["M","?","M","?","M","R","M","R","T","R","E"],"character_chosen":"DEFECT","items_purchased":[],"campfire_rested":0,"item_purchase_floors":[],"current_hp_per_floor":[64,43,43,43,43,43,34,34,34,34,0,0],"gold":216,"neow_bonus":"BOSS_RELIC","is_daily":false,"chose_seed":false,"campfire_upgraded":3,"win_rate":0.0,"timestamp":1611893904,"path_taken":["M","?","M","?","M","R","M","R","T","R","E"],"items_purchased_type":[],"build_version":"2020-12-22","purchased_purges":0,"victory":false,"max_hp_per_floor":[71,71,71,71,71,71,71,71,71,71,71,71],"relic_stats":{"counters":[5,15],"Pantograph":0,"obtain_stats":[{"Pantograph":9,"Cracked Core":0,"Ancient Tea Set":4,"Runic Pyramid":0},{"Pantograph":4,"Cracked Core":0,"Ancient Tea Set":2,"Runic Pyramid":0},{"Pantograph":12,"Cracked Core":0,"Ancient Tea Set":5,"Runic Pyramid":0}]},"card_choices":[{"not_picked":["Redo","Chaos"],"picked":"Gash","floor":1},{"not_picked":["Sweeping Beam","Redo"],"picked":"Ball Lightning","floor":3},{"not_picked":["Go for the Eyes","Reprogram"],"picked":"Double Energy","floor":5},{"not_picked":["Scrape","Conserve Battery"],"picked":"Multi-Cast","floor":7}],"player_experience":3966825,"relics_obtained":[{"floor":9,"key":"Pantograph"}],"event_choices":[{"damage_healed":0,"gold_gain":0,"player_choice":"Entered Light","damage_taken":21,"max_hp_gain":0,"max_hp_loss":0,"event_name":"Shining Light","floor":2,"gold_loss":0,"cards_upgraded":["Defend_B","Defend_B"]},{"damage_healed":0,"gold_gain":0,"player_choice":"Gave Potion","damage_taken":0,"relics_obtained":["Ancient Tea Set"],"max_hp_gain":0,"max_hp_loss":0,"event_name":"WeMeetAgain","floor":4,"gold_loss":0}],"is_beta":false,"boss_relics":[],"items_purged_floors":[],"is_endless":false,"potions_floor_spawned":[3,5],"killed_by":"Gremlin Nob","ascension_level":20}}