{"host":"cmxkjr0hek4mqvmn","time":1611929187,"event":{"mods":["BaseMod","Beaked The Cultist","Better Match","Better Skull","Better Third Choice","BetterRewards","Clawfect","Colored Map","Displayed Cursed Tome","Duelist Mod","GifTheSpireLib","Hermit","Hubris","JesterMod","Mimic Mod","Minty Spire (QoL Compilation)","Quick Restart","Robot Space Explorer","StSLib","The Bladedancer","The Blue Laboratory","The Cursed","Thieving Mod","Waifu the Spire"],"gold_per_floor":[110,125,22,37,37,72,72,72,97,116,135,135,153,166,166,261,261,277,307,307,323,323,323,0,19,19,50,66,66,80,96,96,197,197,216,0,0,50,50,50,83,96,96,120,139,164,171,171],"floor_reached":47,"language":"ENG","playtime":2855,"items_purged":[],"score":628,"play_id":"7de42de0-9cfe-4910-a44a-3f0f05ad5d81","local_time":"20210129090627","is_ascension_mode":true,"campfire_choices":[{"floor":8.0,"key":"REST"},{"floor":15,"key":"REST"},{"floor":23,"key":"RECALL"},{"floor":32,"key":"REST"},{"data":"hermit:Deadeye","floor":40,"key":"SMITH"}],"circlet_count":0,"master_deck":["hermit:Strike_Hermit+1","hermit:Strike_Hermit+1","hermit:Strike_Hermit+1","hermit:Strike_Hermit+1","hermit:Defend_Hermit+1","hermit:Defend_Hermit+1","hermit:Defend_Hermit+1","hermit:Defend_Hermit+1","hermit:Snapshot","hermit:Covet","hermit:WideOpen+1","hermit:Deadeye+1","hermit:Ricochet","hermit:Quickdraw","hermit:TrackingShot","hermit:CursedWeapon","hermit:Headshot","Pain","hermit:Ricochet","hermit:Dissolve","hermit:Dive+1","hermit:Enervate","Shame","hermit:Shortfuse","Writhe","hermit:BigShot+1","hermit:TrackingShot+1","hermit:Headshot","hermit:TrackingShot+1","hermit:FatalDesire","hermit:WideOpen","hermit:Scavenge+1","hermit:Headshot"],"relics":["hermit:Momento","Nunchaku","Letter Opener","hermit:RyeStalk","Potion Belt","Bag of Marbles","WarpedTongs","beaked:MawFillet","Oddly Smooth Stone","PreservedInsect","StrikeDummy","Bronze Scales","Pocketwatch","Red Mask","Regal Pillow","Blue Candle","CeramicFish"],"acts_visited":["TheCity","TheBeyond"],"potions_floor_usage":[27,28,30,31,33,33,44],"damage_taken":[{"damage":0.0,"enemies":"2 Louse","floor":1.0,"turns":2.0},{"damage":0.0,"enemies":"Small Slimes","floor":2.0,"turns":2.0},{"damage":0.0,"enemies":"Cultist","floor":4.0,"turns":2.0},{"damage":28.0,"enemies":"Gremlin Nob","floor":6.0,"turns":4.0},{"damage":0,"enemies":"Large Slime","floor":10,"turns":3},{"damage":7,"enemies":"Gremlin Gang","floor":11,"turns":3},{"damage":2,"enemies":"3 Louse","floor":13,"turns":2},{"damage":4,"enemies":"Blue Slaver","floor":14,"turns":2},{"damage":2,"enemies":"Slime Boss","floor":16,"turns":5},{"damage":11,"enemies":"Shell Parasite","floor":18,"turns":3},{"damage":7,"enemies":"theDuelist:KaibaA2","floor":19,"turns":2},{"damage":4,"enemies":"2 Thieves","floor":21,"turns":3},{"damage":2,"enemies":"Cultist and Chosen","floor":25,"turns":3},{"damage":2,"enemies":"Gremlin Leader","floor":27,"turns":1},{"damage":2,"enemies":"Snecko","floor":28,"turns":2},{"damage":4,"enemies":"Snake Plant","floor":30,"turns":2},{"damage":0,"enemies":"Sentry and Sphere","floor":31,"turns":3},{"damage":53,"enemies":"hubris:MusketHawk","floor":33,"turns":7},{"damage":9,"enemies":"3 Shapes","floor":35,"turns":3},{"damage":21,"enemies":"Reptomancer","floor":41,"turns":4},{"damage":11,"enemies":"Orb Walker","floor":42,"turns":2},{"damage":4,"enemies":"4 Shapes","floor":44,"turns":4},{"damage":28,"enemies":"Jaw Worm Horde","floor":45,"turns":5},{"damage":2,"enemies":"Transient","floor":47,"turns":3}],"seed_played":"-6126648190535593715","potions_obtained":[{"floor":6.0,"key":"blueLaboratory:NullPotion"},{"floor":13,"key":"Dexterity Potion"},{"floor":18,"key":"blueLaboratory:BottleOfRum"},{"floor":27,"key":"ColorlessPotion"},{"floor":30,"key":"blueLaboratory:PyrophylliteBrew"},{"floor":41,"key":"hermit:Tonic"}],"is_trial":false,"path_per_floor":["M","M","$","M","?","E","?","R","T","M","M","?","M","M","R","B",null,"M","E","?","M","?","R","$","M","T","E","M","?","M","M","R","B",null,"M","?","?","T","?","R","E","M","T","M","M","T","M"],"character_chosen":"HERMIT","items_purchased":["hermit:Ricochet","Explosive Potion","Bronze Scales","Regen Potion","blueLaboratory:HorrorPotion","Swift Potion"],"campfire_rested":3,"item_purchase_floors":[3,3,24,24,24,24],"current_hp_per_floor":[75,75,75,75,68,40,9,31,31,31,24,24,22,18,40,38,75,64,57,57,53,53,53,53,51,51,49,47,47,43,43,65,27,75,66,66,66,66,66,66,45,34,34,30,2,2,0,0],"gold":171,"neow_bonus":"THREE_CARDS","is_daily":false,"chose_seed":false,"campfire_upgraded":1,"win_rate":0.0,"timestamp":1611929187,"path_taken":["M","M","$","M","?","E","?","R","T","M","?","?","?","M","R","BOSS","M","E","?","M","?","R","?","M","T","E","?","?","M","M","R","BOSS","M","?","?","?","?","R","E","?","T","M","?","?","M"],"items_purchased_type":["Card","Potion","Relic","Potion","Potion","Potion"],"build_version":"2020-12-22","purchased_purges":0,"victory":false,"max_hp_per_floor":[75,75,75,75,75,75,75,75,75,75,75,75,75,75,75,75,75,75,75,75,75,75,75,75,75,75,75,75,75,75,75,75,75,75,75,75,75,75,75,75,75,75,75,75,75,75,75,75],"card_choices":[{"not_picked":["hermit:Manifest","hermit:Midnight"],"picked":"hermit:LowProfile","floor":0.0},{"not_picked":["hermit:HoleUp","hermit:Cheat"],"picked":"hermit:WideOpen","floor":1.0},{"not_picked":["hermit:Quickdraw","hermit:Misfire"],"picked":"hermit:Deadeye","floor":2.0},{"not_picked":["hermit:TakeCover","hermit:Gestalt"],"picked":"hermit:Quickdraw","floor":4.0},{"not_picked":["hermit:Roulette","hermit:FromBeyond"],"picked":"hermit:TrackingShot","floor":6.0},{"not_picked":["hermit:HoleUp","hermit:WideOpen"],"picked":"hermit:CursedWeapon","floor":10},{"not_picked":["hermit:TrackingShot","hermit:GhostlyPresence"],"picked":"hermit:Headshot","floor":11},{"not_picked":["hermit:Spite","hermit:Coalescence","hermit:GhostlyPresence"],"picked":"SKIP","floor":13},{"not_picked":["hermit:PistolWhip","hermit:Quickdraw"],"picked":"hermit:Ricochet","floor":14},{"not_picked":["hermit:HighNoon","hermit:FromBeyond"],"picked":"hermit:Dissolve","floor":16},{"not_picked":["hermit:Coalescence","hermit:Headshot+1"],"picked":"hermit:Dive+1","floor":18},{"not_picked":["hermit:LuckOfTheDraw","hermit:HighCaliber"],"picked":"hermit:Enervate","floor":19},{"not_picked":["hermit:Feint","hermit:TakeCover"],"picked":"hermit:Shortfuse","floor":21},{"not_picked":["hermit:ItchyTrigger","hermit:ShadowCloak+1"],"picked":"hermit:BigShot+1","floor":25},{"not_picked":["hermit:LowProfile","hermit:Feint"],"picked":"hermit:TrackingShot+1","floor":27},{"not_picked":["hermit:HighCaliber","hermit:CalledShot"],"picked":"hermit:Headshot","floor":28},{"not_picked":["hermit:LowProfile","hermit:Snipe","hermit:CursedWeapon"],"picked":"SKIP","floor":30},{"not_picked":["hermit:Enervate","hermit:HoleUp+1"],"picked":"hermit:TrackingShot+1","floor":31},{"not_picked":["hermit:Adapt","hermit:Reprieve"],"picked":"hermit:FatalDesire","floor":33},{"not_picked":["hermit:CalledShot","hermit:DeadMansHand+1","hermit:Coalescence+1"],"picked":"SKIP","floor":35},{"not_picked":["hermit:Headshot","hermit:Quickdraw+1"],"picked":"hermit:WideOpen","floor":41},{"not_picked":["hermit:Spite+1","hermit:Snipe+1"],"picked":"hermit:Scavenge+1","floor":42},{"not_picked":["hermit:CursedWeapon+1","hermit:Combo"],"picked":"hermit:Headshot","floor":44},{"not_picked":["hermit:BodyArmor","hermit:Ricochet","hermit:Coalescence+1"],"picked":"SKIP","floor":45}],"player_experience":630214,"relics_obtained":[{"floor":6.0,"key":"Letter Opener"},{"floor":9.0,"key":"Bag of Marbles"},{"floor":19,"key":"Oddly Smooth Stone"},{"floor":27,"key":"Pocketwatch"},{"floor":38,"key":"Regal Pillow"},{"floor":41,"key":"Blue Candle"},{"floor":46,"key":"CeramicFish"}],"event_choices":[{"damage_healed":0.0,"max_hp_gain":0.0,"max_hp_loss":0.0,"gold_gain":0.0,"event_name":"betterThird:BetterScrap","player_choice":"Relic ","floor":5.0,"gold_loss":0.0,"damage_taken":7.0,"cards_obtained":["Double Energy"]},{"damage_healed":0.0,"max_hp_gain":0.0,"max_hp_loss":0.0,"gold_gain":0.0,"event_name":"betterSkull:BetterSkull","player_choice":"RE RE ","floor":7.0,"gold_loss":0.0,"damage_taken":35.0,"cards_upgraded":[],"relics_obtained":["hermit:RyeStalk","Potion Belt"]},{"damage_healed":0,"gold_gain":0,"player_choice":"Rummage","damage_taken":0,"relics_obtained":["WarpedTongs"],"max_hp_gain":0,"max_hp_loss":0,"event_name":"Accursed Blacksmith","floor":12,"gold_loss":0,"cards_obtained":["Pain"]},{"damage_healed":0,"gold_gain":0,"player_choice":"Stole Relic","damage_taken":0,"relics_obtained":["PreservedInsect"],"max_hp_gain":0,"max_hp_loss":0,"event_name":"Addict","floor":20,"gold_loss":0,"cards_obtained":["Shame"]},{"damage_healed":0,"gold_gain":0,"player_choice":"Opened","damage_taken":0,"relics_obtained":["StrikeDummy"],"max_hp_gain":0,"max_hp_loss":0,"event_name":"The Mausoleum","floor":22,"gold_loss":0,"cards_obtained":["Writhe"]},{"damage_healed":0,"gold_gain":0,"player_choice":"Simplicity","damage_taken":0,"max_hp_gain":0,"max_hp_loss":8,"event_name":"betterThird:BetterWriting","floor":29,"gold_loss":0},{"damage_healed":0,"gold_gain":0,"player_choice":"Paid","damage_taken":0,"relics_obtained":["Red Mask"],"max_hp_gain":0,"max_hp_loss":0,"event_name":"Tomb of Lord Red Mask","floor":36,"gold_loss":216},{"cards_removed":["hermit:LowProfile"],"damage_healed":0,"gold_gain":0,"player_choice":"Removed Skill","damage_taken":0,"max_hp_gain":0,"max_hp_loss":0,"event_name":"Falling","floor":37,"gold_loss":0},{"damage_healed":0,"gold_gain":0,"player_choice":"Upgraded","damage_taken":0,"max_hp_gain":0,"max_hp_loss":0,"event_name":"Upgrade Shrine","floor":39,"gold_loss":0,"cards_upgraded":["hermit:WideOpen"]}],"is_beta":false,"boss_relics":[{"not_picked":["beaked:SacredDeck","hubris:CrackedHourglass"],"picked":"beaked:MawFillet"},{"not_picked":["hubris:HollowSoul","hubris:VirtuousBlindfold","Runic Pyramid"]}],"items_purged_floors":[],"is_endless":false,"potions_floor_spawned":[2,6,11,13,18,27,30,31,41],"killed_by":"Transient","ascension_level":1}}