{"host":"1dz819zv7fs9tsdy","time":1611885815,"event":{"mods":["AchievementEnabler","BaseMod","Colored Powertips","Curses Come First","Hubris","Minty Spire (QoL Compilation)","Rare Cards Sparkle","StSLib"],"gold_per_floor":[117,117,42,42,56,56,87,87,165,165,165,209,284,299,299,420,420,436,88,88,111,136,170,170,170,470,470,489,522,147,160,160,289,289,314,294,315,330,35,35,53,53,53,72,113,113,127,167,167,167,167],"floor_reached":50,"language":"ENG","playtime":3413,"items_purged":["Strike_G","Strike_G"],"score":738,"play_id":"3fa58ff2-889d-47af-96ed-5652290bf5b5","local_time":"20210129020335","is_ascension_mode":true,"campfire_choices":[{"data":"Bouncing Flask","floor":6,"key":"SMITH"},{"data":"Envenom","floor":8,"key":"SMITH"},{"data":"Bouncing Flask","floor":10,"key":"SMITH"},{"floor":15,"key":"REST"},{"floor":24,"key":"REST"},{"data":"Corpse Explosion","floor":27,"key":"SMITH"},{"floor":32,"key":"REST"},{"floor":40,"key":"RECALL"},{"floor":46,"key":"REST"},{"floor":49,"key":"REST"}],"circlet_count":0,"master_deck":["Strike_G+1","Strike_G","Strike_G+1","Defend_G","Defend_G","Defend_G","Defend_G","Defend_G","Survivor","Neutralize","Bouncing Flask+1","Bouncing Flask+1","Envenom+1","Blur","Outmaneuver","Burst","Prepared+1","Catalyst+1","Deadly Poison+1","Distraction+1","Corpse Explosion+1","Noxious Fumes+1","Distraction","Bouncing Flask","Deadly Poison","Distraction+1","Burst","CurseOfTheBell","Bane+1","Terror+1","Acrobatics+1","Doppelganger","Master of Strategy","hubris:EnhanceAbility","Metamorphosis","Outmaneuver+1","Calculated Gamble"],"relics":["Ring of the Snake","NeowsBlessing","hubris:Towel","Golden Idol","Lantern","hubris:TinFlute","hubris:BundleOfHerbs","SacredBark","Regal Pillow","Toy Ornithopter","The Specimen","hubris:Icosahedron","Old Coin","hubris:64BitClover","OrangePellets","Calling Bell","Ancient Tea Set","InkBottle","hubris:Potato","Tough Bandages","Peace Pipe","Strawberry","Potion Belt"],"acts_visited":["Exordium","TheCity","TheBeyond"],"potions_floor_usage":[12,21,22,22,22,22,22,31,33,33,35,38,44,44,50,50],"damage_taken":[{"damage":0,"enemies":"2 Louse","floor":1,"turns":1},{"damage":0,"enemies":"Jaw Worm","floor":5,"turns":1},{"damage":0,"enemies":"Lagavulin","floor":7,"turns":1},{"damage":27,"enemies":"3 Sentries","floor":12,"turns":6},{"damage":0,"enemies":"Small Slimes","floor":14,"turns":3},{"damage":2,"enemies":"The Guardian","floor":16,"turns":7},{"damage":43,"enemies":"2 Thieves","floor":18,"turns":4},{"damage":0,"enemies":"Spheric Guardian","floor":21,"turns":3},{"damage":3,"enemies":"Snake Plant","floor":22,"turns":2},{"damage":41,"enemies":"Slavers","floor":23,"turns":6},{"damage":1,"enemies":"Centurion and Healer","floor":28,"turns":4},{"damage":16,"enemies":"Gremlin Leader","floor":29,"turns":4},{"damage":17,"enemies":"Shelled Parasite and Fungi","floor":31,"turns":3},{"damage":64,"enemies":"Champ","floor":33,"turns":9},{"damage":0,"enemies":"3 Shapes","floor":35,"turns":2},{"damage":0,"enemies":"3 Darklings","floor":37,"turns":2},{"damage":12,"enemies":"Transient","floor":38,"turns":5},{"damage":0,"enemies":"Jaw Worm Horde","floor":41,"turns":1},{"damage":20,"enemies":"Writhing Mass","floor":44,"turns":4},{"damage":9,"enemies":"Giant Head","floor":45,"turns":5},{"damage":0,"enemies":"Sphere and 2 Shapes","floor":47,"turns":3},{"damage":50,"enemies":"Reptomancer","floor":48,"turns":4},{"damage":76,"enemies":"Awakened One","floor":50,"turns":13}],"seed_played":"3131292860835764843","potions_obtained":[{"floor":1,"key":"SkillPotion"},{"floor":5,"key":"BlessingOfTheForge"},{"floor":14,"key":"Dexterity Potion"},{"floor":18,"key":"EntropicBrew"},{"floor":21,"key":"FearPotion"},{"floor":22,"key":"Weak Potion"},{"floor":23,"key":"GhostInAJar"},{"floor":33,"key":"Explosive Potion"},{"floor":35,"key":"Weak Potion"},{"floor":36,"key":"DistilledChaos"},{"floor":41,"key":"EssenceOfSteel"},{"floor":45,"key":"PowerPotion"},{"floor":47,"key":"GamblersBrew"}],"is_trial":false,"path_per_floor":["M","?","$","?","M","R","E","R","T","R","?","E","?","M","R","B",null,"M","$","?","M","M","E","R","?","T","R","M","E","$","M","R","B",null,"M","?","M","M","$","R","M","?","T","M","E","R","M","E","R","B"],"character_chosen":"THE_SILENT","items_purchased":["Regal Pillow","Toy Ornithopter","Catalyst","OrangePellets","Bouncing Flask","Deadly Poison","Tough Bandages"],"campfire_rested":5,"item_purchase_floors":[19,19,19,30,30,30,39],"current_hp_per_floor":[70,70,70,53,53,53,53,53,53,53,39,12,5,5,26,66,70,27,27,27,32,54,13,49,49,49,49,48,32,32,20,56,2,70,70,70,70,63,63,63,63,53,53,43,47,77,77,27,65,0,0],"gold":167,"neow_bonus":"THREE_ENEMY_KILL","is_daily":false,"chose_seed":false,"campfire_upgraded":4,"win_rate":0.0,"timestamp":1611885815,"path_taken":["M","?","$","?","M","R","E","R","T","R","?","E","?","?","R","BOSS","M","$","?","?","M","E","R","?","T","R","M","E","$","M","R","BOSS","M","?","?","?","$","R","M","?","T","M","E","R","M","E","R","BOSS"],"items_purchased_type":["Relic","Relic","Card","Relic","Card","Card","Relic"],"build_version":"2020-12-22","purchased_purges":2,"victory":false,"max_hp_per_floor":[70,70,70,70,70,70,70,70,70,70,70,70,70,70,70,70,70,70,70,70,70,70,70,70,70,70,70,70,70,70,70,70,70,70,70,70,70,70,70,70,70,70,70,70,77,77,77,77,77,77,77],"card_choices":[{"not_picked":["Noxious Fumes","Terror"],"picked":"Bouncing Flask","floor":1},{"not_picked":["Sucker Punch","Flying Knee"],"picked":"Bouncing Flask","floor":5},{"not_picked":["Dodge and Roll","Dagger Throw"],"picked":"Envenom","floor":7},{"not_picked":["Slice","hubris:Counter"],"picked":"Blur","floor":12},{"not_picked":["Skewer","Quick Slash"],"picked":"Outmaneuver","floor":14},{"not_picked":["Bullet Time","Malaise"],"picked":"Burst","floor":16},{"not_picked":["Slice","Quick Slash"],"picked":"Prepared+1","floor":18},{"not_picked":["Deflect+1","Slice"],"picked":"Deadly Poison+1","floor":21},{"not_picked":["Quick Slash","Dagger Throw"],"picked":"Distraction+1","floor":22},{"not_picked":["Deflect","Storm of Steel"],"picked":"Corpse Explosion","floor":23},{"not_picked":["Eviscerate","Infinite Blades"],"picked":"Noxious Fumes+1","floor":28},{"not_picked":["hubris:SlightOfHand","Well Laid Plans"],"picked":"Distraction","floor":29},{"not_picked":["Leg Sweep","Slice"],"picked":"Distraction+1","floor":31},{"not_picked":["Night Terror","Phantasmal Killer"],"picked":"Burst","floor":33},{"not_picked":["Outmaneuver","Infinite Blades"],"picked":"Bane+1","floor":35},{"not_picked":["All Out Attack","Quick Slash"],"picked":"Terror+1","floor":37},{"not_picked":["Dagger Throw","hubris:SlightOfHand+1"],"picked":"Acrobatics+1","floor":38},{"not_picked":["Dash","Footwork+1"],"picked":"Doppelganger","floor":41},{"not_picked":["Swift Strike","Mind Blast"],"picked":"Master of Strategy","floor":42},{"not_picked":["Deep Breath","hubris:Ssssneak"],"picked":"hubris:EnhanceAbility","floor":42},{"not_picked":["Sadistic Nature","Good Instincts"],"picked":"Metamorphosis","floor":42},{"not_picked":["Underhanded Strike+1","Predator+1","Quick Slash"],"picked":"SKIP","floor":44},{"not_picked":["Unload","Outmaneuver+1","Sucker Punch"],"picked":"SKIP","floor":45},{"not_picked":["Blade Dance+1","Caltrops"],"picked":"Outmaneuver+1","floor":47},{"not_picked":["Acrobatics","Quick Slash"],"picked":"Calculated Gamble","floor":48}],"player_experience":343934,"relics_obtained":[{"floor":7,"key":"Lantern"},{"floor":9,"key":"hubris:TinFlute"},{"floor":12,"key":"hubris:BundleOfHerbs"},{"floor":23,"key":"The Specimen"},{"floor":26,"key":"Old Coin"},{"floor":29,"key":"hubris:64BitClover"},{"floor":34,"key":"Ancient Tea Set"},{"floor":34,"key":"InkBottle"},{"floor":34,"key":"hubris:Potato"},{"floor":44,"key":"Peace Pipe"},{"floor":45,"key":"Strawberry"},{"floor":48,"key":"Potion Belt"}],"event_choices":[{"damage_healed":0,"gold_gain":0,"player_choice":"Take Damage","damage_taken":17,"relics_obtained":["Golden Idol"],"max_hp_gain":0,"max_hp_loss":0,"event_name":"Golden Idol","floor":4,"gold_loss":0},{"damage_healed":0,"gold_gain":0,"player_choice":"Entered Light","damage_taken":14,"max_hp_gain":0,"max_hp_loss":0,"event_name":"Shining Light","floor":11,"gold_loss":0,"cards_upgraded":["Strike_G","Strike_G"]},{"damage_healed":0,"gold_gain":75,"player_choice":"Touch","damage_taken":7,"max_hp_gain":0,"max_hp_loss":0,"event_name":"FaceTrader","floor":13,"gold_loss":0},{"damage_healed":0,"gold_gain":0,"player_choice":"Upgraded","damage_taken":0,"max_hp_gain":0,"max_hp_loss":0,"event_name":"Upgrade Shrine","floor":20,"gold_loss":0,"cards_upgraded":["Catalyst"]},{"damage_healed":0,"gold_gain":0,"player_choice":"Bought 1 Potion","damage_taken":0,"max_hp_gain":0,"max_hp_loss":0,"event_name":"The Woman in Blue","floor":36,"gold_loss":0},{"damage_healed":0,"gold_gain":0,"player_choice":"Memory 3","damage_taken":10,"max_hp_gain":0,"max_hp_loss":0,"event_name":"SensoryStone","floor":42,"gold_loss":0}],"is_beta":false,"boss_relics":[{"not_picked":["Tiny House","hubris:TerracottaHorce"],"picked":"SacredBark"},{"not_picked":["hubris:VirtuousBlindfold","Sozu"],"picked":"Calling Bell"}],"items_purged_floors":[3,30],"is_endless":false,"potions_floor_spawned":[1,5,14,18,21,22,23,33,35,41,45,47],"killed_by":"Awakened One","ascension_level":3}}