{"host":"07m2izpen50xxq9x","time":1611888341,"event":{"mods":["2.2 Compatiblity","AchievementEnabler","Act Like it!","Aspiration","BaseMod","Better Third Choice","Better Vampires","BetterRewards","Block Reminder","Colored Map","Colored Powertips","Conspire","Dio Mod","Energized Spire","Halation","Hallownest","Hermit","Highlight Path","Hubris","Minty Spire (QoL Compilation)","Relic Stats","Replay The Spire","Shop Mod","Spicy Shops","StSLib","The Bug Knight","The Cursed","The Hierophant","UnlockEverythingMod"],"gold_per_floor":[109,125,125,141,63,93,93,157,157,157,171,184,184,202,254,351,351,364,301,251,268,193,193,193,193,193,206,238,253,271,211,211,308,308,325,550,550,561,575,575,575,475,499,499,513,513,524,538,538,538,538,538,538,1102,1102],"floor_reached":56,"language":"ENG","playtime":6408,"items_purged":[],"score":1346,"play_id":"97bad8e0-de08-4bdb-a7aa-c2a328489d6c","local_time":"20210129024541","is_ascension_mode":false,"campfire_choices":[{"floor":7.0,"key":"REST"},{"floor":13.0,"key":"REST"},{"floor":23.0,"key":"REST"},{"data":"TheCursedMod:SpitefulPlan","floor":32.0,"key":"SMITH"},{"floor":40,"key":"RECALL"},{"data":"TheCursedMod:Stretching","floor":46,"key":"SMITH"},{"data":"TheCursedMod:LuckyCharm","floor":49,"key":"SMITH"},{"data":"TheCursedMod:Obscuration","floor":52,"key":"SMITH"}],"circlet_count":0,"master_deck":["TheCursedMod:Strike_TheCursed","TheCursedMod:Defend_TheCursed","TheCursedMod:Defend_TheCursed","TheCursedMod:Defend_TheCursed","TheCursedMod:CursedWand","TheCursedMod:Dregs","ReplayTheSpireMod:Splinters","TheCursedMod:AbyssShockwave","TheCursedMod:Torture","TheCursedMod:WearCloak","TheCursedMod:SpitefulPlan+1","TheCursedMod:Obscuration+1","ReplayTheSpireMod:Splinters","TheCursedMod:WearCloak","TheCursedMod:Mangle","TheCursedMod:HellfireBreathing","TheCursedMod:SaltUponWound","TheCursedMod:Torture","TheCursedMod:DemonSword","TheCursedMod:CursedSpellbook+1","TheCursedMod:SoulReap","TheCursedMod:WearCloak","TheCursedMod:SoulReap","TheCursedMod:CursedShiv","TheCursedMod:CursedAmulet","TheCursedMod:RapidMovement","TheCursedMod:SmokeScreen","TheCursedMod:CircleOfAbyss","TheCursedMod:LuckyCharm+1","Enlightenment","TheCursedMod:TroublousMinions+1","TheCursedMod:Stretching+1","TheCursedMod:PrepareRite","TheCursedMod:LuckyCharm","TheCursedMod:LuckyCharm","hubris:Greed","hubris:Greed","hubris:Greed"],"relics":["TheCursedMod:BlackMagic101","ReplayTheSpireMod:CursedCoin","hubris:TinFlute","hubris:OldNail","aspiration:FetidBarrel","Astrolabe","TheCursedMod:SoulVessel","TheCursedMod:Tack","conspire:SpecialSausage","hubris:NiceRug","Letter Opener","Bronze Scales","ClockworkSouvenir","Anchor","Garlic","halation:PinkSoulGem","Juzu Bracelet","hubris:Towel","Replay:Towering Pillar of Hats"],"acts_visited":["Exordium","TheCity","TheBeyond","TheEnding"],"potions_floor_usage":[36,36,50,50],"damage_taken":[{"damage":2.0,"enemies":"Jaw Worm","floor":1.0,"turns":4.0},{"damage":0.0,"enemies":"conspire:RoseBush","floor":2.0,"turns":3.0},{"damage":0.0,"enemies":"Small Slimes","floor":4.0,"turns":2.0},{"damage":19.0,"enemies":"Replay:BlueRogue","floor":6.0,"turns":7.0},{"damage":10.0,"enemies":"Exordium Thugs","floor":11.0,"turns":3.0},{"damage":9.0,"enemies":"Large Slime","floor":12.0,"turns":3.0},{"damage":4.0,"enemies":"2 Fungi Beasts","floor":14.0,"turns":2.0},{"damage":15.0,"enemies":"The Guardian","floor":16.0,"turns":7.0},{"damage":9.0,"enemies":"Chosen","floor":18.0,"turns":5.0},{"damage":23.0,"enemies":"Snake Plant","floor":21.0,"turns":4.0},{"damage":5.0,"enemies":"Sentry and Sphere","floor":25.0,"turns":3.0},{"damage":27.0,"enemies":"Shelled Parasite and Fungi","floor":27.0,"turns":5.0},{"damage":10.0,"enemies":"Replay:Snechameleon","floor":28.0,"turns":7.0},{"damage":2.0,"enemies":"3 Cultists","floor":29.0,"turns":3.0},{"damage":8.0,"enemies":"conspire:HollyBat","floor":30.0,"turns":7.0},{"damage":33.0,"enemies":"hubris:MusketHawk","floor":33.0,"turns":9.0},{"damage":8.0,"enemies":"Orb Walker","floor":35.0,"turns":4.0},{"damage":9,"enemies":"hubris:Merchant","floor":36,"turns":6},{"damage":7,"enemies":"3 Darklings","floor":38,"turns":3},{"damage":0,"enemies":"Jaw Worm Horde","floor":39,"turns":3},{"damage":3,"enemies":"Spire Growth","floor":45,"turns":5},{"damage":0,"enemies":"Writhing Mass","floor":47,"turns":6},{"damage":0,"enemies":"Maw","floor":48,"turns":8},{"damage":32,"enemies":"hubris:GrandSnecko","floor":50,"turns":16},{"damage":0,"enemies":"Shield and Spear","floor":54,"turns":12},{"damage":0,"enemies":"Kars","floor":55,"turns":17}],"seed_played":"-7329016359380653917","potions_obtained":[{"floor":1.0,"key":"Fire Potion"},{"floor":2.0,"key":"DistilledChaos"},{"floor":8.0,"key":"SkillPotion"},{"floor":12.0,"key":"SmokeBomb"},{"floor":14.0,"key":"Explosive Potion"},{"floor":18.0,"key":"Strength Potion"},{"floor":28.0,"key":"PowerPotion"},{"floor":29.0,"key":"FearPotion"},{"floor":33.0,"key":"TheCursedMod:DregsPotion"},{"floor":35.0,"key":"AttackPotion"},{"floor":36,"key":"Block Potion"},{"floor":36,"key":"Adrenaline Potion"},{"floor":36,"key":"AttackPotion"},{"floor":38,"key":"Death Potion"}],"is_trial":false,"path_per_floor":["M","M","?","M","$","E","R","?","T","?","M","M","R","M","R_BF","B",null,"M","$","?","M","?","R","?","M","T","M","E","M","M","?","R","B",null,"M","$","?","M","M","R","?","NS","T","?","M","R","M","M","R","B",null,"R","$","E","B",null],"character_chosen":"THE_CURSED","items_purchased":["ReplayTheSpireMod:CursedCoin","TheCursedMod:AbyssShockwave","hubris:TinFlute","Fruit Juice","TheCursedMod:FuryStrike","TheCursedMod:WearCloak","TheCursedMod:LuckyCharm"],"campfire_rested":3,"item_purchase_floors":[0,0,0,0,5,19,36],"current_hp_per_floor":[54,54,54,54,54,35,59,59,59,59,49,40,64,60,60,45,80,71,71,71,49,49,73,73,73,73,51,53,67,64,64,64,56,80,80,78,78,79,80,80,80,80,80,80,80,80,80,80,80,64,80,80,80,80,80],"gold":1102,"neow_bonus":"","is_daily":false,"chose_seed":false,"campfire_upgraded":4,"win_rate":0.0,"timestamp":1611888341,"path_taken":["M","M","?","M","$","E","R","?","T","?","M","M","R","M","R_BF","BOSS","M","$","?","?","?","R","?","M","T","M","E","M","M","?","R","BOSS","M","$","?","M","M","R","?","NS","T","?","M","R","M","M","R","BOSS","R","$","E","BOSS"],"items_purchased_type":["Relic","Card","Relic","Potion","Card","Card","Card"],"build_version":"2020-12-22","purchased_purges":0,"victory":true,"max_hp_per_floor":[80,80,80,80,80,80,80,80,80,80,80,80,80,80,80,80,80,80,80,80,80,80,80,80,80,80,80,80,80,80,80,80,80,80,80,80,80,80,80,80,80,80,80,80,80,80,80,80,80,80,80,80,80,80,80],"relic_stats":{"counters":[26,152],"Astrolabe":["TheCursedMod:CursedSpellbook","TheCursedMod:UltimatePain","TheCursedMod:ManaCirculation"],"Bronze Scales":[311],"Juzu Bracelet":1,"Letter Opener":[208],"obtain_stats":[{"TheCursedMod:BlackMagic101":0,"NeowsBlessing":0,"Replay:Towering Pillar of Hats":54,"ReplayTheSpireMod:CursedCoin":0,"aspiration:FetidBarrel":8,"Astrolabe":17,"TheCursedMod:Tack":28,"conspire:SpecialSausage":34,"Juzu Bracelet":43,"Letter Opener":36,"hubris:Towel":44,"ClockworkSouvenir":36,"Anchor":36,"Bronze Scales":36,"Garlic":36,"PureWater":0,"halation:PinkSoulGem":37,"hubris:TinFlute":0,"hubris:OldNail":6,"TheCursedMod:SoulVessel":26,"hubris:NiceRug":36},{"TheCursedMod:BlackMagic101":0,"NeowsBlessing":0,"Replay:Towering Pillar of Hats":25,"ReplayTheSpireMod:CursedCoin":0,"aspiration:FetidBarrel":4,"Astrolabe":8,"TheCursedMod:Tack":13,"conspire:SpecialSausage":16,"Juzu Bracelet":20,"Letter Opener":18,"hubris:Towel":20,"ClockworkSouvenir":18,"Anchor":18,"Bronze Scales":18,"Garlic":18,"PureWater":0,"halation:PinkSoulGem":18,"hubris:TinFlute":0,"hubris:OldNail":4,"TheCursedMod:SoulVessel":11,"hubris:NiceRug":18},{"TheCursedMod:BlackMagic101":0,"NeowsBlessing":0,"Replay:Towering Pillar of Hats":135,"ReplayTheSpireMod:CursedCoin":0,"aspiration:FetidBarrel":16,"Astrolabe":31,"TheCursedMod:Tack":54,"conspire:SpecialSausage":73,"Juzu Bracelet":88,"Letter Opener":82,"hubris:Towel":88,"ClockworkSouvenir":82,"Anchor":82,"Bronze Scales":82,"Garlic":82,"PureWater":0,"halation:PinkSoulGem":82,"hubris:TinFlute":0,"hubris:OldNail":16,"TheCursedMod:SoulVessel":42,"hubris:NiceRug":82}]},"card_choices":[{"not_picked":["TheCursedMod:Wield","TheCursedMod:CircleOfFocus"],"picked":"TheCursedMod:Torture","floor":1.0},{"not_picked":["TheCursedMod:ManaBullet","TheCursedMod:CursedMace"],"picked":"TheCursedMod:WearCloak","floor":2.0},{"not_picked":["TheCursedMod:CursedShiv","TheCursedMod:RapidMovement"],"picked":"TheCursedMod:SpitefulPlan","floor":4.0},{"not_picked":["TheCursedMod:VitalStrike","TheCursedMod:CollectTribute"],"picked":"TheCursedMod:Obscuration","floor":6.0},{"not_picked":["TheCursedMod:AshesToAshes","TheCursedMod:Wield"],"picked":"TheCursedMod:WearCloak","floor":8.0},{"not_picked":["TheCursedMod:ManaBullet","TheCursedMod:CursedSpellbook"],"picked":"TheCursedMod:HellfireBreathing","floor":11.0},{"not_picked":["TheCursedMod:SmokeScreen","TheCursedMod:Wield"],"picked":"TheCursedMod:SaltUponWound","floor":12.0},{"not_picked":["TheCursedMod:RapidMovement","TheCursedMod:AbyssShockwave"],"picked":"TheCursedMod:Torture","floor":14.0},{"not_picked":["TheCursedMod:NeowsMight","TheCursedMod:ManaCirculation"],"picked":"TheCursedMod:DemonSword","floor":16.0},{"not_picked":["TheCursedMod:Mangle","TheCursedMod:CursedAmulet"],"picked":"TheCursedMod:SoulReap","floor":18.0},{"not_picked":["TheCursedMod:VitalStrike","TheCursedMod:SaltUponWound","TheCursedMod:DoubleShield"],"picked":"SKIP","floor":21.0},{"not_picked":["TheCursedMod:Stretching","TheCursedMod:CircleOfFocus"],"picked":"TheCursedMod:CursedAmulet","floor":27.0},{"not_picked":["TheCursedMod:CursedMace","TheCursedMod:SpitefulStrike+1"],"picked":"TheCursedMod:RapidMovement","floor":28.0},{"not_picked":["TheCursedMod:TacticalStrike","TheCursedMod:ForbiddenAlchemy"],"picked":"TheCursedMod:SmokeScreen","floor":29.0},{"not_picked":["TheCursedMod:RavingStaff","TheCursedMod:SmokeScreen+1","TheCursedMod:TacticalStrike"],"picked":"SKIP","floor":30.0},{"not_picked":["TheCursedMod:DemonSword","TheCursedMod:ParallelWorld"],"picked":"TheCursedMod:CircleOfAbyss","floor":33.0},{"not_picked":["TheCursedMod:FuryStrike","TheCursedMod:ReleasedStrength","TheCursedMod:CursedShiv+1"],"picked":"SKIP","floor":35.0},{"not_picked":[],"picked":"Enlightenment","floor":36},{"not_picked":["TheCursedMod:AbyssShockwave"],"picked":"SKIP","floor":36},{"not_picked":["TheCursedMod:TacticalStrike"],"picked":"SKIP","floor":36},{"not_picked":["TheCursedMod:BloodBarrier"],"picked":"SKIP","floor":36},{"not_picked":["TheCursedMod:SmokeScreen"],"picked":"SKIP","floor":36},{"not_picked":["Secret Weapon"],"picked":"SKIP","floor":36},{"not_picked":["TheCursedMod:CircleOfFocus+1","TheCursedMod:CursedMace"],"picked":"TheCursedMod:TroublousMinions+1","floor":38},{"not_picked":["TheCursedMod:DemonicPact","TheCursedMod:WearCloak+1"],"picked":"TheCursedMod:Stretching","floor":39},{"not_picked":["TheCursedMod:CursedStaff","TheCursedMod:CursedShiv+1"],"picked":"TheCursedMod:PrepareRite","floor":45},{"not_picked":["TheCursedMod:CursedBlade","TheCursedMod:VitalStrike+1"],"picked":"TheCursedMod:LuckyCharm","floor":47},{"not_picked":["TheCursedMod:CursedBlade","TheCursedMod:Wield+1","TheCursedMod:CursedAmulet+1"],"picked":"SKIP","floor":48},{"not_picked":["TheCursedMod:Mangle+1","TheCursedMod:Stigma+1"],"picked":"TheCursedMod:LuckyCharm","floor":54}],"player_experience":58310,"relics_obtained":[{"floor":6.0,"key":"hubris:OldNail"},{"floor":8.0,"key":"aspiration:FetidBarrel"},{"floor":26.0,"key":"TheCursedMod:SoulVessel"},{"floor":28.0,"key":"TheCursedMod:Tack"},{"floor":36,"key":"Letter Opener"},{"floor":36,"key":"Bronze Scales"},{"floor":36,"key":"ClockworkSouvenir"},{"floor":36,"key":"Anchor"},{"floor":36,"key":"Garlic"},{"floor":43,"key":"Juzu Bracelet"},{"floor":54,"key":"Replay:Towering Pillar of Hats"}],"event_choices":[{"damage_healed":0.0,"max_hp_gain":0.0,"max_hp_loss":0.0,"gold_gain":0.0,"event_name":"Living Wall","player_choice":"Grow","floor":3.0,"gold_loss":0.0,"damage_taken":0.0,"cards_upgraded":["TheCursedMod:CleanUpWorkshop"]},{"damage_healed":0.0,"max_hp_gain":0.0,"max_hp_loss":0.0,"gold_gain":0.0,"event_name":"Match and Keep!","player_choice":"1 cards matched","floor":10.0,"gold_loss":0.0,"damage_taken":0.0,"cards_obtained":["TheCursedMod:Mangle"]},{"damage_healed":0.0,"max_hp_gain":0.0,"max_hp_loss":0.0,"gold_gain":0.0,"event_name":"The Joust","player_choice":"Bet on Murderer","floor":20.0,"gold_loss":50.0,"damage_taken":0.0},{"cards_removed":["TheCursedMod:ManaCirculation"],"damage_healed":0.0,"max_hp_gain":0.0,"max_hp_loss":0.0,"gold_gain":0.0,"event_name":"Beggar","player_choice":"Gave Gold","floor":22.0,"gold_loss":75.0,"damage_taken":0.0},{"damage_healed":0.0,"max_hp_gain":0.0,"max_hp_loss":0.0,"gold_gain":0.0,"cards_transformed":["TheCursedMod:FuryStrike","TheCursedMod:Defend_TheCursed"],"event_name":"Drug Dealer","player_choice":"Became Test Subject","floor":24.0,"gold_loss":0.0,"damage_taken":0.0,"cards_obtained":["TheCursedMod:SoulReap","TheCursedMod:CursedShiv"]},{"damage_healed":0,"gold_gain":0,"player_choice":"Ignored","damage_taken":0,"max_hp_gain":0,"max_hp_loss":0,"event_name":"NoteForYourself","floor":41,"gold_loss":0}],"is_beta":false,"boss_relics":[{"not_picked":["aspiration:RitualDagger","energizedSpire:StickyHand"],"picked":"Astrolabe"},{"not_picked":["halation:LoveArrow","energizedSpire:NeverEndingSparkler"],"picked":"conspire:SpecialSausage"}],"items_purged_floors":[],"is_endless":false,"potions_floor_spawned":[1,2,11,12,14,18,28,29,33,35,38,48],"ascension_level":0}}