{"host":"jumrmhf584hajrnz","time":1611954187,"event":{"mods":["BaseMod","Duelist Mod","GifTheSpireLib","Minty Spire (QoL Compilation)","Quick Restart","StSLib"],"gold_per_floor":[319,319,319,59,59,93,93,127,127,127,127],"floor_reached":10,"language":"ENG","playtime":633,"items_purged":[],"score":144,"play_id":"96344659-1f7c-460c-a85c-b24716ab63c6","local_time":"20210129220307","is_ascension_mode":true,"campfire_choices":[{"floor":7,"key":"RECALL"}],"circlet_count":0,"master_deck":["AscendersBane","theDuelist:CastleWalls","theDuelist:CastleWalls","theDuelist:CastleWalls","theDuelist:NaturiaBeast","theDuelist:NaturiaCliff","theDuelist:NaturiaRock","theDuelist:NaturiaTulip","theDuelist:Sparks","theDuelist:Sparks","theDuelist:Sparks","theDuelist:NatureReflection","theDuelist:NaturiaSacredTree","theDuelist:NaturiaSpiderfang","Bandage Up","theDuelist:NaturiaEggplant","theDuelist:WildNatureRelease"],"relics":["theDuelist:MillenniumPuzzle","theDuelist:CardPoolRelic","theDuelist:CardPoolBasicRelic","theDuelist:BoosterPackPoolRelic","theDuelist:CardPoolAddRelic","theDuelist:CardPoolMinusRelic","theDuelist:CardPoolSaveRelic","theDuelist:CardPoolOptionsRelic","Old Coin","Golden Idol","Ornamental Fan","theDuelist:BoosterPackSpellEgg","theDuelist:MerchantNecklace"],"acts_visited":["Exordium"],"potions_floor_usage":[10],"damage_taken":[{"damage":10,"enemies":"Jaw Worm","floor":1,"turns":6},{"damage":23,"enemies":"3 Sentries","floor":6,"turns":8},{"damage":17,"enemies":"Lagavulin","floor":8,"turns":8},{"damage":24,"enemies":"Gremlin Nob","floor":10,"turns":4}],"seed_played":"6366421569174814835","potions_obtained":[{"floor":6,"key":"DuplicationPotion"}],"is_trial":false,"path_per_floor":["M","?","T","$","?","E","R","E","T","E"],"character_chosen":"THE_DUELIST","items_purchased":["theDuelist:NaturiaSacredTree","theDuelist:NaturiaSpiderfang","Bandage Up"],"campfire_rested":0,"item_purchase_floors":[4,4,4],"current_hp_per_floor":[53,53,53,53,53,34,34,21,21,1,1],"gold":127,"neow_bonus":"ONE_RARE_RELIC","is_daily":false,"chose_seed":false,"campfire_upgraded":0,"win_rate":0.0,"timestamp":1611954187,"path_taken":["M","?","?","$","?","E","R","E","T","E"],"items_purchased_type":["Card","Card","Card"],"build_version":"2020-12-22","purchased_purges":0,"victory":false,"max_hp_per_floor":[70,70,70,70,63,63,63,63,63,63,63],"card_choices":[{"not_picked":["theDuelist:NaturalDisaster","theDuelist:LairWire","theDuelist:BottomlessTrapHole","theDuelist:AcidTrapHole"],"picked":"theDuelist:NatureReflection","floor":1},{"not_picked":["theDuelist:NaturiaHydrangea","theDuelist:NaturiaDragonfly","theDuelist:NaturiaCliff","theDuelist:FuryFire"],"picked":"theDuelist:NaturiaEggplant","floor":6},{"not_picked":["theDuelist:VenomShot","theDuelist:FrozenRose","theDuelist:BarkionBark","theDuelist:WormBait"],"picked":"theDuelist:WildNatureRelease","floor":8}],"player_experience":1625863,"relics_obtained":[{"floor":6,"key":"Ornamental Fan"},{"floor":8,"key":"theDuelist:BoosterPackSpellEgg"},{"floor":9,"key":"theDuelist:MerchantNecklace"}],"event_choices":[{"damage_healed":0,"gold_gain":0,"player_choice":"Leave","duelist":true,"damage_taken":0,"max_hp_gain":0,"max_hp_loss":0,"event_name":"Card Trader","floor":2,"gold_loss":0},{"damage_healed":0,"gold_gain":0,"player_choice":"Lose Max HP","damage_taken":0,"relics_obtained":["Golden Idol"],"max_hp_gain":0,"max_hp_loss":7,"event_name":"Golden Idol","floor":5,"gold_loss":0}],"is_beta":false,"boss_relics":[],"items_purged_floors":[],"is_endless":false,"potions_floor_spawned":[6],"killed_by":"Gremlin Nob","ascension_level":20}}