{"host":"9qk11wtevf51xvhl","time":1611951085,"event":{"mods":["BaseMod","Minty Spire (QoL Compilation)"],"gold_per_floor":[119,138,138,149,163,198,198,224,224,224,241,241,241],"floor_reached":12,"language":"ENG","playtime":761,"items_purged":[],"score":131,"play_id":"fb4db10c-526b-4744-8cc5-02520947cd25","local_time":"20210129211125","is_ascension_mode":true,"campfire_choices":[{"floor":7,"key":"REST"},{"floor":10,"key":"REST"}],"circlet_count":0,"master_deck":["Strike_G+1","Strike_G+1","Strike_G","Strike_G","Strike_G","Defend_G","Defend_G","Defend_G","Defend_G","Defend_G","Survivor","Neutralize","Poisoned Stab","Deadly Poison","Deadly Poison","Accuracy","Burst","Blade Dance","Terror"],"relics":["Ring of the Snake","NeowsBlessing","Matryoshka","Bronze Scales","Eternal Feather","MealTicket","Whetstone"],"acts_visited":["Exordium"],"potions_floor_usage":[6,12],"damage_taken":[{"damage":0,"enemies":"Small Slimes","floor":1,"turns":1},{"damage":0,"enemies":"Cultist","floor":2,"turns":1},{"damage":0,"enemies":"2 Louse","floor":4,"turns":1},{"damage":11,"enemies":"Exordium Wildlife","floor":5,"turns":5},{"damage":44,"enemies":"3 Sentries","floor":6,"turns":13},{"damage":19,"enemies":"Lagavulin","floor":8,"turns":7},{"damage":12,"enemies":"Gremlin Gang","floor":11,"turns":4},{"damage":32,"enemies":"3 Sentries","floor":12,"turns":5}],"seed_played":"5647477242955379839","potions_obtained":[{"floor":5,"key":"AttackPotion"},{"floor":6,"key":"LiquidBronze"}],"is_trial":false,"path_per_floor":["M","M","?","M","M","E","R","E","T","R","M","E"],"character_chosen":"THE_SILENT","items_purchased":[],"campfire_rested":2,"item_purchase_floors":[],"current_hp_per_floor":[63,63,60,60,49,5,26,7,7,37,25,0,0],"gold":241,"neow_bonus":"THREE_ENEMY_KILL","is_daily":false,"chose_seed":false,"campfire_upgraded":0,"win_rate":0.0,"timestamp":1611951085,"path_taken":["M","M","?","M","M","E","R","E","T","R","M","E"],"items_purchased_type":[],"build_version":"2020-12-22","purchased_purges":0,"victory":false,"max_hp_per_floor":[70,70,70,70,70,70,70,70,70,70,70,70,70],"card_choices":[{"not_picked":["PiercingWail","Calculated Gamble"],"picked":"Poisoned Stab","floor":1},{"not_picked":["Eviscerate","Blade Dance"],"picked":"Deadly Poison","floor":2},{"not_picked":["Quick Slash","Dagger Throw"],"picked":"Deadly Poison","floor":4},{"not_picked":["Venomology","Acrobatics"],"picked":"Accuracy","floor":5},{"not_picked":["PiercingWail","Deflect"],"picked":"Burst","floor":6},{"not_picked":["Quick Slash","Outmaneuver"],"picked":"Blade Dance","floor":8},{"not_picked":["Slice","Flechettes"],"picked":"Terror","floor":11}],"player_experience":544417,"relics_obtained":[{"floor":6,"key":"Bronze Scales"},{"floor":8,"key":"Eternal Feather"},{"floor":9,"key":"MealTicket"},{"floor":9,"key":"Whetstone"}],"event_choices":[{"damage_healed":0,"gold_gain":0,"player_choice":"Success","damage_taken":3,"relics_obtained":["Matryoshka"],"max_hp_gain":0,"max_hp_loss":0,"event_name":"Scrap Ooze","floor":3,"gold_loss":0}],"is_beta":false,"boss_relics":[],"items_purged_floors":[],"is_endless":false,"potions_floor_spawned":[5,6],"killed_by":"3 Sentries","ascension_level":9}}