{"host":"y3h3n3f7seyagppx","time":1611942093,"event":{"mods":["AlwaysNeverKeys","BaseMod","Better Vampires","Colored Powertips","DeckTracker","Emptier Cage","Minty Spire (QoL Compilation)","Permanent Neow","Quick Restart","Rare Cards Sparkle","Relic Sorter","Relic Stats","StSLib","Transform Curses"],"gold_per_floor":[109,129,140,140,159,159,179,179,202,230,98,124,154,165,165,242,242,260,260,273,293,293,324,324,324],"floor_reached":24,"language":"ENG","playtime":3010,"items_purged":["Pain"],"score":606,"play_id":"f8a0fada-366f-4493-94dc-5a30f0ceaf89","local_time":"20210129124133","is_ascension_mode":true,"campfire_choices":[{"data":"Uppercut","floor":6.0,"key":"SMITH"},{"data":"Immolate","floor":15.0,"key":"SMITH"}],"circlet_count":0,"master_deck":["AscendersBane","Strike_R","Strike_R","Strike_R+1","Strike_R","Strike_R","Defend_R","Defend_R","Defend_R","Defend_R","Bash","Metallicize","Hemokinesis+1","Uppercut+1","Combust","Exhume","Immolate+1","Shrug It Off","Fiend Fire","Second Wind+1","Immolate+1","Feel No Pain+1","Flame Barrier","Power Through+1"],"relics":["Burning Blood","WarpedTongs","Nunchaku","Boot","Potion Belt","Odd Mushroom","Philosopher\u0027s Stone","Question Card"],"acts_visited":["TheCity"],"potions_floor_usage":[21,23,23,23],"damage_taken":[{"damage":5.0,"enemies":"2 Louse","floor":1.0,"turns":4.0},{"damage":3.0,"enemies":"Cultist","floor":2.0,"turns":4.0},{"damage":5.0,"enemies":"Small Slimes","floor":3.0,"turns":3.0},{"damage":5.0,"enemies":"Blue Slaver","floor":5.0,"turns":4.0},{"damage":7.0,"enemies":"Looter","floor":7.0,"turns":3.0},{"damage":18.0,"enemies":"3 Sentries","floor":10.0,"turns":5.0},{"damage":19.0,"enemies":"Lagavulin","floor":12.0,"turns":6.0},{"damage":3.0,"enemies":"The Mushroom Lair","floor":13.0,"turns":3.0},{"damage":3.0,"enemies":"Red Slaver","floor":14.0,"turns":2.0},{"damage":10.0,"enemies":"Slime Boss","floor":16.0,"turns":6.0},{"damage":21,"enemies":"3 Byrds","floor":18,"turns":4},{"damage":13,"enemies":"2 Thieves","floor":20,"turns":2},{"damage":34,"enemies":"Shelled Parasite and Fungi","floor":21,"turns":4},{"damage":0,"enemies":"Slavers","floor":23,"turns":1},{"damage":11,"enemies":"Snecko","floor":24,"turns":3}],"seed_played":"4680921499642884130","potions_obtained":[{"floor":1.0,"key":"AttackPotion"},{"floor":2.0,"key":"Block Potion"},{"floor":7.0,"key":"SpeedPotion"},{"floor":12.0,"key":"SkillPotion"},{"floor":16.0,"key":"GamblersBrew"},{"floor":23,"key":"SteroidPotion"}],"is_trial":false,"path_per_floor":["M","M","M","?","M","R","M","?","T","E","$","E","?","M","R","B",null,"M","?","M","M","?","E","M"],"character_chosen":"IRONCLAD","items_purchased":["BloodPotion"],"campfire_rested":0,"item_purchase_floors":[11],"current_hp_per_floor":[76,79,80,80,81,81,80,55,55,43,59,46,49,52,52,48,74,59,59,52,24,5,11,0,0],"gold":324,"neow_bonus":"TEN_PERCENT_HP_BONUS","is_daily":false,"chose_seed":false,"campfire_upgraded":2,"win_rate":0.0,"timestamp":1611942093,"path_taken":["M","M","M","?","?","R","M","?","T","E","$","E","?","M","R","BOSS","M","?","M","?","?","E","M"],"items_purchased_type":["Potion"],"build_version":"2020-12-22","purchased_purges":1,"victory":false,"max_hp_per_floor":[82,82,82,82,82,82,82,82,82,82,82,82,82,82,82,82,82,82,82,82,82,82,82,82,82],"relic_stats":{"Nunchaku":[6],"counters":[15,54],"Boot":[7],"Question Card":0,"obtain_stats":[{"Potion Belt":12,"Nunchaku":9,"Philosopher\u0027s Stone":17,"Odd Mushroom":13,"Boot":10,"Question Card":23,"Burning Blood":0,"WarpedTongs":4},{"Potion Belt":7,"Nunchaku":5,"Philosopher\u0027s Stone":10,"Odd Mushroom":8,"Boot":6,"Question Card":14,"Burning Blood":0,"WarpedTongs":3},{"Potion Belt":29,"Nunchaku":18,"Philosopher\u0027s Stone":40,"Odd Mushroom":32,"Boot":23,"Question Card":51,"Burning Blood":0,"WarpedTongs":11}],"Burning Blood":84,"WarpedTongs":[42]},"card_choices":[{"not_picked":["Warcry","Clash"],"picked":"Metallicize","floor":1.0},{"not_picked":["Flame Barrier","Power Through"],"picked":"Hemokinesis","floor":2.0},{"not_picked":["Feel No Pain","Cleave"],"picked":"Uppercut","floor":3.0},{"not_picked":["Havoc","Combust","Cleave"],"picked":"SKIP","floor":5.0},{"not_picked":["Havoc","Cleave"],"picked":"Combust","floor":5.0},{"not_picked":["Flex","Wild Strike","Disarm"],"picked":"SKIP","floor":7.0},{"not_picked":["Pommel Strike","Dual Wield"],"picked":"Exhume","floor":10.0},{"not_picked":["Spot Weakness","Headbutt"],"picked":"Immolate","floor":12.0},{"not_picked":["Rampage","Havoc"],"picked":"Shrug It Off","floor":13.0},{"not_picked":["Iron Wave","Anger","Heavy Blade"],"picked":"SKIP","floor":14.0},{"not_picked":["Berserk","Exhume"],"picked":"Fiend Fire","floor":16.0},{"not_picked":["Cleave","Twin Strike"],"picked":"Second Wind+1","floor":18},{"not_picked":["Clothesline","Spot Weakness"],"picked":"Feel No Pain+1","floor":20},{"not_picked":["Havoc","Clothesline"],"picked":"Flame Barrier","floor":21},{"not_picked":["Thunderclap","Berserk"],"picked":"Power Through+1","floor":23}],"player_experience":21758370,"relics_obtained":[{"floor":9.0,"key":"Nunchaku"},{"floor":10.0,"key":"Boot"},{"floor":12.0,"key":"Potion Belt"},{"floor":13.0,"key":"Odd Mushroom"},{"floor":23,"key":"Question Card"}],"event_choices":[{"damage_healed":0.0,"max_hp_gain":0.0,"max_hp_loss":0.0,"gold_gain":0.0,"event_name":"Accursed Blacksmith","player_choice":"Rummage","floor":4.0,"gold_loss":0.0,"damage_taken":0.0,"relics_obtained":["WarpedTongs"],"cards_obtained":["Pain"]},{"damage_healed":0.0,"max_hp_gain":0.0,"max_hp_loss":0.0,"gold_gain":0.0,"event_name":"Shining Light","player_choice":"Entered Light","floor":8.0,"gold_loss":0.0,"damage_taken":25.0,"cards_upgraded":["Hemokinesis","Strike_R"]},{"damage_healed":0.0,"max_hp_gain":0.0,"max_hp_loss":0.0,"gold_gain":0.0,"event_name":"Mushrooms","player_choice":"Fought Mushrooms","floor":13.0,"gold_loss":0.0,"damage_taken":0.0},{"damage_healed":0,"gold_gain":0,"player_choice":"Copied","damage_taken":0,"max_hp_gain":0,"max_hp_loss":0,"event_name":"Duplicator","floor":19,"gold_loss":0,"cards_obtained":["Immolate"]},{"damage_healed":0,"gold_gain":0,"player_choice":"POTION POTION ","damage_taken":19,"max_hp_gain":0,"max_hp_loss":0,"event_name":"Knowing Skull","floor":22,"potions_obtained":["LiquidBronze","EntropicBrew"],"gold_loss":0,"cards_obtained":[]}],"is_beta":false,"boss_relics":[{"not_picked":["Runic Cube","Runic Dome"],"picked":"Philosopher\u0027s Stone"}],"items_purged_floors":[11],"is_endless":false,"potions_floor_spawned":[1,2,7,12,16,23],"killed_by":"Snecko","ascension_level":20}}