{"host":"6bsan6hkua32tfq7","time":1611897988,"event":{"mods":["BaseMod","Better Third Choice","Colored Map","Highlight Path","Minty Spire (QoL Compilation)","StSLib"],"gold_per_floor":[119,44,44,62,76,107,107,142,142,169,169,219,219,229,229,300,300,319,319,86,98,23,23,34,34,34],"floor_reached":25,"language":"ENG","playtime":581,"items_purged":["Strike_B"],"score":438,"play_id":"bf5bf209-cb25-4f84-8a53-9972562fec12","local_time":"20210129062628","is_ascension_mode":true,"campfire_choices":[{"floor":7,"key":"REST"},{"floor":11,"key":"REST"},{"data":"Zap","floor":13,"key":"SMITH"},{"floor":15,"key":"REST"},{"floor":23,"key":"REST"}],"circlet_count":0,"master_deck":["AscendersBane","Strike_B","Strike_B","Defend_B","Defend_B","Defend_B","Zap+1","Dualcast+1","Coolheaded","Gash","Go for the Eyes","Compile Driver","Loop","All For One","Steam","Creative AI","Conserve Battery","Steam"],"relics":["Cracked Core","Letter Opener","Question Card","Mercury Hourglass","Molten Egg 2","Sozu","OrangePellets"],"acts_visited":["Exordium","TheCity"],"potions_floor_usage":[10,16,25],"damage_taken":[{"damage":7,"enemies":"Jaw Worm","floor":1,"turns":4},{"damage":2,"enemies":"Small Slimes","floor":4,"turns":3},{"damage":1,"enemies":"Cultist","floor":5,"turns":3},{"damage":23,"enemies":"Gremlin Nob","floor":6,"turns":4},{"damage":27,"enemies":"3 Sentries","floor":8,"turns":7},{"damage":22,"enemies":"Gremlin Nob","floor":10,"turns":4},{"damage":5,"enemies":"Large Slime","floor":14,"turns":3},{"damage":25,"enemies":"Slime Boss","floor":16,"turns":9},{"damage":21,"enemies":"Shell Parasite","floor":18,"turns":4},{"damage":11,"enemies":"2 Thieves","floor":21,"turns":3},{"damage":11,"enemies":"Centurion and Healer","floor":24,"turns":5},{"damage":51,"enemies":"Book of Stabbing","floor":25,"turns":5}],"seed_played":"752851000212374417","potions_obtained":[{"floor":6,"key":"EssenceOfSteel"},{"floor":14,"key":"SkillPotion"},{"floor":16,"key":"Weak Potion"}],"is_trial":false,"path_per_floor":["M","?","?","M","M","E","R","E","T","E","R","?","R","M","R","B",null,"M","?","$","M","?","R","M","E"],"character_chosen":"DEFECT","items_purchased":["OrangePellets"],"campfire_rested":4,"item_purchase_floors":[20],"current_hp_per_floor":[57,57,57,55,54,31,52,25,25,3,24,24,24,19,40,15,57,36,50,50,39,39,60,49,0,0],"gold":34,"neow_bonus":"THREE_CARDS","is_daily":false,"chose_seed":false,"campfire_upgraded":1,"win_rate":0.0,"timestamp":1611897988,"path_taken":["M","?","?","M","?","E","R","E","T","E","R","?","R","M","R","BOSS","M","?","$","M","?","R","M","E"],"items_purchased_type":["Relic"],"build_version":"2020-12-22","purchased_purges":1,"victory":false,"max_hp_per_floor":[71,71,71,71,71,71,71,71,71,71,71,71,71,71,71,71,71,71,71,71,71,71,71,71,71,71],"card_choices":[{"not_picked":["Force Field","Turbo"],"picked":"Coolheaded","floor":0},{"not_picked":["Rebound","Coolheaded"],"picked":"Gash","floor":1},{"not_picked":["Chaos","Skim"],"picked":"Go for the Eyes","floor":4},{"not_picked":["Coolheaded","BootSequence"],"picked":"Compile Driver","floor":5},{"not_picked":["Steam Power","BootSequence"],"picked":"Loop","floor":6},{"not_picked":["Beam Cell","Skim"],"picked":"All For One","floor":8},{"not_picked":["Hello World","Stack","Meteor Strike+1","Fusion"],"picked":"SKIP","floor":10},{"not_picked":["Lockon+1","Leap","Loop"],"picked":"Steam","floor":14},{"not_picked":["Hyperbeam+1","Reboot","Multi-Cast"],"picked":"Creative AI","floor":16},{"not_picked":["Ball Lightning+1","Leap","Static Discharge"],"picked":"Conserve Battery","floor":18},{"not_picked":["Darkness","Stack","Conserve Battery"],"picked":"Steam","floor":21},{"not_picked":["Double Energy","Loop","Redo","Streamline+1"],"picked":"SKIP","floor":24}],"player_experience":5351868,"relics_obtained":[{"floor":6,"key":"Letter Opener"},{"floor":8,"key":"Question Card"},{"floor":9,"key":"Mercury Hourglass"},{"floor":10,"key":"Molten Egg 2"}],"event_choices":[{"cards_removed":["Defend_B"],"damage_healed":0,"gold_gain":0,"player_choice":"Card Removal","damage_taken":0,"max_hp_gain":0,"max_hp_loss":0,"event_name":"The Cleric","floor":2,"gold_loss":75},{"damage_healed":0,"gold_gain":0,"player_choice":"Forge","damage_taken":0,"max_hp_gain":0,"max_hp_loss":0,"event_name":"Accursed Blacksmith","floor":3,"gold_loss":0,"cards_upgraded":["Dualcast"]},{"damage_healed":0,"gold_gain":50,"player_choice":"Pray","damage_taken":0,"max_hp_gain":0,"max_hp_loss":0,"event_name":"Golden Shrine","floor":12,"gold_loss":0},{"damage_healed":14,"gold_gain":0,"player_choice":"Heal","damage_taken":0,"max_hp_gain":0,"max_hp_loss":0,"event_name":"The Library","floor":19,"gold_loss":0},{"cards_removed":["Strike_B"],"damage_healed":0,"gold_gain":0,"player_choice":"Gave Gold","damage_taken":0,"max_hp_gain":0,"max_hp_loss":0,"event_name":"Beggar","floor":22,"gold_loss":75}],"is_beta":false,"boss_relics":[{"not_picked":["Runic Dome","FrozenCore"],"picked":"Sozu"}],"items_purged_floors":[20],"is_endless":false,"potions_floor_spawned":[6,14,16,18],"killed_by":"Book of Stabbing","ascension_level":20}}