{"host":"7ap89n2sm7vm35bt","time":1611921208,"event":{"mods":["AchievementEnabler","Aspiration","BaseMod","Minty Spire (QoL Compilation)","StSLib","[IsaacMod]ÒÔÈö¼âËþ"],"gold_per_floor":[112,112,112,36,36,36,111,124,206,206,216,227,246,321,321,321,321],"floor_reached":16,"language":"ZHS","playtime":412,"items_purged":[],"score":90,"play_id":"066ac0c4-d81b-44e9-814a-1e5e023600ec","local_time":"20210129195328","is_ascension_mode":false,"campfire_choices":[{"data":"Dropkick","floor":6.0,"key":"SMITH"},{"floor":15.0,"key":"REST"}],"circlet_count":0,"master_deck":["Strike_R","Strike_R","Strike_R","Strike_R","Strike_R","Defend_R","Defend_R","Defend_R","Defend_R","Bash","Fire Breathing+1","Dropkick+1"],"relics":["Burning Blood","HushsDoor","Ancient Tea Set","GuppysTail","aspiration:BabyByrd","Blue Candle","SatanicBible"],"acts_visited":["Exordium"],"potions_floor_usage":[],"damage_taken":[{"damage":6.0,"enemies":"Jaw Worm","floor":1.0,"turns":5.0},{"damage":2.0,"enemies":"2 Louse","floor":8.0,"turns":3.0},{"damage":5.0,"enemies":"Cultist","floor":11.0,"turns":4.0},{"damage":28.0,"enemies":"Exordium Wildlife","floor":12.0,"turns":7.0},{"damage":10.0,"enemies":"2 Fungi Beasts","floor":13.0,"turns":3.0},{"damage":66,"enemies":"The Guardian","floor":16,"turns":14}],"seed_played":"-5384479844116710658","potions_obtained":[{"floor":13.0,"key":"Energy Potion"}],"is_trial":false,"path_per_floor":["M","?","?","$","?","R","?","M","T","?","M","M","M","?","R","B"],"character_chosen":"IRONCLAD","items_purchased":["Dropkick"],"campfire_rested":1,"item_purchase_floors":[4],"current_hp_per_floor":[80,85,85,85,85,85,77,81,81,74,75,53,49,38,63,0,0],"gold":321,"neow_bonus":"RANDOM_COMMON_RELIC","is_daily":false,"chose_seed":false,"campfire_upgraded":1,"win_rate":0.0,"timestamp":1611921208,"path_taken":["M","?","?","?","?","R","?","?","T","?","M","M","M","?","R","BOSS"],"items_purchased_type":["Card"],"build_version":"2020-12-22","purchased_purges":0,"victory":false,"max_hp_per_floor":[80,85,85,85,85,85,85,85,85,85,85,85,85,85,85,85,85],"card_choices":[{"not_picked":["Wild Strike","Armaments"],"picked":"Fire Breathing","floor":1.0},{"not_picked":["Flex","Body Slam","Burning Pact"],"picked":"SKIP","floor":8.0},{"not_picked":["Iron Wave","Perfected Strike","Bludgeon"],"picked":"SKIP","floor":11.0},{"not_picked":["Metallicize","Sever Soul","Warcry"],"picked":"SKIP","floor":12.0},{"not_picked":["Pommel Strike","Anger","Clothesline"],"picked":"SKIP","floor":13.0}],"player_experience":238497,"relics_obtained":[{"floor":9.0,"key":"Blue Candle"}],"event_choices":[{"damage_healed":0.0,"max_hp_gain":5.0,"max_hp_loss":0.0,"gold_gain":0.0,"event_name":"Big Fish","player_choice":"Donut","floor":2.0,"gold_loss":0.0,"damage_taken":0.0},{"damage_healed":0.0,"max_hp_gain":0.0,"max_hp_loss":0.0,"gold_gain":0.0,"event_name":"Upgrade Shrine","player_choice":"Upgraded","floor":3.0,"gold_loss":0.0,"damage_taken":0.0,"cards_upgraded":["Fire Breathing"]},{"damage_healed":0.0,"max_hp_gain":0.0,"max_hp_loss":0.0,"gold_gain":75.0,"event_name":"FaceTrader","player_choice":"Touch","floor":7.0,"gold_loss":0.0,"damage_taken":8.0},{"damage_healed":0.0,"max_hp_gain":0.0,"max_hp_loss":0.0,"gold_gain":0.0,"event_name":"Scrap Ooze","player_choice":"Success","floor":10.0,"gold_loss":0.0,"damage_taken":7.0,"relics_obtained":["SatanicBible"]},{"damage_healed":0.0,"max_hp_gain":0.0,"max_hp_loss":0.0,"gold_gain":75.0,"event_name":"World of Goop","player_choice":"Gather Gold","floor":14.0,"gold_loss":0.0,"damage_taken":11.0}],"is_beta":false,"boss_relics":[],"items_purged_floors":[],"is_endless":false,"potions_floor_spawned":[13],"killed_by":"The Guardian","ascension_level":0}}