{"host":"1vzdexsn8vtq5lt7","time":1611931196,"event":{"mods":["Act Like it!","BaseMod","Colored Map","Colored Powertips","Conspire","Downfall","Easy Mod","Energized Spire","Minty Spire (QoL Compilation)","Quick Restart","Relic Stats","Replay The Spire","StSLib","SuperFastMode","TestMod","【功能Mod】Neow奖励","【功能Mod】混沌之环修复补丁","【功能Mod】精心准备","【遗物卡牌】REMEMod","没有小屋子和绿帽子啦"],"gold_per_floor":[99,116,133,143,170,195,195,105,145,145,175,204,260,289,316,316,316,316],"floor_reached":16,"language":"ZHS","playtime":734,"items_purged":["hexamod:Defend"],"score":164,"play_id":"3ad9be35-0c8c-4e8c-9f66-fa2c5abfa429","local_time":"20210129223956","is_ascension_mode":true,"campfire_choices":[{"data":"hexamod:Sear","floor":1.0,"key":"SMITH"},{"data":"hexamod:RetreatToShadows","floor":10.0,"key":"SMITH"}],"circlet_count":0,"master_deck":["EasyMod:card_1","hexamod:Strike","hexamod:Strike","hexamod:Strike+1","hexamod:Strike+1","hexamod:Defend","hexamod:Defend","hexamod:Defend+1","hexamod:Sear+1","hexamod:Float","hexamod:FifthSeal","hexamod:FirstSeal","hexamod:SixthSeal","hexamod:EmpoweredFlame+1","hexamod:SecondSeal","hexamod:ThermalTransfer+1","hexamod:FourthSeal","hexamod:GhostShield","hexamod:ThirdSeal","hexamod:Rewind+1","hexamod:FifthSeal","hexamod:RetreatToShadows+1","hexamod:GhostLash","hexamod:NightmareGuise","hexamod:RecurringNightmare","hexamod:HeatShield"],"relics":["hexamod:SpiritBrand","EasyMod:Easy_8","EasyMod:Easy_4","testmod-TestBox","REME_ComplimentaryCards","testmod-EqualTreatment","Blue Candle","Replay:Bottled Flurry","Akabeko","REME_LimitBreaker"],"acts_visited":["Exordium"],"potions_floor_usage":[15,15,15,16],"damage_taken":[{"damage":0.0,"enemies":"Cultist","floor":2.0,"turns":5.0},{"damage":14.0,"enemies":"Jaw Worm","floor":3.0,"turns":4.0},{"damage":1.0,"enemies":"conspire:RoseBush","floor":4.0,"turns":5.0},{"damage":0.0,"enemies":"Large Slime","floor":5.0,"turns":6.0},{"damage":7.0,"enemies":"Red Slaver","floor":6.0,"turns":4.0},{"damage":1.0,"enemies":"downfall:FleeingMerchant","floor":8.0,"turns":4.0},{"damage":27.0,"enemies":"Lagavulin","floor":9.0,"turns":8.0},{"damage":8.0,"enemies":"Gremlin Nob","floor":11.0,"turns":5.0},{"damage":15.0,"enemies":"Blue Slaver","floor":12.0,"turns":5.0},{"damage":0.0,"enemies":"3 Sentries","floor":14.0,"turns":3.0},{"damage":2,"enemies":"Exordium Thugs","floor":15,"turns":5},{"damage":33,"enemies":"WA_ARCHETYPE_RETAIN","floor":16,"turns":4}],"seed_played":"-5001265642020094399","potions_obtained":[{"floor":2.0,"key":"DistilledChaos"},{"floor":3.0,"key":"Energy Potion"},{"floor":6.0,"key":"testmod-TestPotion"},{"floor":8.0,"key":"LifebloodPotion"},{"floor":9.0,"key":"SpeedPotion"},{"floor":11.0,"key":"SkillPotion"},{"floor":12.0,"key":"Flashbang"},{"floor":13.0,"key":"testmod-SpacePotion"},{"floor":13.0,"key":"champ:CounterPotion"},{"floor":14.0,"key":"testmod-EscapePotion"},{"floor":14.0,"key":"DistilledChaos"},{"floor":15,"key":"Fire Potion"},{"floor":15,"key":"Energy Potion"}],"is_trial":false,"path_per_floor":["R","M","M","M","M","M","T","$","E","R","E","M","?","E","M","B"],"character_chosen":"THE_SPIRIT","items_purchased":[],"campfire_rested":0,"item_purchase_floors":[],"current_hp_per_floor":[35,35,31,35,35,35,35,34,17,17,35,30,22,22,30,0,0,0],"gold":316,"neow_bonus":"ONE_RANDOM_RARE_CARD","is_daily":false,"chose_seed":false,"campfire_upgraded":2,"win_rate":0.0,"timestamp":1611931196,"path_taken":["R","M","M","M","M","M","T","$","E","R","E","?","?","E","M","BOSS"],"items_purchased_type":[],"build_version":"2020-12-22","purchased_purges":1,"victory":false,"max_hp_per_floor":[35,35,35,35,35,35,35,35,35,35,35,35,35,35,35,35,35,35],"relic_stats":{"counters":[12,58],"Blue Candle":[0],"obtain_stats":[{"EasyMod:Easy_4":0,"testmod-TestBox":0,"EasyMod:Easy_8":0,"Blue Candle":7,"testmod-EqualTreatment":0,"Replay:Bottled Flurry":11,"REME_LimitBreaker":14,"hexamod:SpiritBrand":0,"Akabeko":13,"REME_ComplimentaryCards":0},{"EasyMod:Easy_4":0,"testmod-TestBox":0,"EasyMod:Easy_8":0,"Blue Candle":5,"testmod-EqualTreatment":0,"Replay:Bottled Flurry":8,"REME_LimitBreaker":10,"hexamod:SpiritBrand":0,"Akabeko":9,"REME_ComplimentaryCards":0},{"EasyMod:Easy_4":0,"testmod-TestBox":0,"EasyMod:Easy_8":0,"Blue Candle":24,"testmod-EqualTreatment":0,"Replay:Bottled Flurry":41,"REME_LimitBreaker":49,"hexamod:SpiritBrand":0,"Akabeko":46,"REME_ComplimentaryCards":0}]},"card_choices":[{"not_picked":["hexamod:ThirdSeal","hexamod:SecondSeal"],"picked":"hexamod:FirstSeal","floor":2.0},{"not_picked":["hexamod:Firestarter","hexamod:Incineration","hexamod:HauntingEcho"],"picked":"SKIP","floor":2.0},{"not_picked":["hexamod:ThirdSeal","hexamod:FirstSeal"],"picked":"hexamod:SixthSeal","floor":3.0},{"not_picked":["hexamod:EtherealExpedition","hexamod:SpectralAdrenaline"],"picked":"hexamod:EmpoweredFlame","floor":3.0},{"not_picked":["hexamod:FirstSeal","hexamod:ThirdSeal"],"picked":"hexamod:SecondSeal","floor":4.0},{"not_picked":["hexamod:SuperheatedStrike","hexamod:SkipABeat"],"picked":"hexamod:ThermalTransfer","floor":4.0},{"not_picked":["hexamod:ThirdSeal","hexamod:SecondSeal"],"picked":"hexamod:FourthSeal","floor":5.0},{"not_picked":["hexamod:BacktrackSmack","hexamod:FlamesFromBeyond","hexamod:ShieldOfDarkness"],"picked":"SKIP","floor":5.0},{"not_picked":["hexamod:BacktrackSmack","hexamod:FlamesFromBeyond","hexamod:ShieldOfDarkness"],"picked":"SKIP","floor":5.0},{"not_picked":["hexamod:RadiantFlame","hexamod:EmpoweredFlame"],"picked":"hexamod:GhostShield","floor":6.0},{"not_picked":["hexamod:FourthSeal","hexamod:SixthSeal"],"picked":"hexamod:ThirdSeal","floor":8.0},{"not_picked":["hexamod:ShieldOfDarkness","hexamod:BacktrackSmack"],"picked":"hexamod:Rewind","floor":8.0},{"not_picked":["hexamod:NecessarySacrifice","hexamod:GhostShield"],"picked":"hexamod:RetreatToShadows","floor":9.0},{"not_picked":["hexamod:GhostOfSpirePast","hexamod:SpectralAdrenaline","hexamod:ThermalTransfer"],"picked":"SKIP","floor":9.0},{"not_picked":["hexamod:GhostOfSpirePast","hexamod:ThermalTransfer"],"picked":"hexamod:GhostLash","floor":11.0},{"not_picked":["hexamod:SkipABeat","hexamod:InspiringFlames","hexamod:RetreatToShadows"],"picked":"SKIP","floor":11.0},{"not_picked":["hexamod:GhostShield","hexamod:ThermalTransfer"],"picked":"hexamod:NightmareGuise","floor":12.0},{"not_picked":["hexamod:SecondSeal","hexamod:InspiringFlames"],"picked":"hexamod:RecurringNightmare","floor":13.0},{"not_picked":["hexamod:GhostOfSpirePast","hexamod:Firestarter","hexamod:Incineration"],"picked":"SKIP","floor":14.0},{"not_picked":["hexamod:FastForward","hexamod:ShieldOfDarkness"],"picked":"hexamod:HeatShield","floor":15}],"player_experience":244982,"relics_obtained":[{"floor":7.0,"key":"Blue Candle"},{"floor":11.0,"key":"Replay:Bottled Flurry"},{"floor":13.0,"key":"Akabeko"},{"floor":14.0,"key":"REME_LimitBreaker"}],"event_choices":[],"is_beta":false,"boss_relics":[],"items_purged_floors":[8],"is_endless":false,"potions_floor_spawned":[2,3,11,14,15],"killed_by":"WA_ARCHETYPE_RETAIN","ascension_level":2}}