{"host":"z2o61o1qvcmvhuul","time":1611880264,"event":{"mods":["BaseMod","Minty Spire (QoL Compilation)","Quick Restart","StSLib","SuperFastMode"],"gold_per_floor":[111,122,47,67,67,67,80,94,94,94,113,113,143,43,43,140,140,160,210,229,104,116,116,130,130,130,142,142,172,191,216,216,318,318,337,337,347,347,357,392,403,431,431,441,21,21,52,69,69,69],"floor_reached":51,"language":"ZHS","playtime":2367,"items_purged":["Defend_G","Strike_G","Strike_G","Strike_G"],"score":1023,"play_id":"84577ace-1a31-438c-ad1c-823ed1d71a4a","local_time":"20210129083104","is_ascension_mode":true,"campfire_choices":[{"data":"Blade Dance","floor":6.0,"key":"SMITH"},{"data":"Accuracy","floor":10.0,"key":"SMITH"},{"data":"Acrobatics","floor":12.0,"key":"SMITH"},{"data":"Neutralize","floor":15.0,"key":"SMITH"},{"data":"Concentrate","floor":23.0,"key":"SMITH"},{"data":"Blade Dance","floor":25.0,"key":"SMITH"},{"data":"Wraith Form v2","floor":28.0,"key":"SMITH"},{"data":"Reflex","floor":32.0,"key":"SMITH"},{"data":"After Image","floor":46.0,"key":"SMITH"},{"floor":49,"key":"REST"}],"circlet_count":0,"master_deck":["Defend_G","Defend_G","Defend_G","Survivor","Neutralize+1","Blade Dance+1","Acrobatics+1","Endless Agony","PiercingWail","Accuracy+1","Concentrate+1","Wraith Form v2+1","Blade Dance+1","Reflex+1","Storm of Steel","After Image","PiercingWail+1","After Image+1","Acrobatics+1","Prepared+1","Envenom"],"relics":["Ring of the Snake","NeowsBlessing","Ornamental Fan","Odd Mushroom","Empty Cage","Meat on the Bone","White Beast Statue","Pantograph","Black Star","The Courier","Lantern","Bag of Marbles","Art of War","Ninja Scroll","Ancient Tea Set","Anchor","Oddly Smooth Stone","Orichalcum","StrikeDummy"],"acts_visited":["Exordium","TheCity","TheBeyond"],"potions_floor_usage":[50],"damage_taken":[{"damage":0.0,"enemies":"Cultist","floor":1.0,"turns":1.0},{"damage":0.0,"enemies":"Small Slimes","floor":2.0,"turns":1.0},{"damage":0.0,"enemies":"Jaw Worm","floor":4.0,"turns":1.0},{"damage":15.0,"enemies":"Large Slime","floor":7.0,"turns":5.0},{"damage":2.0,"enemies":"3 Louse","floor":8.0,"turns":4.0},{"damage":0.0,"enemies":"Lots of Slimes","floor":11.0,"turns":3.0},{"damage":0.0,"enemies":"The Mushroom Lair","floor":13.0,"turns":3.0},{"damage":22.0,"enemies":"The Guardian","floor":16.0,"turns":10.0},{"damage":5.0,"enemies":"3 Byrds","floor":18.0,"turns":5.0},{"damage":0.0,"enemies":"Chosen","floor":20.0,"turns":4.0},{"damage":3.0,"enemies":"Shelled Parasite and Fungi","floor":22.0,"turns":5.0},{"damage":0.0,"enemies":"Centurion and Healer","floor":24.0,"turns":4.0},{"damage":4.0,"enemies":"Snecko","floor":27.0,"turns":4.0},{"damage":7.0,"enemies":"Gremlin Leader","floor":29.0,"turns":6.0},{"damage":8.0,"enemies":"3 Cultists","floor":30.0,"turns":4.0},{"damage":2.0,"enemies":"Slavers","floor":31.0,"turns":3.0},{"damage":16.0,"enemies":"Collector","floor":33.0,"turns":7.0},{"damage":0.0,"enemies":"3 Darklings","floor":35.0,"turns":4.0},{"damage":0.0,"enemies":"Orb Walker","floor":37.0,"turns":3.0},{"damage":1.0,"enemies":"3 Darklings","floor":39.0,"turns":3.0},{"damage":0.0,"enemies":"Reptomancer","floor":40.0,"turns":5.0},{"damage":25.0,"enemies":"Writhing Mass","floor":41.0,"turns":5.0},{"damage":12.0,"enemies":"Nemesis","floor":42.0,"turns":7.0},{"damage":0.0,"enemies":"Maw","floor":44.0,"turns":5.0},{"damage":0.0,"enemies":"Reptomancer","floor":47.0,"turns":3.0},{"damage":1,"enemies":"4 Shapes","floor":48,"turns":5},{"damage":0,"enemies":"Donu and Deca","floor":50,"turns":5}],"seed_played":"3933271751785962751","potions_obtained":[{"floor":4.0,"key":"ColorlessPotion"},{"floor":7.0,"key":"GamblersBrew"},{"floor":8.0,"key":"GamblersBrew"},{"floor":13.0,"key":"GhostInAJar"},{"floor":16.0,"key":"Explosive Potion"},{"floor":22.0,"key":"Regen Potion"},{"floor":24.0,"key":"SteroidPotion"},{"floor":30.0,"key":"Regen Potion"},{"floor":31.0,"key":"SpeedPotion"},{"floor":33.0,"key":"Regen Potion"},{"floor":35.0,"key":"EssenceOfSteel"},{"floor":39.0,"key":"DistilledChaos"},{"floor":40.0,"key":"FearPotion"},{"floor":41.0,"key":"EssenceOfSteel"},{"floor":42.0,"key":"DuplicationPotion"}],"is_trial":false,"path_per_floor":["M","M","$","M","?","R","M","M","T","R","M","R","?","$","R","B",null,"M","?","M","$","M","R","M","R","T","M","R","E","M","E","R","B",null,"M","?","M","?","M","E","M","E","T","M","$","R","E","M","R","B",null],"character_chosen":"THE_SILENT","items_purchased":["GamblersBrew","Anchor","Oddly Smooth Stone"],"campfire_rested":1,"item_purchase_floors":[45,45,45],"current_hp_per_floor":[70,70,70,70,75,75,60,58,58,58,58,58,58,58,58,36,75,70,70,70,70,67,67,67,67,67,63,63,56,48,46,46,75,75,75,75,75,75,74,74,49,49,49,49,49,49,49,48,70,75],"gold":69,"neow_bonus":"THREE_ENEMY_KILL","is_daily":false,"chose_seed":false,"campfire_upgraded":9,"win_rate":0.0,"timestamp":1611880264,"path_taken":["M","?","?","M","?","R","M","?","T","R","M","R","?","$","R","BOSS","M","?","?","?","M","R","M","R","T","M","R","E","?","E","R","BOSS","M","?","M","?","M","E","M","E","T","M","$","R","E","M","R","BOSS"],"items_purchased_type":["Potion","Relic","Relic"],"build_version":"2020-12-22","purchased_purges":4,"victory":true,"max_hp_per_floor":[70,70,70,70,75,75,75,75,75,75,75,75,75,75,75,75,75,75,75,75,75,75,75,75,75,75,75,75,75,75,75,75,75,75,75,75,75,75,75,75,75,75,75,75,75,75,75,75,75,75],"card_choices":[{"not_picked":["Tactician","PiercingWail"],"picked":"Blade Dance","floor":1.0},{"not_picked":["Catalyst","Slice"],"picked":"Acrobatics","floor":2.0},{"not_picked":["Dagger Throw","Deadly Poison"],"picked":"Endless Agony","floor":4.0},{"not_picked":["Heel Hook","Dodge and Roll"],"picked":"PiercingWail","floor":7.0},{"not_picked":["Finisher","Escape Plan"],"picked":"Accuracy","floor":8.0},{"not_picked":["Infinite Blades","Bouncing Flask","Flying Knee"],"picked":"SKIP","floor":11.0},{"not_picked":["Infinite Blades","Bouncing Flask","Flying Knee"],"picked":"SKIP","floor":11.0},{"not_picked":["Prepared","Flechettes"],"picked":"Concentrate","floor":13.0},{"not_picked":["Storm of Steel","A Thousand Cuts"],"picked":"Wraith Form v2","floor":16.0},{"not_picked":["Underhanded Strike+1","Dodge and Roll","Distraction"],"picked":"SKIP","floor":18.0},{"not_picked":["Dagger Throw","Bane"],"picked":"Blade Dance","floor":20.0},{"not_picked":["Prepared","Dagger Spray+1"],"picked":"Reflex","floor":22.0},{"not_picked":["Dash","Poisoned Stab","Bane"],"picked":"SKIP","floor":24.0},{"not_picked":["Blade Dance","Leg Sweep","Deflect"],"picked":"SKIP","floor":27.0},{"not_picked":["Dagger Throw","Backflip+1","Bane"],"picked":"SKIP","floor":29.0},{"not_picked":["Sucker Punch","Choke"],"picked":"Storm of Steel","floor":30.0},{"not_picked":["Dagger Spray","Bane+1","Dagger Throw"],"picked":"SKIP","floor":31.0},{"not_picked":["Storm of Steel","Corpse Explosion"],"picked":"After Image","floor":33.0},{"not_picked":["Flying Knee+1","Deflect"],"picked":"PiercingWail+1","floor":35.0},{"not_picked":["Expertise","Slice","Deflect"],"picked":"SKIP","floor":37.0},{"not_picked":["All Out Attack+1","Dodge and Roll","Dagger Throw"],"picked":"SKIP","floor":39.0},{"not_picked":["Deadly Poison+1","Acrobatics+1"],"picked":"After Image","floor":40.0},{"not_picked":["Finisher","Bane+1"],"picked":"Acrobatics+1","floor":41.0},{"not_picked":["Infinite Blades","Backflip+1","Distraction+1"],"picked":"SKIP","floor":42.0},{"not_picked":["Escape Plan+1","Blade Dance"],"picked":"Prepared+1","floor":44.0},{"not_picked":["Acrobatics","Bane+1"],"picked":"Envenom","floor":47.0},{"not_picked":["Deadly Poison+1","Acrobatics","Underhanded Strike"],"picked":"SKIP","floor":48}],"player_experience":313091,"relics_obtained":[{"floor":9.0,"key":"Ornamental Fan"},{"floor":13.0,"key":"Odd Mushroom"},{"floor":26.0,"key":"Meat on the Bone"},{"floor":29.0,"key":"White Beast Statue"},{"floor":31.0,"key":"Pantograph"},{"floor":38.0,"key":"The Courier"},{"floor":40.0,"key":"Lantern"},{"floor":40.0,"key":"Bag of Marbles"},{"floor":42.0,"key":"Art of War"},{"floor":42.0,"key":"Ninja Scroll"},{"floor":43.0,"key":"Ancient Tea Set"},{"floor":47.0,"key":"Orichalcum"},{"floor":47.0,"key":"StrikeDummy"}],"event_choices":[{"damage_healed":0.0,"max_hp_gain":5.0,"max_hp_loss":0.0,"gold_gain":0.0,"event_name":"Big Fish","player_choice":"Donut","floor":5.0,"gold_loss":0.0,"damage_taken":0.0},{"damage_healed":0.0,"max_hp_gain":0.0,"max_hp_loss":0.0,"gold_gain":0.0,"event_name":"Mushrooms","player_choice":"Fought Mushrooms","floor":13.0,"gold_loss":0.0,"damage_taken":0.0},{"damage_healed":0.0,"max_hp_gain":0.0,"max_hp_loss":0.0,"gold_gain":100.0,"event_name":"The Joust","player_choice":"Bet on Murderer","floor":19.0,"gold_loss":50.0,"damage_taken":0.0},{"cards_removed":["Strike_G"],"damage_healed":0.0,"max_hp_gain":0.0,"max_hp_loss":0.0,"gold_gain":0.0,"event_name":"Falling","player_choice":"Removed Attack","floor":36.0,"gold_loss":0.0,"damage_taken":0.0},{"damage_healed":0.0,"max_hp_gain":0.0,"max_hp_loss":0.0,"gold_gain":0.0,"event_name":"Wheel of Change","player_choice":"Relic","floor":38.0,"gold_loss":0.0,"damage_taken":0.0}],"is_beta":false,"boss_relics":[{"not_picked":["SlaversCollar","Calling Bell"],"picked":"Empty Cage"},{"not_picked":["Velvet Choker","Sozu"],"picked":"Black Star"}],"items_purged_floors":[3,14,21,45],"is_endless":false,"potions_floor_spawned":[4,7,8,13,16,22,24,30,31,33,35,37,39,40,41,42,44,47,48],"ascension_level":3}}