{"host":"vyjryxuuuxkt43k4","time":1611891474,"event":{"mods":["AchievementEnabler","BaseMod","Colored Map","DeckTracker","Keyboard Shortcuts","Minty Spire (QoL Compilation)","Permanent Neow","Quick Restart","Rare Cards Sparkle","StSLib","SuperFastMode","everything is the same but u backflip on backflip"],"gold_per_floor":[109,109,129,140,156,156,187,205,232,245,35,55,73,89,89,192,192,206,40,60,77,2,2,2,29,75,87,87,87,87,115,115,212,212,227,56,102,119,132,163,163,183,210,245,245,245,119,133,133,133,133],"floor_reached":50,"language":"KOR","playtime":4700,"items_purged":["Strike_P","Swivel","Wireheading"],"score":605,"play_id":"420cdae4-2cae-4eae-8a1a-64f372e69d64","local_time":"20210129123754","is_ascension_mode":true,"campfire_choices":[{"data":"WheelKick","floor":6.0,"key":"SMITH"},{"data":"EmptyFist","floor":15.0,"key":"SMITH"},{"data":"Apotheosis","floor":23.0,"key":"SMITH"},{"floor":28,"key":"REST"},{"data":"Vault","floor":30,"key":"SMITH"},{"floor":32,"key":"REST"},{"data":"MentalFortress","floor":41,"key":"SMITH"},{"data":"Adaptation","floor":45,"key":"SMITH"},{"floor":49,"key":"REST"}],"circlet_count":0,"master_deck":["Eruption+1","Vigilance","Halt","Indignation","WheelKick+1","Wallop","EmptyFist+1","ConjureBlade","MentalFortress","WindmillStrike","WaveOfTheHand","Apotheosis+1","Consecrate+1","Crescendo+1","Vault+1","Blasphemy","Prostrate+1","InnerPeace","Halt+1","MentalFortress+1","Adaptation+1"],"relics":["PureWater","Art of War","Nunchaku","Membership Card","Pandora\u0027s Box","Vajra","Red Mask","Bag of Preparation","Smiling Mask","Philosopher\u0027s Stone","Meat on the Bone","Torii","Toy Ornithopter","Juzu Bracelet","Potion Belt","Strange Spoon"],"acts_visited":["Exordium","TheCity","TheBeyond"],"potions_floor_usage":[27,37,50],"damage_taken":[{"damage":7.0,"enemies":"Jaw Worm","floor":1.0,"turns":4.0},{"damage":2.0,"enemies":"Small Slimes","floor":3.0,"turns":3.0},{"damage":0.0,"enemies":"2 Louse","floor":4.0,"turns":2.0},{"damage":16.0,"enemies":"Exordium Thugs","floor":5.0,"turns":5.0},{"damage":12.0,"enemies":"Lagavulin","floor":7.0,"turns":4.0},{"damage":0.0,"enemies":"3 Louse","floor":8.0,"turns":4.0},{"damage":0.0,"enemies":"Exordium Wildlife","floor":10.0,"turns":2.0},{"damage":2.0,"enemies":"Large Slime","floor":12.0,"turns":2.0},{"damage":1.0,"enemies":"Blue Slaver","floor":13.0,"turns":2.0},{"damage":0.0,"enemies":"2 Fungi Beasts","floor":14.0,"turns":3.0},{"damage":6.0,"enemies":"The Guardian","floor":16.0,"turns":9.0},{"damage":1.0,"enemies":"Chosen","floor":18.0,"turns":3.0},{"damage":11.0,"enemies":"Spheric Guardian","floor":20.0,"turns":4.0},{"damage":0.0,"enemies":"3 Cultists","floor":21.0,"turns":3.0},{"damage":4.0,"enemies":"Masked Bandits","floor":25.0,"turns":2.0},{"damage":25,"enemies":"Shelled Parasite and Fungi","floor":27,"turns":3},{"damage":16,"enemies":"Gremlin Leader","floor":31,"turns":4},{"damage":30,"enemies":"Champ","floor":33,"turns":9},{"damage":0,"enemies":"3 Shapes","floor":35,"turns":3},{"damage":49,"enemies":"2 Orb Walkers","floor":37,"turns":6},{"damage":0,"enemies":"Orb Walker","floor":38,"turns":3},{"damage":0,"enemies":"Jaw Worm Horde","floor":39,"turns":3},{"damage":17,"enemies":"Giant Head","floor":40,"turns":7},{"damage":0,"enemies":"Transient","floor":42,"turns":6},{"damage":7,"enemies":"Reptomancer","floor":44,"turns":4},{"damage":6,"enemies":"Maw","floor":48,"turns":7},{"damage":100000,"enemies":"Time Eater","floor":50,"turns":5}],"seed_played":"3925474942375268073","potions_obtained":[{"floor":3.0,"key":"SpeedPotion"},{"floor":5.0,"key":"Dexterity Potion"},{"floor":7.0,"key":"LiquidBronze"},{"floor":10.0,"key":"LiquidBronze"},{"floor":12.0,"key":"Explosive Potion"},{"floor":13.0,"key":"BottledMiracle"},{"floor":16.0,"key":"Regen Potion"},{"floor":21.0,"key":"SmokeBomb"},{"floor":33,"key":"SkillPotion"},{"floor":39,"key":"BottledMiracle"},{"floor":48,"key":"Explosive Potion"}],"is_trial":false,"path_per_floor":["M","?","M","M","M","R","E","M","T","M","$","M","M","M","R","B",null,"M","$","M","M","?","R","$","?","T","M","R","?","R","E","R","B",null,"M","$","?","M","M","E","R","M","T","E","R","?","$","M","R","B"],"character_chosen":"WATCHER","items_purchased":["Membership Card","Wallop","Apotheosis","Vajra","Meat on the Bone","Strange Spoon"],"campfire_rested":3,"item_purchase_floors":[11,11,19,19,36,47],"current_hp_per_floor":[65,58,56,56,40,40,28,28,28,28,28,26,25,25,25,19,72,71,71,60,60,60,60,60,56,56,36,57,57,57,41,62,32,72,72,72,35,47,47,42,42,42,42,47,47,47,47,41,62,0,0],"gold":133,"neow_bonus":"UPGRADE_CARD","is_daily":false,"chose_seed":false,"campfire_upgraded":6,"win_rate":0.0,"timestamp":1611891474,"path_taken":["M","?","M","M","M","R","E","M","T","M","$","M","M","M","R","BOSS","M","$","M","M","?","R","$","?","T","M","R","?","R","E","R","BOSS","M","$","?","M","M","E","R","M","T","E","R","?","$","M","R","BOSS"],"items_purchased_type":["Relic","Card","Card","Relic","Relic","Relic"],"build_version":"2020-12-22","purchased_purges":3,"victory":false,"max_hp_per_floor":[72,72,72,72,72,72,72,72,72,72,72,72,72,72,72,72,72,72,72,72,72,72,72,72,72,72,72,72,72,72,72,72,72,72,72,72,72,72,72,72,72,72,72,72,72,72,72,72,72,72,72],"card_choices":[{"not_picked":["Crescendo","JustLucky","PathToVictory"],"picked":"SKIP","floor":1.0},{"not_picked":["ThirdEye","JustLucky"],"picked":"Halt","floor":3.0},{"not_picked":["Consecrate","SignatureMove"],"picked":"Indignation","floor":4.0},{"not_picked":["ClearTheMind","Crescendo"],"picked":"WheelKick","floor":5.0},{"not_picked":["WaveOfTheHand","Consecrate","WindmillStrike"],"picked":"SKIP","floor":7.0},{"not_picked":["ClearTheMind","CarveReality","BowlingBash"],"picked":"SKIP","floor":8.0},{"not_picked":["Sanctity","WreathOfFlame","Wireheading"],"picked":"SKIP","floor":10.0},{"not_picked":["DeceiveReality","Ragnarok"],"picked":"EmptyFist","floor":12.0},{"not_picked":["FollowUp","Fasting2","EmptyFist"],"picked":"SKIP","floor":13.0},{"not_picked":["Prostrate","ThirdEye","Conclude"],"picked":"SKIP","floor":14.0},{"not_picked":["SpiritShield","Alpha"],"picked":"ConjureBlade","floor":16.0},{"not_picked":["EmptyFist+1","PathToVictory","DeceiveReality+1"],"picked":"SKIP","floor":18.0},{"not_picked":["FlyingSleeves","Nirvana","Wireheading"],"picked":"SKIP","floor":20.0},{"not_picked":["Protect","Evaluate"],"picked":"Consecrate+1","floor":21.0},{"not_picked":["ClearTheMind","Wireheading"],"picked":"Crescendo+1","floor":27},{"not_picked":["LessonLearned","CarveReality","BowlingBash"],"picked":"SKIP","floor":31},{"not_picked":["Wish","DeusExMachina"],"picked":"Blasphemy","floor":33},{"not_picked":["BowlingBash","ClearTheMind"],"picked":"Prostrate+1","floor":35},{"not_picked":["Sanctity","Meditate"],"picked":"FlurryOfBlows+1","floor":37},{"not_picked":["PathToVictory","ThirdEye"],"picked":"InnerPeace","floor":38},{"not_picked":["EmptyFist+1","FlyingSleeves+1"],"picked":"Halt+1","floor":39},{"not_picked":["Alpha","WaveOfTheHand"],"picked":"MentalFortress","floor":40},{"not_picked":["Meditate","LikeWater"],"picked":"Adaptation","floor":42},{"not_picked":["BowlingBash","FollowUp+1","EmptyFist"],"picked":"SKIP","floor":44},{"not_picked":["EmptyBody","SandsOfTime","ThirdEye+1"],"picked":"SKIP","floor":48}],"player_experience":470699,"relics_obtained":[{"floor":7.0,"key":"Art of War"},{"floor":9.0,"key":"Nunchaku"},{"floor":25.0,"key":"Red Mask"},{"floor":26.0,"key":"Bag of Preparation"},{"floor":31,"key":"Smiling Mask"},{"floor":37,"key":"Torii"},{"floor":40,"key":"Toy Ornithopter"},{"floor":43,"key":"Juzu Bracelet"},{"floor":44,"key":"Potion Belt"}],"event_choices":[{"cards_removed":["Defend_P"],"damage_healed":0.0,"max_hp_gain":0.0,"max_hp_loss":0.0,"gold_gain":0.0,"event_name":"Golden Wing","player_choice":"Card Removal","floor":2.0,"gold_loss":0.0,"damage_taken":7.0},{"cards_removed":["Consecrate"],"damage_healed":0.0,"max_hp_gain":0.0,"max_hp_loss":0.0,"gold_gain":0.0,"event_name":"Beggar","player_choice":"Gave Gold","floor":22.0,"gold_loss":75.0,"damage_taken":0.0},{"damage_healed":0.0,"max_hp_gain":0.0,"max_hp_loss":0.0,"gold_gain":0.0,"event_name":"Masked Bandits","player_choice":"Fought Bandits","floor":25.0,"gold_loss":0.0,"damage_taken":0.0},{"damage_healed":0,"gold_gain":0,"player_choice":"Read","damage_taken":0,"max_hp_gain":0,"max_hp_loss":0,"event_name":"The Library","floor":29,"gold_loss":0,"cards_obtained":["Vault"]},{"damage_healed":0,"gold_gain":0,"player_choice":"Fight","damage_taken":0,"max_hp_gain":0,"max_hp_loss":0,"event_name":"Mysterious Sphere","floor":37,"gold_loss":0},{"cards_removed":["FlurryOfBlows"],"damage_healed":0,"gold_gain":0,"player_choice":"Removed Attack","damage_taken":0,"max_hp_gain":0,"max_hp_loss":0,"event_name":"Falling","floor":46,"gold_loss":0}],"is_beta":false,"boss_relics":[{"not_picked":["Runic Pyramid","Snecko Eye"],"picked":"Pandora\u0027s Box"},{"not_picked":["Runic Dome","Astrolabe"],"picked":"Philosopher\u0027s Stone"}],"items_purged_floors":[11,36,47],"is_endless":false,"potions_floor_spawned":[3,5,7,10,12,13,16,18,21,33,39,48],"killed_by":"Time Eater","ascension_level":3}}