{"host":"vumwfieg2b2mnrfl","time":1611880006,"event":{"mods":["AchievementEnabler","BaseMod","Minty Spire (QoL Compilation)","Rare Cards Sparkle","Relic Stats"],"gold_per_floor":[115,127,127,147,165,165,90,118,141,141,160,160,187,197,197,272,272,292,292,262,9,9,9],"floor_reached":22,"language":"ENG","playtime":894,"items_purged":["Strike_R","Defend_R"],"score":467,"play_id":"09aaa919-888a-4a0e-ac88-cbbe09ad58ae","local_time":"20210128182646","is_ascension_mode":true,"campfire_choices":[{"data":"Apotheosis","floor":6,"key":"SMITH"},{"floor":10,"key":"REST"},{"data":"Barricade","floor":15,"key":"SMITH"}],"circlet_count":0,"master_deck":["AscendersBane","Strike_R","Strike_R","Strike_R","Defend_R","Defend_R","Defend_R","Bash","Apotheosis+1","Shrug It Off","Rampage","Bash","Barricade+1","Clash","Iron Wave","Shrug It Off","Body Slam","Demon Form","Body Slam+1","Spot Weakness","Reaper"],"relics":["Burning Blood","Pen Nib","Omamori","Regal Pillow","SlaversCollar"],"acts_visited":["Exordium","TheCity"],"potions_floor_usage":[5,16,22,22,22],"damage_taken":[{"damage":7,"enemies":"Jaw Worm","floor":1,"turns":5},{"damage":3,"enemies":"Cultist","floor":2,"turns":5},{"damage":3,"enemies":"2 Louse","floor":4,"turns":4},{"damage":16,"enemies":"Lots of Slimes","floor":5,"turns":6},{"damage":46,"enemies":"3 Sentries","floor":8,"turns":16},{"damage":0,"enemies":"Red Slaver","floor":11,"turns":4},{"damage":0,"enemies":"Lagavulin","floor":13,"turns":9},{"damage":20,"enemies":"Gremlin Gang","floor":14,"turns":7},{"damage":6,"enemies":"The Guardian","floor":16,"turns":8},{"damage":15,"enemies":"Shell Parasite","floor":18,"turns":13},{"damage":23,"enemies":"2 Thieves","floor":20,"turns":4},{"damage":55,"enemies":"Sentry and Sphere","floor":22,"turns":5}],"seed_played":"-8494850403207726312","potions_obtained":[{"floor":1,"key":"Block Potion"},{"floor":8,"key":"DuplicationPotion"},{"floor":11,"key":"BlessingOfTheForge"},{"floor":20,"key":"EntropicBrew"}],"is_trial":false,"path_per_floor":["M","M","?","M","M","R","$","E","T","R","M","?","E","M","R","B",null,"M","?","M","$","M"],"character_chosen":"IRONCLAD","items_purchased":["Reaper"],"campfire_rested":1,"item_purchase_floors":[21],"current_hp_per_floor":[67,68,68,68,58,58,58,18,18,38,44,44,50,36,36,36,60,51,68,51,51,0,0],"gold":9,"neow_bonus":"RANDOM_COLORLESS_2","is_daily":false,"chose_seed":false,"campfire_upgraded":2,"win_rate":0.0,"timestamp":1611880006,"path_taken":["M","M","?","?","M","R","?","E","T","R","?","?","E","M","R","BOSS","M","?","?","?","?"],"items_purchased_type":["Card"],"build_version":"2020-12-22","purchased_purges":2,"victory":false,"max_hp_per_floor":[68,68,68,68,68,68,68,68,68,68,68,68,68,68,68,68,68,68,68,68,68,68,68],"relic_stats":{"Regal Pillow":0,"counters":[12,86],"Pen Nib":[5],"obtain_stats":[{"SlaversCollar":17,"Regal Pillow":13,"Pen Nib":8,"Omamori":9,"Burning Blood":0},{"SlaversCollar":9,"Regal Pillow":7,"Pen Nib":5,"Omamori":5,"Burning Blood":0},{"SlaversCollar":64,"Regal Pillow":49,"Pen Nib":36,"Omamori":36,"Burning Blood":0}],"Burning Blood":61},"card_choices":[{"not_picked":["Chrysalis","Magnetism"],"picked":"Apotheosis","floor":0},{"not_picked":["Heavy Blade","True Grit"],"picked":"Shrug It Off","floor":1},{"not_picked":["Seeing Red","Anger"],"picked":"Rampage","floor":2},{"not_picked":["Anger","Warcry","Barricade"],"picked":"SKIP","floor":4},{"not_picked":["Havoc","Power Through","Twin Strike"],"picked":"SKIP","floor":5},{"not_picked":["Rupture","Fire Breathing"],"picked":"Clash","floor":8},{"not_picked":["Rupture","Pommel Strike"],"picked":"Iron Wave","floor":11},{"not_picked":["Headbutt","Reckless Charge"],"picked":"Shrug It Off","floor":13},{"not_picked":["Fire Breathing","Clothesline"],"picked":"Body Slam","floor":14},{"not_picked":["Exhume","Brutality"],"picked":"Demon Form","floor":16},{"not_picked":["Evolve","Sword Boomerang"],"picked":"Body Slam+1","floor":18},{"not_picked":["Rampage","Warcry"],"picked":"Spot Weakness","floor":20}],"player_experience":488174,"relics_obtained":[{"floor":8,"key":"Pen Nib"},{"floor":9,"key":"Omamori"},{"floor":13,"key":"Regal Pillow"}],"event_choices":[{"damage_healed":0,"gold_gain":0,"player_choice":"2 cards matched","damage_taken":0,"max_hp_gain":0,"max_hp_loss":0,"event_name":"Match and Keep!","floor":3,"gold_loss":0,"cards_obtained":["Bash","Barricade"]},{"damage_healed":0,"gold_gain":0,"cards_transformed":["Strike_R"],"player_choice":"Change","damage_taken":0,"max_hp_gain":0,"max_hp_loss":0,"event_name":"Living Wall","floor":12,"gold_loss":0,"cards_obtained":["Second Wind"]},{"cards_removed":["Second Wind"],"damage_healed":17,"gold_gain":0,"player_choice":"Offered Uncommon","damage_taken":0,"max_hp_gain":0,"max_hp_loss":0,"event_name":"Bonfire Elementals","floor":19,"gold_loss":0}],"is_beta":false,"boss_relics":[{"not_picked":["Coffee Dripper","Empty Cage"],"picked":"SlaversCollar"}],"items_purged_floors":[7,21],"is_endless":false,"potions_floor_spawned":[1,8,11,20],"killed_by":"Sentry and Sphere","ascension_level":18}}