{"host":"36zn1fhase90d3ns","time":1611954491,"event":{"mods":["2.2 Compatiblity","AchievementEnabler","Act Like it!","Aspiration","BaseMod","BetterRewards","Block Reminder","Colored Map","Colored Powertips","Conspire","Curses Come First","Custom Start","Energized Spire","Friendly Minions","Halation","Hermit","Hubris","Minty Spire (QoL Compilation)","Prisma Mod","Quick Restart","Relic Sorter","Replay The Spire","Shade Mod","Spicy Shops","StSLib","The Necromancer","Unceasing Turn Reminder","Yohane!"],"gold_per_floor":[119,119,133,133,143,143,143,143],"floor_reached":7,"language":"ENG","playtime":331,"items_purged":["Strike_G","Strike_G","Strike_G"],"score":51,"play_id":"e26d19ad-15b8-404b-9fc8-54d8e192ff00","local_time":"20210129150811","is_ascension_mode":true,"campfire_choices":[{"data":"Defend_G","floor":6,"key":"SMITH"},{"data":"Defend_G","floor":6,"key":"SMITH"}],"circlet_count":0,"master_deck":["Strike_G","Strike_G","Defend_G+1","Defend_G+1","Defend_G","Defend_G","Defend_G","Survivor","Neutralize"],"relics":["Ring of the Snake","aspiration:SeaSaltIceCream","Replay:Arrowhead","PreservedInsect"],"acts_visited":["Exordium"],"potions_floor_usage":[],"damage_taken":[{"damage":0,"enemies":"Cultist","floor":1,"turns":5},{"damage":0,"enemies":"2 Louse","floor":3,"turns":5},{"damage":1,"enemies":"Small Slimes","floor":5,"turns":6},{"damage":42,"enemies":"Lagavulin","floor":7,"turns":11}],"seed_played":"4141055755768024931","potions_obtained":[],"is_trial":false,"path_per_floor":["M","$","M","$","M","R","E"],"character_chosen":"THE_SILENT","items_purchased":["aspiration:SeaSaltIceCream","PreservedInsect"],"campfire_rested":0,"item_purchase_floors":[0,0],"current_hp_per_floor":[38,38,38,38,37,37,0,0],"gold":143,"neow_bonus":"","is_daily":false,"chose_seed":false,"campfire_upgraded":2,"win_rate":0.0,"timestamp":1611954491,"path_taken":["M","?","?","?","M","R","E"],"items_purchased_type":["Relic","Relic"],"build_version":"2020-12-22","purchased_purges":3,"victory":false,"max_hp_per_floor":[70,70,70,70,70,70,70,70],"card_choices":[{"not_picked":["Dodge and Roll","Deadly Poison","Backflip"],"picked":"SKIP","floor":1},{"not_picked":["Blade Dance","Prepared","Quick Slash"],"picked":"SKIP","floor":3},{"not_picked":["hubris:SlightOfHand","Deflect","Endless Agony"],"picked":"SKIP","floor":5}],"player_experience":480454,"relics_obtained":[],"event_choices":[],"is_beta":false,"boss_relics":[],"items_purged_floors":[0,0,0],"is_endless":false,"potions_floor_spawned":[],"killed_by":"Lagavulin","ascension_level":5}}