{"host":"zrwwt1jjq0fpdjej","time":1611905414,"event":{"mods":["AchievementEnabler","BaseMod","Colored Map","Minty Spire (QoL Compilation)","StSLib","SuperFastMode"],"gold_per_floor":[119,119,119,44,55,81,92,117,141,154,184,207,234,254,254,353,353,369,294,38,38,58,58,92,52,131,143,176,192,21,48,48,143,143,163,175,175,193,207,233,252,252,252,279,5,30,30,69,69,69,69,69,69,105,105],"floor_reached":56,"language":"KOR","playtime":4069,"items_purged":["Strike_G","Strike_G","Normality"],"score":2069,"play_id":"63200e67-e35c-4c7b-8358-f3ece935d602","local_time":"20210129163014","is_ascension_mode":true,"campfire_choices":[{"data":"Bouncing Flask","floor":15.0,"key":"SMITH"},{"data":"A Thousand Cuts","floor":23.0,"key":"SMITH"},{"data":"Envenom","floor":32.0,"key":"SMITH"},{"floor":42.0,"key":"DIG"},{"floor":47.0,"key":"DIG"},{"floor":49.0,"key":"RECALL"},{"floor":52.0,"key":"DIG"}],"circlet_count":0,"master_deck":["Strike_G","Defend_G","Defend_G","Defend_G","Defend_G","Survivor","Neutralize","Backstab","Blade Dance","PiercingWail","PiercingWail","Poisoned Stab","Blade Dance","Wraith Form v2","Bouncing Flask+1","Backflip","A Thousand Cuts+1","Backstab","Blade Dance+1","Acrobatics+1","Footwork","Backflip+1","Envenom+1","Prepared+1","Tactician+1","Blur+1","Corpse Explosion+1","PiercingWail+1","Madness+1","Madness+1","Backflip+1","Backflip+1","Catalyst+1","Night Terror+1","Deflect+1","Catalyst+1","Venomology+1"],"relics":["Ring of the Snake","NeowsBlessing","Omamori","Oddly Smooth Stone","Orichalcum","Akabeko","Odd Mushroom","Toy Ornithopter","Cursed Key","Toxic Egg 2","Art of War","PreservedInsect","Eternal Feather","Molten Egg 2","Centennial Puzzle","Black Star","Shovel","Happy Flower","Du-Vu Doll","Vajra","Dead Branch","Bag of Marbles","Pantograph","Ninja Scroll","Mummified Hand","CeramicFish","Pen Nib","Letter Opener","Snake Skull","The Specimen"],"acts_visited":["Exordium","TheCity","TheBeyond","TheEnding"],"potions_floor_usage":[55,55,55,55],"damage_taken":[{"damage":0.0,"enemies":"Jaw Worm","floor":1.0,"turns":1.0},{"damage":0.0,"enemies":"Small Slimes","floor":5.0,"turns":1.0},{"damage":0.0,"enemies":"Gremlin Nob","floor":6.0,"turns":1.0},{"damage":0.0,"enemies":"Cultist","floor":7.0,"turns":3.0},{"damage":20.0,"enemies":"3 Sentries","floor":8.0,"turns":12.0},{"damage":2.0,"enemies":"3 Louse","floor":10.0,"turns":4.0},{"damage":12.0,"enemies":"Gremlin Nob","floor":11.0,"turns":4.0},{"damage":0.0,"enemies":"The Mushroom Lair","floor":12.0,"turns":4.0},{"damage":0.0,"enemies":"3 Sentries","floor":13.0,"turns":8.0},{"damage":0.0,"enemies":"2 Fungi Beasts","floor":14.0,"turns":2.0},{"damage":6.0,"enemies":"Hexaghost","floor":16.0,"turns":8.0},{"damage":13.0,"enemies":"2 Thieves","floor":18.0,"turns":4.0},{"damage":0.0,"enemies":"3 Byrds","floor":22.0,"turns":4.0},{"damage":6.0,"enemies":"Slavers","floor":24.0,"turns":4.0},{"damage":0.0,"enemies":"Snake Plant","floor":27.0,"turns":3.0},{"damage":0.0,"enemies":"Gremlin Leader","floor":28.0,"turns":3.0},{"damage":4.0,"enemies":"3 Cultists","floor":29.0,"turns":6.0},{"damage":5.0,"enemies":"Book of Stabbing","floor":31.0,"turns":4.0},{"damage":0.0,"enemies":"Collector","floor":33.0,"turns":5.0},{"damage":8.0,"enemies":"3 Darklings","floor":35.0,"turns":4.0},{"damage":10.0,"enemies":"Orb Walker","floor":36.0,"turns":2.0},{"damage":0.0,"enemies":"Maw","floor":38.0,"turns":7.0},{"damage":12.0,"enemies":"Spire Growth","floor":39.0,"turns":5.0},{"damage":10.0,"enemies":"Reptomancer","floor":40.0,"turns":4.0},{"damage":0.0,"enemies":"4 Shapes","floor":41.0,"turns":1.0},{"damage":14.0,"enemies":"Giant Head","floor":44.0,"turns":7.0},{"damage":19.0,"enemies":"Reptomancer","floor":46.0,"turns":4.0},{"damage":0.0,"enemies":"Nemesis","floor":48.0,"turns":1.0},{"damage":15.0,"enemies":"Awakened One","floor":50.0,"turns":10.0},{"damage":0.0,"enemies":"Shield and Spear","floor":54.0,"turns":5.0},{"damage":28,"enemies":"The Heart","floor":55,"turns":6}],"seed_played":"-3974961747402395872","potions_obtained":[{"floor":1.0,"key":"EssenceOfSteel"},{"floor":6.0,"key":"GhostInAJar"},{"floor":10.0,"key":"ColorlessPotion"},{"floor":13.0,"key":"LiquidMemories"},{"floor":16.0,"key":"Ancient Potion"},{"floor":18.0,"key":"GamblersBrew"},{"floor":24.0,"key":"LiquidMemories"},{"floor":27.0,"key":"DuplicationPotion"},{"floor":33.0,"key":"GhostInAJar"},{"floor":35.0,"key":"Poison Potion"},{"floor":39.0,"key":"Ancient Potion"},{"floor":40.0,"key":"Regen Potion"},{"floor":46.0,"key":"CultistPotion"}],"is_trial":false,"path_per_floor":["M","?","?","$","M","E","M","E","T","M","E","?","E","M","R","B",null,"M","?","$","?","M","R","E","$","T","M","E","M","$","E","R","B",null,"M","M","?","M","M","E","M","R","T","E","$","E","R","E","R","B",null,"R","$","E","B",null],"character_chosen":"THE_SILENT","items_purchased":["Toxic Egg 2","Footwork","Tactician+1","Bag of Marbles"],"campfire_rested":0,"item_purchase_floors":[20,25,30,45],"current_hp_per_floor":[63,56,56,56,56,56,56,36,36,34,22,22,22,22,22,21,58,45,45,45,45,45,45,39,39,39,39,39,40,40,40,55,60,68,60,50,41,41,29,24,29,47,47,33,33,14,35,35,56,55,66,70,70,70,52],"gold":105,"neow_bonus":"THREE_ENEMY_KILL","is_daily":false,"chose_seed":false,"campfire_upgraded":3,"win_rate":0.0,"timestamp":1611905414,"path_taken":["M","?","?","$","?","E","M","E","T","M","E","?","E","M","R","BOSS","M","?","$","?","M","R","E","?","T","?","E","?","$","E","R","BOSS","M","M","?","M","M","E","M","R","T","E","$","E","R","E","R","BOSS","R","$","E","BOSS"],"items_purchased_type":["Relic","Card","Card","Relic"],"build_version":"2020-12-22","purchased_purges":3,"victory":true,"max_hp_per_floor":[70,70,70,70,70,70,70,70,70,70,70,70,70,70,70,70,70,70,70,70,70,70,70,70,70,70,70,70,70,70,70,70,70,70,70,70,70,70,70,70,70,70,70,70,70,70,70,70,70,70,70,70,70,70,70],"card_choices":[{"not_picked":["Leg Sweep","Prepared"],"picked":"Backstab","floor":1.0},{"not_picked":["Riddle With Holes","Dodge and Roll"],"picked":"Blade Dance","floor":5.0},{"not_picked":["Quick Slash","Flying Knee"],"picked":"PiercingWail","floor":6.0},{"not_picked":["Slice","Predator"],"picked":"PiercingWail","floor":7.0},{"not_picked":["Choke","Dodge and Roll"],"picked":"Poisoned Stab","floor":8.0},{"not_picked":["Deflect","Deadly Poison"],"picked":"Blade Dance","floor":10.0},{"not_picked":["PiercingWail","Tactician"],"picked":"Wraith Form v2","floor":11.0},{"not_picked":["Poisoned Stab","Eviscerate"],"picked":"Bouncing Flask","floor":13.0},{"not_picked":["Poisoned Stab","Outmaneuver"],"picked":"Backflip","floor":14.0},{"not_picked":["Unload","Bullet Time"],"picked":"A Thousand Cuts","floor":16.0},{"not_picked":["Sucker Punch","Dagger Spray"],"picked":"Backstab","floor":18.0},{"not_picked":["Infinite Blades+1","Dodge and Roll+1"],"picked":"Blade Dance+1","floor":22.0},{"not_picked":["Underhanded Strike","Masterful Stab"],"picked":"Acrobatics+1","floor":24.0},{"not_picked":["Sucker Punch+1","Deflect+1"],"picked":"Backflip+1","floor":27.0},{"not_picked":["Quick Slash+1","Underhanded Strike+1"],"picked":"Envenom","floor":28.0},{"not_picked":["Slice+1","Acrobatics+1"],"picked":"Prepared+1","floor":29.0},{"not_picked":["Reflex+1","Blade Dance+1"],"picked":"Blur+1","floor":31.0},{"not_picked":["Unload+1","Doppelganger+1"],"picked":"Corpse Explosion+1","floor":33.0},{"not_picked":["Dash+1","Dagger Throw+1","Prepared+1"],"picked":"SKIP","floor":35.0},{"not_picked":["Bane+1","Outmaneuver+1"],"picked":"PiercingWail+1","floor":36.0},{"not_picked":["Cloak And Dagger+1","Predator+1"],"picked":"Backflip+1","floor":38.0},{"not_picked":["Heel Hook+1","Eviscerate+1"],"picked":"Backflip+1","floor":39.0},{"not_picked":["Riddle With Holes+1","Skewer+1"],"picked":"Catalyst+1","floor":40.0},{"not_picked":["Endless Agony+1","Well Laid Plans","Dodge and Roll+1"],"picked":"SKIP","floor":41.0},{"not_picked":["Bane+1","Dagger Spray+1"],"picked":"Night Terror+1","floor":44.0},{"not_picked":["Flying Knee+1","Unload+1"],"picked":"Deflect+1","floor":46.0},{"not_picked":["Bouncing Flask+1","Phantasmal Killer+1"],"picked":"Catalyst+1","floor":48.0},{"not_picked":["Backflip+1","Well Laid Plans"],"picked":"Venomology+1","floor":54.0}],"player_experience":227602,"relics_obtained":[{"floor":6.0,"key":"Omamori"},{"floor":8.0,"key":"Oddly Smooth Stone"},{"floor":9.0,"key":"Orichalcum"},{"floor":11.0,"key":"Akabeko"},{"floor":12.0,"key":"Odd Mushroom"},{"floor":13.0,"key":"Toy Ornithopter"},{"floor":24.0,"key":"PreservedInsect"},{"floor":26.0,"key":"Eternal Feather"},{"floor":28.0,"key":"Molten Egg 2"},{"floor":31.0,"key":"Centennial Puzzle"},{"floor":40.0,"key":"Shovel"},{"floor":40.0,"key":"Happy Flower"},{"floor":42.0,"key":"Du-Vu Doll"},{"floor":44.0,"key":"Vajra"},{"floor":44.0,"key":"Dead Branch"},{"floor":46.0,"key":"Pantograph"},{"floor":46.0,"key":"Ninja Scroll"},{"floor":47.0,"key":"Mummified Hand"},{"floor":48.0,"key":"CeramicFish"},{"floor":48.0,"key":"Pen Nib"},{"floor":52.0,"key":"Letter Opener"},{"floor":54.0,"key":"Snake Skull"},{"floor":54.0,"key":"The Specimen"}],"event_choices":[{"cards_removed":["Strike_G"],"damage_healed":0.0,"max_hp_gain":0.0,"max_hp_loss":0.0,"gold_gain":0.0,"event_name":"Golden Wing","player_choice":"Card Removal","floor":2.0,"gold_loss":0.0,"damage_taken":7.0},{"cards_removed":["Defend_G"],"damage_healed":0.0,"max_hp_gain":0.0,"max_hp_loss":0.0,"gold_gain":0.0,"event_name":"Wheel of Change","player_choice":"Card Removal","floor":3.0,"gold_loss":0.0,"damage_taken":0.0},{"damage_healed":0.0,"max_hp_gain":0.0,"max_hp_loss":0.0,"gold_gain":0.0,"event_name":"Mushrooms","player_choice":"Fought Mushrooms","floor":12.0,"gold_loss":0.0,"damage_taken":0.0},{"cards_removed":["Strike_G"],"damage_healed":0.0,"max_hp_gain":0.0,"max_hp_loss":0.0,"gold_gain":0.0,"event_name":"Beggar","player_choice":"Gave Gold","floor":19.0,"gold_loss":75.0,"damage_taken":0.0},{"damage_healed":0.0,"max_hp_gain":0.0,"max_hp_loss":0.0,"gold_gain":0.0,"event_name":"The Mausoleum","player_choice":"Opened","floor":21.0,"gold_loss":0.0,"damage_taken":0.0,"relics_obtained":["Art of War"],"cards_obtained":["Writhe"]},{"damage_healed":0.0,"max_hp_gain":0.0,"max_hp_loss":0.0,"gold_gain":0.0,"event_name":"Winding Halls","player_choice":"Embrace Madness","floor":37.0,"gold_loss":0.0,"damage_taken":9.0,"cards_obtained":["Madness","Madness"]}],"is_beta":false,"boss_relics":[{"not_picked":["Tiny House","Runic Dome"],"picked":"Cursed Key"},{"not_picked":["Empty Cage","SacredBark"],"picked":"Black Star"}],"items_purged_floors":[4,30,45],"is_endless":false,"potions_floor_spawned":[1,6,10,13,16,18,24,27,33,35,39,40,46],"ascension_level":8}}