{"host":"o5jvvi5yapo90aia","time":1611942795,"event":{"mods":["BaseMod","CapriCore","Minty Spire (QoL Compilation)","MostiFishMod","Prisma Mod","Spicy Shops","StSLib","TestMod","The Immortal","Yakumo Yukari mod","【人物mod】游戏王New YuGiOh mod","【功能Mod】Neow奖励"],"gold_per_floor":[110,137,137,162,162,162,205,239,292,292,342,380,380,438,438,542,542,571,605,633,633,558,617,617,656,736,736,736,803,1203,1245,1245,1364,1364,1403,1438,1471,1471,1471],"floor_reached":38,"language":"ZHS","playtime":715,"items_purged":[],"score":1397,"play_id":"d7e0e390-446e-4f9e-95c7-9e7464bf41cd","local_time":"20210130015315","is_ascension_mode":true,"campfire_choices":[{"data":"Defend_R","floor":6,"key":"PURGE"},{"data":"Defend_R","floor":10,"key":"PURGE"},{"data":"Pain","floor":15,"key":"PURGE"},{"data":"Defend_R","floor":24,"key":"PURGE"},{"data":"Defend_R","floor":28,"key":"PURGE"},{"data":"Bash","floor":32,"key":"PURGE"}],"circlet_count":0,"master_deck":["AscendersBane","Strike_R","Strike_R","Strike_R","Strike_R","Strike_R","Second Wind","MostiFishMod:PerfectStrikeMKII","MostiFishMod:CullingBlade","Power Through","Dark Embrace","Bludgeon","Shockwave","Perfected Strike+1","MostiFishMod:KnuckleDown"],"relics":["testmod-TestBox","Snecko Eye","RhineFirstAidKit","testmod-RealStoneCalender","SynthV:TestCard","Golden Idol","GremlinMask","testmod-ArcanaOfDestiny","Vajra","WarpedTongs","Mango","PatriotShield","testmod-TurbochargingSystem","TungstenRod","Ornamental Fan","CeramicFish","OneHitWonderSystem"],"acts_visited":["Exordium","TheCity","TheBeyond"],"potions_floor_usage":[16],"damage_taken":[{"damage":7,"enemies":"Jaw Worm","floor":1,"turns":3},{"damage":7,"enemies":"Small Slimes","floor":2,"turns":3},{"damage":0,"enemies":"Cultist","floor":4,"turns":1},{"damage":0,"enemies":"Gremlin Nob","floor":7,"turns":2},{"damage":6,"enemies":"3 Louse","floor":8,"turns":3},{"damage":0,"enemies":"Lagavulin","floor":11,"turns":4},{"damage":0,"enemies":"Gremlin Gang","floor":12,"turns":3},{"damage":1,"enemies":"Gremlin Nob","floor":14,"turns":2},{"damage":0,"enemies":"Slime Boss","floor":16,"turns":5},{"damage":0,"enemies":"Spheric Guardian","floor":18,"turns":1},{"damage":0,"enemies":"Shell Parasite","floor":19,"turns":1},{"damage":0,"enemies":"Snake Plant","floor":20,"turns":1},{"damage":0,"enemies":"Gremlin Leader","floor":23,"turns":2},{"damage":0,"enemies":"Shelled Parasite and Fungi","floor":25,"turns":2},{"damage":0,"enemies":"Slavers","floor":29,"turns":2},{"damage":0,"enemies":"Snecko","floor":31,"turns":1},{"damage":0,"enemies":"Champ","floor":33,"turns":2},{"damage":0,"enemies":"3 Shapes","floor":35,"turns":1},{"damage":0,"enemies":"3 Darklings","floor":36,"turns":2},{"damage":0,"enemies":"Jaw Worm Horde","floor":37,"turns":1}],"seed_played":"-3070303599349328436","potions_obtained":[{"floor":2,"key":"Strength Potion"},{"floor":7,"key":"PanachePotion"},{"floor":12,"key":"Fruit Juice"},{"floor":16,"key":"SteroidPotion"}],"is_trial":false,"path_per_floor":["M","M","?","M","?","R","E","M","T","R","E","M","?","E","R","B",null,"M","M","M","?","?","E","R","M","T","?","R","E","?","M","R","B",null,"M","M","M","?"],"character_chosen":"IRONCLAD","items_purchased":[],"campfire_rested":0,"item_purchase_floors":[],"current_hp_per_floor":[61,56,30,32,32,32,75,69,69,69,73,75,75,88,88,94,94,94,94,94,94,94,94,94,94,94,94,94,94,94,94,94,94,1,1,1,1,0,0],"gold":1471,"neow_bonus":"BOSS_RELIC","is_daily":false,"chose_seed":false,"campfire_upgraded":0,"win_rate":0.0,"timestamp":1611942795,"path_taken":["M","M","?","M","?","R","E","?","T","R","E","M","?","E","R","BOSS","M","?","M","?","?","E","R","M","T","?","R","E","?","M","R","BOSS","M","M","M","?"],"items_purchased_type":[],"build_version":"2020-12-22","purchased_purges":0,"victory":false,"max_hp_per_floor":[75,75,75,75,75,75,75,75,75,75,75,75,75,89,89,94,94,94,94,94,94,94,94,94,94,94,94,94,94,94,94,94,94,1,1,1,1,1,1],"card_choices":[{"not_picked":["Iron Wave","Second Wind","Twin Strike"],"picked":"SKIP","floor":1},{"not_picked":["Iron Wave","Twin Strike"],"picked":"Second Wind","floor":1},{"not_picked":["Iron Wave","Twin Strike","Thunderclap","Cleave"],"picked":"MostiFishMod:PerfectStrikeMKII","floor":2},{"not_picked":["Heavy Blade","Sentinel","Clash","Armaments","Iron Wave"],"picked":"SKIP","floor":4},{"not_picked":["Pummel","Disarm","MostiFishMod:HellRitual","Iron Wave","Bloodletting"],"picked":"SKIP","floor":7},{"not_picked":["True Grit","Armaments","Flex","Shrug It Off","Sword Boomerang"],"picked":"SKIP","floor":8},{"not_picked":["Inflame","Cleave","Clothesline","Body Slam"],"picked":"MostiFishMod:CullingBlade","floor":11},{"not_picked":["Wild Strike","Iron Wave","Power Through","Sword Boomerang","Anger"],"picked":"SKIP","floor":12},{"not_picked":["Wild Strike","Iron Wave","Sword Boomerang","Anger"],"picked":"Power Through","floor":12},{"not_picked":["MostiFishMod:PerfectStrikeMKII","Clothesline","Dual Wield","Hemokinesis"],"picked":"Dark Embrace","floor":14},{"not_picked":["Immolate","MostiFishMod:Chiaki","MostiFishMod:RainCloud","MostiFishMod:OrdinaryWorld"],"picked":"Bludgeon","floor":16},{"not_picked":["Wild Strike","Blood for Blood","Dropkick","Headbutt","Twin Strike"],"picked":"SKIP","floor":18},{"not_picked":["Anger","Twin Strike","Clash+1","Rampage","Thunderclap"],"picked":"SKIP","floor":19},{"not_picked":["Shrug It Off","Cleave","Second Wind","Iron Wave","Hemokinesis"],"picked":"SKIP","floor":20},{"not_picked":["Intimidate","MostiFishMod:#F4004","Ghostly Armor","Pummel","Hemokinesis"],"picked":"SKIP","floor":23},{"not_picked":["Sword Boomerang","Wild Strike","Armaments+1","Pommel Strike","Perfected Strike"],"picked":"SKIP","floor":25},{"not_picked":["Sword Boomerang","Wild Strike","Armaments+1","Pommel Strike","Perfected Strike"],"picked":"SKIP","floor":25},{"not_picked":["MostiFishMod:BrandingRite","Searing Blow","Barricade","Warcry"],"picked":"Shockwave","floor":29},{"not_picked":["Shrug It Off","Rupture","Sword Boomerang","Sever Soul"],"picked":"Perfected Strike+1","floor":31},{"not_picked":["Reaper","Juggernaut","MostiFishMod:CullingBlade","Feed"],"picked":"MostiFishMod:KnuckleDown","floor":33},{"not_picked":["Sever Soul","Sentinel+1","Body Slam","Seeing Red","Rampage"],"picked":"SKIP","floor":35},{"not_picked":["Flex","Combust+1","Thunderclap","Clash","Warcry"],"picked":"SKIP","floor":36},{"not_picked":["Pommel Strike","Wild Strike","Cleave","True Grit+1","Clothesline"],"picked":"SKIP","floor":37}],"player_experience":1492166,"relics_obtained":[{"floor":1,"key":"SynthV:TestCard"},{"floor":7,"key":"testmod-ArcanaOfDestiny"},{"floor":11,"key":"Vajra"},{"floor":14,"key":"Mango"},{"floor":23,"key":"TungstenRod"},{"floor":26,"key":"Ornamental Fan"},{"floor":29,"key":"CeramicFish"}],"event_choices":[{"damage_healed":0,"gold_gain":0,"player_choice":"Take Damage","damage_taken":26,"relics_obtained":["Golden Idol"],"max_hp_gain":0,"max_hp_loss":0,"event_name":"Golden Idol","floor":3,"gold_loss":0},{"damage_healed":0,"gold_gain":0,"player_choice":"Trade","damage_taken":0,"relics_obtained":["GremlinMask"],"max_hp_gain":0,"max_hp_loss":0,"event_name":"FaceTrader","floor":5,"gold_loss":0},{"damage_healed":0,"gold_gain":0,"player_choice":"Rummage","damage_taken":0,"relics_obtained":["WarpedTongs"],"max_hp_gain":0,"max_hp_loss":0,"event_name":"Accursed Blacksmith","floor":13,"gold_loss":0,"cards_obtained":["Pain"]},{"damage_healed":0,"gold_gain":0,"player_choice":"Opened","damage_taken":0,"relics_obtained":["testmod-TurbochargingSystem"],"max_hp_gain":0,"max_hp_loss":0,"event_name":"The Mausoleum","floor":21,"gold_loss":0,"cards_obtained":["Writhe"]},{"cards_removed":["Writhe"],"damage_healed":0,"gold_gain":0,"player_choice":"Gave Gold","damage_taken":0,"max_hp_gain":0,"max_hp_loss":0,"event_name":"Beggar","floor":22,"gold_loss":75},{"damage_healed":0,"gold_gain":0,"player_choice":"Ignored","damage_taken":0,"max_hp_gain":0,"max_hp_loss":0,"event_name":"Vampires","floor":27,"gold_loss":0},{"damage_healed":0,"gold_gain":400,"player_choice":"Sell","damage_taken":0,"max_hp_gain":0,"max_hp_loss":0,"event_name":"恩洛斯的盘子","floor":30,"relics_lost":["DaveBox"],"gold_loss":0},{"damage_healed":0,"gold_gain":0,"player_choice":"Memory 3","damage_taken":10,"max_hp_gain":0,"max_hp_loss":0,"event_name":"SensoryStone","floor":38,"gold_loss":0}],"is_beta":false,"boss_relics":[{"not_picked":["MoonlightInvasionPlan","testmod-TimeTraveler"],"picked":"PatriotShield"},{"not_picked":["Velvet Choker","Cursed Key"],"picked":"OneHitWonderSystem"}],"items_purged_floors":[],"is_endless":false,"potions_floor_spawned":[2,7,8,12,16,20,31,36],"ascension_level":20}}