{"host":"d61fcf2p3sjwe6yo","time":1611957766,"event":{"mods":["AchievementEnabler","BaseMod","Colored Map","Minty Spire (QoL Compilation)","StSLib","SuperFastMode"],"gold_per_floor":[119,119,119,194,219,219,244,268,293,324,324,335,102,102,102,176,176,191,216,246,274,300,312,351,376,388,500,547,559,186,186,186,257,257,276,292,303,320,331,358,358,73,73,73,89,101,114,114,114,114,114,114,114,114,114],"floor_reached":54,"language":"ENG","playtime":2312,"items_purged":["Strike_G","Strike_G"],"score":1456,"play_id":"b97328f7-13e5-48c7-8a58-2c40b5d06a04","local_time":"20210130010246","is_ascension_mode":true,"campfire_choices":[{"data":"Neutralize","floor":6.0,"key":"SMITH"},{"data":"Backstab","floor":11.0,"key":"SMITH"},{"data":"Survivor","floor":15.0,"key":"SMITH"},{"floor":23.0,"key":"REST"},{"floor":32.0,"key":"REST"},{"data":"Wraith Form v2","floor":41,"key":"SMITH"},{"floor":44,"key":"RECALL"},{"floor":49,"key":"REST"},{"floor":52,"key":"REST"}],"circlet_count":0,"master_deck":["AscendersBane","Strike_G","Strike_G","Strike_G","Defend_G","Defend_G","Defend_G","Defend_G","Survivor+1","Neutralize+1","Backstab+1","Deadly Poison+1","Wraith Form v2+1","Flying Knee","Footwork+1","PiercingWail","Deflect+1","Deadly Poison","Blur","Corpse Explosion","Footwork+1","Night Terror","Concentrate","Outmaneuver","Noxious Fumes+1","Deadly Poison+1"],"relics":["Ring of the Snake","NeowsBlessing","Regal Pillow","Tiny Chest","Omamori","PreservedInsect","Bronze Scales","TwistedFunnel","Runic Pyramid","MawBank","InkBottle","Calipers","Frozen Egg 2","Boot","Mummified Hand","Snake Skull","Cursed Key","Bag of Marbles","Lantern","The Courier"],"acts_visited":["Exordium","TheCity","TheBeyond","TheEnding"],"potions_floor_usage":[40],"damage_taken":[{"damage":0.0,"enemies":"Cultist","floor":1.0,"turns":1.0},{"damage":0.0,"enemies":"Lagavulin","floor":7.0,"turns":1.0},{"damage":0.0,"enemies":"Gremlin Nob","floor":10.0,"turns":1.0},{"damage":0.0,"enemies":"Small Slimes","floor":12.0,"turns":3.0},{"damage":10.0,"enemies":"The Guardian","floor":16.0,"turns":8.0},{"damage":8.0,"enemies":"2 Thieves","floor":18.0,"turns":4.0},{"damage":8.0,"enemies":"3 Byrds","floor":20.0,"turns":3.0},{"damage":24.0,"enemies":"Shelled Parasite and Fungi","floor":21.0,"turns":6.0},{"damage":3.0,"enemies":"Snake Plant","floor":22.0,"turns":4.0},{"damage":2.0,"enemies":"Gremlin Leader","floor":24.0,"turns":6.0},{"damage":4.0,"enemies":"Cultist and Chosen","floor":25.0,"turns":7.0},{"damage":8.0,"enemies":"Colosseum Slavers","floor":27.0,"turns":4.0},{"damage":3.0,"enemies":"Colosseum Nobs","floor":27.0,"turns":5.0},{"damage":12.0,"enemies":"Slavers","floor":28.0,"turns":6.0},{"damage":23.0,"enemies":"Collector","floor":33.0,"turns":11.0},{"damage":1.0,"enemies":"Orb Walker","floor":35.0,"turns":4.0},{"damage":3.0,"enemies":"3 Shapes","floor":36.0,"turns":2.0},{"damage":2,"enemies":"Jaw Worm Horde","floor":37,"turns":2},{"damage":0,"enemies":"4 Shapes","floor":38,"turns":4},{"damage":1,"enemies":"Spire Growth","floor":39,"turns":6},{"damage":15,"enemies":"Nemesis","floor":40,"turns":6},{"damage":0,"enemies":"Maw","floor":45,"turns":7},{"damage":32,"enemies":"Jaw Worm Horde","floor":46,"turns":3},{"damage":0,"enemies":"3 Darklings","floor":47,"turns":2},{"damage":47,"enemies":"Awakened One","floor":50,"turns":15},{"damage":134,"enemies":"Shield and Spear","floor":54,"turns":3}],"seed_played":"-1264857898963364618","potions_obtained":[{"floor":7.0,"key":"Poison Potion"},{"floor":10.0,"key":"Block Potion"},{"floor":18.0,"key":"Block Potion"},{"floor":24.0,"key":"Swift Potion"},{"floor":25.0,"key":"Weak Potion"},{"floor":33.0,"key":"SpeedPotion"},{"floor":45,"key":"FairyPotion"}],"is_trial":false,"path_per_floor":["M","?","?","?","T","R","E","T","T","E","R","M","$","?","R","B",null,"M","T","M","M","M","R","E","M","T","?","E","?","$","T","R","B",null,"M","M","M","M","M","E","R","$","T","R","M","M","M","$","R","B",null,"R","$","E"],"character_chosen":"THE_SILENT","items_purchased":["TwistedFunnel","Mummified Hand","FairyPotion","Lantern"],"campfire_rested":4,"item_purchase_floors":[13,30,42,42],"current_hp_per_floor":[59,59,64,53,53,53,53,53,53,53,53,53,53,53,53,43,64,56,56,48,24,21,57,55,51,51,40,28,28,28,28,64,41,64,63,60,58,58,57,42,42,42,42,42,42,10,10,10,46,20,58,71,71,0,0],"gold":114,"neow_bonus":"THREE_ENEMY_KILL","is_daily":false,"chose_seed":false,"campfire_upgraded":4,"win_rate":0.0,"timestamp":1611957766,"path_taken":["M","?","?","?","?","R","E","?","T","E","R","?","$","?","R","BOSS","M","?","?","M","M","R","E","M","T","?","E","?","$","?","R","BOSS","M","M","M","?","?","E","R","$","T","R","M","M","?","$","R","BOSS","R","$","E"],"items_purchased_type":["Relic","Relic","Potion","Relic"],"build_version":"2020-12-22","purchased_purges":2,"victory":false,"max_hp_per_floor":[66,66,71,71,71,71,71,71,71,71,71,71,71,71,71,71,71,71,71,71,71,71,71,71,71,71,71,71,71,71,71,71,71,71,71,71,71,71,71,71,71,71,71,71,71,71,71,71,71,71,71,71,71,71,71],"card_choices":[{"not_picked":["Prepared","Well Laid Plans"],"picked":"Backstab","floor":1.0},{"not_picked":["Riddle With Holes","Calculated Gamble","Flying Knee"],"picked":"SKIP","floor":7.0},{"not_picked":["Dodge and Roll","Tactician","PiercingWail"],"picked":"SKIP","floor":10.0},{"not_picked":["Caltrops","Acrobatics"],"picked":"Deadly Poison","floor":12.0},{"not_picked":["Night Terror","Venomology"],"picked":"Wraith Form v2","floor":16.0},{"not_picked":["Predator","All Out Attack"],"picked":"Flying Knee","floor":18.0},{"not_picked":["Dagger Throw","Tactician","Masterful Stab"],"picked":"SKIP","floor":20.0},{"not_picked":["Expertise","Backstab"],"picked":"Footwork+1","floor":21.0},{"not_picked":["Backflip","Underhanded Strike"],"picked":"PiercingWail","floor":22.0},{"not_picked":["Caltrops+1","Predator"],"picked":"Deflect+1","floor":24.0},{"not_picked":["Cloak And Dagger+1","PiercingWail"],"picked":"Deadly Poison","floor":25.0},{"not_picked":["Eviscerate","Backstab"],"picked":"Blur","floor":27.0},{"not_picked":["Flying Knee","Escape Plan"],"picked":"Corpse Explosion","floor":28.0},{"not_picked":["Wraith Form v2+1","Doppelganger"],"picked":"Night Terror","floor":33.0},{"not_picked":["Bane","Flechettes","Infinite Blades+1"],"picked":"SKIP","floor":35.0},{"not_picked":["Blade Dance+1","Predator"],"picked":"Concentrate","floor":36.0},{"not_picked":["Underhanded Strike","Escape Plan+1"],"picked":"Outmaneuver","floor":37},{"not_picked":["Deadly Poison+1","Prepared"],"picked":"Noxious Fumes+1","floor":38},{"not_picked":["Deadly Poison","Quick Slash","Slice"],"picked":"SKIP","floor":39},{"not_picked":["Concentrate","Crippling Poison","PiercingWail"],"picked":"SKIP","floor":40},{"not_picked":["Dagger Throw","Crippling Poison","Deadly Poison+1"],"picked":"SKIP","floor":45},{"not_picked":["Dagger Throw","Crippling Poison"],"picked":"Deadly Poison+1","floor":45},{"not_picked":["Finisher","Slice+1","All Out Attack"],"picked":"SKIP","floor":46},{"not_picked":["Outmaneuver+1","Bane","Poisoned Stab"],"picked":"SKIP","floor":47}],"player_experience":227317,"relics_obtained":[{"floor":5.0,"key":"Regal Pillow"},{"floor":7.0,"key":"Tiny Chest"},{"floor":8.0,"key":"Omamori"},{"floor":9.0,"key":"PreservedInsect"},{"floor":10.0,"key":"Bronze Scales"},{"floor":19.0,"key":"MawBank"},{"floor":24.0,"key":"InkBottle"},{"floor":27.0,"key":"Calipers"},{"floor":27.0,"key":"Frozen Egg 2"},{"floor":28.0,"key":"Boot"},{"floor":31.0,"key":"Snake Skull"},{"floor":40,"key":"Bag of Marbles"},{"floor":43,"key":"The Courier"}],"event_choices":[{"cards_removed":["Defend_G"],"damage_healed":0.0,"max_hp_gain":0.0,"max_hp_loss":0.0,"gold_gain":0.0,"event_name":"Living Wall","player_choice":"Forget","floor":2.0,"gold_loss":0.0,"damage_taken":0.0},{"damage_healed":0.0,"max_hp_gain":5.0,"max_hp_loss":0.0,"gold_gain":0.0,"event_name":"Big Fish","player_choice":"Donut","floor":3.0,"gold_loss":0.0,"damage_taken":0.0},{"damage_healed":0.0,"max_hp_gain":0.0,"max_hp_loss":0.0,"gold_gain":75.0,"event_name":"World of Goop","player_choice":"Gather Gold","floor":4.0,"gold_loss":0.0,"damage_taken":11.0},{"damage_healed":0.0,"max_hp_gain":0.0,"max_hp_loss":0.0,"gold_gain":0.0,"event_name":"Accursed Blacksmith","player_choice":"Forge","floor":14.0,"gold_loss":0.0,"damage_taken":0.0,"cards_upgraded":["Deadly Poison"]},{"damage_healed":0.0,"max_hp_gain":0.0,"max_hp_loss":0.0,"gold_gain":0.0,"event_name":"Colosseum","player_choice":"Fight","floor":27.0,"gold_loss":0.0,"damage_taken":0.0},{"damage_healed":0.0,"max_hp_gain":0.0,"max_hp_loss":0.0,"gold_gain":0.0,"event_name":"Colosseum","player_choice":"Fought Nobs","floor":27.0,"gold_loss":0.0,"damage_taken":0.0},{"damage_healed":0.0,"max_hp_gain":0.0,"max_hp_loss":0.0,"gold_gain":0.0,"event_name":"The Library","player_choice":"Read","floor":29.0,"gold_loss":0.0,"damage_taken":0.0,"cards_obtained":["Footwork"]}],"is_beta":false,"boss_relics":[{"not_picked":["SacredBark","Coffee Dripper"],"picked":"Runic Pyramid"},{"not_picked":["Sozu","Busted Crown"],"picked":"Cursed Key"}],"items_purged_floors":[13,30],"is_endless":false,"potions_floor_spawned":[7,10,18,24,25,27,33,45,46,47],"killed_by":"Shield and Spear","ascension_level":18}}