{"host":"d54lcqy5t45er8jx","time":1611907726,"event":{"mods":["2.2 Compatiblity","BaseMod","CapriCore","Defuse TimeMaze Blight","Hermit","Hubris","Infinite Spire","Marisa£¨Ùöéë¡¡Øª×âÞÞ£©","Minty Spire (QoL Compilation)","Rare Cards Sparkle","Relic Stats","StSLib","The Animator","The Cursed","The Immortal","The Servant 0.9.4","WarShipGirlsR/??á´Ò³R mod"],"gold_per_floor":[115,40,57,70,100,100,100,131,131,162,176,227,227,279,279,374,399,410,426,437,462,462,516,535,535,560,633,633,633],"floor_reached":28,"language":"ENG","playtime":1531,"items_purged":["animator:Strike","animator:Strike"],"score":258,"play_id":"05cd5eca-3ac6-42be-a1f0-ac0e9375e8cf","local_time":"20210129170846","daily_mods":["Heirloom","DeadlyEvents","Elite Swarm","Uncertain Future"],"is_ascension_mode":false,"campfire_choices":[{"data":"animator:Mikaela","floor":6.0,"key":"SMITH"},{"data":"animator:Boros","floor":13.0,"key":"SMITH"},{"data":"animator:SayakaMiki","floor":15.0,"key":"SMITH"}],"circlet_count":0,"master_deck":["animator:Strike_MadokaMagica","animator:Defend+1","animator:Defend+1","animator:Defend","animator:IrohaTamaki+1","animator:YuiTsuruno","animator:Mikaela+1","animator:Jibril+1","animator:DolaStephanie","animator:SayakaMiki+1","animator:Gilgamesh+8","animator:ChlammyZell","animator:Boros+1","animator:FeridBathory","animator:DolaStephanie+1","animator:Mitsurugi","animator:Evileye+1","TheCursedMod:ManaCirculation","animator:HomuraAkemi","animator:Mitsuba"],"relics":["animator:VividPicture","animator:TheMissingPiece","animator:PurgingStone","Turnip","hubris:Towel","Whetstone","Ancient Tea Set","animator:AlchemistGlove","Question Card","Oddly Smooth Stone","War Paint","White Beast Statue","Red Skull"],"acts_visited":["Exordium","TheCity"],"potions_floor_usage":[],"damage_taken":[{"damage":1.0,"enemies":"Cultist","floor":1.0,"turns":4.0},{"damage":0.0,"enemies":"2 Louse","floor":3.0,"turns":3.0},{"damage":0.0,"enemies":"Small Slimes","floor":4.0,"turns":3.0},{"damage":4.0,"enemies":"Looter","floor":5.0,"turns":3.0},{"damage":4.0,"enemies":"Gremlin Nob","floor":10.0,"turns":4.0},{"damage":6.0,"enemies":"Exordium Wildlife","floor":11.0,"turns":5.0},{"damage":27.0,"enemies":"3 Sentries","floor":12.0,"turns":5.0},{"damage":14.0,"enemies":"Gremlin Nob","floor":14.0,"turns":4.0},{"damage":14.0,"enemies":"Slime Boss","floor":16.0,"turns":11.0},{"damage":2.0,"enemies":"Spheric Guardian","floor":18.0,"turns":3.0},{"damage":3.0,"enemies":"2 Thieves","floor":19.0,"turns":4.0},{"damage":13.0,"enemies":"Centurion and Healer","floor":20.0,"turns":6.0},{"damage":27.0,"enemies":"Gremlin Leader","floor":23.0,"turns":7.0},{"damage":19.0,"enemies":"Snake Plant","floor":24.0,"turns":4.0},{"damage":29,"enemies":"Slavers","floor":28,"turns":2}],"seed_played":"-1654348682857967301","potions_obtained":[{"floor":4.0,"key":"BlessingOfTheForge"},{"floor":5.0,"key":"Regen Potion"},{"floor":10.0,"key":"SkillPotion"},{"floor":12.0,"key":"Fire Potion"},{"floor":16.0,"key":"Regen Potion"},{"floor":18.0,"key":"SneckoOil"},{"floor":19.0,"key":"SteroidPotion"}],"is_trial":true,"path_per_floor":["M","$","M","M","M","R","?","?","T","E","M","E","R","E","R","B",null,"M","M","M","AVR","?","E","M","?","T","T","E"],"character_chosen":"THE_ANIMATOR","items_purchased":[],"campfire_rested":0,"item_purchase_floors":[],"current_hp_per_floor":[65,65,65,65,61,61,61,61,61,57,51,38,38,24,24,10,66,64,66,58,58,58,44,25,25,25,25,0,0],"gold":633,"neow_bonus":"","is_daily":false,"chose_seed":false,"campfire_upgraded":3,"win_rate":0.0,"timestamp":1611907726,"path_taken":["M","$","M","M","?","R","?","?","T","E","M","E","R","E","R","BOSS","M","M","M","AVR","?","E","M","?","T","?","E"],"items_purchased_type":[],"build_version":"2020-12-22","purchased_purges":2,"victory":false,"max_hp_per_floor":[66,66,66,66,66,66,66,66,66,66,66,66,66,66,66,66,66,66,66,66,66,66,67,67,67,67,67,67,67],"relic_stats":{"counters":[15,68],"Turnip":[22],"Whetstone":["animator:Jibril","animator:IrohaTamaki"],"War Paint":["animator:Defend","animator:Defend"],"Question Card":22,"obtain_stats":[{"animator:TheMissingPiece":0,"Oddly Smooth Stone":21,"Whetstone":9,"hubris:Towel":7,"War Paint":23,"Ancient Tea Set":10,"Question Card":14,"White Beast Statue":26,"animator:PurgingStone":0,"animator:LivingPicture":0,"Turnip":0,"animator:AlchemistGlove":12,"animator:VividPicture":17,"Red Skull":27},{"animator:TheMissingPiece":0,"Oddly Smooth Stone":12,"Whetstone":4,"hubris:Towel":4,"War Paint":13,"Ancient Tea Set":5,"Question Card":8,"White Beast Statue":14,"animator:PurgingStone":0,"animator:LivingPicture":0,"Turnip":0,"animator:AlchemistGlove":7,"animator:VividPicture":9,"Red Skull":14},{"animator:TheMissingPiece":0,"Oddly Smooth Stone":55,"Whetstone":13,"hubris:Towel":13,"War Paint":62,"Ancient Tea Set":17,"Question Card":31,"White Beast Statue":66,"animator:PurgingStone":0,"animator:LivingPicture":0,"Turnip":0,"animator:AlchemistGlove":27,"animator:VividPicture":42,"Red Skull":66}]},"card_choices":[{"not_picked":["animator:AcuraTooru","animator:Raven"],"picked":"animator:Mikaela","floor":1.0},{"not_picked":["animator:YaoHaDucy","animator:IrohaTamaki"],"picked":"animator:Jibril","floor":3.0},{"not_picked":["animator:Vesta","animator:ElricEdward"],"picked":"animator:DolaStephanie","floor":4.0},{"not_picked":["animator:NagisaMomoe","animator:OrikoMikuni"],"picked":"animator:SayakaMiki","floor":5.0},{"not_picked":["animator:Biyorigo","animator:Rimuru"],"picked":"animator:Gilgamesh","floor":10.0},{"not_picked":["animator:Verdia","animator:PandorasActor"],"picked":"animator:ChlammyZell","floor":11.0},{"not_picked":["animator:Sora","animator:Wiz"],"picked":"animator:Boros","floor":12.0},{"not_picked":["animator:Elesis","animator:Boros"],"picked":"animator:FeridBathory","floor":14.0},{"not_picked":["animator:Hans","animator:Saber","animator:Saitama"],"picked":"animator:Gilgamesh","floor":16.0},{"not_picked":["animator:YuiTsuruno","animator:CowGirl","animator:Darkness+1"],"picked":"animator:DolaStephanie+1","floor":18.0},{"not_picked":["animator:PandorasActor","animator:Priestess+1","animator:UneriGinkaku"],"picked":"animator:Mitsurugi","floor":19.0},{"not_picked":["animator:Millim","animator:Verdia","animator:ChlammyZell"],"picked":"animator:Evileye+1","floor":20.0},{"not_picked":["animator:Eris","animator:FeridBathory","animator:Kyubey"],"picked":"animator:HomuraAkemi","floor":23.0},{"not_picked":["animator:MaesHughes","animator:ShinjiMatou","animator:Evileye"],"picked":"animator:Mitsuba","floor":24.0}],"player_experience":932710,"relics_obtained":[{"floor":9.0,"key":"Whetstone"},{"floor":10.0,"key":"Ancient Tea Set"},{"floor":12.0,"key":"animator:AlchemistGlove"},{"floor":14.0,"key":"Question Card"},{"floor":23.0,"key":"War Paint"},{"floor":26.0,"key":"White Beast Statue"},{"floor":27.0,"key":"Red Skull"}],"event_choices":[{"damage_healed":0.0,"max_hp_gain":0.0,"max_hp_loss":0.0,"gold_gain":0.0,"event_name":"The Library","player_choice":"Read","floor":22.0,"gold_loss":0.0,"damage_taken":0.0,"cards_obtained":["TheCursedMod:ManaCirculation"]},{"cards_removed":["animator:Strike"],"damage_healed":0.0,"max_hp_gain":0.0,"max_hp_loss":0.0,"gold_gain":0.0,"event_name":"Back to Basics","player_choice":"Elegance","floor":25.0,"gold_loss":0.0,"damage_taken":0.0}],"is_beta":false,"boss_relics":[{"not_picked":["hubris:ScarierMask","Runic Dome"],"picked":"animator:VividPicture"}],"items_purged_floors":[2,21],"is_endless":false,"potions_floor_spawned":[4,5,10,12,16,18,19],"killed_by":"Slavers","ascension_level":0}}