{"host":"3tyeyqdkopu0dn2g","time":1611897907,"event":{"mods":["AchievementEnabler","BaseMod","BetterRewards","Minty Spire (QoL Compilation)","Quick Restart","Slay-I"],"gold_per_floor":[116,16,91,110,125,125,153,153,153,153,153,172,72,89,89,89,89],"floor_reached":16,"language":"ZHS","playtime":858,"items_purged":["Strike_G","Strike_G","Strike_G"],"score":150,"play_id":"fc6d877a-4a28-411d-bb42-56f84a8dd9e9","local_time":"20210129132507","is_ascension_mode":false,"campfire_choices":[{"data":"Cloak And Dagger","floor":6.0,"key":"SMITH"},{"data":"Accuracy","floor":8.0,"key":"SMITH"},{"data":"Neutralize","floor":11.0,"key":"SMITH"},{"data":"Blur","floor":15.0,"key":"SMITH"}],"circlet_count":0,"master_deck":["Strike_G","Defend_G","Defend_G","Defend_G","Defend_G","Defend_G","Survivor","Neutralize+1","Accuracy+1","Cloak And Dagger+1","Blur+1"],"relics":["Ring of the Snake","Pantograph","The Courier"],"acts_visited":[],"potions_floor_usage":[16,16],"damage_taken":[{"damage":0.0,"enemies":"Small Slimes","floor":1.0,"turns":5.0},{"damage":0.0,"enemies":"2 Louse","floor":4.0,"turns":3.0},{"damage":1.0,"enemies":"Cultist","floor":5.0,"turns":6.0},{"damage":54.0,"enemies":"Lagavulin","floor":7.0,"turns":10.0},{"damage":0.0,"enemies":"Exordium Wildlife","floor":12.0,"turns":7.0},{"damage":0.0,"enemies":"Large Slime","floor":14.0,"turns":11.0},{"damage":34,"enemies":"Hexaghost","floor":16,"turns":16}],"seed_played":"6286463582022399927","potions_obtained":[{"floor":12.0,"key":"SteroidPotion"},{"floor":14.0,"key":"Energy Potion"}],"is_trial":false,"path_per_floor":["M","$","?","M","M","R","E","R","T","?","R","M","$","M","R","B"],"character_chosen":"THE_SILENT","items_purchased":["Accuracy"],"campfire_rested":0,"item_purchase_floors":[0],"current_hp_per_floor":[70,70,59,59,58,58,4,4,4,4,4,4,4,4,4,0,0],"gold":89,"neow_bonus":"","is_daily":false,"chose_seed":false,"campfire_upgraded":4,"win_rate":0.0,"timestamp":1611897907,"path_taken":["M","$","?","M","M","R","E","R","T","?","R","M","$","M","R","BOSS"],"items_purchased_type":["Card"],"build_version":"2020-12-22","purchased_purges":3,"victory":false,"max_hp_per_floor":[70,70,70,70,70,70,70,70,70,70,70,70,70,70,70,70,70],"card_choices":[{"not_picked":["Prepared","Acrobatics"],"picked":"Cloak And Dagger","floor":1.0},{"not_picked":["Concentrate","Flying Knee","Dagger Throw"],"picked":"SKIP","floor":4.0},{"not_picked":["Choke","Quick Slash","Sucker Punch"],"picked":"SKIP","floor":5.0},{"not_picked":["Poisoned Stab","Deflect","Reflex"],"picked":"SKIP","floor":7.0},{"not_picked":["Flying Knee","Bouncing Flask"],"picked":"Blur","floor":12.0},{"not_picked":["Bouncing Flask","Underhanded Strike","Deadly Poison"],"picked":"SKIP","floor":14.0}],"player_experience":88891,"relics_obtained":[{"floor":7.0,"key":"Pantograph"},{"floor":9.0,"key":"The Courier"}],"event_choices":[{"damage_healed":0.0,"max_hp_gain":0.0,"max_hp_loss":0.0,"gold_gain":75.0,"event_name":"World of Goop","player_choice":"Gather Gold","floor":3.0,"gold_loss":0.0,"damage_taken":11.0},{"cards_removed":["Strike_G"],"damage_healed":0.0,"max_hp_gain":0.0,"max_hp_loss":0.0,"gold_gain":0.0,"event_name":"Purifier","player_choice":"Purged","floor":10.0,"gold_loss":0.0,"damage_taken":0.0}],"is_beta":false,"boss_relics":[],"items_purged_floors":[0,2,13],"is_endless":false,"potions_floor_spawned":[12,14],"killed_by":"Hexaghost","ascension_level":0}}