{"host":"sy26bfguqtls01um","time":1611939924,"event":{"mods":["BaseMod","DeckTracker","Hermit","Minty Spire (QoL Compilation)","Random Character Button","StSLib","SuperFastMode","The Hierophant","The Necromancer","The Servant 0.9.4","The Wild Card"],"gold_per_floor":[366,441,83,122,122,122,158,158,158,228,282,126,171,182,182,182,182],"floor_reached":16,"language":"KOR","playtime":303,"items_purged":["Doubt","Defend_S"],"score":204,"play_id":"972d4e56-3095-4a84-9b3e-34b2012d8bdc","local_time":"20210130020524","is_ascension_mode":true,"campfire_choices":[{"data":"HandOfGreed","floor":6.0,"key":"SMITH"},{"floor":8.0,"key":"REST"},{"floor":15,"key":"REST"}],"circlet_count":0,"master_deck":["AscendersBane","Strike_S","Strike_S","Strike_S","Defend_S","Defend_S","Defend_S","KidneyShot","Exchange","Orbit","SilverBlades","HandOfGreed+1","Potential","SpecialFormula","Potential","MurderousAura","BottledTime"],"relics":["Uniform","KneeBrace","Bottled Flame"],"acts_visited":["Exordium"],"potions_floor_usage":[14,16],"damage_taken":[{"damage":3.0,"enemies":"2 Louse","floor":1.0,"turns":3.0},{"damage":4.0,"enemies":"Jaw Worm","floor":4.0,"turns":3.0},{"damage":7.0,"enemies":"Small Slimes","floor":7.0,"turns":3.0},{"damage":6.0,"enemies":"3 Louse","floor":10.0,"turns":4.0},{"damage":30.0,"enemies":"3 Sentries","floor":11.0,"turns":6.0},{"damage":0.0,"enemies":"Exordium Wildlife","floor":13.0,"turns":2.0},{"damage":3,"enemies":"Blue Slaver","floor":14,"turns":2},{"damage":30,"enemies":"The Guardian","floor":16,"turns":8}],"seed_played":"-8446759279508125891","potions_obtained":[{"floor":7.0,"key":"PowerPotion"},{"floor":11.0,"key":"GamblersBrew"},{"floor":13.0,"key":"Fire Potion"}],"is_trial":false,"path_per_floor":["M","?","$","M","?","R","M","R","T","M","E","$","M","M","R","B"],"character_chosen":"THE_SERVANT","items_purchased":["SilverBlades","HandOfGreed","Potential"],"campfire_rested":2,"item_purchase_floors":[3,3,12],"current_hp_per_floor":[51,40,40,36,29,29,22,40,40,34,4,4,9,6,24,0,0],"gold":182,"neow_bonus":"TWO_FIFTY_GOLD","is_daily":false,"chose_seed":false,"campfire_upgraded":1,"win_rate":0.0,"timestamp":1611939924,"path_taken":["M","?","$","M","?","R","M","R","T","M","E","$","M","M","R","BOSS"],"items_purchased_type":["Card","Card","Card"],"build_version":"2020-12-22","purchased_purges":2,"victory":false,"max_hp_per_floor":[60,60,60,60,60,60,60,60,60,60,60,60,60,60,60,60,60],"card_choices":[{"not_picked":["Shuttle","Revamp"],"picked":"Orbit","floor":1.0},{"not_picked":["Starlight","Ricochet","ReturningBlade"],"picked":"SKIP","floor":4.0},{"not_picked":["BestPractice","StarChef"],"picked":"Potential","floor":7.0},{"not_picked":["BestPractice","ShatteredReality","Spin"],"picked":"SKIP","floor":10.0},{"not_picked":["ShatteredReality","Luminosity"],"picked":"SpecialFormula","floor":11.0},{"not_picked":["Misdirection","FastForward"],"picked":"MurderousAura","floor":13.0},{"not_picked":["Collapse","TimeTheft"],"picked":"BottledTime","floor":14}],"player_experience":1906748,"relics_obtained":[{"floor":9.0,"key":"KneeBrace"},{"floor":11.0,"key":"Bottled Flame"}],"event_choices":[{"damage_healed":0.0,"max_hp_gain":0.0,"max_hp_loss":0.0,"gold_gain":75.0,"event_name":"World of Goop","player_choice":"Gather Gold","floor":2.0,"gold_loss":0.0,"damage_taken":11.0},{"cards_removed":["Strike_S"],"damage_healed":0.0,"max_hp_gain":0.0,"max_hp_loss":0.0,"gold_gain":0.0,"event_name":"Golden Wing","player_choice":"Card Removal","floor":5.0,"gold_loss":0.0,"damage_taken":7.0}],"is_beta":false,"boss_relics":[],"items_purged_floors":[3,12],"is_endless":false,"potions_floor_spawned":[7,11,13],"killed_by":"The Guardian","ascension_level":20}}