{"host":"kiczkwpc36uxnkg8","time":1611938564,"event":{"mods":["AchievementEnabler","Act Like it!","Aspiration","BaseMod","Colored Powertips","Energized Spire","GifTheSpireLib","Hubris","Infinite Spire","Koishi","Minty Spire (QoL Compilation)","Pale of the Ancients","Permanent Neow","Quick Restart","Relic Filter","Remilia??????","Replay The Spire","Spicy Shops","StSLib","Stuff the Spire","The Bug Knight","The Servant 0.9.4","Wandering Minibosses"],"gold_per_floor":[115,134,134,154,79,111,111,122,122,147,160,160,170,180,180,275,275,291,291,291,5,23,23,33,62,89,100,100,100,114,147,159,285,297,347,359,468,527,564,576,646,233,233,266,300,352,352,407,407,407,448,487,487,487,487,535,535,183,183,183],"floor_reached":61,"language":"ENG","playtime":3292,"items_purged":["Strike_G","Decay","Clumsy","Injury"],"score":2029,"play_id":"bedcfa59-7ca2-4452-b3d1-73bf17ec9517","local_time":"20210129164244","is_ascension_mode":true,"campfire_choices":[{"data":"Dagger Throw","floor":7.0,"key":"SMITH"},{"data":"Eviscerate","floor":12.0,"key":"SMITH"},{"floor":15.0,"key":"REST"},{"data":"Phantasmal Killer","floor":23.0,"key":"SMITH"},{"floor":32.0,"key":"DIG"},{"data":"Calculated Gamble","floor":40.0,"key":"SMITH"},{"data":"Madness","floor":49.0,"key":"SMITH"},{"data":"wanderingMiniBosses:FinaleOfPromise","floor":57,"key":"SMITH"}],"circlet_count":0,"master_deck":["Strike_G","Strike_G","Strike_G","Strike_G","Defend_G","Defend_G","Defend_G","Defend_G","Defend_G","Survivor","Neutralize","Eviscerate+1","Dagger Throw+1","Eviscerate+1","Blur","Backflip","Acrobatics","Phantasmal Killer+1","hubris:SlightOfHand+1","wanderingMiniBosses:FinaleOfPromise+1","Replay:Fractal Strike","Prepared","Calculated Gamble+1","Unload","Backflip+1","Madness+1","Madness+1","StuffTheSpire:MirrorStance+1","StuffTheSpire:ClusterCrunch+1","StuffTheSpire:Repulse","Backflip+1","Underhanded Strike","Crippling Poison","Dagger Throw+1","Riddle With Holes","Acrobatics+1","Reflex+1"],"relics":["energizedSpire:DeadBattery","Unceasing Top","Toy Ornithopter","ReplayTheSpireMod:Ring of Collecting","Tough Bandages","Garlic","Ring of Fury","Replay:Baseball","wanderingMiniBosses:Blackblade","White Beast Statue","MawBank","Blood Vial","infinitespire:EvilPickle","aspiration:RitualDagger","ReplayTheSpireMod:Ring of Addiction","StuffTheSpire:OldFever","Chameleon Ring","SacredBark","infinitespire:Satchel","Mango","hubris:TinFlute","HornCleat","Bag of Preparation","paleoftheancients:Timepiece","paleoftheancients:KeyRelic","paleoftheancients:SoulOfTheWatcher","Torii","Membership Card","aspiration:AnachronicSnailShell","hubris:EmptyBottle"],"acts_visited":["Exordium","TheCity","TheBeyond","paleoftheancients:PaleOfTheAncients"],"potions_floor_usage":[60,60,60,60],"damage_taken":[{"damage":1.0,"enemies":"Cultist","floor":1.0,"turns":4.0},{"damage":0.0,"enemies":"2 Louse","floor":2.0,"turns":3.0},{"damage":10.0,"enemies":"Jaw Worm","floor":4.0,"turns":6.0},{"damage":13.0,"enemies":"Lagavulin","floor":6.0,"turns":5.0},{"damage":10.0,"enemies":"Exordium Thugs","floor":8.0,"turns":3.0},{"damage":9.0,"enemies":"3 Sentries","floor":10.0,"turns":4.0},{"damage":0.0,"enemies":"Blue Slaver","floor":11.0,"turns":1.0},{"damage":0.0,"enemies":"Looter","floor":13.0,"turns":2.0},{"damage":5.0,"enemies":"Exordium Wildlife","floor":14.0,"turns":8.0},{"damage":20.0,"enemies":"Hexaghost","floor":16.0,"turns":8.0},{"damage":3.0,"enemies":"3 Byrds","floor":18.0,"turns":5.0},{"damage":5.0,"enemies":"Chosen","floor":22.0,"turns":4.0},{"damage":10.0,"enemies":"Snecko","floor":24.0,"turns":3.0},{"damage":26.0,"enemies":"Gremlin Leader","floor":25.0,"turns":6.0},{"damage":7.0,"enemies":"Centurion and Healer","floor":27.0,"turns":5.0},{"damage":0.0,"enemies":"Cultist and Chosen","floor":30.0,"turns":2.0},{"damage":5.0,"enemies":"Slavers","floor":31.0,"turns":3.0},{"damage":0.0,"enemies":"Pondfish","floor":33.0,"turns":5.0},{"damage":3.0,"enemies":"Orb Walker","floor":35.0,"turns":1.0},{"damage":12.0,"enemies":"3 Shapes","floor":38.0,"turns":4.0},{"damage":6.0,"enemies":"Jaw Worm Horde","floor":41.0,"turns":2.0},{"damage":15.0,"enemies":"Transient","floor":44.0,"turns":5.0},{"damage":14.0,"enemies":"4 Shapes","floor":45.0,"turns":4.0},{"damage":117.0,"enemies":"Nightmare","floor":46.0,"turns":7.0},{"damage":15.0,"enemies":"Reptomancer","floor":48.0,"turns":4.0},{"damage":20.0,"enemies":"infinitespire:MassOfShapes","floor":50.0,"turns":3.0},{"damage":69,"enemies":"infinitespire:MassOfShapes","floor":51,"turns":9},{"damage":3,"enemies":"infinitespire:MassOfShapes","floor":52,"turns":1},{"damage":9,"enemies":"infinitespire:MassOfShapes","floor":56,"turns":3},{"damage":9,"enemies":"paleoftheancients:N","floor":60,"turns":3}],"seed_played":"405081267267100826","potions_obtained":[{"floor":1.0,"key":"Milkshake"},{"floor":8.0,"key":"infinitespire:BlackPotion"},{"floor":10.0,"key":"AttackPotion"},{"floor":24.0,"key":"Swift Potion"},{"floor":25.0,"key":"LifebloodPotion"},{"floor":30.0,"key":"PowerPotion"},{"floor":31.0,"key":"Energy Potion"},{"floor":33.0,"key":"Strength Potion"},{"floor":35.0,"key":"SneckoOil"},{"floor":38.0,"key":"Swift Potion"},{"floor":39.0,"key":"LifebloodPotion"},{"floor":44.0,"key":"Block Potion"},{"floor":45.0,"key":"CultistPotion"},{"floor":46.0,"key":"SteroidPotion"},{"floor":48.0,"key":"Explosive Potion"},{"floor":51,"key":"FearPotion"},{"floor":52,"key":"DistilledChaos"},{"floor":55,"key":"Ancient Potion"}],"is_trial":false,"path_per_floor":["M","M","?","M","$","E","R","M","T","E","M","R","M","M","R","B",null,"M","?","?","$","M","R","M","E","T","M","?","AVR","M","E","R","B",null,"M","?","?","M","T","R","M","$","T","M","M","NM","?","E","R","B","M","M","?","T","R","M","R","$","?","B",null],"character_chosen":"THE_SILENT","items_purchased":["Tough Bandages","infinitespire:Satchel","Mango","Underhanded Strike","Membership Card","aspiration:AnachronicSnailShell","hubris:EmptyBottle"],"campfire_rested":1,"item_purchase_floors":[21,42,42,42,58,58,58],"current_hp_per_floor":[69,69,69,59,59,46,46,36,36,27,32,32,32,27,48,33,70,67,67,67,67,62,62,52,26,26,29,29,29,29,24,24,41,70,67,58,58,48,48,48,44,58,58,50,43,31,31,47,47,86,86,86,86,84,84,84,82,82,82,80],"gold":183,"neow_bonus":"BOSS_RELIC","is_daily":false,"chose_seed":false,"campfire_upgraded":6,"win_rate":0.0,"timestamp":1611938564,"path_taken":["M","?","?","M","?","E","R","M","T","E","M","R","M","M","R","BOSS","M","?","?","$","M","R","M","E","T","M","?","AVR","M","E","R","BOSS","M","?","?","M","?","R","M","$","T","M","M","NM","?","E","R","BOSS","M","M","?","T","R","M","R","$","?","BOSS"],"items_purchased_type":["Relic","Relic","Relic","Card","Relic","Relic","Relic"],"build_version":"2020-12-22","purchased_purges":4,"victory":true,"max_hp_per_floor":[70,70,70,70,70,70,70,70,70,70,70,70,70,70,70,70,70,70,70,70,70,70,70,70,70,70,70,70,70,70,70,70,70,70,70,70,70,70,70,70,70,84,82,82,82,82,82,82,82,86,86,86,86,84,84,84,82,82,82,80],"card_choices":[{"not_picked":["StuffTheSpire:Python","StuffTheSpire:ClusterCrunch"],"picked":"Dagger Throw","floor":1.0},{"not_picked":["Masterful Stab","PiercingWail"],"picked":"Eviscerate","floor":2.0},{"not_picked":["StuffTheSpire:Python","Setup","Deadly Poison"],"picked":"SKIP","floor":4.0},{"not_picked":["StuffTheSpire:MirrorStance","Outmaneuver"],"picked":"Dagger Throw","floor":6.0},{"not_picked":["Flying Knee","Accuracy"],"picked":"Eviscerate","floor":8.0},{"not_picked":["Heel Hook","Corpse Explosion"],"picked":"Blur","floor":10.0},{"not_picked":["StuffTheSpire:Injection","Flying Knee","Hidden Blade"],"picked":"SKIP","floor":11.0},{"not_picked":["Deflect","Hidden Blade"],"picked":"Backflip","floor":13.0},{"not_picked":["Outmaneuver","Distraction"],"picked":"Acrobatics","floor":14.0},{"not_picked":["ReplayTheSpireMod:From All Sides","Bullet Time"],"picked":"Phantasmal Killer","floor":16.0},{"not_picked":["Concentrate","hubris:Counter+1","StuffTheSpire:ReptileScales"],"picked":"SKIP","floor":18.0},{"not_picked":["Hidden Blade","Blade Dance+1"],"picked":"hubris:SlightOfHand+1","floor":22.0},{"not_picked":["Setup","StuffTheSpire:Injection","Dagger Spray"],"picked":"SKIP","floor":24.0},{"not_picked":["hubris:Sniper+1","Blade Dance+1","StuffTheSpire:Python"],"picked":"SKIP","floor":25.0},{"not_picked":[],"picked":"wanderingMiniBosses:FinaleOfPromise","floor":27.0},{"not_picked":["StuffTheSpire:BumpUp","hubris:SlightOfHand","Hidden Blade+1"],"picked":"SKIP","floor":27.0},{"not_picked":["Dagger Spray","Bouncing Flask+1"],"picked":"Prepared","floor":30.0},{"not_picked":["Masterful Stab","Expertise+1"],"picked":"Calculated Gamble","floor":31.0},{"not_picked":["Atom Bomb","Burst"],"picked":"Unload","floor":33.0},{"not_picked":["Catalyst","Quick Slash"],"picked":"Backflip+1","floor":35.0},{"not_picked":["Quick Slash","Poisoned Stab+1"],"picked":"StuffTheSpire:MirrorStance+1","floor":37.0},{"not_picked":["Infinite Blades+1","Masterful Stab+1"],"picked":"StuffTheSpire:ClusterCrunch+1","floor":37.0},{"not_picked":["Calculated Gamble","hubris:SlightOfHand+1"],"picked":"StuffTheSpire:Repulse","floor":37.0},{"not_picked":["StuffTheSpire:Injection","StuffTheSpire:ClusterCrunch+1","Masterful Stab"],"picked":"SKIP","floor":38.0},{"not_picked":["StuffTheSpire:Fury","Slice"],"picked":"Backflip+1","floor":41.0},{"not_picked":["StuffTheSpire:DoubleShiv+1","aspiration:Lunge"],"picked":"Crippling Poison","floor":44.0},{"not_picked":["Backflip","Dagger Spray"],"picked":"Dagger Throw+1","floor":45.0},{"not_picked":["Setup","StuffTheSpire:Injection+1"],"picked":"Riddle With Holes","floor":46.0},{"not_picked":["Poisoned Stab","ReplayTheSpireMod:Shiv Toss"],"picked":"Acrobatics+1","floor":48.0},{"not_picked":["Accuracy","StuffTheSpire:Shiver","Prepared"],"picked":"SKIP","floor":51},{"not_picked":["Blade Dance+1","hubris:SlightOfHand+1"],"picked":"Reflex+1","floor":52},{"not_picked":["Bane","Sucker Punch+1","Blur+1"],"picked":"SKIP","floor":56}],"player_experience":653316,"relics_obtained":[{"floor":6.0,"key":"Unceasing Top"},{"floor":10.0,"key":"Toy Ornithopter"},{"floor":19.0,"key":"ReplayTheSpireMod:Ring of Collecting"},{"floor":25.0,"key":"Garlic"},{"floor":26.0,"key":"Ring of Fury"},{"floor":26.0,"key":"Replay:Baseball"},{"floor":27.0,"key":"wanderingMiniBosses:Blackblade"},{"floor":31.0,"key":"MawBank"},{"floor":32.0,"key":"Blood Vial"},{"floor":39.0,"key":"ReplayTheSpireMod:Ring of Addiction"},{"floor":39.0,"key":"StuffTheSpire:OldFever"},{"floor":39.0,"key":"Chameleon Ring"},{"floor":39.0,"key":"SacredBark"},{"floor":43.0,"key":"hubris:TinFlute"},{"floor":46.0,"key":"HornCleat"},{"floor":48.0,"key":"Bag of Preparation"},{"floor":51,"key":"paleoftheancients:SoulOfTheWatcher"},{"floor":54,"key":"Torii"}],"event_choices":[{"damage_healed":0.0,"max_hp_gain":0.0,"max_hp_loss":0.0,"gold_gain":0.0,"event_name":"Accursed Blacksmith","player_choice":"Forge","floor":3.0,"gold_loss":0.0,"damage_taken":0.0,"cards_upgraded":["Eviscerate"]},{"damage_healed":0.0,"max_hp_gain":0.0,"max_hp_loss":0.0,"gold_gain":0.0,"event_name":"Vampires","player_choice":"Ignored","floor":20.0,"gold_loss":0.0,"damage_taken":0.0},{"damage_healed":0.0,"max_hp_gain":0.0,"max_hp_loss":0.0,"gold_gain":0.0,"event_name":"Forgotten Altar","player_choice":"Smashed Altar","floor":28.0,"gold_loss":0.0,"damage_taken":0.0,"cards_obtained":["Decay"]},{"damage_healed":0.0,"max_hp_gain":0.0,"max_hp_loss":0.0,"gold_gain":0.0,"event_name":"Winding Halls","player_choice":"Embrace Madness","floor":36.0,"gold_loss":0.0,"damage_taken":9.0,"cards_obtained":["Madness","Madness"]},{"cards_removed":["Dagger Throw"],"damage_healed":0.0,"max_hp_gain":0.0,"max_hp_loss":0.0,"gold_gain":0.0,"event_name":"Falling","player_choice":"Removed Attack","floor":47.0,"gold_loss":0.0,"damage_taken":0.0}],"is_beta":false,"boss_relics":[{"not_picked":["energizedSpire:StickyHand","aspiration:FutureDiary","energizedSpire:SpiderWeb"]},{"not_picked":["energizedSpire:EnergizedDie","Snecko Eye"],"picked":"aspiration:RitualDagger"}],"items_purged_floors":[5,29,42,58],"is_endless":false,"potions_floor_spawned":[1,8,10,24,25,30,31,33,35,38,41,44,45,46,48,51,52,56],"ascension_level":2}}