{"host":"f0gpob8hq9vgebej","time":1611897277,"event":{"mods":["AchievementEnabler","BaseMod","Minty Spire (QoL Compilation)","Quick Restart","SuperFastMode"],"gold_per_floor":[133,187,225,299,131,131,163,216,240,240,275,310,310,353,353,453,453,465,465,485,28,86,86,101,111,163,180,180,39,50,66,66,140,140,151,189,64,64,64],"floor_reached":38,"language":"KOR","playtime":863,"items_purged":["Strike_G","Strike_G","Strike_G"],"score":620,"play_id":"222e76ce-82bc-47df-b175-e8d66d9e18f3","local_time":"20210129141437","is_ascension_mode":true,"campfire_choices":[{"data":"Tactician","floor":6.0,"key":"SMITH"},{"data":"HandOfGreed","floor":10.0,"key":"SMITH"},{"floor":13.0,"key":"REST"},{"data":"Phantasmal Killer","floor":15.0,"key":"SMITH"},{"data":"Accuracy","floor":23.0,"key":"SMITH"},{"floor":28.0,"key":"REST"},{"floor":32.0,"key":"REST"}],"circlet_count":0,"master_deck":["AscendersBane","Strike_G","Strike_G","Defend_G","Defend_G","Defend_G","Defend_G","Defend_G","Survivor","Neutralize","HandOfGreed+1","Tactician+1","Deadly Poison","Prepared","Blade Dance","Blade Dance","Backflip","Phantasmal Killer+1","Storm of Steel","Noxious Fumes","Accuracy+1","PiercingWail","Envenom","Calculated Gamble","Prepared+1","After Image","Prepared+1","Parasite"],"relics":["Ring of the Serpent","Toy Ornithopter","Runic Pyramid","Tingsha","Red Mask","Strawberry"],"acts_visited":["Exordium","TheCity","TheBeyond"],"potions_floor_usage":[38],"damage_taken":[{"damage":0.0,"enemies":"Cultist","floor":1.0,"turns":3.0},{"damage":0.0,"enemies":"2 Louse","floor":2.0,"turns":3.0},{"damage":2.0,"enemies":"Jaw Worm","floor":3.0,"turns":4.0},{"damage":2.0,"enemies":"Lots of Slimes","floor":4.0,"turns":6.0},{"damage":0.0,"enemies":"Red Slaver","floor":7.0,"turns":3.0},{"damage":22.0,"enemies":"Exordium Thugs","floor":8.0,"turns":4.0},{"damage":0.0,"enemies":"2 Fungi Beasts","floor":11.0,"turns":4.0},{"damage":5.0,"enemies":"Exordium Wildlife","floor":12.0,"turns":3.0},{"damage":0.0,"enemies":"Looter","floor":14.0,"turns":3.0},{"damage":56.0,"enemies":"Slime Boss","floor":16.0,"turns":8.0},{"damage":3.0,"enemies":"Chosen","floor":18.0,"turns":3.0},{"damage":0.0,"enemies":"Spheric Guardian","floor":20.0,"turns":3.0},{"damage":20.0,"enemies":"Masked Bandits","floor":22.0,"turns":4.0},{"damage":12.0,"enemies":"Snake Plant","floor":24.0,"turns":3.0},{"damage":0.0,"enemies":"Centurion and Healer","floor":25.0,"turns":2.0},{"damage":15.0,"enemies":"Snecko","floor":27.0,"turns":4.0},{"damage":6.0,"enemies":"Snake Plant","floor":30.0,"turns":4.0},{"damage":3.0,"enemies":"Cultist and Chosen","floor":31.0,"turns":4.0},{"damage":41.0,"enemies":"Champ","floor":33.0,"turns":7.0},{"damage":31,"enemies":"3 Darklings","floor":35,"turns":3},{"damage":14,"enemies":"3 Shapes","floor":36,"turns":4},{"damage":24,"enemies":"Writhing Mass","floor":38,"turns":6}],"seed_played":"9146518269861782760","potions_obtained":[{"floor":2.0,"key":"DistilledChaos"},{"floor":4.0,"key":"Regen Potion"},{"floor":7.0,"key":"PowerPotion"},{"floor":18.0,"key":"LiquidBronze"},{"floor":20.0,"key":"EssenceOfSteel"},{"floor":30.0,"key":"Explosive Potion"},{"floor":31.0,"key":"AttackPotion"},{"floor":33.0,"key":"Swift Potion"},{"floor":35,"key":"FearPotion"}],"is_trial":false,"path_per_floor":["M","M","M","M","$","R","M","M","T","R","M","M","R","M","R","B",null,"M","?","M","$","?","R","M","M","T","M","R","$","M","M","R","B",null,"M","M","$","M"],"character_chosen":"THE_SILENT","items_purchased":["Blade Dance","Backflip","Accuracy","Tingsha","Envenom"],"campfire_rested":3,"item_purchase_floors":[5,5,21,21,29],"current_hp_per_floor":[45,45,43,41,41,41,41,19,19,19,19,14,35,35,35,4,54,51,51,51,51,36,36,24,24,31,16,39,39,33,30,53,22,63,32,18,18,0,0],"gold":64,"neow_bonus":"RANDOM_COLORLESS_2","is_daily":false,"chose_seed":false,"campfire_upgraded":4,"win_rate":0.0,"timestamp":1611897277,"path_taken":["M","M","M","M","$","R","M","M","T","R","M","M","R","M","R","BOSS","M","?","M","$","?","R","M","?","T","M","R","$","M","M","R","BOSS","M","M","$","M"],"items_purchased_type":["Card","Card","Card","Relic","Card"],"build_version":"2020-12-22","purchased_purges":3,"victory":false,"max_hp_per_floor":[70,70,70,70,70,70,70,70,70,70,70,70,70,70,70,70,70,70,70,70,70,70,70,70,70,77,77,77,77,77,77,77,77,77,77,77,77,77,77],"card_choices":[{"not_picked":["The Bomb","Mayhem"],"picked":"HandOfGreed","floor":0.0},{"not_picked":["Sucker Punch","Concentrate"],"picked":"Tactician","floor":1.0},{"not_picked":["PiercingWail","Bane"],"picked":"Deadly Poison","floor":2.0},{"not_picked":["Calculated Gamble","Bane"],"picked":"Prepared","floor":3.0},{"not_picked":["Deadly Poison","Dash"],"picked":"Blade Dance","floor":4.0},{"not_picked":["Deflect","Concentrate","Expertise"],"picked":"SKIP","floor":7.0},{"not_picked":["Terror","Expertise","Backflip"],"picked":"SKIP","floor":8.0},{"not_picked":["Outmaneuver","Prepared","Slice"],"picked":"SKIP","floor":11.0},{"not_picked":["Outmaneuver","Dagger Spray","Masterful Stab"],"picked":"SKIP","floor":12.0},{"not_picked":["Bouncing Flask","Eviscerate"],"picked":"Phantasmal Killer","floor":14.0},{"not_picked":["Tools of the Trade","Phantasmal Killer"],"picked":"Storm of Steel","floor":16.0},{"not_picked":["Dagger Throw","Blade Dance","Skewer"],"picked":"SKIP","floor":18.0},{"not_picked":["Cloak And Dagger","Backflip"],"picked":"Noxious Fumes","floor":20.0},{"not_picked":["Deadly Poison","Blade Dance","A Thousand Cuts"],"picked":"SKIP","floor":24.0},{"not_picked":["Dagger Throw","Deflect"],"picked":"PiercingWail","floor":25.0},{"not_picked":["Dodge and Roll","Bane","Flying Knee"],"picked":"SKIP","floor":27.0},{"not_picked":["Slice","Riddle With Holes"],"picked":"Calculated Gamble","floor":30.0},{"not_picked":["Underhanded Strike","Dagger Spray"],"picked":"Prepared+1","floor":31.0},{"not_picked":["Venomology","Unload"],"picked":"After Image","floor":33.0},{"not_picked":["Riddle With Holes","Distraction+1","Endless Agony+1"],"picked":"SKIP","floor":35},{"not_picked":["Noxious Fumes","Catalyst+1"],"picked":"Prepared+1","floor":36}],"player_experience":285176,"relics_obtained":[{"floor":9.0,"key":"Toy Ornithopter"},{"floor":22.0,"key":"Red Mask"},{"floor":26.0,"key":"Strawberry"}],"event_choices":[{"damage_healed":0.0,"max_hp_gain":0.0,"max_hp_loss":0.0,"gold_gain":0.0,"event_name":"Vampires","player_choice":"Ignored","floor":19.0,"gold_loss":0.0,"damage_taken":0.0},{"damage_healed":0.0,"max_hp_gain":0.0,"max_hp_loss":0.0,"gold_gain":0.0,"event_name":"Masked Bandits","player_choice":"Fought Bandits","floor":22.0,"gold_loss":0.0,"damage_taken":0.0}],"is_beta":false,"boss_relics":[{"not_picked":["SlaversCollar","Sozu"],"picked":"Runic Pyramid"},{"not_picked":["Coffee Dripper","Philosopher\u0027s Stone"],"picked":"Ring of the Serpent"}],"items_purged_floors":[5,21,37],"is_endless":false,"potions_floor_spawned":[2,4,7,8,12,18,20,30,31,33,35,36],"killed_by":"Writhing Mass","ascension_level":13}}