{"host":"13o02hya6v6rzuva","time":1611914043,"event":{"mods":["BaseMod","Minty Spire (QoL Compilation)","Relic Stats"],"gold_per_floor":[109,109,109,109,126,126,159,159,159,159,188,202,202,217,217,320,320,332,346,359,54,70,97,97,108,132,132,163,163,163],"floor_reached":29,"language":"ENG","playtime":818,"items_purged":[],"score":510,"play_id":"fdf29f7c-16c4-433b-9763-fc65e62c8bc9","local_time":"20210129105403","is_ascension_mode":true,"campfire_choices":[{"data":"Neutralize","floor":6,"key":"SMITH"},{"data":"Caltrops","floor":8,"key":"SMITH"},{"data":"Flying Knee","floor":10,"key":"SMITH"},{"data":"Sucker Punch","floor":13,"key":"SMITH"},{"data":"Backflip","floor":15,"key":"SMITH"},{"floor":24,"key":"REST"}],"circlet_count":0,"master_deck":["AscendersBane","Survivor","Neutralize+1","All Out Attack","Flying Knee+1","Caltrops+1","Sucker Punch+1","PiercingWail","Backflip+1","Malaise","Envenom","Heel Hook","Burst","Corpse Explosion","Terror","Deflect","Burst","Riddle With Holes","All Out Attack","Dagger Throw+1","Bouncing Flask+1","Bouncing Flask","Bouncing Flask+1","Bouncing Flask+1","Well Laid Plans+1"],"relics":["Ring of the Snake","NeowsBlessing","Paper Crane","Pantograph","Tingsha","Pandora\u0027s Box","Pear","Shuriken","Potion Belt","Gremlin Horn"],"acts_visited":["Exordium","TheCity"],"potions_floor_usage":[18,20,22,23,23,28],"damage_taken":[{"damage":0,"enemies":"Jaw Worm","floor":1,"turns":1},{"damage":0,"enemies":"Cultist","floor":5,"turns":1},{"damage":0,"enemies":"Gremlin Nob","floor":7,"turns":1},{"damage":10,"enemies":"Lagavulin","floor":11,"turns":6},{"damage":0,"enemies":"Small Slimes","floor":12,"turns":3},{"damage":0,"enemies":"Blue Slaver","floor":14,"turns":3},{"damage":12,"enemies":"Hexaghost","floor":16,"turns":10},{"damage":22,"enemies":"2 Thieves","floor":18,"turns":3},{"damage":0,"enemies":"3 Byrds","floor":19,"turns":3},{"damage":9,"enemies":"Shelled Parasite and Fungi","floor":20,"turns":4},{"damage":15,"enemies":"3 Cultists","floor":22,"turns":3},{"damage":24,"enemies":"Slavers","floor":23,"turns":4},{"damage":11,"enemies":"Snecko","floor":25,"turns":4},{"damage":28,"enemies":"Book of Stabbing","floor":28,"turns":6},{"damage":4,"enemies":"Snake Plant","floor":29,"turns":1}],"seed_played":"8313981011448132963","potions_obtained":[{"floor":1,"key":"BlessingOfTheForge"},{"floor":14,"key":"LiquidMemories"},{"floor":16,"key":"SkillPotion"},{"floor":19,"key":"Explosive Potion"},{"floor":20,"key":"Regen Potion"},{"floor":23,"key":"SteroidPotion"},{"floor":25,"key":"SpeedPotion"}],"is_trial":false,"path_per_floor":["M","?","T","?","M","R","E","R","T","R","E","M","R","M","R","B",null,"M","M","M","$","M","E","R","M","T","?","E","M"],"character_chosen":"THE_SILENT","items_purchased":["Pear","Bouncing Flask"],"campfire_rested":1,"item_purchase_floors":[21,21],"current_hp_per_floor":[63,63,63,63,63,63,63,63,63,63,53,53,53,53,53,58,67,45,45,36,46,40,16,40,29,29,29,1,0,0],"gold":163,"neow_bonus":"THREE_ENEMY_KILL","is_daily":false,"chose_seed":false,"campfire_upgraded":5,"win_rate":0.0,"timestamp":1611914043,"path_taken":["M","?","?","?","M","R","E","R","T","R","E","?","R","M","R","BOSS","M","M","M","$","M","E","R","M","T","?","E","?"],"items_purchased_type":["Relic","Card"],"build_version":"2020-12-22","purchased_purges":0,"victory":false,"max_hp_per_floor":[70,70,70,70,70,70,70,70,70,70,70,70,70,70,70,70,70,70,70,70,80,80,80,80,80,80,80,80,80,80],"relic_stats":{"Gremlin Horn":[0,0],"counters":[15,53],"Shuriken":[0],"Pantograph":17,"Tingsha":[41],"Pandora\u0027s Box":["Envenom","Heel Hook","Burst","Corpse Explosion","Terror","Deflect","Burst","Riddle With Holes","All Out Attack"],"obtain_stats":[{"Potion Belt":26,"Pear":21,"NeowsBlessing":0,"Gremlin Horn":28,"Shuriken":23,"Pantograph":7,"Tingsha":11,"Pandora\u0027s Box":17,"Paper Crane":3,"Ring of the Snake":0},{"Potion Belt":13,"Pear":10,"NeowsBlessing":0,"Gremlin Horn":14,"Shuriken":12,"Pantograph":3,"Tingsha":4,"Pandora\u0027s Box":7,"Paper Crane":1,"Ring of the Snake":0},{"Potion Belt":46,"Pear":35,"NeowsBlessing":0,"Gremlin Horn":52,"Shuriken":42,"Pantograph":3,"Tingsha":9,"Pandora\u0027s Box":25,"Paper Crane":1,"Ring of the Snake":0}],"Ring of the Snake":[30]},"card_choices":[{"not_picked":["Underhanded Strike","Prepared"],"picked":"All Out Attack","floor":1},{"not_picked":["Dagger Throw","Night Terror"],"picked":"Flying Knee","floor":5},{"not_picked":["Well Laid Plans","Choke"],"picked":"Caltrops","floor":7},{"not_picked":["Deflect","Cloak And Dagger"],"picked":"Sucker Punch","floor":11},{"not_picked":["Poisoned Stab","Eviscerate"],"picked":"PiercingWail","floor":12},{"not_picked":["Slice","Outmaneuver"],"picked":"Backflip","floor":14},{"not_picked":["A Thousand Cuts","Tools of the Trade"],"picked":"Malaise","floor":16},{"not_picked":["Terror","Eviscerate","PiercingWail"],"picked":"SKIP","floor":18},{"not_picked":["Reflex","Deflect"],"picked":"Dagger Throw+1","floor":19},{"not_picked":["Acrobatics+1","PiercingWail"],"picked":"Bouncing Flask+1","floor":20},{"not_picked":["Heel Hook+1","Caltrops"],"picked":"Bouncing Flask+1","floor":22},{"not_picked":["Envenom","Dagger Spray","Bouncing Flask"],"picked":"SKIP","floor":23},{"not_picked":["PiercingWail","Cloak And Dagger","Blade Dance+1"],"picked":"SKIP","floor":25},{"not_picked":["Skewer","Predator"],"picked":"Well Laid Plans+1","floor":28}],"player_experience":1167651,"relics_obtained":[{"floor":3,"key":"Paper Crane"},{"floor":7,"key":"Pantograph"},{"floor":11,"key":"Tingsha"},{"floor":23,"key":"Shuriken"},{"floor":26,"key":"Potion Belt"},{"floor":28,"key":"Gremlin Horn"}],"event_choices":[{"damage_healed":0,"gold_gain":0,"player_choice":"Leave","damage_taken":0,"max_hp_gain":0,"max_hp_loss":0,"event_name":"The Cleric","floor":2,"gold_loss":0},{"cards_removed":["Defend_G"],"damage_healed":0,"gold_gain":0,"player_choice":"Purged","damage_taken":0,"max_hp_gain":0,"max_hp_loss":0,"event_name":"Purifier","floor":4,"gold_loss":0},{"damage_healed":0,"gold_gain":0,"player_choice":"Copied","damage_taken":0,"max_hp_gain":0,"max_hp_loss":0,"event_name":"Duplicator","floor":27,"gold_loss":0,"cards_obtained":["Bouncing Flask"]}],"is_beta":false,"boss_relics":[{"not_picked":["Fusion Hammer","Runic Pyramid"],"picked":"Pandora\u0027s Box"}],"items_purged_floors":[],"is_endless":false,"potions_floor_spawned":[1,14,16,19,20,23,25],"killed_by":"Snake Plant","ascension_level":10}}