{"host":"1pwde2j81wdvsae3","time":1611908833,"event":{"mods":["BaseMod","Minty Spire (QoL Compilation)","Replay The Spire","Shop Mod","StSLib"],"gold_per_floor":[119,139,139,157,157,187,203,203,255,286,302,302],"floor_reached":11,"language":"ZHS","playtime":288,"items_purged":[],"score":131,"play_id":"95e10de5-f334-4b0c-af12-8894a6c54924","local_time":"20210129162713","is_ascension_mode":true,"campfire_choices":[{"data":"Barricade","floor":8,"key":"SMITH"}],"circlet_count":0,"master_deck":["AscendersBane","Strike_R","Strike_R","Strike_R","Strike_R","Strike_R","Defend_R","Defend_R","Defend_R","Defend_R","Bash+1","Cleave","Replay:Undeath\u0027s Touch","Barricade+1","Run Through","Blood for Blood"],"relics":["Burning Blood","Ice Cream","TungstenRod","Replay:Bandana"],"acts_visited":["Exordium"],"potions_floor_usage":[],"damage_taken":[{"damage":8,"enemies":"Small Slimes","floor":1,"turns":4},{"damage":1,"enemies":"Cultist","floor":2,"turns":4},{"damage":9,"enemies":"Jaw Worm","floor":4,"turns":3},{"damage":25,"enemies":"Lagavulin","floor":6,"turns":6},{"damage":16,"enemies":"Blue Slaver","floor":7,"turns":4},{"damage":21,"enemies":"Large Slime","floor":10,"turns":7},{"damage":30,"enemies":"3 Sentries","floor":11,"turns":6}],"seed_played":"9089169841629910484","potions_obtained":[{"floor":10,"key":"ElixirPotion"}],"is_trial":false,"path_per_floor":["M","M","?","M","T","E","M","R","T","M","E"],"character_chosen":"IRONCLAD","items_purchased":[],"campfire_rested":0,"item_purchase_floors":[],"current_hp_per_floor":[66,71,75,72,72,53,43,43,43,28,0,0],"gold":302,"neow_bonus":"RANDOM_EVENT","is_daily":false,"chose_seed":false,"campfire_upgraded":1,"win_rate":0.0,"timestamp":1611908833,"path_taken":["M","M","?","?","?","E","M","R","T","?","E"],"items_purchased_type":[],"build_version":"2020-12-22","purchased_purges":0,"victory":false,"max_hp_per_floor":[75,75,75,75,75,75,75,75,75,75,75,75],"card_choices":[{"not_picked":["Run Through","Wild Strike"],"picked":"Cleave","floor":1},{"not_picked":["True Grit","Burning Pact"],"picked":"Reckless Charge","floor":2},{"not_picked":["Heavy Blade","Dual Wield"],"picked":"Replay:Undeath\u0027s Touch","floor":4},{"not_picked":["True Grit","Flex"],"picked":"Barricade","floor":6},{"not_picked":["True Grit","Warcry"],"picked":"Run Through","floor":7},{"not_picked":["Warcry","Headbutt"],"picked":"Blood for Blood","floor":10}],"player_experience":249052,"relics_obtained":[{"floor":5,"key":"Ice Cream"},{"floor":6,"key":"TungstenRod"},{"floor":9,"key":"Replay:Bandana"}],"event_choices":[{"damage_healed":0,"gold_gain":0,"player_choice":"Grow","damage_taken":0,"max_hp_gain":0,"max_hp_loss":0,"event_name":"Living Wall","floor":0,"gold_loss":0,"cards_upgraded":["Bash"]},{"cards_removed":["Reckless Charge"],"damage_healed":4,"gold_gain":0,"player_choice":"Offered Uncommon","damage_taken":0,"max_hp_gain":0,"max_hp_loss":0,"event_name":"Bonfire Elementals","floor":3,"gold_loss":0}],"is_beta":false,"boss_relics":[],"items_purged_floors":[],"is_endless":false,"potions_floor_spawned":[10],"killed_by":"3 Sentries","ascension_level":15}}