{"host":"vyiqbz5w606ur92t","time":1611884117,"event":{"mods":["BaseMod","Downfall","Minty Spire (QoL Compilation)","StSLib"],"gold_per_floor":[99,99,99,112,125,156,156,156,184,184,219,19,169,201,220,325,325,325,341,357,357,369,369,392,427,427,454,454,488,498,532,551,653,653,553,563,563,563,579,598,623,642,657,690,690,718,730,758,770,770,770,805,11,11,11,11],"floor_reached":57,"language":"ENG","playtime":15416,"items_purged":[],"score":1896,"play_id":"a218c0e4-8b82-411a-8b7f-94e0e1937272","local_time":"20210129013517","is_ascension_mode":true,"campfire_choices":[{"data":"sneckomod:MorePower","floor":1,"key":"SMITH"},{"data":"sneckomod:SoulRoll","floor":8,"key":"SMITH"},{"data":"sneckomod:Nope","floor":12,"key":"SMITH"},{"data":"sneckomod:PureSnecko","floor":18,"key":"SMITH"},{"floor":26,"key":"RECALL"},{"data":"Buffer","floor":35,"key":"SMITH"},{"data":"sneckomod:UnlimitedRolls","floor":45,"key":"SMITH"},{"data":"sneckomod:CheapStock","floor":54,"key":"SMITH"}],"circlet_count":0,"master_deck":["sneckomod:TailWhip","sneckomod:SnekBite","sneckomod:Unknown","sneckomod:Unknown","sneckomod:MorePower+1","sneckomod:UnknownRareSkill","sneckomod:UnknownX","sneckomod:UnknownExhaust","sneckomod:SoulDraw","sneckomod:UnknownBlock","sneckomod:SoulRoll+1","sneckomod:Nope+1","sneckomod:QuickBite","sneckomod:UnknownBoss","downfall:Icky","sneckomod:PureSnecko+1","sneckomod:SnakeSap","sneckomod:SoulCleanse","sneckomod:SerpentMind","sneckomod:DiceCrush","sneckomod:UnknownWeak","sneckomod:TrashToTreasure+1","sneckomod:UnknownBlock","sneckomod:UnknownDraw","sneckomod:UnknownRareAttack","sneckomod:QuickMove+1","Slimebound:Equalize","sneckomod:Unknown3Cost","sneckomod:SoulCleanse","sneckomod:UnlimitedRolls+1","sneckomod:UnendingSupply","sneckomod:Restock","Buffer+1","sneckomod:UnknownRarePower","sneckomod:MasterEye","sneckomod:ImprovisedGuard","sneckomod:UnknownBlock+1","sneckomod:UnknownX","sneckomod:SoulExchange","sneckomod:UnknownCommonAttack+1","sneckomod:QuickBite+1","sneckomod:SoulRoll","sneckomod:UnendingSupply","sneckomod:ImprovisedAttack+1","sneckomod:UnknownStrength","sneckomod:QuickBite+1","sneckomod:PureSnecko","Purity","sneckomod:UnknownRareSkill","sneckomod:Unknown3Cost","sneckomod:SoulRoll+1","sneckomod:SoulDraw+1","sneckomod:SnakeSap+1","sneckomod:UnknownClassSLIMEBOUND","sneckomod:QuickMove+1","sneckomod:WideSting+1","sneckomod:IronFang+1","sneckomod:UnknownColorless","sneckomod:UnknownRarePower","sneckomod:UnknownClassSLIMEBOUND","sneckomod:UnknownDraw","sneckomod:UnknownClassSLIMEBOUND","sneckomod:UnknownDraw+1","sneckomod:CheapStock+1","sneckomod:Unknown0Cost","sneckomod:SnakeSap+1","Trip"],"relics":["sneckomod:SneckoSoul","FossilizedHelix","Kunai","Sundial","downfall:HeartBlessingGreen","downfall:HeartBlessingBlue","Bag of Preparation","expansioncontent:StudyCardRelic","Nloth\u0027s Gift","Nilry\u0027s Codex","Dream Catcher","Anchor","Regal Pillow","Molten Egg 2","Mummified Hand","Strawberry","Pandora\u0027s Box","downfall:HeartBlessingRed","sneckomod:LoadedDie","Bottled Flame","Art of War","sneckomod:SneckoCommon","InkBottle","Lee\u0027s Waffle","Gremlin Horn"],"acts_visited":["Exordium","TheCity","TheBeyond","TheEnding"],"potions_floor_usage":[6,16,20,20,25,40,42,42,46,48,56,56,56],"damage_taken":[{"damage":1,"enemies":"Jaw Worm","floor":4,"turns":3},{"damage":10,"enemies":"Small Slimes","floor":5,"turns":3},{"damage":40,"enemies":"Gremlin Nob","floor":6,"turns":5},{"damage":0,"enemies":"3 Sentries","floor":9,"turns":6},{"damage":26,"enemies":"Lagavulin","floor":11,"turns":6},{"damage":0,"enemies":"3 Sentries","floor":14,"turns":6},{"damage":0,"enemies":"2 Louse","floor":15,"turns":2},{"damage":31,"enemies":"WA_ARCHETYPE_RETAIN","floor":16,"turns":9},{"damage":0,"enemies":"Shell Parasite","floor":19,"turns":4},{"damage":10,"enemies":"Snake Plant","floor":20,"turns":5},{"damage":4,"enemies":"Snecko","floor":22,"turns":5},{"damage":0,"enemies":"Slavers","floor":25,"turns":2},{"damage":0,"enemies":"Book of Stabbing","floor":27,"turns":5},{"damage":5,"enemies":"Slavers","floor":29,"turns":4},{"damage":0,"enemies":"Cultist and Chosen","floor":30,"turns":4},{"damage":8,"enemies":"Book of Stabbing","floor":31,"turns":4},{"damage":7,"enemies":"Snake Plant","floor":32,"turns":4},{"damage":0,"enemies":"SI_MIRROR_ARCHETYPE","floor":33,"turns":7},{"damage":0,"enemies":"3 Shapes","floor":36,"turns":3},{"damage":0,"enemies":"Orb Walker","floor":39,"turns":2},{"damage":10,"enemies":"Sphere and 2 Shapes","floor":40,"turns":4},{"damage":0,"enemies":"Jaw Worm Horde","floor":42,"turns":3},{"damage":8,"enemies":"Maw","floor":43,"turns":4},{"damage":0,"enemies":"Reptomancer","floor":44,"turns":4},{"damage":31,"enemies":"Nemesis","floor":46,"turns":5},{"damage":0,"enemies":"Spire Growth","floor":47,"turns":4},{"damage":0,"enemies":"Reptomancer","floor":48,"turns":6},{"damage":23,"enemies":"Writhing Mass","floor":49,"turns":7},{"damage":0,"enemies":"IC_BLOCK_ARCHETYPE","floor":50,"turns":4},{"damage":0,"enemies":"downfall:CharBossMerchant","floor":52,"turns":4},{"damage":0,"enemies":"downfall:NeowBoss","floor":55,"turns":7},{"damage":0,"enemies":"downfall:NeowBossFinal","floor":56,"turns":5}],"seed_played":"-7353896632333072861","potions_obtained":[{"floor":5,"key":"Guardian:BlockOnCardUsePotion"},{"floor":9,"key":"Block Potion"},{"floor":16,"key":"ColorlessPotion"},{"floor":19,"key":"SkillPotion"},{"floor":20,"key":"LiquidMemories"},{"floor":27,"key":"Slimebound:ThreeZeroPotion"},{"floor":32,"key":"champ:CounterPotion"},{"floor":40,"key":"SneckoOil"},{"floor":43,"key":"Strength Potion"},{"floor":44,"key":"Explosive Potion"},{"floor":47,"key":"Energy Potion"},{"floor":49,"key":"SkillPotion"}],"is_trial":false,"path_per_floor":["R","?","T","M","M","E","T","R","E","?","E","R","?","E","M","B",null,"R","M","M","?","M","?","T","E","R","E","T","E","M","E","M","B",null,"R","M","?","?","M","M","T","M","M","E","R","E","M","E","M","B",null,"E","$","R","B","B",null],"character_chosen":"THE_SNECKO","items_purchased":["LiquidMemories","Energy Potion","sneckomod:CheapStock","sneckomod:Unknown0Cost","sneckomod:SnakeSap+1","Trip","Lee\u0027s Waffle","Gremlin Horn"],"campfire_rested":0,"item_purchase_floors":[53,53,53,53,53,53,53,53],"current_hp_per_floor":[90,90,90,89,79,39,39,39,39,69,43,53,53,53,53,34,100,100,100,90,90,86,70,70,70,70,74,74,69,73,80,77,81,107,107,107,107,107,107,101,101,101,99,107,107,76,76,76,86,92,107,107,114,114,114,114],"gold":11,"neow_bonus":"ONE_RANDOM_RARE_CARD","is_daily":false,"chose_seed":false,"campfire_upgraded":7,"win_rate":0.0,"timestamp":1611884117,"path_taken":["R","?","?","M","M","E","T","R","E","?","E","R","?","E","M","BOSS","R","M","M","?","?","?","T","E","R","E","?","E","M","E","M","BOSS","R","M","?","?","?","M","T","M","M","E","R","E","?","E","M","BOSS","E","$","R","BOSS","BOSS"],"items_purchased_type":["Potion","Potion","Card","Card","Card","Card","Relic","Relic"],"build_version":"2020-12-22","purchased_purges":0,"victory":true,"max_hp_per_floor":[90,90,90,90,90,90,90,90,90,90,90,100,100,100,100,100,100,100,100,100,100,100,100,100,100,100,100,100,100,100,107,107,107,107,107,107,107,107,107,107,107,107,107,107,107,107,107,107,107,107,107,107,114,114,114,114],"card_choices":[{"not_picked":["sneckomod:UnknownCommonSkill","sneckomod:UnknownUncommonPower"],"picked":"sneckomod:UnknownRareSkill","floor":4},{"not_picked":["sneckomod:DiceCrush","sneckomod:UnknownCommonAttack"],"picked":"sneckomod:UnknownX","floor":4},{"not_picked":["sneckomod:UnendingSupply","sneckomod:Unknown0Cost"],"picked":"sneckomod:UnknownExhaust","floor":5},{"not_picked":["sneckomod:UnknownDraw","sneckomod:UnknownExhaust"],"picked":"sneckomod:SoulDraw","floor":5},{"not_picked":["sneckomod:Cheat","sneckomod:SoulRoll"],"picked":"sneckomod:UnknownBlock","floor":6},{"not_picked":["sneckomod:DiceBlock","sneckomod:QuickBite"],"picked":"sneckomod:SoulRoll","floor":6},{"not_picked":["sneckomod:WideSting","sneckomod:UnknownCommonAttack"],"picked":"sneckomod:Nope","floor":9},{"not_picked":["sneckomod:UnknownStrike","sneckomod:UnknownDraw"],"picked":"sneckomod:QuickBite","floor":9},{"not_picked":["sneckomod:UnknownCommonAttack","sneckomod:MorePower"],"picked":"sneckomod:UnknownUncommonAttack","floor":11},{"not_picked":["sneckomod:DiceBlock","sneckomod:SoulDraw"],"picked":"sneckomod:UnknownBoss","floor":11},{"not_picked":["sneckomod:Mudshield","sneckomod:IronFang"],"picked":"sneckomod:PureSnecko","floor":14},{"not_picked":["sneckomod:Unknown1Cost","sneckomod:RainOfDice"],"picked":"sneckomod:SnakeSap","floor":14},{"not_picked":["sneckomod:IronFang","sneckomod:UnknownExhaust"],"picked":"sneckomod:SoulCleanse","floor":15},{"not_picked":["sneckomod:SnekBeam","sneckomod:QuickBite"],"picked":"sneckomod:SerpentMind","floor":15},{"not_picked":["sneckomod:UnknownRareSkill","sneckomod:UnknownRareAttack"],"picked":"sneckomod:UnknownRarePower","floor":16},{"not_picked":["sneckomod:QuickBite","sneckomod:SnakeSap"],"picked":"sneckomod:DiceCrush","floor":16},{"not_picked":["sneckomod:DiceCrush","sneckomod:UnknownStrike"],"picked":"sneckomod:UnknownWeak","floor":19},{"not_picked":["sneckomod:UnknownStrike+1","sneckomod:UnknownStrength"],"picked":"sneckomod:TrashToTreasure+1","floor":19},{"not_picked":["sneckomod:UnknownStrength","sneckomod:RainOfDice"],"picked":"sneckomod:UnknownBlock","floor":20},{"not_picked":["sneckomod:Unknown1Cost","sneckomod:UnknownX"],"picked":"sneckomod:UnknownDraw","floor":20},{"not_picked":["sneckomod:UnknownStrike","sneckomod:TrashToTreasure"],"picked":"sneckomod:UnknownRareAttack","floor":22},{"not_picked":["sneckomod:Rotation+1","sneckomod:DiceCrush"],"picked":"sneckomod:QuickMove+1","floor":22},{"not_picked":["sneckomod:RainOfDice","sneckomod:Unknown3Cost"],"picked":"sneckomod:Memorize","floor":25},{"not_picked":["sneckomod:SerpentMind","sneckomod:Restock"],"picked":"sneckomod:Unknown3Cost","floor":27},{"not_picked":["sneckomod:SnakeSap","sneckomod:PureSnecko"],"picked":"sneckomod:SoulCleanse","floor":27},{"not_picked":["sneckomod:Nope","sneckomod:QuickBite+1"],"picked":"sneckomod:UnlimitedRolls","floor":29},{"not_picked":["sneckomod:UnknownX","sneckomod:UnknownClassSLIMEBOUND"],"picked":"sneckomod:UnendingSupply","floor":30},{"not_picked":["sneckomod:SnekBeam+1","sneckomod:Mudshield"],"picked":"sneckomod:Restock","floor":30},{"not_picked":["sneckomod:SoulCleanse","sneckomod:DangerNoodle+1"],"picked":"sneckomod:UnknownRarePower","floor":31},{"not_picked":["sneckomod:SnakeSap","sneckomod:SoulRoll"],"picked":"sneckomod:MasterEye","floor":31},{"not_picked":["sneckomod:MorePower","sneckomod:RainOfDice"],"picked":"sneckomod:ImprovisedGuard","floor":32},{"not_picked":["sneckomod:UnknownCommonSkill","sneckomod:UnknownStrength"],"picked":"sneckomod:UnknownBlock+1","floor":32},{"not_picked":["sneckomod:UnknownBoss","sneckomod:SnekBeam"],"picked":"sneckomod:UnknownX","floor":33},{"not_picked":["sneckomod:DangerNoodle+1","sneckomod:Mudshield"],"picked":"sneckomod:SoulExchange","floor":33},{"not_picked":["sneckomod:RainOfDice+1","sneckomod:UnknownBlock"],"picked":"sneckomod:QuickBite+1","floor":36},{"not_picked":["sneckomod:QuickBite","sneckomod:SlitherStrike"],"picked":"sneckomod:Unknown3Cost","floor":39},{"not_picked":["sneckomod:UnknownClassGREEN","sneckomod:DiceBlock"],"picked":"sneckomod:SoulRoll+1","floor":39},{"not_picked":["sneckomod:UnknownUncommonAttack+1","sneckomod:UnknownWeak+1"],"picked":"sneckomod:SoulDraw+1","floor":40},{"not_picked":["sneckomod:SoulDraw+1","sneckomod:ImprovisedAttack+1"],"picked":"sneckomod:SnakeSap+1","floor":42},{"not_picked":["sneckomod:Memorize","sneckomod:UnknownCommonSkill"],"picked":"sneckomod:UnknownClassSLIMEBOUND","floor":43},{"not_picked":["sneckomod:UnknownClassGREEN+1","sneckomod:UnknownCommonSkill"],"picked":"sneckomod:QuickMove+1","floor":43},{"not_picked":["sneckomod:Mudshield","sneckomod:DiceBoulder+1"],"picked":"sneckomod:WideSting+1","floor":44},{"not_picked":["sneckomod:Cheat","sneckomod:PureSnecko+1"],"picked":"sneckomod:IronFang+1","floor":46},{"not_picked":["sneckomod:DiceBlock","sneckomod:DiceCrush+1"],"picked":"sneckomod:UnknownColorless","floor":47},{"not_picked":["sneckomod:SlitherStrike+1","sneckomod:UnknownRareSkill"],"picked":"sneckomod:UnknownRarePower","floor":48},{"not_picked":["sneckomod:QuickMove","sneckomod:IronFang+1"],"picked":"sneckomod:UnknownDraw","floor":49},{"not_picked":["sneckomod:Unknown1Cost","sneckomod:UnknownX"],"picked":"sneckomod:UnknownClassSLIMEBOUND","floor":52},{"not_picked":["sneckomod:UnknownWeak","sneckomod:UnknownBoss"],"picked":"sneckomod:UnknownDraw+1","floor":52}],"player_experience":1177914,"relics_obtained":[{"floor":6,"key":"FossilizedHelix"},{"floor":7,"key":"Slimebound:PreparedRelic"},{"floor":9,"key":"Kunai"},{"floor":11,"key":"Sundial"},{"floor":14,"key":"Bag of Preparation"},{"floor":23,"key":"Nilry\u0027s Codex"},{"floor":24,"key":"Dream Catcher"},{"floor":25,"key":"Anchor"},{"floor":27,"key":"Regal Pillow"},{"floor":28,"key":"Molten Egg 2"},{"floor":29,"key":"Mummified Hand"},{"floor":31,"key":"Strawberry"},{"floor":41,"key":"sneckomod:LoadedDie"},{"floor":44,"key":"Bottled Flame"},{"floor":46,"key":"Art of War"},{"floor":48,"key":"sneckomod:SneckoCommon"},{"floor":52,"key":"InkBottle"}],"event_choices":[{"damage_healed":30,"gold_gain":0,"player_choice":"Banana","damage_taken":0,"max_hp_gain":0,"max_hp_loss":0,"event_name":"Big Fish","floor":10,"gold_loss":0}],"is_beta":false,"boss_relics":[{"not_picked":["Fusion Hammer","Calling Bell"],"picked":"expansioncontent:StudyCardRelic"},{"not_picked":["SacredBark","bronze:MakeshiftBattery"],"picked":"Pandora\u0027s Box"}],"items_purged_floors":[],"is_endless":false,"potions_floor_spawned":[5,9,16,19,20,27,32,33,40,43,44,47,49,52],"ascension_level":1}}