{"host":"8is2j71l4wmybkoi","time":1611921582,"event":{"mods":["AchievementEnabler","BaseMod","Colored Map","Minty Spire (QoL Compilation)","Rare Cards Sparkle","StSLib","SuperFastMode"],"gold_per_floor":[110,260,260,260,273,273,285,285,309,51,51,64,98,111,111,187,187,205,205,223,223,239,239,253,253,253],"floor_reached":25,"language":"KOR","playtime":664,"items_purged":["Strike_B"],"score":380,"play_id":"57542246-346b-4dbb-badc-02389faba622","local_time":"20210129205942","is_ascension_mode":true,"campfire_choices":[{"data":"Zap","floor":6,"key":"SMITH"},{"data":"Recycle","floor":8,"key":"SMITH"},{"floor":11,"key":"REST"},{"data":"Coolheaded","floor":15,"key":"SMITH"},{"floor":23,"key":"REST"}],"circlet_count":0,"master_deck":["AscendersBane","Strike_B","Strike_B","Strike_B","Defend_B+1","Defend_B+1","Defend_B+1","Defend_B","Zap+1","Dualcast","Sweeping Beam","Conserve Battery+1","Recycle+1","Gash","Coolheaded+1","Rebound","Cold Snap","Electrodynamics","Meteor Strike","Aggregate"],"relics":["Cracked Core","War Paint","Mango","Snecko Eye","Enchiridion"],"acts_visited":["Exordium","TheCity"],"potions_floor_usage":[13,13,16,20],"damage_taken":[{"damage":7,"enemies":"Small Slimes","floor":1,"turns":4},{"damage":0,"enemies":"2 Louse","floor":5,"turns":2},{"damage":3,"enemies":"Jaw Worm","floor":7,"turns":4},{"damage":11,"enemies":"Looter","floor":12,"turns":3},{"damage":16,"enemies":"Gremlin Nob","floor":13,"turns":3},{"damage":10,"enemies":"Exordium Wildlife","floor":14,"turns":3},{"damage":20,"enemies":"The Guardian","floor":16,"turns":11},{"damage":0,"enemies":"Shell Parasite","floor":18,"turns":3},{"damage":12,"enemies":"3 Byrds","floor":20,"turns":4},{"damage":0,"enemies":"Snecko","floor":22,"turns":4},{"damage":17,"enemies":"Cultist and Chosen","floor":24,"turns":6},{"damage":31,"enemies":"Gremlin Leader","floor":25,"turns":2}],"seed_played":"5725143055788965909","potions_obtained":[{"floor":7,"key":"Swift Potion"},{"floor":13,"key":"BlessingOfTheForge"},{"floor":14,"key":"ColorlessPotion"},{"floor":24,"key":"Fire Potion"}],"is_trial":false,"path_per_floor":["M","?","?","?","M","R","M","R","T","$","R","M","E","M","R","B",null,"M","?","M","?","M","R","M","E"],"character_chosen":"DEFECT","items_purchased":["Gash","Coolheaded","Rebound","Explosive Potion"],"campfire_rested":2,"item_purchase_floors":[10,10,10,10],"current_hp_per_floor":[53,53,27,27,27,27,24,24,24,24,49,38,36,26,26,6,76,76,46,34,13,13,44,27,0,0],"gold":253,"neow_bonus":"TWENTY_PERCENT_HP_BONUS","is_daily":false,"chose_seed":false,"campfire_upgraded":3,"win_rate":0.0,"timestamp":1611921582,"path_taken":["M","?","?","?","M","R","M","R","T","$","R","M","E","M","R","BOSS","M","?","M","?","M","R","?","E"],"items_purchased_type":["Card","Card","Card","Potion"],"build_version":"2020-12-22","purchased_purges":1,"victory":false,"max_hp_per_floor":[85,85,85,85,85,85,85,85,85,85,85,85,99,99,99,99,99,99,104,104,104,104,104,104,104,104],"card_choices":[{"not_picked":["Cold Snap","Skim"],"picked":"Sweeping Beam","floor":1},{"not_picked":["Capacitor","Blizzard"],"picked":"Conserve Battery","floor":5},{"not_picked":["Sweeping Beam","Go for the Eyes"],"picked":"Recycle","floor":7},{"not_picked":["Force Field","Rebound"],"picked":"Cold Snap","floor":12},{"not_picked":["Steam","Recycle"],"picked":"Electrodynamics","floor":13},{"not_picked":["Fusion","Stack","Auto Shields"],"picked":"SKIP","floor":14},{"not_picked":["Electrodynamics","Hyperbeam"],"picked":"Meteor Strike","floor":16},{"not_picked":["Loop","Leap","Steam Power"],"picked":"SKIP","floor":18},{"not_picked":["Ball Lightning","Steam"],"picked":"Aggregate","floor":20},{"not_picked":["Turbo","Blizzard","Redo"],"picked":"SKIP","floor":22},{"not_picked":["Go for the Eyes","Steam Power+1","Tempest"],"picked":"SKIP","floor":24}],"player_experience":837483,"relics_obtained":[{"floor":9,"key":"War Paint"},{"floor":13,"key":"Mango"},{"floor":21,"key":"Enchiridion"}],"event_choices":[{"damage_healed":0,"gold_gain":150,"player_choice":"AGREE","damage_taken":0,"max_hp_gain":0,"max_hp_loss":0,"event_name":"Liars Game","floor":2,"gold_loss":0,"cards_obtained":["Doubt"]},{"damage_healed":0,"gold_gain":0,"player_choice":"Entered Light","damage_taken":26,"max_hp_gain":0,"max_hp_loss":0,"event_name":"Shining Light","floor":3,"gold_loss":0,"cards_upgraded":["Defend_B","Defend_B"]},{"cards_removed":["Doubt"],"damage_healed":0,"gold_gain":0,"player_choice":"Forget","damage_taken":0,"max_hp_gain":0,"max_hp_loss":0,"event_name":"Living Wall","floor":4,"gold_loss":0},{"damage_healed":0,"gold_gain":0,"player_choice":"Shed Blood","damage_taken":35,"max_hp_gain":5,"max_hp_loss":0,"event_name":"Forgotten Altar","floor":19,"gold_loss":0},{"damage_healed":0,"gold_gain":0,"player_choice":"Obtained Book","damage_taken":21,"max_hp_gain":0,"max_hp_loss":0,"event_name":"Cursed Tome","floor":21,"gold_loss":0}],"is_beta":false,"boss_relics":[{"not_picked":["Pandora\u0027s Box","Busted Crown"],"picked":"Snecko Eye"}],"items_purged_floors":[10],"is_endless":false,"potions_floor_spawned":[7,13,14,24],"killed_by":"Gremlin Leader","ascension_level":15}}