{"host":"9l1knhxfturzliqa","time":1611893651,"event":{"mods":["BaseMod","Colored Map","Colored Powertips","DeckTracker","Highlight Path","Keyboard Shortcuts","Minty Spire (QoL Compilation)","Random Character Button"],"gold_per_floor":[19,19,32,47,64,64,77,2,26,26,176,176,190,206,206,281,281,257,267,282,299,315,315,315,315],"floor_reached":24,"language":"KOR","playtime":1642,"items_purged":["Defend_G"],"score":388,"play_id":"7c4e091b-b096-487f-820b-c631b6621042","local_time":"20210129131411","is_ascension_mode":true,"campfire_choices":[{"data":"Venomology","floor":6.0,"key":"SMITH"},{"data":"Noxious Fumes","floor":10.0,"key":"SMITH"},{"floor":15.0,"key":"REST"},{"floor":23.0,"key":"REST"}],"circlet_count":0,"master_deck":["AscendersBane","Strike_G","Strike_G","Strike_G","Strike_G","Defend_G","Defend_G","Defend_G","Defend_G","Survivor","Neutralize","Venomology+1","Noxious Fumes+1","Dagger Throw","Blade Dance","Prepared","PiercingWail","Doubt","Cloak And Dagger","Night Terror","Backflip+1","Finisher+1","Infinite Blades","Prepared"],"relics":["Ring of the Snake","Bag of Preparation","Ancient Tea Set","SacredBark"],"acts_visited":["TheCity"],"potions_floor_usage":[24,24],"damage_taken":[{"damage":7.0,"enemies":"Small Slimes","floor":1.0,"turns":6.0},{"damage":17.0,"enemies":"Cultist","floor":3.0,"turns":5.0},{"damage":0.0,"enemies":"2 Louse","floor":4.0,"turns":4.0},{"damage":1.0,"enemies":"Blue Slaver","floor":5.0,"turns":5.0},{"damage":0.0,"enemies":"2 Fungi Beasts","floor":7.0,"turns":3.0},{"damage":0.0,"enemies":"Exordium Thugs","floor":13.0,"turns":3.0},{"damage":7.0,"enemies":"3 Louse","floor":14.0,"turns":3.0},{"damage":20.0,"enemies":"Slime Boss","floor":16.0,"turns":9.0},{"damage":7.0,"enemies":"2 Thieves","floor":18.0,"turns":4.0},{"damage":0.0,"enemies":"Spheric Guardian","floor":19.0,"turns":2.0},{"damage":0.0,"enemies":"Snake Plant","floor":20.0,"turns":2.0},{"damage":8.0,"enemies":"Shelled Parasite and Fungi","floor":21.0,"turns":3.0},{"damage":25.0,"enemies":"Snecko","floor":22.0,"turns":6.0},{"damage":34,"enemies":"Slavers","floor":24,"turns":5}],"seed_played":"-5027204314385096917","potions_obtained":[{"floor":1.0,"key":"CultistPotion"},{"floor":5.0,"key":"DistilledChaos"},{"floor":16.0,"key":"LiquidBronze"},{"floor":18.0,"key":"Strength Potion"},{"floor":19.0,"key":"Poison Potion"}],"is_trial":false,"path_per_floor":["M","?","M","M","M","R","M","$","T","R","?","?","M","M","R","B",null,"M","M","M","M","M","R","E"],"character_chosen":"THE_SILENT","items_purchased":[],"campfire_rested":2,"item_purchase_floors":[],"current_hp_per_floor":[52,52,35,35,34,34,34,34,34,34,34,29,29,22,41,21,55,48,48,48,40,15,34,0,0],"gold":315,"neow_bonus":"THREE_RARE_CARDS","is_daily":false,"chose_seed":false,"campfire_upgraded":2,"win_rate":0.0,"timestamp":1611893651,"path_taken":["M","?","M","M","?","R","M","?","T","R","?","?","M","M","R","BOSS","M","M","M","M","M","R","E"],"items_purchased_type":[],"build_version":"2020-12-22","purchased_purges":1,"victory":false,"max_hp_per_floor":[66,66,66,66,66,66,66,66,66,66,66,66,66,66,66,66,66,66,66,66,66,66,66,66,66],"card_choices":[{"not_picked":["Wraith Form v2","Night Terror"],"picked":"Venomology","floor":0.0},{"not_picked":["Outmaneuver","Backstab"],"picked":"Noxious Fumes","floor":1.0},{"not_picked":["Quick Slash","Outmaneuver"],"picked":"Dagger Throw","floor":3.0},{"not_picked":["Underhanded Strike","Slice"],"picked":"Blade Dance","floor":4.0},{"not_picked":["Underhanded Strike","Heel Hook"],"picked":"Prepared","floor":5.0},{"not_picked":["Sucker Punch","Acrobatics"],"picked":"PiercingWail","floor":7.0},{"not_picked":["Slice","Blade Dance"],"picked":"Cloak And Dagger","floor":13.0},{"not_picked":["Blade Dance","Deflect","Endless Agony"],"picked":"SKIP","floor":14.0},{"not_picked":["Grand Finale","Glass Knife"],"picked":"Night Terror","floor":16.0},{"not_picked":["Underhanded Strike","Outmaneuver"],"picked":"Backflip+1","floor":18.0},{"not_picked":["Underhanded Strike","PiercingWail"],"picked":"Finisher+1","floor":19.0},{"not_picked":["Skewer+1","Outmaneuver"],"picked":"Infinite Blades","floor":20.0},{"not_picked":["Caltrops","Poisoned Stab","Blade Dance"],"picked":"SKIP","floor":21.0},{"not_picked":["Dagger Spray+1","Distraction"],"picked":"Prepared","floor":22.0}],"player_experience":540162,"relics_obtained":[{"floor":9.0,"key":"Bag of Preparation"}],"event_choices":[{"cards_removed":["Strike_G"],"damage_healed":0.0,"max_hp_gain":0.0,"max_hp_loss":0.0,"gold_gain":0.0,"event_name":"Wheel of Change","player_choice":"Card Removal","floor":2.0,"gold_loss":0.0,"damage_taken":0.0},{"damage_healed":0.0,"max_hp_gain":0.0,"max_hp_loss":0.0,"gold_gain":150.0,"event_name":"Liars Game","player_choice":"AGREE","floor":11.0,"gold_loss":0.0,"damage_taken":0.0,"cards_obtained":["Doubt"]},{"damage_healed":0.0,"max_hp_gain":0.0,"max_hp_loss":0.0,"gold_gain":0.0,"event_name":"Scrap Ooze","player_choice":"Success","floor":12.0,"gold_loss":0.0,"damage_taken":5.0,"relics_obtained":["Ancient Tea Set"]}],"is_beta":false,"boss_relics":[{"not_picked":["Philosopher\u0027s Stone","Busted Crown"],"picked":"SacredBark"}],"items_purged_floors":[8],"is_endless":false,"potions_floor_spawned":[1,5,16,18,19],"killed_by":"Slavers","ascension_level":20}}