{"host":"oehe2dxjvdgux73m","time":1611940015,"event":{"mods":["AchievementEnabler","BaseMod","Colored Map","Colored Powertips","DeckTracker","Keyboard Shortcuts","Minty Spire (QoL Compilation)","Permanent Neow","Quick Restart","StSLib","SuperFastMode"],"gold_per_floor":[366,379,8,8,38,38,139,139,215,260,260,260,318,383,383,383,383],"floor_reached":16,"language":"KOR","playtime":368,"items_purged":[],"score":198,"play_id":"c82177d1-dc35-459c-ad22-fb181ae0910f","local_time":"20210130020655","is_ascension_mode":true,"campfire_choices":[{"data":"HandOfGreed","floor":6.0,"key":"SMITH"},{"data":"Shockwave","floor":12.0,"key":"SMITH"},{"floor":15.0,"key":"REST"}],"circlet_count":0,"master_deck":["AscendersBane","Strike_R","Strike_R","Strike_R","Strike_R","Defend_R","Defend_R","Defend_R","Defend_R","Bash","Clumsy","Blood for Blood","Battle Trance","HandOfGreed+1","Body Slam","Shockwave+1","Shrug It Off","Burning Pact"],"relics":["Burning Blood","Blood Vial","Juzu Bracelet","Mummified Hand","Golden Idol","Self Forming Clay"],"acts_visited":["Exordium"],"potions_floor_usage":[16],"damage_taken":[{"damage":14.0,"enemies":"Small Slimes","floor":1.0,"turns":4.0},{"damage":5.0,"enemies":"2 Louse","floor":2.0,"turns":4.0},{"damage":2.0,"enemies":"Jaw Worm","floor":5.0,"turns":3.0},{"damage":30.0,"enemies":"3 Sentries","floor":7.0,"turns":9.0},{"damage":11.0,"enemies":"Looter","floor":10.0,"turns":5.0},{"damage":22.0,"enemies":"Gremlin Nob","floor":13.0,"turns":4.0},{"damage":19.0,"enemies":"Gremlin Gang","floor":14.0,"turns":4.0},{"damage":13,"enemies":"The Guardian","floor":16,"turns":8}],"seed_played":"7699681675108917764","potions_obtained":[{"floor":5.0,"key":"SpeedPotion"},{"floor":10.0,"key":"Weak Potion"}],"is_trial":false,"path_per_floor":["M","M","$","?","M","R","E","?","T","M","?","R","E","M","R","B"],"character_chosen":"IRONCLAD","items_purchased":["Blood Vial","HandOfGreed"],"campfire_rested":1,"item_purchase_floors":[3,3],"current_hp_per_floor":[60,61,61,54,60,60,38,38,38,35,35,35,21,10,30,19,19],"gold":383,"neow_bonus":"TWO_FIFTY_GOLD","is_daily":false,"chose_seed":false,"campfire_upgraded":2,"win_rate":0.0,"timestamp":1611940015,"path_taken":["M","M","$","?","M","R","E","?","T","M","?","R","E","M","R","BOSS"],"items_purchased_type":["Relic","Card"],"build_version":"2020-12-22","purchased_purges":0,"victory":false,"max_hp_per_floor":[75,75,75,75,75,75,75,75,75,75,68,68,68,68,68,68,68],"card_choices":[{"not_picked":["Havoc","Flex"],"picked":"Blood for Blood","floor":1.0},{"not_picked":["Evolve","Clash"],"picked":"Battle Trance","floor":2.0},{"not_picked":["Dark Embrace","Anger"],"picked":"Body Slam","floor":5.0},{"not_picked":["Anger","Sword Boomerang"],"picked":"Shockwave","floor":7.0},{"not_picked":["Heavy Blade","Clothesline","Juggernaut"],"picked":"SKIP","floor":10.0},{"not_picked":["Clash","Berserk"],"picked":"Shrug It Off","floor":13.0},{"not_picked":["Carnage","Anger"],"picked":"Burning Pact","floor":14.0}],"player_experience":329329,"relics_obtained":[{"floor":7.0,"key":"Juzu Bracelet"},{"floor":9.0,"key":"Mummified Hand"},{"floor":13.0,"key":"Self Forming Clay"}],"event_choices":[{"cards_removed":["Strike_R"],"damage_healed":0.0,"max_hp_gain":0.0,"max_hp_loss":0.0,"gold_gain":0.0,"event_name":"Golden Wing","player_choice":"Card Removal","floor":4.0,"gold_loss":0.0,"damage_taken":7.0},{"damage_healed":0.0,"max_hp_gain":0.0,"max_hp_loss":0.0,"gold_gain":0.0,"event_name":"Shining Light","player_choice":"Ignored","floor":8.0,"gold_loss":0.0,"damage_taken":0.0},{"damage_healed":0.0,"max_hp_gain":0.0,"max_hp_loss":7.0,"gold_gain":0.0,"event_name":"Golden Idol","player_choice":"Lose Max HP","floor":11.0,"gold_loss":0.0,"damage_taken":0.0,"relics_obtained":["Golden Idol"]}],"is_beta":false,"boss_relics":[],"items_purged_floors":[],"is_endless":false,"potions_floor_spawned":[5,10],"killed_by":"The Guardian","ascension_level":16}}