{"host":"ifz8qk6i1wysca9i","time":1611904413,"event":{"mods":["Act Like it!","BaseMod","Colored Powertips","Duelist Mod","GifTheSpireLib","Hallownest","Hermit","Minty Spire (QoL Compilation)","Quick Restart","StSLib","The Bug Knight","The Senshi","The Wild Card"],"gold_per_floor":[117,117,42,42,42,74,74,104,130,149,34,51,51,68,68,165,165,182,182,19,19,31,65,65,81,81,1,21,21,21,21],"floor_reached":30,"language":"ENG","playtime":3666,"items_purged":[],"score":256,"play_id":"9ce30d6e-e52f-4342-ab41-c6c2a1313241","local_time":"20210129011333","is_ascension_mode":false,"campfire_choices":[{"data":"HollowMod:GrimmsGift","floor":7.0,"key":"SMITH"},{"data":"HollowMod:LifebloodCore","floor":13.0,"key":"SMITH"},{"data":"HollowMod:theNailsmith","floor":15.0,"key":"SMITH"},{"floor":24.0,"key":"REST"},{"floor":29,"key":"REST"}],"circlet_count":0,"master_deck":["HollowMod:NailStrikeStart","HollowMod:NailStrikeStart+1","HollowMod:NailStrikeStart","HollowMod:NailStrikeStart+1","HollowMod:QuickDashStart","HollowMod:QuickDashStart+1","HollowMod:QuickDashStart","HollowMod:QuickDashStart","HollowMod:FocusHealStart+1","HollowMod:PogoStrike","HollowMod:GrimmsGift+1","Hallownest:curseDreamersLament","HollowMod:VoidDash","HollowMod:MothsMistake","HollowMod:theNailsmith+1","HollowMod:LifebloodCore+1","HollowMod:DesolateDive","HollowMod:SoulVessel","HollowMod:LordofShades","HollowMod:DesolateDive","Shame","HollowMod:GoodIntentions","HollowMod:SoulStrike","HollowMod:NewJinnsSoul","Forethought","HollowMod:DreamGate+1","HollowMod:SoulStrike","HollowMod:DescendingDark+1","Hallownest:skillCityofTearsMap","HollowMod:GreatSlash+1"],"relics":["HollowMod:VesselMask","Hallownest:TeacherSealRelic","Hallownest:BankAccountRelic","White Beast Statue","War Paint","Bag of Marbles","Toy Ornithopter","SacredBark","WarpedTongs","Nunchaku","InkBottle"],"acts_visited":["Exordium","Hallownest:Greenpath"],"potions_floor_usage":[28],"damage_taken":[{"damage":1.0,"enemies":"Hallownest:2_MossCreeps","floor":1.0,"turns":5.0},{"damage":31.0,"enemies":"Hallownest:eliteCrystalGuardian","floor":6.0,"turns":8.0},{"damage":5.0,"enemies":"Hallownest:eliteVengeflyKing","floor":8.0,"turns":9.0},{"damage":4.0,"enemies":"Hallownest:2_Tiktiks_and_1_Crawlid","floor":10.0,"turns":3.0},{"damage":2.0,"enemies":"Hallownest:monsterHuskWarrior","floor":12.0,"turns":3.0},{"damage":6.0,"enemies":"Hallownest:MossCreep_and_Mosskin","floor":14.0,"turns":5.0},{"damage":67.0,"enemies":"Hallownest:BossFalseKnight","floor":16.0,"turns":13.0},{"damage":37.0,"enemies":"Hallownest:3_Youths","floor":18.0,"turns":7.0},{"damage":20.0,"enemies":"Hallownest:Flukemon_and_Top","floor":22.0,"turns":7.0},{"damage":19.0,"enemies":"Hallownest:eliteSoulWarrior","floor":23.0,"turns":12.0},{"damage":62.0,"enemies":"Hallownest:2_Flukemon","floor":25.0,"turns":8.0},{"damage":3,"enemies":"Hallownest:2_Husk_Sentries","floor":28,"turns":5},{"damage":2,"enemies":"Hallownest:3_Mistakes","floor":30,"turns":2}],"seed_played":"8432025879846387471","potions_obtained":[{"floor":6.0,"key":"DistilledChaos"},{"floor":8.0,"key":"DistilledChaos"},{"floor":10.0,"key":"ColorlessPotion"},{"floor":12.0,"key":"Dexterity Potion"},{"floor":16.0,"key":"Ancient Potion"},{"floor":18.0,"key":"Fire Potion"},{"floor":22.0,"key":"LiquidBronze"},{"floor":23.0,"key":"Strength Potion"},{"floor":25.0,"key":"SpeedPotion"},{"floor":28,"key":"Energy Potion"}],"is_trial":false,"path_per_floor":["M","?","?","?","T","E","R","?","T","M","$","M","R","M","R","B",null,"M","?","$","?","M","E","R","M","T","?","M","R","M"],"character_chosen":"THE_BUGKNIGHT","items_purchased":["HollowMod:LifebloodCore","HollowMod:GoodIntentions","HollowMod:SoulStrike","HollowMod:NewJinnsSoul","Forethought"],"campfire_rested":2,"item_purchase_floors":[11,20,20,20,20],"current_hp_per_floor":[82,82,82,82,82,56,56,63,63,59,59,63,63,69,69,22,82,51,51,51,65,50,48,72,21,21,21,23,47,45,45],"gold":21,"neow_bonus":"TEN_PERCENT_HP_BONUS","is_daily":false,"chose_seed":false,"campfire_upgraded":3,"win_rate":0.0,"timestamp":1611904413,"path_taken":["M","?","?","?","?","E","R","?","T","M","?","M","R","M","R","BOSS","M","?","$","?","?","E","R","M","T","?","M","R","M"],"items_purchased_type":["Card","Card","Card","Card","Card"],"build_version":"2020-12-22","purchased_purges":0,"victory":false,"max_hp_per_floor":[82,82,82,82,82,82,82,82,82,82,82,82,82,82,82,82,82,82,82,82,82,82,82,82,82,82,82,82,82,82,82],"card_choices":[{"not_picked":["HollowMod:InfectedCysts","HollowMod:DashSlash"],"picked":"HollowMod:GrimmsGift","floor":1.0},{"not_picked":["HollowMod:WraithStrike","HollowMod:InfectedAttack"],"picked":"HollowMod:VoidDash","floor":6.0},{"not_picked":["HollowMod:GoodIntentions","HollowMod:RecoilStrike"],"picked":"HollowMod:MothsMistake","floor":8.0},{"not_picked":["HollowMod:SiblingsSouls","HollowMod:VengefulVoid"],"picked":"HollowMod:theNailsmith","floor":10.0},{"not_picked":["HollowMod:LifebloodCocoon","HollowMod:GoodIntentions"],"picked":"HollowMod:DesolateDive","floor":12.0},{"not_picked":["HollowMod:DescendingDark","HollowMod:SharpenedNail"],"picked":"HollowMod:SoulVessel","floor":14.0},{"not_picked":["HollowMod:SoulMaster","HollowMod:NewInfectedGuardian"],"picked":"HollowMod:LordofShades","floor":16.0},{"not_picked":["HollowMod:TaintedHusks","HollowMod:CornifersMapStart+1"],"picked":"HollowMod:DesolateDive","floor":18.0},{"not_picked":["HollowMod:HeavyBlow","HollowMod:HuntersJournal+1"],"picked":"HollowMod:DreamGate+1","floor":22.0},{"not_picked":["HollowMod:WraithStrike","HollowMod:NewJinnsSoul"],"picked":"HollowMod:SoulStrike","floor":23.0},{"not_picked":["HollowMod:DashSlash","HollowMod:FastStrike+1"],"picked":"HollowMod:DescendingDark+1","floor":25.0},{"not_picked":["HollowMod:GoodIntentions+1","HollowMod:MantisMark+1"],"picked":"HollowMod:GreatSlash+1","floor":28}],"player_experience":124433,"relics_obtained":[{"floor":5.0,"key":"White Beast Statue"},{"floor":6.0,"key":"War Paint"},{"floor":8.0,"key":"Bag of Marbles"},{"floor":9.0,"key":"Toy Ornithopter"},{"floor":23.0,"key":"Nunchaku"},{"floor":26.0,"key":"InkBottle"}],"event_choices":[],"is_beta":false,"boss_relics":[{"not_picked":["Busted Crown","Ectoplasm"],"picked":"SacredBark"}],"items_purged_floors":[],"is_endless":false,"potions_floor_spawned":[6,8,10,12,14,16,18,22,23,25,28],"killed_by":"Hallownest:3_Mistakes","ascension_level":0}}