{"host":"8ps61jsaamsawqze","time":1611934423,"event":{"mods":["Act Like it!","BaseMod","BetterRewards","Block Reminder","Card Forge","Colored Powertips","Downfall","Energized Spire","Friendly Minions","GifTheSpireLib","Halation","KomeijiMod","Marisa????????","Mimic Mod","Minty Spire (QoL Compilation)","Railgun Mod","Random Character Button","Rare Cards Sparkle","Relic Stats","Shedinja","Shop Mod","StSLib","The Blue Laboratory","The Construct","The Cursed","The Gatherer","The Jungle","The Necromancer","The Poker Player","Uncapped","Waifu the Spire","Yohane!"],"gold_per_floor":[110,110,123,39,49,74,74,74,74,54,65,78,78,90,90,90,90],"floor_reached":16,"language":"ENG","playtime":475,"items_purged":[],"score":204,"play_id":"da88d5d2-0e14-4e39-899b-0442a7a0ee80","local_time":"20210129103343","is_ascension_mode":true,"campfire_choices":[{"floor":7.0,"key":"REST"},{"floor":15,"key":"REST"}],"circlet_count":0,"master_deck":["AscendersBane","Strike_W","Strike_W+1","Strike_W","Strike_W","Defend_W","Defend_W","Defend_W","Defend_W","Negative_Energy_Arrows","Bone_Wall","Summon_Undead_Army+1","Burn","Burn","Burn","Bone_Armory","Summon_Undead","Bone_Armor","Shedinja:AerialAce"],"relics":["Vampire_Amulet","Hammer of Thor","Seething Fire","Anvil of the Gods","NeowsBlessing","halation:LostSnail","halation:SelfBoilingWater","halation:AfternoonTea","Ancient Tea Set","Shedinja:EnergyLoss"],"acts_visited":[],"potions_floor_usage":[],"damage_taken":[{"damage":0.0,"enemies":"2 Louse","floor":1.0,"turns":1.0},{"damage":2.0,"enemies":"Cultist","floor":3.0,"turns":1.0},{"damage":0.0,"enemies":"Jaw Worm","floor":5.0,"turns":1.0},{"damage":66.0,"enemies":"Gremlin Nob","floor":6.0,"turns":5.0},{"damage":36.0,"enemies":"Exordium Wildlife","floor":11.0,"turns":5.0},{"damage":11,"enemies":"3 Louse","floor":12,"turns":3},{"damage":19,"enemies":"Blue Slaver","floor":14,"turns":3},{"damage":47,"enemies":"Hexaghost","floor":16,"turns":7}],"seed_played":"-5706062042764851388","potions_obtained":[{"floor":1.0,"key":"blueLaboratory:TrueEctoplasm"},{"floor":6.0,"key":"BlessingOfTheForge"},{"floor":10.0,"key":"FairyPotion"}],"is_trial":false,"path_per_floor":["M","?","M","$","M","E","R","?","T","?","M","M","?","M","R","B"],"character_chosen":"NECROMANCER","items_purchased":["halation:LostSnail"],"campfire_rested":2,"item_purchase_floors":[4],"current_hp_per_floor":[68,68,68,68,70,6,27,27,27,27,25,20,20,3,24,0,0],"gold":90,"neow_bonus":"THREE_ENEMY_KILL","is_daily":false,"chose_seed":false,"campfire_upgraded":0,"win_rate":0.0,"timestamp":1611934423,"path_taken":["M","?","M","$","M","E","R","?","T","?","M","?","?","M","R","BOSS"],"items_purchased_type":["Relic"],"build_version":"2020-12-22","purchased_purges":0,"victory":false,"max_hp_per_floor":[71,71,71,71,71,71,71,71,71,71,71,71,71,71,71,71,71],"relic_stats":{"counters":[17,54],"obtain_stats":[{"NeowsBlessing":0,"Anvil of the Gods":0,"Shedinja:EnergyLoss":13,"Vampire_Amulet":0,"Hammer of Thor":0,"Seething Fire":0,"halation:AfternoonTea":8,"halation:LostSnail":4,"halation:SelfBoilingWater":6,"Ancient Tea Set":9},{"NeowsBlessing":9,"Anvil of the Gods":0,"Shedinja:EnergyLoss":15,"Vampire_Amulet":0,"Hammer of Thor":0,"Seething Fire":0,"halation:AfternoonTea":13,"halation:LostSnail":11,"halation:SelfBoilingWater":13,"Ancient Tea Set":13},{"NeowsBlessing":28,"Anvil of the Gods":0,"Shedinja:EnergyLoss":44,"Vampire_Amulet":0,"Hammer of Thor":0,"Seething Fire":0,"halation:AfternoonTea":36,"halation:LostSnail":30,"halation:SelfBoilingWater":36,"Ancient Tea Set":36}]},"card_choices":[{"not_picked":["Deaths_Shadow","Necrotic_Claws"],"picked":"Summon_Undead_Army","floor":1.0},{"not_picked":["Negative_Energy_Sphere","Flesh_Made_Foul","Slay_Living"],"picked":"SKIP","floor":3.0},{"not_picked":["Negative_Energy_Javelin","Negative_Energy_Shield","Bone_Spikes"],"picked":"SKIP","floor":5.0},{"not_picked":["Acid_Javelin","Death_Coil"],"picked":"Bone_Armory","floor":6.0},{"not_picked":["Negative_Energy_Burst","Acid_Javelin"],"picked":"Summon_Undead","floor":11.0},{"not_picked":["Corrupt","Consume_Illness"],"picked":"Bone_Armor","floor":12},{"not_picked":["Bone_Spikes","Blood_Whip","Whirlwind_of_Bones"],"picked":"SKIP","floor":14}],"player_experience":212519,"relics_obtained":[{"floor":6.0,"key":"halation:SelfBoilingWater"},{"floor":9.0,"key":"Ancient Tea Set"}],"event_choices":[{"damage_healed":0.0,"max_hp_gain":0.0,"max_hp_loss":0.0,"gold_gain":0.0,"event_name":"The Woman in Blue","player_choice":"Bought 1 Potion","floor":10.0,"gold_loss":0.0,"damage_taken":0.0}],"is_beta":false,"boss_relics":[],"items_purged_floors":[],"is_endless":false,"potions_floor_spawned":[1,6],"killed_by":"Hexaghost","ascension_level":20}}