{"host":"vumwfieg2b2mnrfl","time":1611899853,"event":{"mods":["AchievementEnabler","BaseMod","Minty Spire (QoL Compilation)","Rare Cards Sparkle","Relic Stats"],"gold_per_floor":[118,193,193,193,209,253,253,287,287,48,48,13,13,53,53,147,147,166,166,166,184,195,195,229,241,311,325,325,339,350,375,375,448,448,460,514,225,225,0,28,56,73,73,105,129,144,175,191,191,191],"floor_reached":51,"language":"ENG","playtime":2055,"items_purged":["Defend_R","Strike_R","Decay"],"score":1710,"play_id":"7d6be085-405b-43b7-8e53-777779a6fd56","local_time":"20210128235733","is_ascension_mode":true,"campfire_choices":[{"data":"Armaments","floor":7.0,"key":"SMITH"},{"data":"Uppercut","floor":15.0,"key":"SMITH"},{"data":"Flame Barrier","floor":23.0,"key":"SMITH"},{"data":"Armaments","floor":28.0,"key":"SMITH"},{"data":"Dual Wield","floor":32.0,"key":"SMITH"},{"data":"Demon Form","floor":49.0,"key":"SMITH"}],"circlet_count":0,"master_deck":["AscendersBane","Strike_R","Strike_R","Strike_R","Defend_R","Defend_R","Defend_R","Bash","Rampage","Uppercut+1","Armaments+1","Bludgeon","Fire Breathing","Headbutt+1","Feed+1","Shrug It Off","Impervious","Flame Barrier+1","Dual Wield+1","Demon Form+1","Armaments+1","Flame Barrier","Heavy Blade+1","Bash+1","Entrench","Heavy Blade+1","Bludgeon+1"],"relics":["Burning Blood","NeowsBlessing","Bloody Idol","StrikeDummy","Eternal Feather","Blood Vial","Membership Card","Molten Egg 2","Gremlin Horn","Snecko Eye","Happy Flower","Mummified Hand","Tiny Chest","Mark of Pain","WingedGreaves","HandDrill","Centennial Puzzle","Lantern","Incense Burner","Toy Ornithopter","Bag of Preparation","Calipers","Potion Belt","Smiling Mask","Orichalcum"],"acts_visited":["Exordium","TheCity","TheBeyond"],"potions_floor_usage":[],"damage_taken":[{"damage":0.0,"enemies":"Jaw Worm","floor":1.0,"turns":1.0},{"damage":0.0,"enemies":"Small Slimes","floor":5.0,"turns":1.0},{"damage":0.0,"enemies":"3 Sentries","floor":6.0,"turns":2.0},{"damage":22.0,"enemies":"Gremlin Nob","floor":8.0,"turns":4.0},{"damage":30.0,"enemies":"Lagavulin","floor":14.0,"turns":6.0},{"damage":38.0,"enemies":"Hexaghost","floor":16.0,"turns":10.0},{"damage":22.0,"enemies":"Spheric Guardian","floor":18.0,"turns":4.0},{"damage":0.0,"enemies":"Chosen","floor":21.0,"turns":2.0},{"damage":11.0,"enemies":"Centurion and Healer","floor":22.0,"turns":6.0},{"damage":3.0,"enemies":"Book of Stabbing","floor":24.0,"turns":4.0},{"damage":10.0,"enemies":"Sentry and Sphere","floor":25.0,"turns":5.0},{"damage":12.0,"enemies":"Chosen and Byrds","floor":27.0,"turns":5.0},{"damage":0.0,"enemies":"3 Cultists","floor":29.0,"turns":4.0},{"damage":0.0,"enemies":"Snecko","floor":30.0,"turns":4.0},{"damage":23.0,"enemies":"Slavers","floor":31.0,"turns":5.0},{"damage":15.0,"enemies":"Champ","floor":33.0,"turns":7.0},{"damage":19.0,"enemies":"3 Darklings","floor":35.0,"turns":3.0},{"damage":8.0,"enemies":"2 Orb Walkers","floor":36.0,"turns":4.0},{"damage":2.0,"enemies":"Nemesis","floor":40.0,"turns":7.0},{"damage":38.0,"enemies":"Reptomancer","floor":41.0,"turns":6.0},{"damage":0.0,"enemies":"Orb Walker","floor":42.0,"turns":2.0},{"damage":31.0,"enemies":"Giant Head","floor":44.0,"turns":7.0},{"damage":0.0,"enemies":"Spire Growth","floor":46.0,"turns":2.0},{"damage":27.0,"enemies":"Reptomancer","floor":47.0,"turns":7.0},{"damage":20.0,"enemies":"Maw","floor":48.0,"turns":7.0},{"damage":88,"enemies":"Donu and Deca","floor":50,"turns":8}],"seed_played":"6983949876898745811","potions_obtained":[{"floor":1.0,"key":"Weak Potion"},{"floor":6.0,"key":"EssenceOfSteel"},{"floor":8.0,"key":"SkillPotion"},{"floor":18.0,"key":"Fire Potion"},{"floor":21.0,"key":"FearPotion"},{"floor":27.0,"key":"Swift Potion"},{"floor":36.0,"key":"SmokeBomb"},{"floor":42.0,"key":"BlessingOfTheForge"},{"floor":46.0,"key":"SteroidPotion"}],"is_trial":false,"path_per_floor":["M","?","?","?","M","E","R","E","T","$","T","?","$","E","R","B",null,"M","?","?","M","M","R","E","M","T","M","R","M","M","E","R","B",null,"M","?","$","?","$","E","E","M","T","E","T","M","E","M","R","B",null],"character_chosen":"IRONCLAD","items_purchased":["Membership Card","Fire Breathing","HandDrill","Centennial Puzzle","Lantern","Incense Burner"],"campfire_rested":0,"item_purchase_floors":[10,10,37,37,37,39],"current_hp_per_floor":[74,63,63,37,43,49,49,33,33,33,33,51,51,29,38,8,58,44,44,44,61,67,76,83,87,87,86,87,91,95,87,99,95,98,91,96,96,96,96,103,76,93,93,75,80,97,83,76,91,15],"gold":191,"neow_bonus":"THREE_ENEMY_KILL","is_daily":false,"chose_seed":false,"campfire_upgraded":6,"win_rate":0.0,"timestamp":1611899853,"path_taken":["M","?","?","?","M","E","R","E","T","$","?","?","$","E","R","BOSS","M","?","?","M","M","R","E","?","T","?","R","?","M","E","R","BOSS","M","?","$","?","$","E","E","?","T","E","?","M","E","M","R","BOSS"],"items_purchased_type":["Relic","Card","Relic","Relic","Relic","Relic"],"build_version":"2020-12-22","purchased_purges":3,"victory":true,"max_hp_per_floor":[75,75,75,75,75,75,75,75,75,75,75,75,75,75,75,75,75,75,75,75,79,83,83,83,87,87,87,87,91,95,99,99,99,99,99,99,99,99,99,103,103,107,107,107,107,111,111,111,111,115],"relic_stats":{"Gremlin Horn":[26,26],"Happy Flower":[27],"counters":[26,123],"Eternal Feather":46,"Bag of Preparation":[12],"Orichalcum":[24],"Smiling Mask":0,"Burning Blood":141,"Blood Vial":29,"Centennial Puzzle":[18],"Mummified Hand":[44],"Bloody Idol":76,"Snecko Eye":[165,155,188,181],"Tiny Chest":1,"HandDrill":[6],"obtain_stats":[{"Lantern":37,"Calipers":43,"Gremlin Horn":14,"Incense Burner":39,"Bag of Preparation":41,"Smiling Mask":45,"Burning Blood":0,"Blood Vial":9,"Centennial Puzzle":37,"Mummified Hand":26,"Tiny Chest":31,"WingedGreaves":36,"HandDrill":37,"Potion Belt":44,"NeowsBlessing":0,"Happy Flower":24,"Golden Idol":4,"Eternal Feather":8,"Orichalcum":47,"Bloody Idol":19,"Snecko Eye":17,"Molten Egg 2":11,"Mark of Pain":34,"Membership Card":10,"StrikeDummy":6,"Toy Ornithopter":40},{"Lantern":18,"Calipers":21,"Gremlin Horn":5,"Incense Burner":18,"Bag of Preparation":20,"Smiling Mask":22,"Burning Blood":0,"Blood Vial":4,"Centennial Puzzle":18,"Mummified Hand":11,"Tiny Chest":15,"WingedGreaves":18,"HandDrill":18,"Potion Belt":22,"NeowsBlessing":0,"Happy Flower":10,"Golden Idol":1,"Eternal Feather":4,"Orichalcum":24,"Bloody Idol":7,"Snecko Eye":6,"Molten Egg 2":4,"Mark of Pain":16,"Membership Card":4,"StrikeDummy":3,"Toy Ornithopter":19},{"Lantern":77,"Calipers":92,"Gremlin Horn":14,"Incense Burner":77,"Bag of Preparation":90,"Smiling Mask":99,"Burning Blood":0,"Blood Vial":8,"Centennial Puzzle":77,"Mummified Hand":45,"Tiny Chest":63,"WingedGreaves":77,"HandDrill":77,"Potion Belt":99,"NeowsBlessing":0,"Happy Flower":40,"Golden Idol":1,"Eternal Feather":8,"Orichalcum":108,"Bloody Idol":28,"Snecko Eye":24,"Molten Egg 2":8,"Mark of Pain":70,"Membership Card":8,"StrikeDummy":4,"Toy Ornithopter":84}],"Toy Ornithopter":0},"card_choices":[{"not_picked":["Cleave","Uppercut"],"picked":"Rampage","floor":1.0},{"not_picked":["Iron Wave","Blood for Blood"],"picked":"Uppercut","floor":5.0},{"not_picked":["Havoc","Clothesline"],"picked":"Armaments","floor":6.0},{"not_picked":["Rage","Body Slam"],"picked":"Bludgeon","floor":8.0},{"not_picked":["Flex","Body Slam+1"],"picked":"Headbutt+1","floor":14.0},{"not_picked":["Fiend Fire+1","Bludgeon+1"],"picked":"Feed+1","floor":16.0},{"not_picked":["Body Slam+1","Reckless Charge+1"],"picked":"Shrug It Off","floor":18.0},{"not_picked":["Wild Strike+1","Shrug It Off"],"picked":"Flame Barrier","floor":21.0},{"not_picked":["Anger+1","Wild Strike+1","Battle Trance"],"picked":"SKIP","floor":22.0},{"not_picked":["Iron Wave+1","Anger+1"],"picked":"Dual Wield","floor":24.0},{"not_picked":["Disarm","Blood for Blood+1"],"picked":"Demon Form","floor":25.0},{"not_picked":["Armaments","Clash+1","Dropkick+1"],"picked":"SKIP","floor":27.0},{"not_picked":["Clash+1","Dropkick+1"],"picked":"Armaments","floor":27.0},{"not_picked":["Cleave+1","Clash+1"],"picked":"Flame Barrier","floor":29.0},{"not_picked":["Headbutt+1","Power Through","Warcry"],"picked":"SKIP","floor":30.0},{"not_picked":["Uppercut+1","Perfected Strike+1"],"picked":"Heavy Blade+1","floor":31.0},{"not_picked":["Pommel Strike+1","Armaments","Clash+1"],"picked":"SKIP","floor":35.0},{"not_picked":["Cleave+1","Shrug It Off"],"picked":"Entrench","floor":40.0},{"not_picked":["True Grit+1","Shrug It Off+1"],"picked":"Heavy Blade+1","floor":41.0},{"not_picked":["Disarm","Sever Soul+1","Dropkick+1"],"picked":"SKIP","floor":42.0},{"not_picked":["Battle Trance","Iron Wave+1"],"picked":"Bludgeon+1","floor":44.0},{"not_picked":["Twin Strike+1","Perfected Strike+1","Clash+1"],"picked":"SKIP","floor":46.0},{"not_picked":["Headbutt+1","Battle Trance+1","Sword Boomerang+1"],"picked":"SKIP","floor":47.0},{"not_picked":["Perfected Strike+1","Flex","Twin Strike+1"],"picked":"SKIP","floor":48.0}],"player_experience":492805,"relics_obtained":[{"floor":6.0,"key":"StrikeDummy"},{"floor":8.0,"key":"Eternal Feather"},{"floor":9.0,"key":"Blood Vial"},{"floor":11.0,"key":"Molten Egg 2"},{"floor":14.0,"key":"Gremlin Horn"},{"floor":24.0,"key":"Happy Flower"},{"floor":26.0,"key":"Mummified Hand"},{"floor":31.0,"key":"Tiny Chest"},{"floor":36.0,"key":"WingedGreaves"},{"floor":40.0,"key":"Toy Ornithopter"},{"floor":41.0,"key":"Bag of Preparation"},{"floor":43.0,"key":"Calipers"},{"floor":44.0,"key":"Potion Belt"},{"floor":45.0,"key":"Smiling Mask"},{"floor":47.0,"key":"Orichalcum"}],"event_choices":[{"damage_healed":0.0,"max_hp_gain":0.0,"max_hp_loss":0.0,"gold_gain":75.0,"event_name":"World of Goop","player_choice":"Gather Gold","floor":2.0,"gold_loss":0.0,"damage_taken":11.0},{"damage_healed":0.0,"max_hp_gain":0.0,"max_hp_loss":0.0,"gold_gain":0.0,"cards_transformed":["Strike_R"],"event_name":"Living Wall","player_choice":"Change","floor":3.0,"gold_loss":0.0,"damage_taken":0.0,"cards_obtained":["Bloodletting"]},{"damage_healed":0.0,"max_hp_gain":0.0,"max_hp_loss":0.0,"gold_gain":0.0,"event_name":"Golden Idol","player_choice":"Take Damage","floor":4.0,"gold_loss":0.0,"damage_taken":26.0,"relics_obtained":["Golden Idol"]},{"damage_healed":18.0,"max_hp_gain":0.0,"max_hp_loss":0.0,"gold_gain":0.0,"event_name":"The Cleric","player_choice":"Healed","floor":12.0,"gold_loss":35.0,"damage_taken":0.0},{"damage_healed":0.0,"max_hp_gain":0.0,"max_hp_loss":0.0,"gold_gain":0.0,"event_name":"Forgotten Altar","player_choice":"Gave Idol","floor":19.0,"relics_lost":["Golden Idol"],"gold_loss":0.0,"damage_taken":0.0,"relics_obtained":["Bloody Idol"]},{"damage_healed":0.0,"max_hp_gain":0.0,"max_hp_loss":0.0,"gold_gain":0.0,"cards_transformed":["Bloodletting"],"event_name":"Transmorgrifier","player_choice":"Transformed","floor":20.0,"gold_loss":0.0,"damage_taken":0.0,"cards_obtained":["Impervious"]},{"damage_healed":0.0,"max_hp_gain":0.0,"max_hp_loss":0.0,"gold_gain":0.0,"event_name":"Mysterious Sphere","player_choice":"Fight","floor":36.0,"gold_loss":0.0,"damage_taken":0.0},{"damage_healed":0.0,"max_hp_gain":0.0,"max_hp_loss":0.0,"gold_gain":0.0,"event_name":"Match and Keep!","player_choice":"2 cards matched","floor":38.0,"gold_loss":0.0,"damage_taken":0.0,"cards_obtained":["Bash","Decay"]}],"is_beta":false,"boss_relics":[{"not_picked":["Busted Crown","Velvet Choker"],"picked":"Snecko Eye"},{"not_picked":["Black Star","Calling Bell"],"picked":"Mark of Pain"}],"items_purged_floors":[10,37,39],"is_endless":false,"potions_floor_spawned":[1,6,8,18,21,27,30,31,36,42,46],"ascension_level":18}}