{"host":"ex6y92ceh6h0mo7k","time":1611921550,"event":{"mods":["BaseMod","Minty Spire (QoL Compilation)","Quick Restart","StSLib","SuperFastMode"],"gold_per_floor":[111,125,125,143,156,186,186,211,211,239,249,249,264,297,297,372,372,390,230,249,264,280,280,307,338,338,367,367,367,387,400,400,474,474,494,494,548,563,292,292,325,547,573,502,502,514,546,556,556,556,556,556,556,5,34,34],"floor_reached":57,"language":"ENG","playtime":4971,"items_purged":["Strike_P","Strike_P+1","Defend_P"],"score":2914,"play_id":"236788f6-04d2-4e1d-91aa-8d7a78774016","local_time":"20210129195910","is_ascension_mode":true,"campfire_choices":[{"data":"Wallop","floor":7.0,"key":"SMITH"},{"data":"WaveOfTheHand","floor":12.0,"key":"SMITH"},{"data":"Meditate","floor":15.0,"key":"SMITH"},{"data":"SpiritShield","floor":23.0,"key":"SMITH"},{"floor":29.0,"key":"REST"},{"data":"Wireheading","floor":32.0,"key":"SMITH"},{"floor":40.0,"key":"REST"},{"floor":45.0,"key":"RECALL"},{"data":"Vault","floor":49.0,"key":"SMITH"},{"data":"SpiritShield","floor":53,"key":"SMITH"}],"circlet_count":0,"master_deck":["AscendersBane","Strike_P+1","Defend_P+1","Defend_P+1","Defend_P+1","Eruption+1","Vigilance+1","FlyingSleeves+1","CutThroughFate+1","Meditate+1","LikeWater+1","Wallop+1","Crescendo+1","WaveOfTheHand+1","SpiritShield+1","TalkToTheHand+1","CrushJoints+1","FlurryOfBlows+1","LessonLearned+1","CurseOfTheBell","BattleHymn+1","MentalFortress+1","CutThroughFate+1","TalkToTheHand+1","Wireheading+1","Halt+1","SandsOfTime+1","Vault+1","LikeWater+1","Protect+1","SpiritShield+1","LikeWater+1"],"relics":["Velvet Choker","Art of War","Molten Egg 2","Sundial","Pantograph","Vajra","Calling Bell","PreservedInsect","Turnip","Shuriken","Red Mask","Mango","Dead Branch","Frozen Egg 2","SacredBark","Incense Burner","Medical Kit","MealTicket","Centennial Puzzle","Du-Vu Doll","Membership Card","InkBottle","Bottled Flame","Blood Vial"],"acts_visited":["Exordium","TheCity","TheBeyond","TheEnding"],"potions_floor_usage":[51],"damage_taken":[{"damage":7.0,"enemies":"Jaw Worm","floor":1.0,"turns":4.0},{"damage":0.0,"enemies":"2 Louse","floor":2.0,"turns":2.0},{"damage":1.0,"enemies":"Small Slimes","floor":4.0,"turns":2.0},{"damage":0.0,"enemies":"2 Fungi Beasts","floor":5.0,"turns":2.0},{"damage":16.0,"enemies":"3 Sentries","floor":6.0,"turns":7.0},{"damage":0.0,"enemies":"Gremlin Nob","floor":8.0,"turns":3.0},{"damage":3.0,"enemies":"3 Sentries","floor":10.0,"turns":6.0},{"damage":4.0,"enemies":"Lots of Slimes","floor":11.0,"turns":4.0},{"damage":4.0,"enemies":"Red Slaver","floor":13.0,"turns":3.0},{"damage":28.0,"enemies":"Gremlin Nob","floor":14.0,"turns":4.0},{"damage":2.0,"enemies":"The Guardian","floor":16.0,"turns":8.0},{"damage":0.0,"enemies":"Spheric Guardian","floor":18.0,"turns":2.0},{"damage":8.0,"enemies":"Shell Parasite","floor":20.0,"turns":4.0},{"damage":0.0,"enemies":"Snecko","floor":21.0,"turns":4.0},{"damage":1.0,"enemies":"Cultist and Chosen","floor":22.0,"turns":8.0},{"damage":0.0,"enemies":"Masked Bandits","floor":24.0,"turns":5.0},{"damage":28.0,"enemies":"Slavers","floor":25.0,"turns":5.0},{"damage":0.0,"enemies":"Gremlin Leader","floor":27.0,"turns":6.0},{"damage":0.0,"enemies":"Sentry and Sphere","floor":30.0,"turns":6.0},{"damage":2.0,"enemies":"Snake Plant","floor":31.0,"turns":3.0},{"damage":47.0,"enemies":"Automaton","floor":33.0,"turns":8.0},{"damage":0.0,"enemies":"3 Shapes","floor":35.0,"turns":4.0},{"damage":16.0,"enemies":"2 Orb Walkers","floor":37.0,"turns":4.0},{"damage":0.0,"enemies":"Orb Walker","floor":38.0,"turns":3.0},{"damage":11.0,"enemies":"Nemesis","floor":41.0,"turns":12.0},{"damage":0.0,"enemies":"Maw","floor":46.0,"turns":7.0},{"damage":0.0,"enemies":"Reptomancer","floor":47.0,"turns":5.0},{"damage":0.0,"enemies":"Writhing Mass","floor":48.0,"turns":9.0},{"damage":34.0,"enemies":"Awakened One","floor":50.0,"turns":16.0},{"damage":0,"enemies":"Donu and Deca","floor":51,"turns":11},{"damage":40,"enemies":"Shield and Spear","floor":55,"turns":6},{"damage":20,"enemies":"The Heart","floor":56,"turns":12}],"seed_played":"5310274047465149701","potions_obtained":[{"floor":6.0,"key":"Dexterity Potion"},{"floor":10.0,"key":"FairyPotion"},{"floor":13.0,"key":"ColorlessPotion"},{"floor":18.0,"key":"SteroidPotion"},{"floor":21.0,"key":"DistilledChaos"},{"floor":30.0,"key":"Weak Potion"},{"floor":33.0,"key":"ColorlessPotion"},{"floor":35.0,"key":"PowerPotion"},{"floor":37.0,"key":"SteroidPotion"}],"is_trial":false,"path_per_floor":["M","M","?","M","M","E","R","E","T","E","M","R","M","E","R","B",null,"M","$","M","M","M","R","?","E","T","E","?","R","M","M","R","B",null,"M","?","?","M","$","R","E","?","T","?","R","M","E","M","R","B","B",null,"R","$","E","B",null],"character_chosen":"WATCHER","items_purchased":["BattleHymn","Medical Kit","Membership Card","InkBottle","Block Potion","Bottled Flame","Block Potion"],"campfire_rested":2,"item_purchase_floors":[19,39,54,54,54,54,54],"current_hp_per_floor":[54,54,54,53,53,37,37,37,37,34,30,30,26,20,20,43,62,62,62,54,54,53,53,53,39,39,39,15,41,41,39,39,17,70,70,70,54,54,54,78,67,67,67,67,67,67,67,67,67,49,74,81,81,83,43,50],"gold":34,"neow_bonus":"BOSS_RELIC","is_daily":false,"chose_seed":false,"campfire_upgraded":7,"win_rate":0.0,"timestamp":1611921550,"path_taken":["M","M","?","M","M","E","R","E","T","E","M","R","M","E","R","BOSS","M","$","M","M","M","R","?","E","T","E","?","R","M","M","R","BOSS","M","?","?","M","$","R","E","?","T","?","R","M","E","M","R","BOSS","BOSS","R","$","E","BOSS"],"items_purchased_type":["Card","Relic","Relic","Relic","Potion","Relic","Potion"],"build_version":"2020-12-22","purchased_purges":3,"victory":true,"max_hp_per_floor":[68,68,68,68,68,68,68,68,68,68,68,68,68,68,68,68,68,68,68,68,68,68,68,68,82,82,82,87,87,87,87,87,87,87,87,83,83,83,83,83,83,83,83,83,83,83,83,83,83,83,83,83,83,83,83,83],"card_choices":[{"not_picked":["JustLucky","Prostrate"],"picked":"FlyingSleeves","floor":1.0},{"not_picked":["FlyingSleeves","SashWhip"],"picked":"CutThroughFate","floor":2.0},{"not_picked":["Crescendo","Swivel"],"picked":"LikeWater","floor":4.0},{"not_picked":["ReachHeaven","Consecrate"],"picked":"Wallop","floor":5.0},{"not_picked":["ClearTheMind","EmptyBody"],"picked":"Crescendo","floor":6.0},{"not_picked":["Perseverance","Protect"],"picked":"WaveOfTheHand","floor":8.0},{"not_picked":["Pray","Halt"],"picked":"SpiritShield","floor":10.0},{"not_picked":["FlyingSleeves+1","PathToVictory"],"picked":"TalkToTheHand+1","floor":11.0},{"not_picked":["Vengeance","Collect"],"picked":"CrushJoints+1","floor":13.0},{"not_picked":["ThirdEye","Establishment"],"picked":"FlurryOfBlows+1","floor":14.0},{"not_picked":["SpiritShield","Establishment"],"picked":"LessonLearned+1","floor":16.0},{"not_picked":["ForeignInfluence","JustLucky+1","Evaluate"],"picked":"SKIP","floor":18.0},{"not_picked":["MentalFortress+1","EmptyMind","Crescendo"],"picked":"SKIP","floor":20.0},{"not_picked":["EmptyMind","Crescendo"],"picked":"MentalFortress+1","floor":20.0},{"not_picked":["FlyingSleeves+1","Sanctity"],"picked":"CutThroughFate+1","floor":21.0},{"not_picked":["Study","JustLucky+1"],"picked":"TalkToTheHand+1","floor":22.0},{"not_picked":["Fasting2","Collect"],"picked":"Wireheading","floor":24.0},{"not_picked":["Alpha","FollowUp+1","DeusExMachina"],"picked":"SKIP","floor":25.0},{"not_picked":["ForeignInfluence","Crescendo","Adaptation+1"],"picked":"SKIP","floor":27.0},{"not_picked":["Protect","Evaluate"],"picked":"Halt","floor":30.0},{"not_picked":["Halt","EmptyBody"],"picked":"SandsOfTime+1","floor":31.0},{"not_picked":["Blasphemy","Ragnarok+1"],"picked":"Vault","floor":33.0},{"not_picked":["ThirdEye","JustLucky+1"],"picked":"LikeWater+1","floor":35.0},{"not_picked":["Consecrate+1","BattleHymn+1","BowlingBash+1"],"picked":"SKIP","floor":38.0},{"not_picked":["Evaluate","ForeignInfluence","Halt+1"],"picked":"SKIP","floor":41.0},{"not_picked":["Protect","FollowUp+1","BowlingBash+1"],"picked":"SKIP","floor":46.0},{"not_picked":["FollowUp+1","BowlingBash+1"],"picked":"Protect","floor":46.0},{"not_picked":["EmptyBody+1","Halt"],"picked":"SpiritShield","floor":47.0},{"not_picked":["Consecrate+1","CutThroughFate+1","Fasting2+1"],"picked":"SKIP","floor":48.0},{"not_picked":["FollowUp+1","ReachHeaven+1"],"picked":"LikeWater+1","floor":55}],"player_experience":930498,"relics_obtained":[{"floor":6.0,"key":"Art of War"},{"floor":8.0,"key":"Molten Egg 2"},{"floor":9.0,"key":"Sundial"},{"floor":10.0,"key":"Pantograph"},{"floor":14.0,"key":"Vajra"},{"floor":17.0,"key":"PreservedInsect"},{"floor":17.0,"key":"Turnip"},{"floor":17.0,"key":"Shuriken"},{"floor":24.0,"key":"Red Mask"},{"floor":25.0,"key":"Mango"},{"floor":26.0,"key":"Dead Branch"},{"floor":27.0,"key":"Frozen Egg 2"},{"floor":37.0,"key":"Incense Burner"},{"floor":41.0,"key":"MealTicket"},{"floor":47.0,"key":"Du-Vu Doll"},{"floor":55,"key":"Blood Vial"}],"event_choices":[{"damage_healed":0.0,"max_hp_gain":0.0,"max_hp_loss":0.0,"gold_gain":0.0,"cards_transformed":["Strike_P"],"event_name":"Living Wall","player_choice":"Change","floor":3.0,"gold_loss":0.0,"damage_taken":0.0,"cards_obtained":["Meditate"]},{"damage_healed":0.0,"max_hp_gain":0.0,"max_hp_loss":0.0,"gold_gain":0.0,"event_name":"Masked Bandits","player_choice":"Fought Bandits","floor":24.0,"gold_loss":0.0,"damage_taken":0.0},{"damage_healed":0.0,"max_hp_gain":5.0,"max_hp_loss":0.0,"gold_gain":0.0,"event_name":"Forgotten Altar","player_choice":"Shed Blood","floor":28.0,"gold_loss":0.0,"damage_taken":29.0},{"damage_healed":0.0,"max_hp_gain":0.0,"max_hp_loss":4.0,"gold_gain":0.0,"event_name":"Winding Halls","player_choice":"Max HP","floor":36.0,"gold_loss":0.0,"damage_taken":0.0},{"damage_healed":0.0,"max_hp_gain":0.0,"max_hp_loss":0.0,"gold_gain":0.0,"event_name":"Mysterious Sphere","player_choice":"Fight","floor":37.0,"gold_loss":0.0,"damage_taken":0.0},{"damage_healed":0.0,"max_hp_gain":0.0,"max_hp_loss":0.0,"gold_gain":222.0,"event_name":"Tomb of Lord Red Mask","player_choice":"Wore Mask","floor":42.0,"gold_loss":0.0,"damage_taken":0.0},{"damage_healed":0.0,"max_hp_gain":0.0,"max_hp_loss":0.0,"gold_gain":0.0,"event_name":"WeMeetAgain","player_choice":"Paid Gold","floor":44.0,"gold_loss":71.0,"damage_taken":0.0,"relics_obtained":["Centennial Puzzle"]}],"is_beta":false,"boss_relics":[{"not_picked":["Philosopher\u0027s Stone","SlaversCollar"],"picked":"Calling Bell"},{"not_picked":["Runic Dome","Busted Crown"],"picked":"SacredBark"}],"items_purged_floors":[19,39,54],"is_endless":false,"potions_floor_spawned":[6,10,13,18,21,30,33,35,37,46],"ascension_level":20}}