{"host":"0fro2zsghd18gsf6","time":1611932321,"event":{"mods":["Act Like it!","Arknights The Spire","BaseMod","Better Third Choice","CapriCore","Gensokyo","Minty Spire (QoL Compilation)","StSLib"],"gold_per_floor":[114,133,149,99,114,144,144,175,201,201,221,231,231,57,57,161,161,161],"floor_reached":17,"language":"ZHS","playtime":764,"items_purged":["ats:Defend"],"score":167,"play_id":"1fee620b-23c3-4ccf-9696-79bbb553901d","local_time":"20210129225841","is_ascension_mode":false,"campfire_choices":[{"floor":7,"key":"REST"},{"floor":13,"key":"REST"},{"floor":15,"key":"REST"}],"circlet_count":0,"master_deck":["ats:Armor Crushing Shot","ats:Emotion Absorption","ats:Flexible Camouflage","ats:Leaping Hammer","ats:Shell Defense","ats:Cat Scratch","ats:Roar Of Ursus","ats:Healing Strengthening","ats:Overload","ats:Thermite Blade","ats:Apocalypse+1","ats:Assault Order+1","ats:Fractured Body+1","ats:Healing Strengthening","ats:Healing Drone+1","ats:Mental Burst","ats:Beaten Up+1","ats:Soul Absorption+1","ats:Explosion Area Strengthen"],"relics":["ats:Sanity","Strawberry","ats:Originium","InkBottle","Omamori","Anchor","Toxic Egg 2","Pandora\u0027s Box"],"acts_visited":["Exordium","Exordium"],"potions_floor_usage":[6,12,16],"damage_taken":[{"damage":0,"enemies":"2 Louse","floor":1,"turns":4},{"damage":17,"enemies":"Jaw Worm","floor":2,"turns":6},{"damage":1,"enemies":"Cultist","floor":3,"turns":3},{"damage":3,"enemies":"Exordium Wildlife","floor":5,"turns":4},{"damage":28,"enemies":"Gremlin Nob","floor":6,"turns":5},{"damage":58,"enemies":"3 Sentries","floor":8,"turns":14},{"damage":7,"enemies":"Red Slaver","floor":11,"turns":6},{"damage":0,"enemies":"3 Louse","floor":12,"turns":3},{"damage":24,"enemies":"Slime Boss","floor":16,"turns":10}],"seed_played":"-6636864709171344362","potions_obtained":[{"floor":3,"key":"Weak Potion"},{"floor":6,"key":"Explosive Potion"},{"floor":11,"key":"Fire Potion"},{"floor":16,"key":"Dexterity Potion"}],"is_trial":false,"path_per_floor":["M","M","M","?","M","E","R","E","T","T","M","M","R","$","R","B",null],"character_chosen":"DOCTOR_CLASS","items_purchased":["ats:Apocalypse+1","ats:Assault Order+1"],"campfire_rested":3,"item_purchase_floors":[14,14],"current_hp_per_floor":[79,62,61,61,63,35,58,12,12,12,12,12,35,35,58,59,79,79],"gold":161,"neow_bonus":"RANDOM_COMMON_RELIC","is_daily":false,"chose_seed":false,"campfire_upgraded":0,"win_rate":0.0,"timestamp":1611932321,"path_taken":["M","M","M","?","M","E","R","E","T","?","M","M","R","?","R","BOSS"],"items_purchased_type":["Card","Card"],"build_version":"2020-12-22","purchased_purges":1,"victory":false,"max_hp_per_floor":[79,79,79,79,79,79,79,79,79,79,79,79,79,79,79,79,79,79],"card_choices":[{"not_picked":["ats:Guard Mode","ats:Beaten Up"],"picked":"ats:Flexible Camouflage","floor":1},{"not_picked":["ats:Burning Ground","ats:Automatic Cover"],"picked":"ats:Leaping Hammer","floor":2},{"not_picked":["ats:Assault Order","ats:Explosion Area Strengthen"],"picked":"ats:Shell Defense","floor":3},{"not_picked":["ats:Encircling Forest","ats:Overload"],"picked":"ats:Cat Scratch","floor":5},{"not_picked":["ats:Explosion Area Strengthen","ats:Beaten Up"],"picked":"ats:Roar Of Ursus","floor":6},{"not_picked":["ats:Guardian Obelisk","ats:Literary Storm"],"picked":"ats:Healing Strengthening","floor":8},{"not_picked":["ats:Ignite","ats:Guard Mode+1"],"picked":"ats:Overload","floor":11},{"not_picked":["ats:Powerful Strike","ats:Leaping Hammer"],"picked":"ats:Thermite Blade","floor":12},{"not_picked":["ats:Ambush","ats:Rat Pack+1"],"picked":"ats:Fractured Body+1","floor":16}],"player_experience":193910,"relics_obtained":[{"floor":6,"key":"ats:Originium"},{"floor":6,"key":"InkBottle"},{"floor":8,"key":"ats:Originium"},{"floor":8,"key":"Omamori"},{"floor":9,"key":"Anchor"},{"floor":10,"key":"Toxic Egg 2"}],"event_choices":[{"cards_removed":["ats:Strike C"],"damage_healed":0,"gold_gain":0,"player_choice":"Card Removal","damage_taken":0,"max_hp_gain":0,"max_hp_loss":0,"event_name":"The Cleric","floor":4,"gold_loss":50}],"is_beta":false,"boss_relics":[{"not_picked":["Cursed Key","SacredBark"],"picked":"Pandora\u0027s Box"}],"items_purged_floors":[14],"is_endless":false,"potions_floor_spawned":[3,6,11,16],"ascension_level":0}}