{"host":"9viy3memdfgcf4vy","time":1611943633,"event":{"mods":["BaseMod","Colored Map","Downfall","Minty Spire (QoL Compilation)","StSLib"],"gold_per_floor":[99,114,214,231,137,137,162,176,76,251,262,277,177,177,196,196,196,196],"floor_reached":16,"language":"ENG","playtime":2967,"items_purged":[],"score":92,"play_id":"e8a853cd-417b-4980-acd0-a8e35b910f80","local_time":"20210129200713","is_ascension_mode":false,"campfire_choices":[{"data":"sneckomod:SerpentMind","floor":6,"key":"SMITH"},{"floor":9,"key":"RECALL"},{"data":"sneckomod:MasterEye","floor":13,"key":"SMITH"}],"circlet_count":0,"master_deck":["sneckomod:Strike","sneckomod:Strike","sneckomod:Strike","sneckomod:Defend","sneckomod:Defend","sneckomod:Defend","sneckomod:TailWhip","sneckomod:SnekBite","sneckomod:Unknown","sneckomod:SerpentMind+1","Corpse Explosion","sneckomod:SoulRoll","sneckomod:QuickBite","sneckomod:WideSting","sneckomod:MasterEye+1","sneckomod:QuickMove","Doubt","sneckomod:UnendingSupply","sneckomod:SoulDraw"],"relics":["sneckomod:SneckoSoul","downfall:HeartBlessingBlue","downfall:HeartBlessingRed","Gambling Chip"],"acts_visited":["Exordium"],"potions_floor_usage":[16,16],"damage_taken":[{"damage":7,"enemies":"Small Slimes","floor":2,"turns":4},{"damage":13,"enemies":"Jaw Worm","floor":4,"turns":5},{"damage":5,"enemies":"downfall:FleeingMerchant","floor":5,"turns":4},{"damage":1,"enemies":"Cultist","floor":8,"turns":3},{"damage":9,"enemies":"Blue Slaver","floor":11,"turns":4},{"damage":8,"enemies":"Red Slaver","floor":12,"turns":3},{"damage":19,"enemies":"Gremlin Gang","floor":15,"turns":3},{"damage":29,"enemies":"WA_ARCHETYPE_RETAIN","floor":16,"turns":6}],"seed_played":"-3181280645463185232","potions_obtained":[{"floor":4,"key":"Explosive Potion"},{"floor":11,"key":"Swift Potion"},{"floor":12,"key":"GamblersBrew"}],"is_trial":false,"path_per_floor":["R","M","?","M","$","R","T","M","R","?","M","M","R","T","M","B"],"character_chosen":"THE_SNECKO","items_purchased":["sneckomod:MasterEye"],"campfire_rested":0,"item_purchase_floors":[5],"current_hp_per_floor":[81,74,74,61,56,56,56,55,65,65,56,48,48,48,29,0,0,0],"gold":196,"neow_bonus":"THREE_RARE_CARDS","is_daily":false,"chose_seed":false,"campfire_upgraded":2,"win_rate":0.0,"timestamp":1611943633,"path_taken":["R","M","?","M","$","R","T","M","R","?","M","M","R","?","M","BOSS"],"items_purchased_type":["Card"],"build_version":"2020-12-22","purchased_purges":0,"victory":false,"max_hp_per_floor":[81,81,81,81,81,81,81,81,91,91,91,91,91,91,91,91,91,91],"card_choices":[{"not_picked":["sneckomod:SoulExchange","sneckomod:UnknownRareSkill"],"picked":"sneckomod:SerpentMind","floor":0},{"not_picked":["sneckomod:RainOfDice","sneckomod:IronFang"],"picked":"sneckomod:SoulRoll","floor":2},{"not_picked":["sneckomod:DiceCrush","sneckomod:UnknownDraw"],"picked":"sneckomod:QuickBite","floor":4},{"not_picked":["sneckomod:UnendingSupply","sneckomod:UnknownExhaust"],"picked":"sneckomod:WideSting","floor":5},{"not_picked":["sneckomod:UnknownUncommonSkill","sneckomod:IronFang"],"picked":"sneckomod:QuickMove","floor":8},{"not_picked":["sneckomod:QuickBite","sneckomod:WideSting","sneckomod:SoulRoll"],"picked":"SKIP","floor":11},{"not_picked":["sneckomod:ImprovisedGuard","sneckomod:Nope"],"picked":"sneckomod:UnendingSupply","floor":12},{"not_picked":["sneckomod:UnknownCommonAttack","sneckomod:Mudshield"],"picked":"sneckomod:SoulDraw","floor":15}],"player_experience":423903,"relics_obtained":[{"floor":14,"key":"Gambling Chip"}],"event_choices":[],"is_beta":false,"boss_relics":[],"items_purged_floors":[],"is_endless":false,"potions_floor_spawned":[4,11,12],"killed_by":"WA_ARCHETYPE_RETAIN","ascension_level":0}}