{"host":"sian7qp8a9pc9xwd","time":1611922877,"event":{"mods":["BaseMod","Minty Spire (QoL Compilation)","StSLib","SuperFastMode"],"gold_per_floor":[16,28,28,42,65,65,103,103,157,182,182,197,228,7,7,131,131,156,431,88,113,203,203,203],"floor_reached":23,"language":"ENG","playtime":1172,"items_purged":["Strike_R","Regret"],"score":312,"play_id":"0f01c2c8-9cc5-4d8e-a373-8269c23b599f","local_time":"20210129072117","is_ascension_mode":true,"campfire_choices":[{"data":"Rampage","floor":6.0,"key":"SMITH"},{"data":"Havoc","floor":8.0,"key":"SMITH"},{"data":"Havoc","floor":11.0,"key":"SMITH"},{"data":"Bash","floor":15,"key":"SMITH"}],"circlet_count":0,"master_deck":["AscendersBane","Strike_R","Strike_R","Strike_R","Defend_R","Defend_R","Defend_R","Bash+1","Rampage+1","Havoc+1","Havoc+1","Warcry","True Grit","Blind","Feed","Bandage Up"],"relics":["Burning Blood","Golden Idol","Paper Frog","Blood Vial","Red Skull","Velvet Choker","Happy Flower"],"acts_visited":["Exordium","TheCity"],"potions_floor_usage":[13,13,16,21,23],"damage_taken":[{"damage":9.0,"enemies":"Jaw Worm","floor":1.0,"turns":4.0},{"damage":1.0,"enemies":"Cultist","floor":2.0,"turns":4.0},{"damage":0.0,"enemies":"2 Louse","floor":4.0,"turns":3.0},{"damage":7.0,"enemies":"Exordium Thugs","floor":5.0,"turns":4.0},{"damage":25.0,"enemies":"Lagavulin","floor":7.0,"turns":6.0},{"damage":20.0,"enemies":"3 Louse","floor":10.0,"turns":4.0},{"damage":7.0,"enemies":"Looter","floor":12.0,"turns":3.0},{"damage":12,"enemies":"3 Sentries","floor":13,"turns":8},{"damage":20,"enemies":"Hexaghost","floor":16,"turns":8},{"damage":30,"enemies":"Chosen","floor":18,"turns":5},{"damage":22,"enemies":"3 Byrds","floor":21,"turns":6},{"damage":28,"enemies":"Book of Stabbing","floor":23,"turns":4}],"seed_played":"-7632082248581530428","potions_obtained":[{"floor":1.0,"key":"SteroidPotion"},{"floor":4.0,"key":"FearPotion"},{"floor":5.0,"key":"HeartOfIron"},{"floor":12.0,"key":"AttackPotion"},{"floor":16,"key":"Explosive Potion"}],"is_trial":false,"path_per_floor":["M","M","?","M","M","R","E","R","T","M","R","M","E","$","R","B",null,"M","?","$","M","?","E"],"character_chosen":"IRONCLAD","items_purchased":["Blind","Strength Potion","Happy Flower","Bandage Up"],"campfire_rested":0,"item_purchase_floors":[14,14,20,20],"current_hp_per_floor":[69,74,54,60,59,59,40,40,40,28,28,29,25,25,25,13,63,44,44,44,37,19,0,0],"gold":203,"neow_bonus":"REMOVE_TWO","is_daily":false,"chose_seed":false,"campfire_upgraded":4,"win_rate":0.0,"timestamp":1611922877,"path_taken":["M","M","?","M","M","R","E","R","T","M","R","M","E","$","R","BOSS","M","?","$","?","?","E"],"items_purchased_type":["Card","Potion","Relic","Card"],"build_version":"2020-12-22","purchased_purges":2,"victory":false,"max_hp_per_floor":[80,80,80,80,80,80,80,80,80,80,80,80,80,80,80,80,80,83,83,83,86,86,86,86],"card_choices":[{"not_picked":["Combust","Battle Trance"],"picked":"Rampage","floor":1.0},{"not_picked":["Pummel","Cleave"],"picked":"Havoc","floor":2.0},{"not_picked":["Perfected Strike","Pummel"],"picked":"Havoc","floor":4.0},{"not_picked":["Iron Wave","Reckless Charge","Sword Boomerang"],"picked":"SKIP","floor":5.0},{"not_picked":["Fiend Fire","Pummel"],"picked":"Warcry","floor":7.0},{"not_picked":["Iron Wave","Havoc","Ghostly Armor"],"picked":"SKIP","floor":10.0},{"not_picked":["Infernal Blade","Heavy Blade","Flex"],"picked":"SKIP","floor":12.0},{"not_picked":["Inflame","Heavy Blade"],"picked":"True Grit","floor":13},{"not_picked":["Juggernaut","Demon Form"],"picked":"Feed","floor":16},{"not_picked":["Anger","Sword Boomerang","Clothesline"],"picked":"SKIP","floor":18},{"not_picked":["Wild Strike","Metallicize+1","Cleave"],"picked":"SKIP","floor":21}],"player_experience":823442,"relics_obtained":[{"floor":7.0,"key":"Paper Frog"},{"floor":9.0,"key":"Blood Vial"},{"floor":13,"key":"Red Skull"}],"event_choices":[{"damage_healed":0.0,"max_hp_gain":0.0,"max_hp_loss":0.0,"gold_gain":0.0,"event_name":"Golden Idol","player_choice":"Take Damage","floor":3.0,"gold_loss":0.0,"damage_taken":20.0,"relics_obtained":["Golden Idol"]},{"damage_healed":0,"gold_gain":275,"player_choice":"Desecrate","damage_taken":0,"max_hp_gain":0,"max_hp_loss":0,"event_name":"Golden Shrine","floor":19,"gold_loss":0,"cards_obtained":["Regret"]},{"damage_healed":0,"gold_gain":90,"player_choice":"GOLD POTION ","damage_taken":18,"max_hp_gain":0,"max_hp_loss":0,"event_name":"Knowing Skull","floor":22,"potions_obtained":["EssenceOfSteel"],"gold_loss":0,"cards_obtained":[]}],"is_beta":false,"boss_relics":[{"not_picked":["SlaversCollar","Snecko Eye"],"picked":"Velvet Choker"}],"items_purged_floors":[14,20],"is_endless":false,"potions_floor_spawned":[1,4,5,12,16],"killed_by":"Book of Stabbing","ascension_level":11}}