{"host":"op7lvjy5lsqtpdgx","time":1611913607,"event":{"mods":["BaseMod","Minty Spire (QoL Compilation)","StSLib"],"gold_per_floor":[118,128,139,156,174,199,199,209,234,244,209,54,54,54,54,184,184,209,209,209,229,254,293,293,307,333,333,349,349,349],"floor_reached":29,"language":"ENG","playtime":1914,"items_purged":[],"score":274,"play_id":"1b04233f-154d-4e3a-9a87-42fa3bb5f299","local_time":"20210129224647","is_ascension_mode":true,"campfire_choices":[{"floor":7.0,"key":"REST"},{"floor":15.0,"key":"DIG"},{"floor":27,"key":"DIG"}],"circlet_count":0,"master_deck":["Strike_P","Strike_P","Strike_P+1","Defend_P","Defend_P","Defend_P","Eruption+1","Vigilance","EmptyBody","CrushJoints","TalkToTheHand","Pray","Blasphemy","Indignation","Vault","FollowUp+1"],"relics":["PureWater","Pocketwatch","Akabeko","Damaru","Lee\u0027s Waffle","Golden Idol","Shovel","Anchor","Velvet Choker","Ancient Tea Set","Whetstone","Vajra"],"acts_visited":["Exordium","TheCity"],"potions_floor_usage":[23,29,29],"damage_taken":[{"damage":10.0,"enemies":"Small Slimes","floor":1.0,"turns":4.0},{"damage":3.0,"enemies":"Jaw Worm","floor":2.0,"turns":3.0},{"damage":0.0,"enemies":"Cultist","floor":3.0,"turns":2.0},{"damage":0.0,"enemies":"3 Louse","floor":4.0,"turns":2.0},{"damage":14.0,"enemies":"Lots of Slimes","floor":5.0,"turns":5.0},{"damage":18.0,"enemies":"3 Sentries","floor":6.0,"turns":9.0},{"damage":4.0,"enemies":"Looter","floor":8.0,"turns":2.0},{"damage":15.0,"enemies":"Exordium Thugs","floor":10.0,"turns":4.0},{"damage":42.0,"enemies":"The Guardian","floor":16.0,"turns":12.0},{"damage":26,"enemies":"2 Thieves","floor":18,"turns":3},{"damage":0,"enemies":"Chosen","floor":21,"turns":4},{"damage":24,"enemies":"Snake Plant","floor":22,"turns":4},{"damage":27,"enemies":"Book of Stabbing","floor":23,"turns":6},{"damage":15,"enemies":"Centurion and Healer","floor":25,"turns":6},{"damage":4,"enemies":"Cultist and Chosen","floor":28,"turns":4},{"damage":15,"enemies":"3 Cultists","floor":29,"turns":3}],"seed_played":"1543392449523337296","potions_obtained":[{"floor":3.0,"key":"BottledMiracle"},{"floor":4.0,"key":"Swift Potion"},{"floor":5.0,"key":"Block Potion"},{"floor":10.0,"key":"AttackPotion"},{"floor":18,"key":"Ancient Potion"},{"floor":21,"key":"CultistPotion"},{"floor":23,"key":"DistilledChaos"},{"floor":28,"key":"DistilledChaos"}],"is_trial":false,"path_per_floor":["M","M","M","M","M","E","R","M","T","M","?","$","?","T","R","B",null,"M","?","?","M","M","E","?","M","T","R","M","M"],"character_chosen":"WATCHER","items_purchased":["Lee\u0027s Waffle"],"campfire_rested":1,"item_purchase_floors":[12],"current_hp_per_floor":[41,38,38,38,24,6,27,23,23,8,26,79,60,60,60,18,79,53,53,53,53,29,2,28,13,13,13,9,0,0],"gold":349,"neow_bonus":"ONE_RARE_RELIC","is_daily":false,"chose_seed":false,"campfire_upgraded":0,"win_rate":0.0,"timestamp":1611913607,"path_taken":["M","M","M","M","M","E","R","M","T","M","?","$","?","?","R","BOSS","M","?","?","M","?","E","?","M","T","R","M","M"],"items_purchased_type":["Relic"],"build_version":"2020-12-22","purchased_purges":0,"victory":false,"max_hp_per_floor":[72,72,72,72,72,72,72,72,72,72,72,79,79,79,79,79,79,79,79,79,79,79,79,79,79,79,79,79,79,79],"card_choices":[{"not_picked":["SashWhip","ThirdEye"],"picked":"EmptyBody","floor":1.0},{"not_picked":["Pray","EmptyBody"],"picked":"CrushJoints","floor":2.0},{"not_picked":["Prostrate","Indignation"],"picked":"TalkToTheHand","floor":3.0},{"not_picked":["Collect","InnerPeace"],"picked":"Pray","floor":4.0},{"not_picked":["CutThroughFate","CarveReality","DevaForm"],"picked":"SKIP","floor":5.0},{"not_picked":["Wireheading","PathToVictory","Swivel"],"picked":"SKIP","floor":6.0},{"not_picked":["BowlingBash","ThirdEye","FlyingSleeves"],"picked":"SKIP","floor":8.0},{"not_picked":["FollowUp","Brilliance","Crescendo"],"picked":"SKIP","floor":10.0},{"not_picked":["Brilliance","LessonLearned"],"picked":"Blasphemy","floor":16.0},{"not_picked":["CutThroughFate","FollowUp","FearNoEvil"],"picked":"SKIP","floor":18},{"not_picked":["Evaluate","Consecrate","FlyingSleeves+1"],"picked":"SKIP","floor":21},{"not_picked":["ThirdEye","FlurryOfBlows"],"picked":"FollowUp+1","floor":22},{"not_picked":["Protect","Vengeance+1","EmptyFist"],"picked":"SKIP","floor":23},{"not_picked":["EmptyBody","MasterReality","FlurryOfBlows"],"picked":"SKIP","floor":25},{"not_picked":["WaveOfTheHand+1","BowlingBash","ReachHeaven"],"picked":"SKIP","floor":28}],"player_experience":175884,"relics_obtained":[{"floor":6.0,"key":"Akabeko"},{"floor":9.0,"key":"Damaru"},{"floor":14.0,"key":"Shovel"},{"floor":15.0,"key":"Anchor"},{"floor":23,"key":"Ancient Tea Set"},{"floor":26,"key":"Whetstone"},{"floor":27,"key":"Vajra"}],"event_choices":[{"damage_healed":18.0,"max_hp_gain":0.0,"max_hp_loss":0.0,"gold_gain":0.0,"event_name":"The Cleric","player_choice":"Healed","floor":11.0,"gold_loss":35.0,"damage_taken":0.0},{"damage_healed":0.0,"max_hp_gain":0.0,"max_hp_loss":0.0,"gold_gain":0.0,"event_name":"Golden Idol","player_choice":"Take Damage","floor":13.0,"gold_loss":0.0,"damage_taken":19.0,"relics_obtained":["Golden Idol"]},{"damage_healed":0,"gold_gain":0,"cards_transformed":["Strike_P","Defend_P"],"player_choice":"Became Test Subject","damage_taken":0,"max_hp_gain":0,"max_hp_loss":0,"event_name":"Drug Dealer","floor":19,"gold_loss":0,"cards_obtained":["Indignation","Vault"]},{"damage_healed":0,"gold_gain":0,"player_choice":"Ignored","damage_taken":0,"max_hp_gain":0,"max_hp_loss":0,"event_name":"N\u0027loth","floor":20,"gold_loss":0},{"damage_healed":26,"gold_gain":0,"player_choice":"Heal","damage_taken":0,"max_hp_gain":0,"max_hp_loss":0,"event_name":"The Library","floor":24,"gold_loss":0}],"is_beta":false,"boss_relics":[{"not_picked":["SacredBark","Sozu"],"picked":"Velvet Choker"}],"items_purged_floors":[],"is_endless":false,"potions_floor_spawned":[3,4,5,10,18,21,23,28],"killed_by":"3 Cultists","ascension_level":2}}