{"host":"d30a110yzuqvj3hw","time":1611906689,"event":{"mods":["Alarm Clock","Aspiration","BaseMod","Downfall","Energized Spire","Googly Eyes","Highlight Path","KomeijiMod","Minty Spire (QoL Compilation)","Quarter Circle Forward PUNCH!","Quick Restart","Replay The Spire","Spicy Shops","Spire Arcade","StSLib","The Disciple","The Jungle","[GremlinLeader]The Maniac"],"gold_per_floor":[115,290,314,332,347,374,374,374,374,374],"floor_reached":9,"language":"ZHS","playtime":192,"items_purged":[],"score":73,"play_id":"19080d09-fa08-48e3-b00f-e514bcc9a16f","local_time":"20210129155129","is_ascension_mode":true,"campfire_choices":[],"circlet_count":0,"master_deck":["Strike_B","Strike_B","Strike_B","Strike_B+1","Defend_B+1","Defend_B","Defend_B","Defend_B","Zap","Dualcast","Streamline","Doubt","Panic Button","Stack","BasicCrystalCard"],"relics":["Cracked Core","aspiration:Nostalgia","Iron Core","Simple Rune","Calipers"],"acts_visited":["Exordium"],"potions_floor_usage":[6],"damage_taken":[{"damage":2,"enemies":"Jaw Worm","floor":1,"turns":2},{"damage":12,"enemies":"Small Slimes","floor":4,"turns":2},{"damage":6,"enemies":"Cultist","floor":5,"turns":3},{"damage":24,"enemies":"Lagavulin","floor":6,"turns":6},{"damage":35,"enemies":"Gremlin Nob","floor":9,"turns":3}],"seed_played":"-1394154691477198594","potions_obtained":[{"floor":4,"key":"Dexterity Potion"},{"floor":6,"key":"Regen Potion"}],"is_trial":false,"path_per_floor":["M","?","T","M","M","E","PTL","PTL","E"],"character_chosen":"DEFECT","items_purchased":[],"campfire_rested":0,"item_purchase_floors":[],"current_hp_per_floor":[73,73,73,61,55,31,31,31,0,0],"gold":374,"neow_bonus":"NOSTALGIA","is_daily":false,"chose_seed":false,"campfire_upgraded":0,"win_rate":0.0,"timestamp":1611906689,"path_taken":["M","?","?","M","M","E","PTL","PTL","E"],"items_purchased_type":[],"build_version":"2020-12-22","purchased_purges":0,"victory":false,"max_hp_per_floor":[75,75,75,75,75,75,75,75,75,75],"card_choices":[{"not_picked":["Coolheaded","Clash"],"picked":"Streamline","floor":1},{"not_picked":["Leap","Compile Driver"],"picked":"Panic Button","floor":4},{"not_picked":["Warcry","Turbo"],"picked":"Stack","floor":5},{"not_picked":["Conserve Battery","Evolve"],"picked":"BasicCrystalCard","floor":6}],"player_experience":498736,"relics_obtained":[{"floor":3,"key":"Simple Rune"},{"floor":6,"key":"Calipers"}],"event_choices":[{"damage_healed":0,"gold_gain":175,"player_choice":"AGREE","damage_taken":0,"max_hp_gain":0,"max_hp_loss":0,"event_name":"Liars Game","floor":2,"gold_loss":0,"cards_obtained":["Doubt"]}],"is_beta":false,"boss_relics":[],"items_purged_floors":[],"is_endless":false,"potions_floor_spawned":[4,6],"killed_by":"Gremlin Nob","ascension_level":4}}