{"host":"lte3xujvwediduij","time":1611914569,"event":{"mods":["Aspiration","BaseMod","Better-Laid Plans","BetterRewards","Colored Map","Colored Powertips","Downfall","Energized Spire","GifTheSpireLib","Minty Spire (QoL Compilation)","Permanent Neow","Replay The Spire","Spicy Shops","StSLib","The Gatherer","The Hayseed","The Runesmith","The Servant 0.9.4","¡¾ÒÅÎï¿¨ÅÆ¡¿REMEMod","óô»ðÖ¸ÄÏ"],"gold_per_floor":[116,127,138,62,79,108,126,144,144,163,163,263,49,62,62,160,160,173,187,207,207,217,249,267,298,298,318,318,338,338,370,370,473,573,589,423,440,457,471,499,448,482,527,527,527,538,538,549,583,583,583,431,431,466,466],"floor_reached":56,"language":"ZHS","playtime":4999,"items_purged":["Gatherer:Strike_Gatherer","Gatherer:Defend_Gatherer","Gatherer:Strike_Gatherer","downfall:Haunted"],"score":1852,"play_id":"fb14bb65-7f01-4b7e-8580-c9fc935c487c","local_time":"20210129180249","is_ascension_mode":false,"metric_token":1301,"campfire_choices":[{"data":"Dramatic Entrance","floor":11.0,"key":"SMITH"},{"data":"Gatherer:UpgradeBag","floor":15.0,"key":"SMITH"},{"floor":28.0,"key":"RECALL"},{"data":"Gatherer:UpgradeBag","floor":32.0,"key":"SMITH"},{"data":"Gatherer:UpgradeBag","floor":44,"key":"SMITH"}],"circlet_count":0,"master_deck":["Gatherer:Strike_Gatherer","Gatherer:Strike_Gatherer","Gatherer:Strike_Gatherer","Gatherer:Defend_Gatherer","Gatherer:Defend_Gatherer","Gatherer:Defend_Gatherer","Gatherer:Centralize","Gatherer:FlowerWhip","Dramatic Entrance+1","Gatherer:UpgradeBag+1","Gatherer:FlamingBottle+1","Gatherer:UpgradeBag+1","Gatherer:FlowerShield+1","Gatherer:EnergyBasket","Gatherer:Solidify","Gatherer:Solidify","Gatherer:Solidify","Gatherer:Snatch","Gatherer:QuickSynthesis","Gatherer:DrugPower","Gatherer:UpgradeBag+1","downfall:Haunted","Decay","Clumsy","CommonCold","Gatherer:FinishingStrike","REME_MawOfCthun+1","REME_MagicPocketWatch+1","Bandage Up+1","Gatherer:MindSearch+1","Gatherer:Liquidism+1","Gatherer:Photoscythe","Gatherer:WoolGloves+1","Gatherer:TreeGrowth+1","Gatherer:Liquidism+1","Gatherer:BalancedGrowth+1","Dramatic Entrance+1","Gatherer:DrugPower+1","Gatherer:TacticalStrike","Gatherer:GatherMaterial+1","Gatherer:Snatch+1","REME_TwoStrings+1","Gatherer:UpgradeBag+1","ReplayTheSpireMod:Splinters","Gatherer:Convert+1","Gatherer:EnergyBasket+1"],"relics":["Gatherer:AlchemyBag","REME_ComplimentaryCards","Membership Card","Shuriken","ReplayTheSpireMod:TigerMarble","OrangePellets","Blue Doll","Matryoshka","Lantern","Garlic","Toxic Egg 2","Du-Vu Doll","ReplayTheSpireMod:ShopPack","aspiration:ChemicalBlood","energizedSpire:OgreHead","FaceOfCleric","Frozen Egg 2","Torii","Replay:Wax Seal","Pantograph","Centennial Puzzle","Replay:Wanted Poster","Chameleon Ring","CaptainsWheel","Bronze Scales","Strawberry","Gatherer:Leftovers","Pondfish Scales","aspiration:HummingbirdHeart"],"acts_visited":["Exordium","TheCity","TheBeyond","TheEnding"],"potions_floor_usage":[42,42,50,50,55,55],"damage_taken":[{"damage":8.0,"enemies":"Jaw Worm","floor":1.0,"turns":3.0},{"damage":1.0,"enemies":"Cultist","floor":2.0,"turns":3.0},{"damage":0.0,"enemies":"Small Slimes","floor":3.0,"turns":1.0},{"damage":0.0,"enemies":"3 Louse","floor":5.0,"turns":1.0},{"damage":1.0,"enemies":"3 Sentries","floor":6.0,"turns":5.0},{"damage":0.0,"enemies":"2 Fungi Beasts","floor":7.0,"turns":1.0},{"damage":0.0,"enemies":"Blue Slaver","floor":8.0,"turns":1.0},{"damage":0.0,"enemies":"Gremlin Gang","floor":10.0,"turns":1.0},{"damage":0.0,"enemies":"Lots of Slimes","floor":14.0,"turns":1.0},{"damage":16.0,"enemies":"The Guardian","floor":16.0,"turns":6.0},{"damage":0.0,"enemies":"2 Thieves","floor":18.0,"turns":1.0},{"damage":0.0,"enemies":"3 Byrds","floor":19.0,"turns":3.0},{"damage":0.0,"enemies":"Cultist and Chosen","floor":20.0,"turns":1.0},{"damage":11.0,"enemies":"Centurion and Healer","floor":22.0,"turns":3.0},{"damage":0.0,"enemies":"Gremlin Leader","floor":23.0,"turns":3.0},{"damage":0.0,"enemies":"Chosen and Byrds","floor":24.0,"turns":3.0},{"damage":0.0,"enemies":"REME_1_Revenger","floor":25.0,"turns":3.0},{"damage":0.0,"enemies":"Snake Plant","floor":27.0,"turns":1.0},{"damage":1.0,"enemies":"Centurion and Healer","floor":29.0,"turns":2.0},{"damage":0.0,"enemies":"Slavers","floor":31.0,"turns":1.0},{"damage":40.0,"enemies":"Collector","floor":33.0,"turns":10.0},{"damage":12.0,"enemies":"Orb Walker","floor":35.0,"turns":2.0},{"damage":6.0,"enemies":"3 Shapes","floor":37.0,"turns":1.0},{"damage":0.0,"enemies":"Transient","floor":38.0,"turns":5.0},{"damage":2.0,"enemies":"Spire Growth","floor":39.0,"turns":3.0},{"damage":19.0,"enemies":"R_Hoarder","floor":40.0,"turns":4.0},{"damage":6,"enemies":"Reptomancer","floor":42,"turns":3},{"damage":3,"enemies":"Writhing Mass","floor":46,"turns":2},{"damage":24,"enemies":"4 Shapes","floor":48,"turns":1},{"damage":26,"enemies":"Awakened One","floor":50,"turns":8},{"damage":0,"enemies":"Shield and Spear","floor":54,"turns":3},{"damage":42,"enemies":"The Heart","floor":55,"turns":8}],"seed_played":"-7243879072288512711","potions_obtained":[{"floor":1.0,"key":"LifebloodPotion"},{"floor":2.0,"key":"REME_GoldPotion"},{"floor":3.0,"key":"Block Potion"},{"floor":10.0,"key":"BloodPotion"},{"floor":18.0,"key":"SpeedPotion"},{"floor":20.0,"key":"Toxic Potion"},{"floor":22.0,"key":"BloodPotion"},{"floor":27.0,"key":"Strength Potion"},{"floor":31.0,"key":"Explosive Potion"},{"floor":33.0,"key":"SpeedPotion"},{"floor":37.0,"key":"SkillPotion"},{"floor":39.0,"key":"Poison Potion"}],"is_trial":false,"path_per_floor":["M","M","M","$","M","E","M","M","T","M","R","?","R","M","R","B",null,"M","M","M","?","M","E","M","E","T","M","R","M","?","E","R","B",null,"M","$","M","M","M","E","R","E","T","R","?","M","?","M","R_BF","B",null,"R","$","E","B",null],"character_chosen":"THE_GATHERER","items_purchased":["Membership Card","Shuriken","ReplayTheSpireMod:TigerMarble","OrangePellets","Blue Doll","Matryoshka","Dramatic Entrance","Gatherer:UpgradeBag","Gatherer:FlamingBottle+1","Gatherer:UpgradeBag","Gatherer:FlowerShield+1","Lantern","ReplayTheSpireMod:ShopPack","aspiration:ChemicalBlood","Chameleon Ring","Gatherer:Liquidism+1","Gatherer:GatherMaterial+1","Pondfish Scales"],"campfire_rested":0,"item_purchase_floors":[0,0,0,0,0,0,0,0,0,0,0,4,13,13,36,36,41,52],"current_hp_per_floor":[24,23,23,23,23,22,22,22,22,22,22,27,27,27,27,32,77,77,77,77,77,67,74,80,81,81,85,85,85,85,89,89,89,91,80,80,75,76,81,63,63,65,72,72,62,60,60,37,37,43,102,102,102,103,62],"gold":466,"neow_bonus":"","is_daily":false,"chose_seed":false,"campfire_upgraded":4,"win_rate":0.0,"timestamp":1611914569,"path_taken":["M","M","M","$","M","E","M","M","T","M","R","?","R","M","R","BOSS","M","M","M","?","M","E","M","E","T","M","R","M","?","E","R","BOSS","M","$","M","M","M","E","R","E","T","R","?","M","?","M","R_BF","BOSS","R","$","E","BOSS"],"items_purchased_type":["Relic","Relic","Relic","Relic","Relic","Relic","Card","Card","Card","Card","Card","Relic","Relic","Relic","Relic","Card","Card","Relic"],"build_version":"2020-12-22","purchased_purges":4,"victory":true,"max_hp_per_floor":[72,72,72,72,72,72,72,72,72,72,72,77,77,77,77,77,77,77,77,77,77,78,79,80,81,81,85,85,86,86,90,90,91,91,92,92,93,94,95,96,96,97,104,104,104,105,100,101,101,102,102,102,102,103,104],"card_choices":[{"not_picked":["Gatherer:BigPouch","Gatherer:PotentialSlash","Gatherer:RottenStipe"],"picked":"SKIP","floor":1.0},{"not_picked":["Gatherer:QuickSynthesis","Gatherer:Uplift"],"picked":"Gatherer:EnergyBasket","floor":2.0},{"not_picked":["Gatherer:AromaProtection","Gatherer:Liquidism"],"picked":"Gatherer:Solidify","floor":3.0},{"not_picked":["Gatherer:Frenzy","Gatherer:TacticalStrike"],"picked":"Gatherer:Solidify","floor":5.0},{"not_picked":["Gatherer:Convert","Gatherer:FlowerFalling"],"picked":"Gatherer:Snatch","floor":6.0},{"not_picked":["Gatherer:BalancedGrowth","Gatherer:ScentOfRosmari"],"picked":"Gatherer:QuickSynthesis","floor":7.0},{"not_picked":["Gatherer:WitheringStrike","Gatherer:TacticalStrike"],"picked":"Gatherer:DrugPower","floor":8.0},{"not_picked":["Gatherer:Frenzy","Gatherer:FeelingFine"],"picked":"Gatherer:UpgradeBag","floor":10.0},{"not_picked":["Secret Weapon","Apotheosis"],"picked":"REME_MawOfCthun","floor":13.0},{"not_picked":["Replay:Sssssssssshield","Poisoned Strike"],"picked":"REME_MagicPocketWatch","floor":13.0},{"not_picked":["Blind","Mayhem"],"picked":"Bandage Up","floor":13.0},{"not_picked":["Gatherer:FeelingFine","Gatherer:RottenStipe","Gatherer:SmartManeuver+1"],"picked":"SKIP","floor":14.0},{"not_picked":["Gatherer:FinishingStrike","Gatherer:BomberForm"],"picked":"Gatherer:MindSearch+1","floor":16.0},{"not_picked":["Gatherer:CollectorsShot","Gatherer:BambuSword","Gatherer:ScrollOfWall+1"],"picked":"SKIP","floor":18.0},{"not_picked":["Gatherer:CarefulStrike+1","Gatherer:GatherMaterial+1"],"picked":"Gatherer:Liquidism+1","floor":19.0},{"not_picked":["Gatherer:FlowerShield+1","Gatherer:AromaProtection+1","Gatherer:Frenzy"],"picked":"SKIP","floor":20.0},{"not_picked":["Gatherer:PotentialSlash","Gatherer:FlowerFalling","Gatherer:WoolGloves+1"],"picked":"SKIP","floor":22.0},{"not_picked":["Gatherer:Frenzy+1","Gatherer:RottenStipe","Gatherer:Pollute+1"],"picked":"SKIP","floor":23.0},{"not_picked":["Gatherer:VenomBarrier+1","Gatherer:FruitForce+1","Gatherer:BigPouch+1"],"picked":"SKIP","floor":24.0},{"not_picked":["Gatherer:Convert+1","Gatherer:RecoveryHerb+1"],"picked":"Gatherer:Photoscythe","floor":25.0},{"not_picked":["Gatherer:OddSpoils","Gatherer:SaveValuables+1","Gatherer:RecoveryHerb+1"],"picked":"SKIP","floor":27.0},{"not_picked":["Gatherer:VenomBarrier+1","Gatherer:TreeGrowth+1"],"picked":"Gatherer:WoolGloves+1","floor":29.0},{"not_picked":["Gatherer:Snatch","Gatherer:Polymorphism","Gatherer:CollectorsShot"],"picked":"SKIP","floor":31.0},{"not_picked":["Gatherer:StoneFence+1","Gatherer:Bulldoze"],"picked":"Gatherer:GrowBook+1","floor":33.0},{"not_picked":["Gatherer:ScherryThrow+1","Gatherer:BambuSword"],"picked":"Gatherer:TreeGrowth+1","floor":35.0},{"not_picked":["Gatherer:MiningStrike+1","Gatherer:FragileHammer+1","Gatherer:TacticalStrike"],"picked":"SKIP","floor":37.0},{"not_picked":["Gatherer:CarefulStrike","Gatherer:GlowingPlant+1"],"picked":"Gatherer:BalancedGrowth+1","floor":38.0},{"not_picked":["Gatherer:TreeGrowth+1","Gatherer:EnergyBasket+1"],"picked":"Gatherer:DrugPower+1","floor":39.0},{"not_picked":["Gatherer:Bulldoze","Gatherer:BigPouch+1"],"picked":"Gatherer:TacticalStrike","floor":40.0},{"not_picked":["Gatherer:VenomBarrier+1","Gatherer:Solidify+1"],"picked":"Gatherer:Snatch+1","floor":42},{"not_picked":["Discovery+1","Replay:Sssssssssstrike"],"picked":"REME_TwoStrings+1","floor":45},{"not_picked":["Gatherer:CarefulStrike+1","Gatherer:GatherMaterial+1"],"picked":"Gatherer:UpgradeBag+1","floor":46},{"not_picked":["Gatherer:WoolGloves+1","Gatherer:EnergyBasket+1","Gatherer:AcidicSpray"],"picked":"SKIP","floor":48},{"not_picked":["Gatherer:AcidicSpray+1","Gatherer:Pollute+1"],"picked":"Gatherer:Convert+1","floor":49},{"not_picked":["Gatherer:ColorfulGarden+1","Gatherer:BambuSword"],"picked":"Gatherer:EnergyBasket+1","floor":54}],"player_experience":135254,"relics_obtained":[{"floor":6.0,"key":"Garlic"},{"floor":9.0,"key":"Toxic Egg 2"},{"floor":23.0,"key":"Frozen Egg 2"},{"floor":25.0,"key":"Torii"},{"floor":26.0,"key":"Replay:Wax Seal"},{"floor":26.0,"key":"Pantograph"},{"floor":31.0,"key":"Centennial Puzzle"},{"floor":40.0,"key":"CaptainsWheel"},{"floor":42,"key":"Bronze Scales"},{"floor":43,"key":"Strawberry"},{"floor":49,"key":"Gatherer:Leftovers"},{"floor":54,"key":"aspiration:HummingbirdHeart"}],"event_choices":[{"damage_healed":0.0,"max_hp_gain":0.0,"max_hp_loss":0.0,"gold_gain":0.0,"event_name":"FaceTrader","player_choice":"Trade","floor":21.0,"gold_loss":0.0,"damage_taken":0.0,"relics_obtained":["FaceOfCleric"]},{"cards_removed":["Gatherer:Defend_Gatherer"],"damage_healed":0.0,"max_hp_gain":0.0,"max_hp_loss":0.0,"gold_gain":0.0,"event_name":"Back to Basics","player_choice":"Elegance","floor":30.0,"gold_loss":0.0,"damage_taken":0.0},{"damage_healed":0,"gold_gain":0,"player_choice":"Memory 3","damage_taken":10,"max_hp_gain":0,"max_hp_loss":0,"event_name":"SensoryStone","floor":45,"gold_loss":0},{"damage_healed":0,"gold_gain":0,"player_choice":"Max HP","damage_taken":0,"max_hp_gain":0,"max_hp_loss":5,"event_name":"Winding Halls","floor":47,"gold_loss":0}],"is_beta":false,"boss_relics":[{"not_picked":["Cursed Key","Calling Bell"],"picked":"energizedSpire:OgreHead"},{"not_picked":["energizedSpire:RedRose","energizedSpire:MagnifyingGlass"],"picked":"Replay:Wanted Poster"}],"items_purged_floors":[0,0,0,13],"is_endless":false,"potions_floor_spawned":[1,2,3,10,18,20,27,29,31,33,37,39,40],"ascension_level":0}}