{"host":"y7357sx8ps3jkgoj","time":1611904242,"event":{"mods":["BaseMod","Friendly Minions","Minty Spire (QoL Compilation)","Permanent Neow","Relic Stats","Shop Mod","StSLib","The Alterego","Uncapped","Unceasing Turn Reminder"],"gold_per_floor":[115,115,135,153,166,166,166],"floor_reached":6,"language":"ENG","playtime":564,"items_purged":[],"score":49,"play_id":"8a7f3eef-16ad-4a64-8484-dee6ee1f89f8","local_time":"20210129011042","is_ascension_mode":true,"campfire_choices":[],"circlet_count":0,"master_deck":["alterego_mod:Strike","alterego_mod:Strike","alterego_mod:Strike","alterego_mod:Strike","alterego_mod:Defend","alterego_mod:Defend","alterego_mod:Defend","alterego_mod:Defend","alterego_mod:Impale","alterego_mod:BigMeatyClaws","alterego_mod:BrynhildrsRune","alterego_mod:Belts","alterego_mod:BigMeatyClaws","alterego_mod:DeftHands","alterego_mod:Nekomimi","alterego_mod:Nekomimi","alterego_mod:Support"],"relics":["alterego_mod:MasochisticConstitution","TungstenRod"],"acts_visited":["Exordium"],"potions_floor_usage":[5],"damage_taken":[{"damage":2,"enemies":"2 Louse","floor":1,"turns":3},{"damage":7,"enemies":"Cultist","floor":3,"turns":6},{"damage":8,"enemies":"Small Slimes","floor":4,"turns":6},{"damage":41,"enemies":"Gremlin Gang","floor":5,"turns":11},{"damage":69,"enemies":"Gremlin Nob","floor":6,"turns":5}],"seed_played":"-8938032130568681317","potions_obtained":[{"floor":3,"key":"FearPotion"}],"is_trial":false,"path_per_floor":["M","?","M","M","M","E"],"character_chosen":"The_Alterego","items_purchased":[],"campfire_rested":0,"item_purchase_floors":[],"current_hp_per_floor":[64,64,65,65,39,0,0],"gold":166,"neow_bonus":"ONE_RARE_RELIC","is_daily":false,"chose_seed":false,"campfire_upgraded":0,"win_rate":0.0,"timestamp":1611904242,"path_taken":["M","?","M","?","M","E"],"items_purchased_type":[],"build_version":"2020-12-22","purchased_purges":0,"victory":false,"max_hp_per_floor":[64,64,65,66,67,67,67],"relic_stats":{"counters":[5,31],"obtain_stats":[{"alterego_mod:MasochisticConstitution":0,"TungstenRod":0},{"alterego_mod:MasochisticConstitution":0,"TungstenRod":0},{"alterego_mod:MasochisticConstitution":0,"TungstenRod":0}],"TungstenRod":16},"card_choices":[{"not_picked":["alterego_mod:Bounce","alterego_mod:DiscoLights"],"picked":"alterego_mod:Belts","floor":1},{"not_picked":["alterego_mod:Maid","alterego_mod:Schoolgirl"],"picked":"alterego_mod:Nekomimi","floor":3},{"not_picked":["alterego_mod:Antipathy","alterego_mod:Undulate"],"picked":"alterego_mod:Nekomimi","floor":4},{"not_picked":["alterego_mod:PerceptionDisorder","alterego_mod:MaintainEyeContact"],"picked":"alterego_mod:Support","floor":5}],"player_experience":339979,"relics_obtained":[],"event_choices":[{"damage_healed":0,"gold_gain":0,"player_choice":"2 cards matched","damage_taken":0,"max_hp_gain":0,"max_hp_loss":0,"event_name":"Match and Keep!","floor":2,"gold_loss":0,"cards_obtained":["alterego_mod:BigMeatyClaws","alterego_mod:DeftHands"]}],"is_beta":false,"boss_relics":[],"items_purged_floors":[],"is_endless":false,"potions_floor_spawned":[3],"killed_by":"Gremlin Nob","ascension_level":6}}