{"host":"aas8f8jvicx6tcxp","time":1611894479,"event":{"mods":["BaseMod","Better Third Choice","BetterRewards","Clockwork Mod","Downfall","Minty Spire (QoL Compilation)","StSLib","The Cursed"],"gold_per_floor":[99,99,22,22,22,36,116,141,141,157,157,185,95,95,105,105,105,105],"floor_reached":16,"language":"ENG","playtime":1525,"items_purged":[],"score":106,"play_id":"2a21bce4-94d4-4569-8f0b-bdef3540acf1","local_time":"20210128222759","is_ascension_mode":false,"campfire_choices":[{"floor":1,"key":"RECALL"},{"data":"Guardian:Orbwalk","floor":9,"key":"SMITH"},{"data":"Guardian:FierceBash","floor":11,"key":"SMITH"}],"circlet_count":0,"master_deck":["Guardian:Strike_Guardian","Guardian:Strike_Guardian","Guardian:Strike_Guardian","Guardian:Strike_Guardian","Guardian:Defend_Guardian","Guardian:Defend_Guardian","Guardian:Defend_Guardian","Guardian:Defend_Guardian","Guardian:CurlUp","Guardian:TwinSlam","Guardian:Gem_Blue","Guardian:Recover","Guardian:FierceBash+1","Guardian:EvasiveProtocol","Guardian:Orbwalk+1","Guardian:ShieldSpikes","Guardian:AncientConstruct","Guardian:PrismaticBeam","Guardian:FloatingOrbs","Creative AI"],"relics":["Guardian:ModeShifter","downfall:HeartsMalice","Singing Bowl","StoneCalendar"],"acts_visited":["Exordium"],"potions_floor_usage":[8,15,15,16],"damage_taken":[{"damage":0,"enemies":"Small Slimes","floor":2,"turns":1},{"damage":0,"enemies":"downfall:FleeingMerchant","floor":3,"turns":1},{"damage":0,"enemies":"Cultist","floor":4,"turns":1},{"damage":11,"enemies":"Jaw Worm","floor":6,"turns":4},{"damage":3,"enemies":"Gremlin Nob","floor":8,"turns":4},{"damage":6,"enemies":"3 Louse","floor":10,"turns":5},{"damage":20,"enemies":"Lagavulin","floor":12,"turns":10},{"damage":0,"enemies":"downfall:FleeingMerchant","floor":13,"turns":4},{"damage":2,"enemies":"Blue Slaver","floor":15,"turns":7},{"damage":30,"enemies":"SI_SHIV_ARCHETYPE","floor":16,"turns":8}],"seed_played":"8195245092776699143","potions_obtained":[{"floor":6,"key":"LiquidMemories"},{"floor":8,"key":"SpeedPotion"},{"floor":10,"key":"SneckoOil"},{"floor":12,"key":"Weak Potion"},{"floor":15,"key":"Guardian:AcceleratePotion"}],"is_trial":false,"path_per_floor":["R","M","$","M","?","M","T","E","R","M","R","E","$","?","M","B"],"character_chosen":"GUARDIAN","items_purchased":["Guardian:FierceBash","Guardian:FloatingOrbs"],"campfire_rested":0,"item_purchase_floors":[3,13],"current_hp_per_floor":[80,80,80,80,80,69,69,66,66,60,60,40,40,28,28,0,0,0],"gold":105,"neow_bonus":"THREE_ENEMY_KILL","is_daily":false,"chose_seed":false,"campfire_upgraded":2,"win_rate":0.0,"timestamp":1611894479,"path_taken":["R","M","$","M","?","?","T","E","R","M","R","E","$","?","M","BOSS"],"items_purchased_type":["Card","Card"],"build_version":"2020-12-22","purchased_purges":0,"victory":false,"max_hp_per_floor":[80,80,80,80,80,80,80,80,80,80,80,80,80,80,82,82,82,82],"card_choices":[{"not_picked":["Guardian:PrimingBeam","Guardian:Reroute"],"picked":"Guardian:Gem_Blue","floor":2},{"not_picked":["Guardian:PrismaticBarrier","Guardian:Gem_Cyan"],"picked":"Guardian:Recover","floor":3},{"not_picked":["Guardian:Emergency","Guardian:ChargeCore"],"picked":"Guardian:Gem_Cyan","floor":4},{"not_picked":["Guardian:Gem_Cyan","Guardian:Preprogram"],"picked":"Guardian:EvasiveProtocol","floor":6},{"not_picked":["Guardian:Gem_Red","Guardian:Incinerate"],"picked":"Guardian:Orbwalk","floor":8},{"not_picked":["Guardian:Gem_Cyan","Guardian:TemporalShield"],"picked":"Guardian:ShieldSpikes","floor":10},{"not_picked":["Guardian:Planning","Guardian:StasisStrike"],"picked":"Guardian:AncientConstruct","floor":12},{"not_picked":["Guardian:Gem_Red","Guardian:RollAttack"],"picked":"Guardian:PrismaticBeam","floor":13},{"not_picked":["Guardian:PrismaticBeam","Guardian:PiercingHide","Guardian:CrystalBeam"],"picked":"Singing Bowl","floor":15}],"player_experience":323980,"relics_obtained":[{"floor":8,"key":"Singing Bowl"},{"floor":12,"key":"StoneCalendar"}],"event_choices":[{"damage_healed":0,"gold_gain":1,"player_choice":"Card ","damage_taken":12,"max_hp_gain":0,"max_hp_loss":0,"event_name":"betterThird:BetterScrap","floor":14,"gold_loss":0,"cards_obtained":["Creative AI","Burst"]}],"is_beta":false,"boss_relics":[],"items_purged_floors":[],"is_endless":false,"potions_floor_spawned":[6,8,10,12,15],"killed_by":"SI_SHIV_ARCHETYPE","ascension_level":0}}