{"host":"d2y4rmbezebiv8aj","time":1611905075,"event":{"mods":["AchievementEnabler","BaseMod","Bestiary","BetterRewards","Colored Map","Colored Powertips","Custom Start","Highlight Path","Minty Spire (QoL Compilation)","Quick Restart","Rare Cards Sparkle","Relic Sorter","Relic Stats","Shop Mod","Slay-I","StSLib","SuperFastMode"],"gold_per_floor":[113,131,306,323,323,352,352,370,370,370,403,419,433,112,112,112,112],"floor_reached":16,"language":"DEU","playtime":463,"items_purged":[],"score":243,"play_id":"36c763d8-393d-43db-978f-69523c919009","local_time":"20210129082435","is_ascension_mode":true,"campfire_choices":[{"floor":7,"key":"REST"},{"data":"Mayhem","floor":10,"key":"SMITH"},{"floor":15,"key":"REST"}],"circlet_count":0,"master_deck":["AscendersBane","Strike_G","Strike_G","Strike_G","Strike_G","Strike_G","Defend_G+1","Defend_G","Defend_G","Defend_G","Defend_G","Survivor","Neutralize","Mayhem+1","Sucker Punch","Backflip","Blade Dance+1","PiercingWail","Noxious Fumes","Doubt","Dagger Spray","Regret","Dodge and Roll","Sucker Punch","Sucker Punch","Accuracy","Footwork","Magnetism"],"relics":["Ring of the Snake","Ninja Scroll","White Beast Statue","Kunai","Dream Catcher","War Paint"],"acts_visited":["Exordium"],"potions_floor_usage":[11,16],"damage_taken":[{"damage":0,"enemies":"2 Louse","floor":1,"turns":2},{"damage":6,"enemies":"Jaw Worm","floor":2,"turns":4},{"damage":4,"enemies":"Cultist","floor":4,"turns":4},{"damage":28,"enemies":"Lagavulin","floor":6,"turns":8},{"damage":7,"enemies":"Blue Slaver","floor":8,"turns":5},{"damage":21,"enemies":"Gremlin Nob","floor":11,"turns":6},{"damage":0,"enemies":"2 Fungi Beasts","floor":12,"turns":3},{"damage":4,"enemies":"Exordium Thugs","floor":13,"turns":5},{"damage":29,"enemies":"Slime Boss","floor":16,"turns":7}],"seed_played":"-7345934892227932854","potions_obtained":[{"floor":6,"key":"SpeedPotion"},{"floor":8,"key":"Energy Potion"},{"floor":11,"key":"SpeedPotion"},{"floor":12,"key":"Strength Potion"}],"is_trial":false,"path_per_floor":["M","M","?","M","?","E","R","M","T","R","E","M","M","$","R","B"],"character_chosen":"THE_SILENT","items_purchased":["Mayhem","Sucker Punch","Backflip","Blade Dance","War Paint","Magnetism"],"campfire_rested":2,"item_purchase_floors":[0,0,0,0,14,14],"current_hp_per_floor":[56,50,50,46,46,18,39,32,32,32,11,11,7,7,28,0,0],"gold":112,"neow_bonus":"","is_daily":false,"chose_seed":false,"campfire_upgraded":1,"win_rate":0.0,"timestamp":1611905075,"path_taken":["M","M","?","M","?","E","R","M","T","R","E","M","M","?","R","BOSS"],"items_purchased_type":["Card","Card","Card","Card","Relic","Card"],"build_version":"2020-12-22","purchased_purges":0,"victory":false,"max_hp_per_floor":[70,70,70,70,70,70,70,70,70,70,70,70,70,70,70,70,70],"relic_stats":{"Dream Catcher":1,"counters":[39,218],"Kunai":[14],"War Paint":["Defend_G","Blade Dance"],"obtain_stats":[{"Ice Cream":17,"Darkstone Periapt":9,"Lantern":22,"Regal Pillow":0,"Incense Burner":6,"Bag of Preparation":4,"Juzu Bracelet":17,"Smiling Mask":5,"Blood Vial":10,"Dream Catcher":11,"Ninja Scroll":5,"Tiny Chest":17,"MealTicket":21,"Red Mask":20,"Kunai":9,"Toxic Egg 2":11,"Ring of the Snake":0,"Girya":9,"Oddly Smooth Stone":13,"Thread and Needle":26,"War Paint":9,"White Beast Statue":6,"Calling Bell":17,"Shuriken":22,"Orrery":0,"Molten Egg 2":17,"Turnip":8,"Art of War":27,"Bag of Marbles":29,"Meat on the Bone":17,"Pocketwatch":17},{"Ice Cream":16,"Darkstone Periapt":21,"Lantern":17,"Regal Pillow":18,"Incense Burner":11,"Bag of Preparation":20,"Juzu Bracelet":24,"Smiling Mask":10,"Blood Vial":5,"Dream Catcher":36,"Ninja Scroll":33,"Tiny Chest":16,"MealTicket":17,"Red Mask":27,"Kunai":35,"Toxic Egg 2":22,"Ring of the Snake":0,"Girya":5,"Oddly Smooth Stone":14,"Thread and Needle":28,"War Paint":12,"White Beast Statue":34,"Calling Bell":16,"Shuriken":17,"Orrery":8,"Molten Egg 2":24,"Turnip":5,"Art of War":28,"Bag of Marbles":29,"Meat on the Bone":16,"Pocketwatch":24},{"Ice Cream":95,"Darkstone Periapt":121,"Lantern":103,"Regal Pillow":110,"Incense Burner":58,"Bag of Preparation":118,"Juzu Bracelet":141,"Smiling Mask":52,"Blood Vial":27,"Dream Catcher":203,"Ninja Scroll":184,"Tiny Chest":95,"MealTicket":103,"Red Mask":155,"Kunai":197,"Toxic Egg 2":127,"Ring of the Snake":0,"Girya":27,"Oddly Smooth Stone":74,"Thread and Needle":162,"War Paint":60,"White Beast Statue":192,"Calling Bell":95,"Shuriken":103,"Orrery":45,"Molten Egg 2":141,"Turnip":27,"Art of War":162,"Bag of Marbles":168,"Meat on the Bone":95,"Pocketwatch":141}],"Ring of the Snake":[78]},"card_choices":[{"not_picked":["Prepared","Underhanded Strike"],"picked":"PiercingWail","floor":1},{"not_picked":["Heel Hook","Choke"],"picked":"Noxious Fumes","floor":2},{"not_picked":["Dodge and Roll","Cloak And Dagger"],"picked":"Dagger Spray","floor":4},{"not_picked":["Acrobatics","Grand Finale"],"picked":"Dodge and Roll","floor":6},{"not_picked":["Underhanded Strike","Cloak And Dagger"],"picked":"Sucker Punch","floor":8},{"not_picked":["Dodge and Roll","Deadly Poison"],"picked":"Sucker Punch","floor":11},{"not_picked":["Choke","Heel Hook"],"picked":"Accuracy","floor":12},{"not_picked":["Slice","Deflect"],"picked":"Footwork","floor":13}],"player_experience":384661,"relics_obtained":[{"floor":6,"key":"White Beast Statue"},{"floor":9,"key":"Kunai"},{"floor":11,"key":"Dream Catcher"}],"event_choices":[{"damage_healed":0,"gold_gain":175,"player_choice":"AGREE","damage_taken":0,"max_hp_gain":0,"max_hp_loss":0,"event_name":"Liars Game","floor":3,"gold_loss":0,"cards_obtained":["Doubt"]},{"damage_healed":0,"gold_gain":0,"player_choice":"Box","damage_taken":0,"relics_obtained":["Ninja Scroll"],"max_hp_gain":0,"max_hp_loss":0,"event_name":"Big Fish","floor":5,"gold_loss":0,"cards_obtained":["Regret"]}],"is_beta":false,"boss_relics":[],"items_purged_floors":[],"is_endless":false,"potions_floor_spawned":[6,8,11,12,13],"killed_by":"Slime Boss","ascension_level":10}}