{"host":"344lv32hnei0mdhu","time":1611910974,"event":{"mods":["Act Like it!","BaseMod","Better Match","Better Sensory Stone","Better Skull","Better Third Choice","Better Vampires","Colored Powertips","Highlight Path","Minty Spire (QoL Compilation)","Quick Restart","Random Character Button","Rare Cards Sparkle","StSLib"],"gold_per_floor":[119,50,50,50,68,96,96,109,109,28,47,65,81,109,109,109,109],"floor_reached":16,"language":"ENG","playtime":544,"items_purged":[],"score":212,"play_id":"b696b05f-32c6-44bc-873c-115e8ac396b1","local_time":"20210129030254","is_ascension_mode":true,"campfire_choices":[{"data":"Rage","floor":7,"key":"SMITH"},{"data":"Spot Weakness","floor":15,"key":"SMITH"}],"circlet_count":0,"master_deck":["AscendersBane","Strike_R","Strike_R","Strike_R","Strike_R","Strike_R","Defend_R","Defend_R","Defend_R","Defend_R","Bash","Sword Boomerang","Shockwave","Decay","Shrug It Off","Rage+1","Thunderclap","Spot Weakness+1","Thunderclap","Heavy Blade","Power Through"],"relics":["Burning Blood","NeowsBlessing","Letter Opener","Meat on the Bone","Ancient Tea Set"],"acts_visited":["Exordium"],"potions_floor_usage":[14,14],"damage_taken":[{"damage":0,"enemies":"Small Slimes","floor":1,"turns":1},{"damage":0,"enemies":"Cultist","floor":5,"turns":1},{"damage":0,"enemies":"Gremlin Nob","floor":6,"turns":1},{"damage":10,"enemies":"2 Louse","floor":8,"turns":3},{"damage":8,"enemies":"Looter","floor":11,"turns":3},{"damage":4,"enemies":"Large Slime","floor":12,"turns":7},{"damage":12,"enemies":"Blue Slaver","floor":13,"turns":4},{"damage":42,"enemies":"3 Sentries","floor":14,"turns":8},{"damage":41,"enemies":"Slime Boss","floor":16,"turns":8}],"seed_played":"6812697348921244579","potions_obtained":[{"floor":11,"key":"LiquidBronze"},{"floor":12,"key":"Regen Potion"}],"is_trial":false,"path_per_floor":["M","$","?","?","M","E","R","M","T","$","M","M","M","E","R","B"],"character_chosen":"IRONCLAD","items_purchased":["Shockwave","Spot Weakness"],"campfire_rested":0,"item_purchase_floors":[2,10],"current_hp_per_floor":[78,78,83,83,85,85,85,81,81,81,79,81,75,54,54,13,13],"gold":109,"neow_bonus":"THREE_ENEMY_KILL","is_daily":false,"chose_seed":false,"campfire_upgraded":2,"win_rate":0.0,"timestamp":1611910974,"path_taken":["M","$","?","?","M","E","R","?","T","?","M","M","M","E","R","BOSS"],"items_purchased_type":["Card","Card"],"build_version":"2020-12-22","purchased_purges":0,"victory":false,"max_hp_per_floor":[80,80,85,85,85,85,85,85,85,85,85,85,85,85,85,85,85],"card_choices":[{"not_picked":["Flex","Iron Wave"],"picked":"Sword Boomerang","floor":1},{"not_picked":["Anger","Sever Soul"],"picked":"Shrug It Off","floor":5},{"not_picked":["Second Wind","Warcry"],"picked":"Rage","floor":6},{"not_picked":["Heavy Blade","Bloodletting"],"picked":"Thunderclap","floor":8},{"not_picked":["Havoc","Combust"],"picked":"Thunderclap","floor":11},{"not_picked":["Clothesline","Warcry","Sword Boomerang"],"picked":"SKIP","floor":12},{"not_picked":["Sword Boomerang","Offering"],"picked":"Heavy Blade","floor":13},{"not_picked":["Wild Strike","Bloodletting"],"picked":"Power Through","floor":14}],"player_experience":387512,"relics_obtained":[{"floor":6,"key":"Letter Opener"},{"floor":9,"key":"Meat on the Bone"},{"floor":14,"key":"Ancient Tea Set"}],"event_choices":[{"damage_healed":0,"gold_gain":0,"player_choice":"Donut","damage_taken":0,"max_hp_gain":5,"max_hp_loss":0,"event_name":"Big Fish","floor":3,"gold_loss":0},{"damage_healed":0,"gold_gain":0,"player_choice":"Cursed","damage_taken":0,"max_hp_gain":0,"max_hp_loss":0,"event_name":"Wheel of Change","floor":4,"gold_loss":0,"cards_obtained":["Decay"]}],"is_beta":false,"boss_relics":[],"items_purged_floors":[],"is_endless":false,"potions_floor_spawned":[11,12,13],"killed_by":"Slime Boss","ascension_level":11}}