{"host":"vumwfieg2b2mnrfl","time":1611889895,"event":{"mods":["AchievementEnabler","BaseMod","Minty Spire (QoL Compilation)","Rare Cards Sparkle","Relic Stats"],"gold_per_floor":[118,129,129,140,140,175,175,175,199,210,48,48,48,83,83,154,154,154,154,79,39,39,39,39],"floor_reached":23,"language":"ENG","playtime":529,"items_purged":[],"score":394,"play_id":"6e2526bb-f1a2-4318-b9c4-a9efd2c45494","local_time":"20210128211135","is_ascension_mode":true,"campfire_choices":[{"floor":8,"key":"REST"},{"data":"Caltrops","floor":12,"key":"SMITH"},{"floor":15,"key":"REST"}],"circlet_count":0,"master_deck":["AscendersBane","Strike_G+1","Strike_G+1","Strike_G+1","Strike_G+1","Defend_G+1","Defend_G+1","Defend_G+1","Defend_G+1","Defend_G+1","Survivor","Neutralize","Predator","PiercingWail","Dagger Spray","Corpse Explosion","Caltrops+1","Flying Knee","Phantasmal Killer","Prepared+1","Blur"],"relics":["Ring of the Snake","NeowsBlessing","Regal Pillow","Art of War","Toy Ornithopter","Ancient Tea Set","Snake Skull","Juzu Bracelet","Ectoplasm"],"acts_visited":["Exordium","TheCity"],"potions_floor_usage":[6,23],"damage_taken":[{"damage":0,"enemies":"Jaw Worm","floor":1,"turns":1},{"damage":0,"enemies":"2 Louse","floor":2,"turns":1},{"damage":0,"enemies":"Small Slimes","floor":4,"turns":1},{"damage":32,"enemies":"Gremlin Nob","floor":6,"turns":4},{"damage":6,"enemies":"3 Louse","floor":10,"turns":3},{"damage":12,"enemies":"3 Sentries","floor":14,"turns":4},{"damage":42,"enemies":"The Guardian","floor":16,"turns":11},{"damage":24,"enemies":"Chosen","floor":18,"turns":6},{"damage":11,"enemies":"2 Thieves","floor":21,"turns":2},{"damage":26,"enemies":"Book of Stabbing","floor":23,"turns":4}],"seed_played":"383252971477130336","potions_obtained":[{"floor":4,"key":"Poison Potion"},{"floor":6,"key":"Strength Potion"}],"is_trial":false,"path_per_floor":["M","M","?","M","?","E","?","R","T","M","$","R","?","E","R","B",null,"M","$","?","M","?","E"],"character_chosen":"THE_SILENT","items_purchased":["Snake Skull"],"campfire_rested":2,"item_purchase_floors":[11],"current_hp_per_floor":[59,59,59,59,48,16,16,50,50,44,44,44,37,25,59,17,54,30,30,30,19,19,0,0],"gold":39,"neow_bonus":"THREE_ENEMY_KILL","is_daily":false,"chose_seed":false,"campfire_upgraded":1,"win_rate":0.0,"timestamp":1611889895,"path_taken":["M","M","?","M","?","E","?","R","T","M","$","R","?","E","R","BOSS","M","$","?","M","?","E"],"items_purchased_type":["Relic"],"build_version":"2020-12-22","purchased_purges":0,"victory":false,"max_hp_per_floor":[66,66,66,66,66,66,66,66,66,66,66,66,66,66,66,66,66,66,66,66,66,66,66,66],"relic_stats":{"Regal Pillow":30,"counters":[10,37],"Snake Skull":[6],"Ectoplasm":70,"Art of War":[7],"Juzu Bracelet":0,"obtain_stats":[{"Regal Pillow":5,"NeowsBlessing":0,"Snake Skull":11,"Ectoplasm":17,"Art of War":6,"Juzu Bracelet":14,"Ancient Tea Set":9,"Toy Ornithopter":7,"Ring of the Snake":0},{"Regal Pillow":3,"NeowsBlessing":0,"Snake Skull":5,"Ectoplasm":7,"Art of War":4,"Juzu Bracelet":6,"Ancient Tea Set":4,"Toy Ornithopter":4,"Ring of the Snake":0},{"Regal Pillow":3,"NeowsBlessing":0,"Snake Skull":10,"Ectoplasm":25,"Art of War":7,"Juzu Bracelet":14,"Ancient Tea Set":7,"Toy Ornithopter":7,"Ring of the Snake":0}],"Toy Ornithopter":5,"Ring of the Snake":[20]},"card_choices":[{"not_picked":["PiercingWail","Reflex"],"picked":"Predator","floor":1},{"not_picked":["Acrobatics","Prepared"],"picked":"PiercingWail","floor":2},{"not_picked":["Underhanded Strike","Backflip"],"picked":"Dagger Spray","floor":4},{"not_picked":["Slice","After Image"],"picked":"Corpse Explosion","floor":6},{"not_picked":["Slice","PiercingWail"],"picked":"Caltrops","floor":10},{"not_picked":["Eviscerate","Dagger Throw"],"picked":"Flying Knee","floor":14},{"not_picked":["Glass Knife","Doppelganger"],"picked":"Phantasmal Killer","floor":16},{"not_picked":["Setup+1","Dagger Throw"],"picked":"Prepared+1","floor":18},{"not_picked":["Eviscerate","All Out Attack"],"picked":"Blur","floor":21}],"player_experience":490404,"relics_obtained":[{"floor":6,"key":"Art of War"},{"floor":9,"key":"Ancient Tea Set"},{"floor":14,"key":"Juzu Bracelet"}],"event_choices":[{"damage_healed":0,"gold_gain":0,"player_choice":"Ignored","damage_taken":0,"max_hp_gain":0,"max_hp_loss":0,"event_name":"Liars Game","floor":3,"gold_loss":0},{"damage_healed":0,"gold_gain":0,"player_choice":"Success","damage_taken":11,"relics_obtained":["Regal Pillow"],"max_hp_gain":0,"max_hp_loss":0,"event_name":"Scrap Ooze","floor":5,"gold_loss":0},{"damage_healed":0,"gold_gain":0,"player_choice":"Box","damage_taken":0,"relics_obtained":["Toy Ornithopter"],"max_hp_gain":0,"max_hp_loss":0,"event_name":"Big Fish","floor":7,"gold_loss":0,"cards_obtained":["Regret"]},{"cards_removed":["Regret"],"damage_healed":0,"gold_gain":0,"player_choice":"Card Removal","damage_taken":7,"max_hp_gain":0,"max_hp_loss":0,"event_name":"Golden Wing","floor":13,"gold_loss":0},{"cards_removed":["Strike_G"],"damage_healed":0,"gold_gain":0,"player_choice":"Gave Gold","damage_taken":0,"max_hp_gain":0,"max_hp_loss":0,"event_name":"Beggar","floor":20,"gold_loss":75},{"damage_healed":0,"gold_gain":0,"player_choice":"Simplicity","damage_taken":0,"max_hp_gain":0,"max_hp_loss":0,"event_name":"Back to Basics","floor":22,"gold_loss":0,"cards_upgraded":["Strike_G","Strike_G","Strike_G","Strike_G","Defend_G","Defend_G","Defend_G","Defend_G","Defend_G"]}],"is_beta":false,"boss_relics":[{"not_picked":["SacredBark","Black Star"],"picked":"Ectoplasm"}],"items_purged_floors":[],"is_endless":false,"potions_floor_spawned":[4,6],"killed_by":"Book of Stabbing","ascension_level":20}}