{"host":"vrsxkkch9ccrec7k","time":1611934068,"event":{"mods":["Act Like it!","BaseMod","Bestiary","Better Altar","Better Match","Better Note","Better Sensory Stone","Better Skull","Better Third Choice","Better Vampires","Downfall","Minty Spire (QoL Compilation)","Permanent Neow","Relic Stats","Spicy Shops","StSLib"],"gold_per_floor":[99,99,116,129,141,166,166,181,191,203,203,217,217,248,261,261,261,261],"floor_reached":16,"language":"ENG","playtime":1103,"items_purged":[],"score":157,"play_id":"536729d3-4582-46c2-9550-6a97fd55ac8d","local_time":"20210129102748","is_ascension_mode":true,"campfire_choices":[{"data":"Guardian:TwinSlam","floor":1,"key":"SMITH"},{"floor":11,"key":"REST"},{"data":"Guardian:Repulse","floor":13,"key":"SMITH"}],"circlet_count":0,"master_deck":["Guardian:Strike_Guardian","Guardian:Strike_Guardian","Guardian:Defend_Guardian","Guardian:Defend_Guardian","Guardian:Defend_Guardian","Guardian:Defend_Guardian","Guardian:CurlUp","Guardian:TwinSlam+1","Guardian:Incinerate","Guardian:Repulse+1","Guardian:WalkerClaw","Guardian:RefractedBeam","Guardian:SpikerProtocol","Guardian:RollAttack","Guardian:FuturePlans","Guardian:BodySlam"],"relics":["Guardian:ModeShifter","Slimebound:PreparedRelic","Oddly Smooth Stone","sneckomod:BlankCard"],"acts_visited":["Exordium"],"potions_floor_usage":[6,6,14,16,16],"damage_taken":[{"damage":2,"enemies":"Jaw Worm","floor":3,"turns":5},{"damage":1,"enemies":"Cultist","floor":4,"turns":3},{"damage":0,"enemies":"Small Slimes","floor":5,"turns":2},{"damage":17,"enemies":"Lagavulin","floor":6,"turns":9},{"damage":18,"enemies":"Gremlin Gang","floor":8,"turns":6},{"damage":14,"enemies":"Large Slime","floor":9,"turns":6},{"damage":1,"enemies":"Blue Slaver","floor":10,"turns":5},{"damage":0,"enemies":"Gremlin Gang","floor":12,"turns":3},{"damage":20,"enemies":"Gremlin Nob","floor":14,"turns":3},{"damage":0,"enemies":"3 Louse","floor":15,"turns":1},{"damage":25,"enemies":"DF_ARCHETYPE_STREAMLINE","floor":16,"turns":9}],"seed_played":"-5156198971362407727","potions_obtained":[{"floor":3,"key":"PowerPotion"},{"floor":5,"key":"Weak Potion"},{"floor":8,"key":"bronze:BurnAndBuffPotion"},{"floor":10,"key":"Fire Potion"},{"floor":14,"key":"SkillPotion"}],"is_trial":false,"path_per_floor":["R","?","M","M","M","E","T","M","M","M","R","M","R","E","M","B"],"character_chosen":"GUARDIAN","items_purchased":[],"campfire_rested":1,"item_purchase_floors":[],"current_hp_per_floor":[72,72,70,69,69,52,52,34,20,19,43,43,43,23,23,0,0,0],"gold":261,"neow_bonus":"REMOVE_CARD","is_daily":false,"chose_seed":false,"campfire_upgraded":2,"win_rate":0.0,"timestamp":1611934068,"path_taken":["R","?","M","?","M","E","T","M","?","M","R","M","R","E","M","BOSS"],"items_purchased_type":[],"build_version":"2020-12-22","purchased_purges":0,"victory":false,"max_hp_per_floor":[80,80,80,80,80,80,80,80,80,80,80,80,80,80,80,80,80,80],"relic_stats":{"counters":[11,52],"obtain_stats":[{"sneckomod:BlankCard":14,"Guardian:ModeShifter":0,"Oddly Smooth Stone":7,"Slimebound:PreparedRelic":6},{"sneckomod:BlankCard":9,"Guardian:ModeShifter":0,"Oddly Smooth Stone":4,"Slimebound:PreparedRelic":4},{"sneckomod:BlankCard":42,"Guardian:ModeShifter":0,"Oddly Smooth Stone":19,"Slimebound:PreparedRelic":19}]},"card_choices":[{"not_picked":["Guardian:TemporalShield","Guardian:Preprogram"],"picked":"Guardian:Repulse","floor":3},{"not_picked":["Guardian:Gem_Cyan","Guardian:Harden"],"picked":"Guardian:WalkerClaw","floor":4},{"not_picked":["Guardian:TemporalStrike","Guardian:PrismaticBarrier"],"picked":"Guardian:Gem_Red","floor":5},{"not_picked":["Guardian:SentryBeam","Guardian:Planning"],"picked":"Guardian:RefractedBeam","floor":6},{"not_picked":["Guardian:PrismaticBeam","Guardian:CrystalBeam","Guardian:Harden"],"picked":"SKIP","floor":8},{"not_picked":["Guardian:VentSteam","Guardian:CrystalBeam"],"picked":"Guardian:SpikerProtocol","floor":9},{"not_picked":["Guardian:CrystalBeam","Guardian:Planning"],"picked":"Guardian:RollAttack","floor":10},{"not_picked":["Guardian:WalkerClaw","Guardian:ChargeUp"],"picked":"Guardian:Gem_Green","floor":12},{"not_picked":["Guardian:PiercingHide","Guardian:RollAttack"],"picked":"Guardian:FuturePlans","floor":14},{"not_picked":["Guardian:TemporalShield","Guardian:Reroute"],"picked":"Guardian:BodySlam","floor":15}],"player_experience":1815118,"relics_obtained":[{"floor":6,"key":"Slimebound:PreparedRelic"},{"floor":7,"key":"Oddly Smooth Stone"},{"floor":14,"key":"sneckomod:BlankCard"}],"event_choices":[],"is_beta":false,"boss_relics":[],"items_purged_floors":[],"is_endless":false,"potions_floor_spawned":[3,5,8,10,14],"killed_by":"DF_ARCHETYPE_STREAMLINE","ascension_level":7}}