{"host":"og21o26alpnbwmz8","time":1611938392,"event":{"mods":["Act Like it!","Aspiration","BaseMod","Conspire","Downfall","Halation","Hallownest","Hubris","Jedi Mod","Mimic Mod","Minty Spire (QoL Compilation)","Pale of the Ancients","Replay The Spire","Shop Mod","Spikes Relics","StSLib","The Administrix","The Alterego","The Blue Laboratory","The Bug Knight","The Death Knight","The Problem Sleuth","The Wild Card","Waifu the Spire"],"gold_per_floor":[99,99,99,99,24,57,57,82,67,102,119,134,34,48,59,164,164,64,76,94,94,104,104,141,159,44,55,55,67,67,101,121,217,217,117,117,150,63,96,123,123,140,154,62,62,73,73,73,89,89,89,89,89,89],"floor_reached":52,"language":"ENG","playtime":3435,"items_purged":["Injury","Guardian:Strike_Guardian"],"score":885,"play_id":"15fef2ac-6391-4405-ba77-5bd45a0c60d0","local_time":"20210129113952","is_ascension_mode":false,"campfire_choices":[{"data":"Guardian:TwinSlam","floor":1,"key":"SMITH"},{"floor":13,"key":"RECALL"},{"data":"Guardian:PolyBeam","floor":18,"key":"SMITH"},{"data":"Guardian:Defend_Guardian","floor":23,"key":"SMITH"},{"data":"Guardian:Defend_Guardian","floor":28,"key":"SMITH"},{"data":"Guardian:MultiBeam","floor":35,"key":"SMITH"},{"data":"expansioncontent:StudyTheSpire","floor":45,"key":"SMITH"},{"data":"Guardian:BodySlam","floor":47,"key":"SMITH"}],"circlet_count":0,"master_deck":["Guardian:Defend_Guardian","Guardian:Defend_Guardian+1","Guardian:Defend_Guardian+1","Guardian:CurlUp","Guardian:TwinSlam+1","Guardian:PiercingHide+1","Guardian:Suspension+1","Guardian:PiercingHide+1","Guardian:PolyBeam+1","Guardian:Clone+1","Guardian:BronzeOrb","Guardian:MultiBeam+1","Pot Of Greed+1","Pot Of Greed+1","Guardian:VentSteam+1","Guardian:BodySlam+1","Guardian:Repulse+1","Guardian:EvasiveProtocol","Guardian:RevengeProtocol","Guardian:BodySlam+1","expansioncontent:StudyTheSpire+1","Flash of Steel+1","Pot Of Greed+1"],"relics":["Guardian:ModeShifter","downfall:HeartsMalice","Toxic Egg 2","MiniBlackHole","ReplayTheSpireMod:Shallot","Odd Mushroom","Centennial Puzzle","downfall:HeartBlessingGreen","Philosopher\u0027s Stone","downfall:HeartBlessingRed","hubris:BottledHeart","Grinning Jar","Empty Cage","downfall:HeartBlessingBlue","aspiration:HatOfInfinitePower","ReplayTheSpireMod:TigerMarble","hubris:BottledRain","RetroEgg","Guardian:DefensiveModeMoreBlock"],"acts_visited":["Exordium","TheCity","TheBeyond","TheEnding"],"potions_floor_usage":[8,10,16,16,26,31,33,39],"damage_taken":[{"damage":0,"enemies":"2 Louse","floor":2,"turns":1},{"damage":0,"enemies":"downfall:FleeingMerchant","floor":5,"turns":1},{"damage":0,"enemies":"Gremlin Nob","floor":6,"turns":1},{"damage":5,"enemies":"The Mushroom Lair","floor":8,"turns":5},{"damage":0,"enemies":"downfall:FleeingMerchant","floor":9,"turns":4},{"damage":2,"enemies":"3 Sentries","floor":10,"turns":13},{"damage":0,"enemies":"Small Slimes","floor":11,"turns":4},{"damage":0,"enemies":"Cultist","floor":12,"turns":4},{"damage":0,"enemies":"Exordium Wildlife","floor":14,"turns":3},{"damage":0,"enemies":"Large Slime","floor":15,"turns":6},{"damage":2,"enemies":"WA_ARCHETYPE_RETAIN","floor":16,"turns":9},{"damage":0,"enemies":"Chosen","floor":19,"turns":3},{"damage":0,"enemies":"Shell Parasite","floor":20,"turns":3},{"damage":0,"enemies":"conspire:HollyBat","floor":22,"turns":7},{"damage":4,"enemies":"Snake Plant","floor":24,"turns":6},{"damage":0,"enemies":"Snake Plant","floor":25,"turns":4},{"damage":0,"enemies":"downfall:FleeingMerchant","floor":26,"turns":4},{"damage":0,"enemies":"Centurion and Healer","floor":27,"turns":7},{"damage":14,"enemies":"Cultist and Chosen","floor":29,"turns":8},{"damage":0,"enemies":"Slavers","floor":31,"turns":5},{"damage":0,"enemies":"conspire:HollyBat","floor":32,"turns":5},{"damage":0,"enemies":"DF_ARCHETYPE_CLAW","floor":33,"turns":6},{"damage":0,"enemies":"downfall:FleeingMerchant","floor":38,"turns":4},{"damage":0,"enemies":"conspire:MimicChest","floor":39,"turns":6},{"damage":0,"enemies":"Nemesis","floor":40,"turns":5},{"damage":0,"enemies":"3 Shapes","floor":42,"turns":1},{"damage":0,"enemies":"Orb Walker","floor":43,"turns":2},{"damage":0,"enemies":"downfall:FleeingMerchant","floor":44,"turns":1},{"damage":0,"enemies":"3 Darklings","floor":46,"turns":3},{"damage":0,"enemies":"Transient","floor":49,"turns":5},{"damage":0,"enemies":"IC_BLOCK_ARCHETYPE","floor":50,"turns":5},{"damage":8,"enemies":"downfall:CharBossMerchant","floor":52,"turns":6}],"seed_played":"-1769269706265127214","potions_obtained":[{"floor":6,"key":"SkillPotion"},{"floor":8,"key":"PowerPotion"},{"floor":10,"key":"blueLaboratory:FrostheartPotion"},{"floor":11,"key":"blueLaboratory:HorrorPotion"},{"floor":12,"key":"hexamod:SoulburnPotion"},{"floor":22,"key":"hexamod:SoulburnPotion"},{"floor":27,"key":"PowerPotion"},{"floor":29,"key":"Guardian:AcceleratePotion"},{"floor":32,"key":"Swift Potion"},{"floor":33,"key":"BlessingOfTheForge"},{"floor":40,"key":"blueLaboratory:NullPotion"},{"floor":42,"key":"blueLaboratory:BottleOfRum"}],"is_trial":false,"path_per_floor":["R","M","?","?","$","E","T","?","$","E","M","M","R","M","M","B",null,"R","M","M","?","M","R","MIM","M","$","M","R","M","?","E","M","B",null,"R","?","?","$","?","E","T","M","M","$","R","M","R","$","M","B",null,"E"],"character_chosen":"GUARDIAN","items_purchased":["Guardian:Gem_White","Guardian:DefensiveModeMoreBlock","expansioncontent:StudyTheSpire","Flash of Steel"],"campfire_rested":0,"item_purchase_floors":[38,44,44,44],"current_hp_per_floor":[80,80,80,80,80,80,80,75,75,73,73,73,73,73,73,71,80,80,80,80,80,80,80,76,76,76,76,76,62,1,1,1,1,1,1,1,1,1,1,1,1,1,1,1,1,1,1,1,1,1,1,0,0,0],"gold":89,"neow_bonus":"THREE_ENEMY_KILL","is_daily":false,"chose_seed":false,"campfire_upgraded":7,"win_rate":0.0,"timestamp":1611938392,"path_taken":["R","M","?","?","$","E","T","?","$","E","M","M","R","M","M","BOSS","R","M","M","?","M","R","MIM","M","$","M","R","?","?","E","M","BOSS","R","?","?","$","?","E","T","M","M","$","R","M","R","?","M","BOSS","E"],"items_purchased_type":["Card","Relic","Card","Card"],"build_version":"2020-12-22","purchased_purges":2,"victory":false,"max_hp_per_floor":[80,80,80,80,80,80,80,80,80,80,80,80,80,80,80,80,80,80,80,80,80,80,80,80,80,80,80,80,80,1,1,1,1,1,1,1,1,1,1,1,1,1,1,1,1,1,1,1,1,1,1,1,1,1],"card_choices":[{"not_picked":["Guardian:TemporalShield","Guardian:ShieldCharger"],"picked":"Guardian:Gem_Cyan","floor":2},{"not_picked":["Guardian:TemporalShield+1","Guardian:TimeBomb+1"],"picked":"Guardian:PiercingHide+1","floor":5},{"not_picked":["Guardian:PrimingBeam","Guardian:Harden+1","Guardian:RollAttack"],"picked":"SKIP","floor":6},{"not_picked":["Guardian:ArmoredProtocol","Guardian:Incinerate"],"picked":"Guardian:Gem_Red","floor":8},{"not_picked":["Guardian:Incinerate","Guardian:FuturePlans","Guardian:PrimingBeam"],"picked":"SKIP","floor":9},{"not_picked":["Guardian:FloatingOrbs","Guardian:BodySlam"],"picked":"Guardian:Gem_Red","floor":10},{"not_picked":["Guardian:RevengeProtocol","Guardian:Planning+1","Guardian:BodySlam"],"picked":"SKIP","floor":11},{"not_picked":["Guardian:Recover+1","Guardian:ChargeCore"],"picked":"Guardian:Suspension+1","floor":12},{"not_picked":["Guardian:Gem_Purple","Guardian:Recover+1"],"picked":"Guardian:PiercingHide+1","floor":14},{"not_picked":["Guardian:Gem_Yellow","Guardian:ChargeCore"],"picked":"Guardian:PolyBeam","floor":15},{"not_picked":["Guardian:GemFire","Guardian:FastForward+1"],"picked":"Guardian:Gem_Synthetic","floor":16},{"not_picked":["Guardian:ArmoredProtocol","Guardian:TemporalStrike+1","Guardian:PiercingHide+1"],"picked":"SKIP","floor":19},{"not_picked":["Guardian:RollAttack","Guardian:TemporalStrike","Guardian:Recover+1"],"picked":"SKIP","floor":20},{"not_picked":["Guardian:Gem_Green","Guardian:Reroute","Guardian:GatlingBeam"],"picked":"SKIP","floor":22},{"not_picked":["Guardian:TemporalShield+1","Guardian:Gem_Cyan"],"picked":"Guardian:Clone+1","floor":25},{"not_picked":["Guardian:FuturePlans","Guardian:CrystalBeam"],"picked":"Guardian:BronzeOrb","floor":26},{"not_picked":["Guardian:Recover+1","Guardian:ShieldCharger+1","Guardian:TemporalStrike"],"picked":"SKIP","floor":27},{"not_picked":["Guardian:Gem_Lightblue","Guardian:DonusPower+1"],"picked":"Guardian:MultiBeam","floor":29},{"not_picked":["Guardian:ShieldCharger+1","Guardian:BaubleBeam"],"picked":"Guardian:VentSteam+1","floor":31},{"not_picked":["Guardian:PiercingHide+1","Guardian:Suspension+1"],"picked":"Guardian:BodySlam","floor":32},{"not_picked":["Guardian:Preprogram+1","Guardian:TimeCapacitor"],"picked":"Guardian:Repulse+1","floor":37},{"not_picked":["Guardian:Incinerate+1","Guardian:WalkerClaw+1"],"picked":"Guardian:EvasiveProtocol","floor":38},{"not_picked":["Guardian:Suspension+1","Guardian:Gem_Red"],"picked":"Guardian:Gem_Lightblue","floor":39},{"not_picked":["Guardian:PrimingBeam","Guardian:Gem_Green"],"picked":"Guardian:RevengeProtocol","floor":40},{"not_picked":["Guardian:Gem_Yellow","Guardian:WalkerClaw+1"],"picked":"Guardian:BodySlam+1","floor":42},{"not_picked":["Guardian:EvasiveProtocol","Guardian:Gem_Cyan","Guardian:TemporalStrike"],"picked":"SKIP","floor":43},{"not_picked":["Guardian:SentryBeam+1","Guardian:Gem_Cyan","Guardian:TemporalShield+1"],"picked":"SKIP","floor":44},{"not_picked":["Guardian:Incinerate+1","Guardian:RollAttack","Guardian:TemporalShield+1"],"picked":"SKIP","floor":46},{"not_picked":["Guardian:Suspension+1","Guardian:EvasiveProtocol","Guardian:Gem_Cyan"],"picked":"SKIP","floor":49}],"player_experience":231915,"relics_obtained":[{"floor":6,"key":"MiniBlackHole"},{"floor":7,"key":"ReplayTheSpireMod:Shallot"},{"floor":8,"key":"Odd Mushroom"},{"floor":10,"key":"Centennial Puzzle"},{"floor":31,"key":"Grinning Jar"},{"floor":37,"key":"aspiration:HatOfInfinitePower"},{"floor":39,"key":"ReplayTheSpireMod:TigerMarble"},{"floor":40,"key":"hubris:BottledRain"},{"floor":41,"key":"RetroEgg"}],"event_choices":[{"damage_healed":0,"gold_gain":0,"player_choice":"Fought Mushrooms","damage_taken":0,"max_hp_gain":0,"max_hp_loss":0,"event_name":"Mushrooms","floor":8,"gold_loss":0}],"is_beta":false,"boss_relics":[{"not_picked":["Sandwich","Painkiller Herb"],"picked":"Philosopher\u0027s Stone"},{"not_picked":["Replay:Wanted Poster","aspiration:SilentSkillbook"],"picked":"Empty Cage"}],"items_purged_floors":[5,26],"is_endless":false,"potions_floor_spawned":[6,8,10,11,12,22,27,29,32,33,40,42,46,49],"killed_by":"downfall:CharBossMerchant","ascension_level":0}}