{"host":"tdto29i5jv2pd7jf","time":1611957031,"event":{"mods":["AchievementEnabler","BaseMod","Minty Spire (QoL Compilation)","Relic Stats"],"gold_per_floor":[20,35,51,51,63,97,114,114,114,114,140,140,150,163,163,238,238,257,257,257,272,65,65,117,134,134,134,144,59,83,114,126,211,223,252,283,0,16,16,30,45,45,45,70,70,83,83,83],"floor_reached":47,"language":"ENG","playtime":4994,"items_purged":[],"score":928,"play_id":"f4215978-91e0-422e-83ae-6a54d9121fbb","local_time":"20210130085031","is_ascension_mode":true,"campfire_choices":[{"data":"Skewer","floor":8,"key":"SMITH"},{"data":"Die Die Die","floor":10,"key":"SMITH"},{"data":"Footwork","floor":15,"key":"SMITH"},{"floor":23,"key":"REST"},{"floor":27,"key":"REST"},{"floor":32,"key":"REST"},{"floor":42,"key":"REST"}],"circlet_count":0,"master_deck":["AscendersBane","Strike_G","Defend_G","Defend_G","Defend_G","Survivor","Neutralize+1","Riddle With Holes+1","Footwork+1","Sucker Punch","Footwork","Die Die Die+1","Cloak And Dagger","Skewer+1","Backflip","Backstab+1","Flying Knee+1","Adrenaline","Malaise","Dodge and Roll","RitualDagger+1","Well Laid Plans","Crippling Poison","Escape Plan","Acrobatics","Dodge and Roll","A Thousand Cuts","Flechettes+1","Dagger Throw+1","Dodge and Roll+1","Caltrops","Backflip","Doppelganger"],"relics":["Ring of the Snake","Ancient Tea Set","Bottled Flame","Molten Egg 2","Fusion Hammer","Toolbox","Singing Bowl","The Courier","MawBank","Astrolabe","Strawberry","Vajra","Question Card","Girya"],"acts_visited":["Exordium","TheCity","TheBeyond"],"potions_floor_usage":[6,6,16,33,33,38,41,47],"damage_taken":[{"damage":9,"enemies":"Cultist","floor":1,"turns":5},{"damage":0,"enemies":"Jaw Worm","floor":2,"turns":6},{"damage":1,"enemies":"Small Slimes","floor":3,"turns":5},{"damage":0,"enemies":"2 Fungi Beasts","floor":5,"turns":3},{"damage":11,"enemies":"3 Sentries","floor":6,"turns":9},{"damage":0,"enemies":"Exordium Wildlife","floor":7,"turns":2},{"damage":8,"enemies":"Lagavulin","floor":11,"turns":7},{"damage":0,"enemies":"Large Slime","floor":13,"turns":3},{"damage":0,"enemies":"3 Louse","floor":14,"turns":1},{"damage":24,"enemies":"The Guardian","floor":16,"turns":13},{"damage":0,"enemies":"3 Byrds","floor":18,"turns":3},{"damage":0,"enemies":"Chosen","floor":21,"turns":3},{"damage":5,"enemies":"Book of Stabbing","floor":24,"turns":7},{"damage":3,"enemies":"Snake Plant","floor":25,"turns":4},{"damage":0,"enemies":"Centurion and Healer","floor":28,"turns":3},{"damage":0,"enemies":"Sentry and Sphere","floor":30,"turns":3},{"damage":0,"enemies":"Cultist and Chosen","floor":31,"turns":5},{"damage":5,"enemies":"Automaton","floor":33,"turns":14},{"damage":9,"enemies":"3 Darklings","floor":35,"turns":7},{"damage":5,"enemies":"Orb Walker","floor":36,"turns":4},{"damage":33,"enemies":"Spire Growth","floor":38,"turns":6},{"damage":9,"enemies":"Sphere and 2 Shapes","floor":40,"turns":4},{"damage":8,"enemies":"Jaw Worm Horde","floor":41,"turns":3},{"damage":0,"enemies":"Mind Bloom Boss Battle","floor":44,"turns":7},{"damage":10,"enemies":"4 Shapes","floor":46,"turns":8},{"damage":69,"enemies":"Transient","floor":47,"turns":4}],"seed_played":"7771072520448717615","potions_obtained":[{"floor":2,"key":"EssenceOfSteel"},{"floor":3,"key":"SneckoOil"},{"floor":11,"key":"SmokeBomb"},{"floor":14,"key":"PowerPotion"},{"floor":16,"key":"SneckoOil"},{"floor":24,"key":"CunningPotion"},{"floor":25,"key":"GhostInAJar"},{"floor":31,"key":"LiquidMemories"},{"floor":33,"key":"SteroidPotion"},{"floor":40,"key":"Explosive Potion"},{"floor":44,"key":"Block Potion"},{"floor":46,"key":"EssenceOfSteel"}],"is_trial":false,"path_per_floor":["M","M","M","?","M","E","M","R","T","R","E","?","M","M","R","B",null,"M","?","?","M","$","R","E","M","T","R","M","?","M","M","R","B",null,"M","M","$","M","?","M","M","R","T","?","?","M","M"],"character_chosen":"THE_SILENT","items_purchased":["Toolbox","Crippling Poison","Backflip","Strawberry","Vajra"],"campfire_rested":4,"item_purchase_floors":[22,22,37,37,37],"current_hp_per_floor":[50,50,49,49,49,38,38,38,38,38,30,30,30,30,30,6,51,51,33,27,27,27,48,43,42,42,63,63,63,63,65,75,70,74,65,62,69,38,38,31,23,48,48,50,50,42,0,0],"gold":83,"neow_bonus":"TRANSFORM_TWO_CARDS","is_daily":false,"chose_seed":false,"campfire_upgraded":3,"win_rate":0.0,"timestamp":1611957031,"path_taken":["M","?","M","?","M","E","?","R","T","R","E","?","M","M","R","BOSS","M","?","?","M","$","R","E","M","T","R","?","?","M","M","R","BOSS","M","M","$","M","?","M","M","R","T","?","?","?","M"],"items_purchased_type":["Relic","Card","Card","Relic","Relic"],"build_version":"2020-12-22","purchased_purges":0,"victory":false,"max_hp_per_floor":[66,66,66,66,66,66,66,66,66,66,66,66,66,66,66,66,66,66,71,71,71,71,71,71,73,73,73,73,73,73,75,75,75,75,75,77,84,86,82,84,84,84,84,86,86,88,88,88],"relic_stats":{"Singing Bowl":14,"counters":[26,139],"Astrolabe":["Flechettes","Dagger Throw","Dodge and Roll"],"MawBank":96,"Question Card":2,"obtain_stats":[{"Girya":44,"Singing Bowl":24,"Astrolabe":34,"Vajra":37,"The Courier":26,"Ancient Tea Set":6,"MawBank":29,"Question Card":43,"Bottled Flame":9,"Strawberry":37,"Toolbox":22,"Molten Egg 2":11,"Fusion Hammer":17,"Ring of the Snake":0},{"Girya":24,"Singing Bowl":13,"Astrolabe":18,"Vajra":20,"The Courier":14,"Ancient Tea Set":5,"MawBank":15,"Question Card":23,"Bottled Flame":6,"Strawberry":20,"Toolbox":12,"Molten Egg 2":7,"Fusion Hammer":10,"Ring of the Snake":0},{"Girya":127,"Singing Bowl":67,"Astrolabe":96,"Vajra":107,"The Courier":71,"Ancient Tea Set":28,"MawBank":74,"Question Card":120,"Bottled Flame":30,"Strawberry":107,"Toolbox":60,"Molten Egg 2":37,"Fusion Hammer":54,"Ring of the Snake":0}],"Ring of the Snake":[52]},"card_choices":[{"not_picked":["Bane","PiercingWail"],"picked":"Sucker Punch","floor":1},{"not_picked":["Concentrate","Terror"],"picked":"Footwork","floor":2},{"not_picked":["Poisoned Stab","Backflip"],"picked":"Die Die Die","floor":3},{"not_picked":["Underhanded Strike","PiercingWail"],"picked":"Cloak And Dagger","floor":5},{"not_picked":["Prepared","Masterful Stab"],"picked":"Skewer","floor":6},{"not_picked":["Flechettes","Underhanded Strike"],"picked":"Backflip","floor":7},{"not_picked":["Dagger Spray+1","Blade Dance"],"picked":"Backstab+1","floor":11},{"not_picked":["Flechettes+1","Eviscerate+1"],"picked":"Flying Knee+1","floor":13},{"not_picked":["Slice+1","Prepared"],"picked":"Adrenaline","floor":14},{"not_picked":["Glass Knife+1","Storm of Steel"],"picked":"Malaise","floor":16},{"not_picked":["Outmaneuver","Deflect"],"picked":"Dodge and Roll","floor":18},{"not_picked":["Backflip","Flying Knee+1"],"picked":"Well Laid Plans","floor":21},{"not_picked":["Calculated Gamble","Acrobatics"],"picked":"Escape Plan","floor":24},{"not_picked":["Bane+1","Poisoned Stab+1","Crippling Poison"],"picked":"Singing Bowl","floor":25},{"not_picked":["Blade Dance","Quick Slash+1"],"picked":"Acrobatics","floor":28},{"not_picked":["Cloak And Dagger","Dagger Throw+1"],"picked":"Dodge and Roll","floor":30},{"not_picked":["Infinite Blades","Heel Hook+1","Flechettes+1"],"picked":"Singing Bowl","floor":31},{"not_picked":["Die Die Die+1","Unload+1"],"picked":"A Thousand Cuts","floor":33},{"not_picked":["Dash+1","Blade Dance"],"picked":"Caltrops","floor":35},{"not_picked":["Eviscerate+1","Underhanded Strike+1","Slice+1"],"picked":"Singing Bowl","floor":36},{"not_picked":["Skewer+1","Tactician","Cloak And Dagger"],"picked":"Singing Bowl","floor":38},{"not_picked":["Deflect","Slice+1","Acrobatics"],"picked":"Singing Bowl","floor":40},{"not_picked":["Heel Hook+1","Sucker Punch+1"],"picked":"Doppelganger","floor":41},{"not_picked":["Catalyst+1","Sucker Punch+1","Poisoned Stab+1","Dagger Throw+1"],"picked":"Singing Bowl","floor":44},{"not_picked":["Blade Dance","Poisoned Stab+1","Prepared","All Out Attack+1"],"picked":"Singing Bowl","floor":46}],"player_experience":919005,"relics_obtained":[{"floor":6,"key":"Ancient Tea Set"},{"floor":9,"key":"Bottled Flame"},{"floor":11,"key":"Molten Egg 2"},{"floor":24,"key":"Singing Bowl"},{"floor":26,"key":"The Courier"},{"floor":43,"key":"Question Card"},{"floor":44,"key":"Girya"}],"event_choices":[{"damage_healed":0,"gold_gain":0,"player_choice":"Upgraded","damage_taken":0,"max_hp_gain":0,"max_hp_loss":0,"event_name":"Upgrade Shrine","floor":4,"gold_loss":0,"cards_upgraded":["Riddle With Holes"]},{"damage_healed":0,"gold_gain":0,"player_choice":"Grow","damage_taken":0,"max_hp_gain":0,"max_hp_loss":0,"event_name":"Living Wall","floor":12,"gold_loss":0,"cards_upgraded":["Neutralize"]},{"damage_healed":0,"gold_gain":0,"player_choice":"Shed Blood","damage_taken":23,"max_hp_gain":5,"max_hp_loss":0,"event_name":"Forgotten Altar","floor":19,"gold_loss":0},{"damage_healed":0,"gold_gain":0,"player_choice":"Joined the Cult","damage_taken":6,"max_hp_gain":0,"max_hp_loss":0,"event_name":"Nest","floor":20,"gold_loss":0,"cards_obtained":["RitualDagger"]},{"damage_healed":0,"gold_gain":0,"player_choice":"Obtained Relic","damage_taken":0,"relics_obtained":["MawBank"],"max_hp_gain":0,"max_hp_loss":0,"event_name":"Addict","floor":29,"gold_loss":85},{"damage_healed":0,"gold_gain":0,"player_choice":"Max HP","damage_taken":0,"max_hp_gain":0,"max_hp_loss":4,"event_name":"Winding Halls","floor":39,"gold_loss":0},{"damage_healed":0,"gold_gain":0,"player_choice":"Fight","damage_taken":0,"max_hp_gain":0,"max_hp_loss":0,"event_name":"MindBloom","floor":44,"gold_loss":0},{"cards_removed":["Defend_G"],"damage_healed":0,"gold_gain":0,"player_choice":"Removed Skill","damage_taken":0,"max_hp_gain":0,"max_hp_loss":0,"event_name":"Falling","floor":45,"gold_loss":0}],"is_beta":false,"boss_relics":[{"not_picked":["WristBlade","HoveringKite"],"picked":"Fusion Hammer"},{"not_picked":["Busted Crown","Runic Dome"],"picked":"Astrolabe"}],"items_purged_floors":[],"is_endless":false,"potions_floor_spawned":[2,3,11,14,16,24,25,31,33,40,44,46],"killed_by":"Transient","ascension_level":19}}