{"host":"cmxkjr0hek4mqvmn","time":1611959866,"event":{"mods":["BaseMod","Beaked The Cultist","Better Match","Better Skull","Better Third Choice","BetterRewards","Clawfect","Colored Map","Displayed Cursed Tome","Duelist Mod","GifTheSpireLib","Hermit","Hubris","JesterMod","Mimic Mod","Minty Spire (QoL Compilation)","Quick Restart","Robot Space Explorer","StSLib","The Bladedancer","The Blue Laboratory","The Cursed","Thieving Mod","Waifu the Spire"],"gold_per_floor":[118,133,133,133,153,179,194,194,231,231,259,259,270,290,290,387,387,399,399,430,36,36,86,123,151,176,176,25,25,41,51,51,173,173,188,188,188,231,27,27,54,54,54],"floor_reached":42,"language":"ENG","playtime":3712,"items_purged":[],"score":523,"play_id":"aa9c9a17-d5c2-4a8a-a1cb-0d8205f3f629","local_time":"20210129173746","is_ascension_mode":true,"campfire_choices":[{"floor":8.0,"key":"REST"},{"floor":10.0,"key":"REST"},{"floor":12.0,"key":"REST"},{"data":"Static Discharge","floor":15.0,"key":"SMITH"},{"floor":27.0,"key":"REST"},{"floor":32.0,"key":"REST"},{"floor":40.0,"key":"REST"}],"circlet_count":0,"master_deck":["Gash","Gash","Gash","Gash","Gash","Defend_B","Defend_B","Defend_B","Defend_B","Defend_B","Clawfect:Clawline","Genetic Algorithm","Clawfect:ClawSnap","Static Discharge+1","Clawfect:Clawrage","Capacitor","Madness","Gash","Skim","Electrodynamics","Glacier","Clawfect:ClawSnap+1","HandOfGreed+1","Defragment","Clawfect:ClawAndGloom","Hyperbeam","Fusion+1","Clawfect:Clawter","Clawfect:ClawForTheEyes+1","Thunder Strike","Pain","Clawfect:ClawLightning"],"relics":["Clawfect:DRClaw","Pen Nib","hubris:Towel","Ice Cream","hubris:Metronome","Ancient Tea Set","Toy Ornithopter","hubris:SlimyHat","SlaversCollar","Ornamental Fan","Eternal Feather","Boot","DataDisk","Nunchaku","hubris:TenFootPole","Busted Crown","WarpedTongs","Strange Spoon","Bottled Flame"],"acts_visited":["Exordium","TheCity","TheBeyond"],"potions_floor_usage":[],"damage_taken":[{"damage":5.0,"enemies":"Small Slimes","floor":1.0,"turns":4.0},{"damage":6.0,"enemies":"Jaw Worm","floor":2.0,"turns":4.0},{"damage":1.0,"enemies":"Cultist","floor":5.0,"turns":4.0},{"damage":24.0,"enemies":"Gremlin Nob","floor":6.0,"turns":4.0},{"damage":24.0,"enemies":"Lots of Slimes","floor":7.0,"turns":5.0},{"damage":2.0,"enemies":"Blue Slaver","floor":9.0,"turns":5.0},{"damage":26.0,"enemies":"3 Sentries","floor":11.0,"turns":7.0},{"damage":7.0,"enemies":"Blue Slaver","floor":13.0,"turns":3.0},{"damage":0.0,"enemies":"2 Fungi Beasts","floor":14.0,"turns":3.0},{"damage":21.0,"enemies":"Hexaghost","floor":16.0,"turns":5.0},{"damage":16.0,"enemies":"3 Byrds","floor":18.0,"turns":4.0},{"damage":11.0,"enemies":"2 Thieves","floor":20.0,"turns":5.0},{"damage":5.0,"enemies":"theDuelist:KaibaA2","floor":23.0,"turns":6.0},{"damage":10.0,"enemies":"2 Thieves","floor":24.0,"turns":4.0},{"damage":40.0,"enemies":"Gremlin Leader","floor":25.0,"turns":5.0},{"damage":7.0,"enemies":"Snecko","floor":30.0,"turns":4.0},{"damage":0.0,"enemies":"Sentry and Sphere","floor":31.0,"turns":4.0},{"damage":16.0,"enemies":"Champ","floor":33.0,"turns":7.0},{"damage":42.0,"enemies":"3 Darklings","floor":35.0,"turns":3.0},{"damage":1.0,"enemies":"Orb Walker","floor":38.0,"turns":4.0},{"damage":72.0,"enemies":"Nemesis","floor":41.0,"turns":7.0},{"damage":0,"enemies":"Writhing Mass","floor":42,"turns":1}],"seed_played":"-8439087386444687577","potions_obtained":[{"floor":5.0,"key":"blueLaboratory:EmptyBottle"},{"floor":6.0,"key":"Weak Potion"},{"floor":11.0,"key":"Weak Potion"},{"floor":13.0,"key":"blueLaboratory:FruitPunch"},{"floor":24.0,"key":"BlessingOfTheForge"},{"floor":35.0,"key":"blueLaboratory:SystemWipe"}],"is_trial":false,"path_per_floor":["M","M","?","T","M","E","M","R","MIM","R","E","R","M","M","R","B",null,"M","?","MIM","$","?","E","M","E","T","R","$","?","M","M","R","B",null,"M","?","?","M","$","R","E","M"],"character_chosen":"DEFECT","items_purchased":["HandOfGreed","Defragment","blueLaboratory:CoolantVial","blueLaboratory:CoolantVial","Strength Potion","hubris:TenFootPole","Strange Spoon","FocusPotion"],"campfire_rested":6,"item_purchase_floors":[21,21,21,21,21,28,39,39],"current_hp_per_floor":[70,64,64,64,63,39,15,37,35,57,31,53,51,58,58,37,77,61,47,36,36,36,36,36,1,1,40,40,40,33,33,72,56,82,40,40,40,39,39,81,10,10,10],"gold":54,"neow_bonus":"RANDOM_COMMON_RELIC","is_daily":false,"chose_seed":false,"campfire_upgraded":1,"win_rate":0.0,"timestamp":1611959866,"path_taken":["M","M","?","?","M","E","M","R","MIM","R","E","R","M","M","R","BOSS","M","?","?","$","?","E","?","E","T","R","?","?","M","M","R","BOSS","M","?","?","?","?","R","E","M"],"items_purchased_type":["Card","Card","Potion","Potion","Potion","Relic","Relic","Potion"],"build_version":"2020-12-22","purchased_purges":0,"victory":false,"max_hp_per_floor":[75,75,75,75,75,75,75,75,75,75,75,75,75,77,77,77,77,77,82,82,82,82,82,82,82,82,82,82,82,82,82,82,82,82,82,82,82,82,82,82,82,82,82],"card_choices":[{"not_picked":["Turbo","Undo"],"picked":"Clawfect:Clawline","floor":1.0},{"not_picked":["Stack","Redo"],"picked":"Genetic Algorithm","floor":2.0},{"not_picked":["Coolheaded","Leap"],"picked":"Clawfect:ClawSnap","floor":5.0},{"not_picked":["Clawfect:ScrapingClaw","Tempest"],"picked":"Static Discharge","floor":6.0},{"not_picked":["Clawfect:ClawForOne","Clawfect:Clawline"],"picked":"Clawfect:Clawrage","floor":7.0},{"not_picked":["Hello World","Static Discharge"],"picked":"Capacitor","floor":9.0},{"not_picked":["Machine Learning","Clawfect:Clawline"],"picked":"FTL","floor":11.0},{"not_picked":["Stack","Clawfect:ClawpileDriver"],"picked":"Gash","floor":13.0},{"not_picked":["Rebound","Tempest"],"picked":"Skim","floor":14.0},{"not_picked":["Creative AI","Biased Cognition"],"picked":"Electrodynamics","floor":16.0},{"not_picked":["Lockon","Skim"],"picked":"Glacier","floor":18.0},{"not_picked":["Rebound","Steam Power+1"],"picked":"Clawfect:ClawSnap+1","floor":20.0},{"not_picked":["Gash","Stack"],"picked":"Clawfect:ClawAndGloom","floor":23.0},{"not_picked":["Conserve Battery","Clawfect:ScrapingClaw"],"picked":"Hyperbeam","floor":24.0},{"not_picked":["Clawfect:Clawline","Stack+1"],"picked":"Fusion+1","floor":25.0},{"not_picked":["Clawfect:Clawrage","Hologram+1"],"picked":"Clawfect:Clawter","floor":30.0},{"not_picked":["Clawfect:ClawpileDriver","Force Field"],"picked":"Clawfect:ClawForTheEyes+1","floor":31.0},{"not_picked":["Multi-Cast","hubris:DoWhile"],"picked":"Thunder Strike","floor":33.0},{"not_picked":["Self Repair"],"picked":"SKIP","floor":35.0},{"not_picked":["Stack"],"picked":"SKIP","floor":38.0},{"not_picked":[],"picked":"Clawfect:ClawLightning","floor":41.0}],"player_experience":633069,"relics_obtained":[{"floor":4.0,"key":"Ice Cream"},{"floor":6.0,"key":"hubris:Metronome"},{"floor":9.0,"key":"Ancient Tea Set"},{"floor":9.0,"key":"Toy Ornithopter"},{"floor":11.0,"key":"hubris:SlimyHat"},{"floor":20.0,"key":"Ornamental Fan"},{"floor":20.0,"key":"Eternal Feather"},{"floor":23.0,"key":"Boot"},{"floor":25.0,"key":"DataDisk"},{"floor":26.0,"key":"Nunchaku"},{"floor":41.0,"key":"Bottled Flame"}],"event_choices":[{"damage_healed":0.0,"max_hp_gain":5.0,"max_hp_loss":0.0,"gold_gain":0.0,"event_name":"Forgotten Altar","player_choice":"Shed Blood","floor":19.0,"gold_loss":0.0,"damage_taken":19.0},{"damage_healed":0.0,"max_hp_gain":0.0,"max_hp_loss":0.0,"gold_gain":0.0,"event_name":"Upgrade Shrine","player_choice":"Upgraded","floor":22.0,"gold_loss":0.0,"damage_taken":0.0,"cards_upgraded":["HandOfGreed"]},{"damage_healed":0.0,"max_hp_gain":0.0,"max_hp_loss":0.0,"gold_gain":0.0,"event_name":"Cursed Tome","player_choice":"Ignored","floor":29.0,"gold_loss":0.0,"damage_taken":0.0},{"damage_healed":0.0,"max_hp_gain":0.0,"max_hp_loss":0.0,"gold_gain":0.0,"event_name":"Tomb of Lord Red Mask","player_choice":"Ignored","floor":36.0,"gold_loss":0.0,"damage_taken":0.0},{"damage_healed":0.0,"max_hp_gain":0.0,"max_hp_loss":0.0,"gold_gain":0.0,"event_name":"Accursed Blacksmith","player_choice":"Rummage","floor":37.0,"gold_loss":0.0,"damage_taken":0.0,"relics_obtained":["WarpedTongs"],"cards_obtained":["Pain"]}],"is_beta":false,"boss_relics":[{"not_picked":["Runic Dome","beaked:SacredDeck"],"picked":"SlaversCollar"},{"not_picked":["Tiny House","hubris:VirtuousBlindfold"],"picked":"Busted Crown"}],"items_purged_floors":[],"is_endless":false,"potions_floor_spawned":[5,6,11,13,18,24,25,30,35],"killed_by":"Writhing Mass","ascension_level":1}}