{"host":"6bsan6hkua32tfq7","time":1611898538,"event":{"mods":["BaseMod","Better Third Choice","Colored Map","Highlight Path","Minty Spire (QoL Compilation)","StSLib"],"gold_per_floor":[162,173,173,173,4,45,45,85,85,85,85,85],"floor_reached":11,"language":"ENG","playtime":317,"items_purged":[],"score":158,"play_id":"72f3b9ea-c3c3-482a-b92b-d9806182cdf5","local_time":"20210129063538","is_ascension_mode":true,"campfire_choices":[{"floor":7,"key":"REST"},{"floor":10,"key":"REST"}],"circlet_count":0,"master_deck":["AscendersBane","Strike_G","Strike_G","Strike_G","Strike_G","Strike_G","Defend_G","Defend_G","Defend_G","Defend_G","Survivor+1","Neutralize","Flying Knee","Poisoned Stab","Dagger Spray","Reflex","Footwork"],"relics":["Tiny House","Golden Idol","Medical Kit","Ninja Scroll","Boot","Mercury Hourglass"],"acts_visited":["Exordium"],"potions_floor_usage":[11],"damage_taken":[{"damage":1,"enemies":"2 Louse","floor":1,"turns":3},{"damage":11,"enemies":"Jaw Worm","floor":2,"turns":4},{"damage":54,"enemies":"Gremlin Nob","floor":6,"turns":5},{"damage":25,"enemies":"3 Sentries","floor":8,"turns":7},{"damage":47,"enemies":"Lagavulin","floor":11,"turns":6}],"seed_played":"8026546379967453583","potions_obtained":[{"floor":0,"key":"FairyPotion"},{"floor":6,"key":"DuplicationPotion"}],"is_trial":false,"path_per_floor":["M","M","?","?","$","E","R","E","T","R","E"],"character_chosen":"THE_SILENT","items_purchased":["Medical Kit"],"campfire_rested":2,"item_purchase_floors":[5],"current_hp_per_floor":[63,52,45,45,45,19,38,13,13,32,0,0],"gold":85,"neow_bonus":"BOSS_RELIC","is_daily":false,"chose_seed":false,"campfire_upgraded":0,"win_rate":0.0,"timestamp":1611898538,"path_taken":["M","M","?","?","?","E","R","E","T","R","E"],"items_purchased_type":["Relic"],"build_version":"2020-12-22","purchased_purges":0,"victory":false,"max_hp_per_floor":[71,71,71,64,64,64,64,64,64,64,64,64],"card_choices":[{"not_picked":["Underhanded Strike","Blur"],"picked":"Flying Knee","floor":0},{"not_picked":["Tactician","Deflect"],"picked":"Poisoned Stab","floor":1},{"not_picked":["Deflect","Quick Slash"],"picked":"Dagger Spray","floor":2},{"not_picked":["Cloak And Dagger","Skewer"],"picked":"Reflex","floor":6},{"not_picked":["Venomology","Acrobatics"],"picked":"Footwork","floor":8}],"player_experience":5352649,"relics_obtained":[{"floor":6,"key":"Ninja Scroll"},{"floor":8,"key":"Boot"},{"floor":9,"key":"Mercury Hourglass"}],"event_choices":[{"cards_removed":["Defend_G"],"damage_healed":0,"gold_gain":0,"player_choice":"Card Removal","damage_taken":7,"max_hp_gain":0,"max_hp_loss":0,"event_name":"Golden Wing","floor":3,"gold_loss":0},{"damage_healed":0,"gold_gain":0,"player_choice":"Lose Max HP","damage_taken":0,"relics_obtained":["Golden Idol"],"max_hp_gain":0,"max_hp_loss":7,"event_name":"Golden Idol","floor":4,"gold_loss":0}],"is_beta":false,"boss_relics":[],"items_purged_floors":[],"is_endless":false,"potions_floor_spawned":[6],"killed_by":"Lagavulin","ascension_level":20}}