{"host":"9n6i2vl93jt4o42q","time":1611929005,"event":{"mods":["BaseMod","Minty Spire (QoL Compilation)","Relic Stats"],"gold_per_floor":[141,185,32,32,74,74,54,65,65,30,30,85,29,29,29,106,106,143,193,223,240,240,240,240],"floor_reached":23,"language":"ENG","playtime":1068,"items_purged":[],"score":374,"play_id":"f38434d6-fecf-4e3e-a7af-d7353d9373de","local_time":"20210129150325","is_ascension_mode":true,"campfire_choices":[{"data":"EmptyFist","floor":6,"key":"SMITH"},{"data":"WindmillStrike","floor":11,"key":"SMITH"},{"floor":15,"key":"REST"}],"circlet_count":0,"master_deck":["AscendersBane","Strike_P","Strike_P","Strike_P","Strike_P","Defend_P","Defend_P","Eruption","Vigilance","PathToVictory","Wish","WindmillStrike+1","Evaluate","Tantrum+1","Perseverance","EmptyFist+1","BowlingBash","Conclude+1","CutThroughFate+1","LessonLearned+1","PathToVictory","CrushJoints+1","LessonLearned+1"],"relics":["HolyWater","Regal Pillow","Molten Egg 2","Letter Opener","Red Mask"],"acts_visited":["Exordium","TheCity"],"potions_floor_usage":[12,12,18,18,18],"damage_taken":[{"damage":5,"enemies":"2 Louse","floor":1,"turns":3},{"damage":16,"enemies":"Jaw Worm","floor":2,"turns":4},{"damage":1,"enemies":"Cultist","floor":5,"turns":3},{"damage":20,"enemies":"Large Slime","floor":8,"turns":3},{"damage":10,"enemies":"3 Sentries","floor":12,"turns":5},{"damage":19,"enemies":"The Guardian","floor":16,"turns":10},{"damage":9,"enemies":"2 Thieves","floor":18,"turns":3},{"damage":17,"enemies":"Masked Bandits","floor":20,"turns":4},{"damage":20,"enemies":"Shell Parasite","floor":21,"turns":4},{"damage":19,"enemies":"Slavers","floor":23,"turns":1}],"seed_played":"-9116271194652451503","potions_obtained":[{"floor":1,"key":"Fire Potion"},{"floor":7,"key":"Regen Potion"},{"floor":12,"key":"DistilledChaos"},{"floor":16,"key":"EntropicBrew"},{"floor":21,"key":"SteroidPotion"}],"is_trial":false,"path_per_floor":["M","M","$","?","M","R","?","M","T","?","R","E","$","?","R","B",null,"M","?","?","M","?","E"],"character_chosen":"WATCHER","items_purchased":["Tantrum","Perseverance","CutThroughFate+1"],"campfire_rested":1,"item_purchase_floors":[3,3,13],"current_hp_per_floor":[56,40,40,40,39,39,39,19,19,34,34,38,38,12,45,26,53,44,44,27,7,7,0,0],"gold":240,"neow_bonus":"TRANSFORM_TWO_CARDS","is_daily":false,"chose_seed":false,"campfire_upgraded":2,"win_rate":0.0,"timestamp":1611929005,"path_taken":["M","M","$","?","M","R","?","?","T","?","R","E","$","?","R","BOSS","M","?","?","M","?","E"],"items_purchased_type":["Card","Card","Card"],"build_version":"2020-12-22","purchased_purges":0,"victory":false,"max_hp_per_floor":[62,62,62,62,62,62,62,62,62,62,62,62,62,62,62,62,62,62,62,62,62,62,62,62],"relic_stats":{"Regal Pillow":15,"counters":[10,40],"Letter Opener":[62],"obtain_stats":[{"Regal Pillow":9,"HolyWater":17,"Molten Egg 2":12,"Red Mask":20,"Letter Opener":14,"PureWater":0},{"Regal Pillow":4,"HolyWater":6,"Molten Egg 2":5,"Red Mask":8,"Letter Opener":5,"PureWater":0},{"Regal Pillow":13,"HolyWater":28,"Molten Egg 2":18,"Red Mask":35,"Letter Opener":18,"PureWater":0}]},"card_choices":[{"not_picked":["ClearTheMind","Swivel"],"picked":"WindmillStrike","floor":1},{"not_picked":["FlyingSleeves","Swivel"],"picked":"Evaluate","floor":2},{"not_picked":["MentalFortress","Crescendo"],"picked":"EmptyFist","floor":5},{"not_picked":["Adaptation","EmptyBody"],"picked":"BowlingBash","floor":8},{"not_picked":["Protect","JustLucky+1"],"picked":"Conclude+1","floor":12},{"not_picked":["DevaForm","Blasphemy"],"picked":"LessonLearned+1","floor":16},{"not_picked":["CrushJoints+1","FlurryOfBlows+1"],"picked":"PathToVictory","floor":18},{"not_picked":["CutThroughFate+1","Brilliance+1"],"picked":"CrushJoints+1","floor":20},{"not_picked":["Conclude+1","Collect","Worship"],"picked":"SKIP","floor":21}],"player_experience":2322696,"relics_obtained":[{"floor":9,"key":"Regal Pillow"},{"floor":12,"key":"Molten Egg 2"},{"floor":20,"key":"Red Mask"}],"event_choices":[{"damage_healed":0,"gold_gain":0,"player_choice":"Ignored","damage_taken":0,"max_hp_gain":0,"max_hp_loss":0,"event_name":"Liars Game","floor":4,"gold_loss":0},{"damage_healed":0,"gold_gain":0,"player_choice":"Bought 1 Potion","damage_taken":0,"max_hp_gain":0,"max_hp_loss":0,"event_name":"The Woman in Blue","floor":7,"gold_loss":0},{"damage_healed":15,"gold_gain":0,"player_choice":"Healed","damage_taken":0,"max_hp_gain":0,"max_hp_loss":0,"event_name":"The Cleric","floor":10,"gold_loss":35},{"damage_healed":0,"gold_gain":0,"player_choice":"Success","damage_taken":26,"relics_obtained":["Letter Opener"],"max_hp_gain":0,"max_hp_loss":0,"event_name":"Scrap Ooze","floor":14,"gold_loss":0},{"damage_healed":0,"gold_gain":50,"player_choice":"Stole From Cult","damage_taken":0,"max_hp_gain":0,"max_hp_loss":0,"event_name":"Nest","floor":19,"gold_loss":0},{"damage_healed":0,"gold_gain":0,"player_choice":"Fought Bandits","damage_taken":0,"max_hp_gain":0,"max_hp_loss":0,"event_name":"Masked Bandits","floor":20,"gold_loss":0},{"damage_healed":0,"gold_gain":0,"player_choice":"Copied","damage_taken":0,"max_hp_gain":0,"max_hp_loss":0,"event_name":"Duplicator","floor":22,"gold_loss":0,"cards_obtained":["LessonLearned"]}],"is_beta":false,"boss_relics":[{"not_picked":["Sozu","Astrolabe"],"picked":"HolyWater"}],"items_purged_floors":[],"is_endless":false,"potions_floor_spawned":[1,12,16,21],"killed_by":"Slavers","ascension_level":20}}