{"host":"2se5dq1do2gp0x9k","time":1611890771,"event":{"mods":["AchievementEnabler","BaseMod","Block Reminder","Colored Map","Colored Powertips","Minty Spire (QoL Compilation)","Relic Stats","StSLib","SuperFastMode"],"gold_per_floor":[112,112,38,188,200,215,215,215],"floor_reached":7,"language":"ENG","playtime":271,"items_purged":[],"score":82,"play_id":"37f5ede1-78ea-4c25-a9d9-18047e40b741","local_time":"20210128192611","is_ascension_mode":true,"campfire_choices":[],"circlet_count":0,"master_deck":["AscendersBane","Strike_B","Strike_B","Strike_B","Strike_B","Defend_B","Defend_B","Defend_B","Defend_B","Zap","Dualcast","Genetic Algorithm","Loop","Doubt","Compile Driver","Cold Snap"],"relics":["Coffee Dripper","Strawberry"],"acts_visited":["Exordium"],"potions_floor_usage":[7],"damage_taken":[{"damage":11,"enemies":"Small Slimes","floor":1,"turns":4},{"damage":12,"enemies":"2 Louse","floor":5,"turns":3},{"damage":15,"enemies":"Cultist","floor":6,"turns":5},{"damage":18,"enemies":"Lagavulin","floor":7,"turns":7}],"seed_played":"2227084663063488830","potions_obtained":[{"floor":5,"key":"PowerPotion"}],"is_trial":false,"path_per_floor":["M","?","$","?","M","M","E"],"character_chosen":"DEFECT","items_purchased":["Loop"],"campfire_rested":0,"item_purchase_floors":[3],"current_hp_per_floor":[53,42,42,42,30,15,0,0],"gold":215,"neow_bonus":"BOSS_RELIC","is_daily":false,"chose_seed":false,"campfire_upgraded":0,"win_rate":0.0,"timestamp":1611890771,"path_taken":["M","?","$","?","M","M","E"],"items_purchased_type":["Card"],"build_version":"2020-12-22","purchased_purges":0,"victory":false,"max_hp_per_floor":[71,78,78,78,78,78,78,78],"relic_stats":{"counters":[4,19],"obtain_stats":[{"Strawberry":2,"Coffee Dripper":0,"Cracked Core":0},{"Strawberry":1,"Coffee Dripper":0,"Cracked Core":0},{"Strawberry":4,"Coffee Dripper":0,"Cracked Core":0}]},"card_choices":[{"not_picked":["Cold Snap","Recycle"],"picked":"Genetic Algorithm","floor":1},{"not_picked":["Hello World","Steam"],"picked":"Compile Driver","floor":5},{"not_picked":["Consume","Barrage"],"picked":"Cold Snap","floor":6}],"player_experience":3963827,"relics_obtained":[],"event_choices":[{"damage_healed":0,"gold_gain":0,"player_choice":"Success","damage_taken":18,"relics_obtained":["Strawberry"],"max_hp_gain":0,"max_hp_loss":0,"event_name":"Scrap Ooze","floor":2,"gold_loss":0},{"damage_healed":0,"gold_gain":150,"player_choice":"AGREE","damage_taken":0,"max_hp_gain":0,"max_hp_loss":0,"event_name":"Liars Game","floor":4,"gold_loss":0,"cards_obtained":["Doubt"]}],"is_beta":false,"boss_relics":[],"items_purged_floors":[],"is_endless":false,"potions_floor_spawned":[5],"killed_by":"Lagavulin","ascension_level":20}}