{"host":"2js2pxuugveqjuf7","time":1611908310,"event":{"mods":["BaseMod","Colored Map","Minty Spire (QoL Compilation)","Quick Restart","Random Character Button","Relic Stats","StSLib"],"gold_per_floor":[14,14,14,29,44,44,83,83,83,101,135,155,179,213,213,334,334,355,376,396,420,443,443,5,5,5],"floor_reached":25,"language":"ENG","playtime":2381,"items_purged":[],"score":284,"play_id":"7cbf0395-54a7-49b0-857d-bea0e6376c2b","local_time":"20210129021830","is_ascension_mode":true,"campfire_choices":[{"data":"Apotheosis","floor":6.0,"key":"SMITH"},{"floor":8.0,"key":"RECALL"},{"data":"Buffer","floor":15.0,"key":"SMITH"},{"data":"Turbo","floor":23.0,"key":"SMITH"}],"circlet_count":0,"master_deck":["Strike_B","Strike_B","Defend_B","Defend_B","Defend_B","Defend_B","Zap","Dualcast","Apotheosis+1","Rebound","Cold Snap","Ball Lightning","Ball Lightning","Melter","Reinforced Body","Glacier","Buffer+1","Electrodynamics","Turbo+1","Go for the Eyes+1","Recycle+1","Leap+1","Glacier"],"relics":["Cracked Core","Golden Idol","Singing Bowl","White Beast Statue","Molten Egg 2","Oddly Smooth Stone","Empty Cage","FossilizedHelix","DollysMirror"],"acts_visited":["Exordium","TheCity"],"potions_floor_usage":[25,25],"damage_taken":[{"damage":4.0,"enemies":"Jaw Worm","floor":1.0,"turns":2.0},{"damage":0.0,"enemies":"Small Slimes","floor":4.0,"turns":2.0},{"damage":4.0,"enemies":"Cultist","floor":5.0,"turns":3.0},{"damage":10.0,"enemies":"3 Sentries","floor":7.0,"turns":5.0},{"damage":13.0,"enemies":"Red Slaver","floor":10.0,"turns":3.0},{"damage":6.0,"enemies":"Gremlin Nob","floor":11.0,"turns":3.0},{"damage":4.0,"enemies":"Looter","floor":12.0,"turns":2.0},{"damage":1.0,"enemies":"Exordium Wildlife","floor":13.0,"turns":2.0},{"damage":7.0,"enemies":"Lagavulin","floor":14.0,"turns":4.0},{"damage":14.0,"enemies":"The Guardian","floor":16.0,"turns":12.0},{"damage":0.0,"enemies":"Spheric Guardian","floor":18.0,"turns":2.0},{"damage":12.0,"enemies":"Chosen","floor":19.0,"turns":3.0},{"damage":0.0,"enemies":"Centurion and Healer","floor":20.0,"turns":7.0},{"damage":3.0,"enemies":"Snake Plant","floor":21.0,"turns":6.0},{"damage":0.0,"enemies":"Chosen and Byrds","floor":22.0,"turns":4.0},{"damage":55,"enemies":"Slavers","floor":25,"turns":10}],"seed_played":"5449084210583764139","potions_obtained":[{"floor":4.0,"key":"Explosive Potion"},{"floor":5.0,"key":"Ancient Potion"},{"floor":10.0,"key":"Explosive Potion"},{"floor":11.0,"key":"SkillPotion"},{"floor":12.0,"key":"CultistPotion"},{"floor":13.0,"key":"LiquidMemories"},{"floor":14.0,"key":"Regen Potion"},{"floor":16.0,"key":"CultistPotion"},{"floor":18.0,"key":"LiquidMemories"},{"floor":20.0,"key":"SkillPotion"},{"floor":21.0,"key":"Block Potion"},{"floor":22.0,"key":"Strength Potion"}],"is_trial":false,"path_per_floor":["M","?","?","M","M","R","E","R","T","M","E","M","M","E","R","B",null,"M","M","M","M","M","R","$","E"],"character_chosen":"DEFECT","items_purchased":["FossilizedHelix","DollysMirror"],"campfire_rested":0,"item_purchase_floors":[24,24],"current_hp_per_floor":[71,53,58,58,54,54,44,44,44,31,25,23,22,15,15,16,66,66,56,56,53,53,53,53,0,0],"gold":5,"neow_bonus":"RANDOM_COLORLESS_2","is_daily":false,"chose_seed":false,"campfire_upgraded":3,"win_rate":0.0,"timestamp":1611908310,"path_taken":["M","?","?","M","M","R","E","R","T","M","E","M","M","E","R","BOSS","M","M","M","M","M","R","$","E"],"items_purchased_type":["Relic","Relic"],"build_version":"2020-12-22","purchased_purges":0,"victory":false,"max_hp_per_floor":[75,75,80,80,80,80,80,80,80,80,80,82,82,82,82,82,82,82,84,84,84,84,84,84,84,84],"relic_stats":{"Singing Bowl":4,"counters":[16,70],"Golden Idol":87,"obtain_stats":[{"Singing Bowl":7,"Golden Idol":2,"DollysMirror":24,"Oddly Smooth Stone":14,"Molten Egg 2":11,"Cracked Core":0,"Empty Cage":17,"White Beast Statue":9,"FossilizedHelix":24},{"Singing Bowl":4,"Golden Idol":1,"DollysMirror":15,"Oddly Smooth Stone":9,"Molten Egg 2":6,"Cracked Core":0,"Empty Cage":10,"White Beast Statue":4,"FossilizedHelix":15},{"Singing Bowl":12,"Golden Idol":2,"DollysMirror":60,"Oddly Smooth Stone":26,"Molten Egg 2":18,"Cracked Core":0,"Empty Cage":38,"White Beast Statue":12,"FossilizedHelix":60}]},"card_choices":[{"not_picked":["Transmutation","Thinking Ahead"],"picked":"Apotheosis","floor":0.0},{"not_picked":["Barrage","Hello World"],"picked":"Rebound","floor":1.0},{"not_picked":["Recycle","Turbo"],"picked":"Cold Snap","floor":4.0},{"not_picked":["Capacitor","Coolheaded"],"picked":"Ball Lightning","floor":5.0},{"not_picked":["Gash","Cold Snap"],"picked":"Ball Lightning","floor":7.0},{"not_picked":["Sweeping Beam","Go for the Eyes"],"picked":"Melter","floor":10.0},{"not_picked":["Auto Shields","Loop"],"picked":"Reinforced Body","floor":11.0},{"not_picked":["Ball Lightning+1","Beam Cell+1","Force Field"],"picked":"Singing Bowl","floor":12.0},{"not_picked":["Sweeping Beam+1","Steam Power"],"picked":"Glacier","floor":13.0},{"not_picked":["BootSequence","Self Repair"],"picked":"Buffer","floor":14.0},{"not_picked":["Meteor Strike+1","Reboot"],"picked":"Electrodynamics","floor":16.0},{"not_picked":["Stack","Reprogram"],"picked":"Turbo","floor":18.0},{"not_picked":["Scrape+1","Heatsinks+1","Turbo"],"picked":"Singing Bowl","floor":19.0},{"not_picked":["Auto Shields","Barrage+1"],"picked":"Go for the Eyes+1","floor":20.0},{"not_picked":["Darkness+1","Melter+1"],"picked":"Recycle+1","floor":21.0},{"not_picked":["Conserve Battery","Turbo"],"picked":"Leap+1","floor":22.0}],"player_experience":307073,"relics_obtained":[{"floor":7.0,"key":"Singing Bowl"},{"floor":9.0,"key":"White Beast Statue"},{"floor":11.0,"key":"Molten Egg 2"},{"floor":14.0,"key":"Oddly Smooth Stone"}],"event_choices":[{"damage_healed":0.0,"max_hp_gain":0.0,"max_hp_loss":0.0,"gold_gain":0.0,"event_name":"Golden Idol","player_choice":"Take Damage","floor":2.0,"gold_loss":0.0,"damage_taken":18.0,"relics_obtained":["Golden Idol"]},{"damage_healed":0.0,"max_hp_gain":5.0,"max_hp_loss":0.0,"gold_gain":0.0,"event_name":"Big Fish","player_choice":"Donut","floor":3.0,"gold_loss":0.0,"damage_taken":0.0}],"is_beta":false,"boss_relics":[{"not_picked":["Busted Crown","FrozenCore"],"picked":"Empty Cage"}],"items_purged_floors":[],"is_endless":false,"potions_floor_spawned":[4,5,10,11,12,13,14,16,18,19,20,21,22],"killed_by":"Slavers","ascension_level":5}}