{"host":"9ug175nssngig2z3","time":1611898563,"event":{"mods":["Act Like it!","Bard","BaseMod","Colored Powertips","Conspire","Energized Spire","Hermit","Hubris","Infinite Spire","Mimic Mod","Minty Spire (QoL Compilation)","Relic Stats","Replay The Spire","Spicy Shops","StSLib","The Hierophant","The Jungle","The Runesmith","Transform Curses","UnlockEverythingMod","everything is the same but u backflip on backflip"],"gold_per_floor":[119,68,87,87,29,61,61,80,80,93,120,132,132,143,143,247,247,267,267,278,228,238,238,238,238],"floor_reached":24,"language":"ENG","playtime":1279,"items_purged":["hermit:Defend_Hermit"],"score":308,"play_id":"cad642a5-9451-4176-b51c-8c2624f00daf","local_time":"20210128233603","is_ascension_mode":false,"campfire_choices":[{"data":"hermit:TakeAim","floor":13.0,"key":"SMITH"},{"data":"hermit:CursedWeapon","floor":15.0,"key":"SMITH"},{"floor":23,"key":"REST"}],"circlet_count":0,"master_deck":["hermit:Strike_Hermit","hermit:Strike_Hermit","hermit:Strike_Hermit","hermit:Strike_Hermit","hermit:Defend_Hermit","hermit:Defend_Hermit","hermit:Defend_Hermit","hermit:Snapshot","hermit:Covet","hermit:Showdown","hermit:Showdown","hermit:ItchyTrigger","hermit:Headshot","hermit:Manifest","hermit:Strike_Hermit","Replay:BasicMightCard+1","hermit:CursedWeapon+1","ReplayTheSpireMod:IOU","hermit:TrackingShot","hermit:Coalescence","hermit:Spite","hermit:EyeOfTheStorm","hermit:TakeAim+1","hermit:BodyArmor","hermit:OverwhelmingPower","hermit:Magnum","hermit:HighNoon"],"relics":["energizedSpire:StickyHand","Replay:Wax Seal","Blood Vial","Toy Ornithopter","hubris:Spice","hermit:DentedPlate"],"acts_visited":["Exordium","Exordium"],"potions_floor_usage":[24],"damage_taken":[{"damage":1.0,"enemies":"Jaw Worm","floor":1.0,"turns":4.0},{"damage":1.0,"enemies":"Cultist","floor":3.0,"turns":3.0},{"damage":2.0,"enemies":"Lagavulin","floor":6.0,"turns":4.0},{"damage":7.0,"enemies":"Small Slimes","floor":8.0,"turns":2.0},{"damage":18.0,"enemies":"Exordium Thugs","floor":10.0,"turns":4.0},{"damage":2.0,"enemies":"Gremlin Nob","floor":11.0,"turns":2.0},{"damage":0.0,"enemies":"Blue Slaver","floor":12.0,"turns":2.0},{"damage":2.0,"enemies":"Gremlin Gang","floor":14.0,"turns":3.0},{"damage":40.0,"enemies":"The Guardian","floor":16.0,"turns":8.0},{"damage":22.0,"enemies":"Shell Parasite","floor":18.0,"turns":3.0},{"damage":43.0,"enemies":"theJungle:Flameango_and_Byrd","floor":20.0,"turns":6.0},{"damage":8,"enemies":"theJungle:Snecko_Cultist_And_Trap","floor":22,"turns":4},{"damage":46,"enemies":"theJungle:2_Flameangoes","floor":24,"turns":4}],"seed_played":"-501200516954823317","potions_obtained":[{"floor":1.0,"key":"SkillPotion"},{"floor":3.0,"key":"Toxic Potion"},{"floor":10.0,"key":"LiquidMemories"},{"floor":11.0,"key":"BlessingOfTheForge"},{"floor":22,"key":"PowerPotion"}],"is_trial":false,"path_per_floor":["M","$","M","?","$","E","?","M","T","M","E","M","R","M","R","B",null,"M","?","M","?","M","R","M"],"character_chosen":"HERMIT","items_purchased":["hermit:Showdown","Replay:Wax Seal"],"campfire_rested":1,"item_purchase_floors":[2,5],"current_hp_per_floor":[74,74,73,73,73,71,71,66,66,50,63,65,65,65,65,32,64,49,49,8,8,2,36,0,0],"gold":238,"neow_bonus":"BOSS_RELIC","is_daily":false,"chose_seed":false,"campfire_upgraded":2,"win_rate":0.0,"timestamp":1611898563,"path_taken":["M","$","M","?","?","E","?","M","T","M","E","?","R","M","R","BOSS","M","?","M","?","M","R","M"],"items_purchased_type":["Card","Relic"],"build_version":"2020-12-22","purchased_purges":1,"victory":false,"max_hp_per_floor":[75,75,75,75,75,75,75,75,75,75,83,83,83,83,83,83,115,115,115,115,115,115,115,115,115],"relic_stats":{"Blood Vial":20,"counters":[13,49],"obtain_stats":[{"Blood Vial":6,"hubris:Spice":11,"hermit:DentedPlate":17,"energizedSpire:StickyHand":0,"Replay:Wax Seal":5,"hermit:Momento":0,"Toy Ornithopter":9},{"Blood Vial":3,"hubris:Spice":6,"hermit:DentedPlate":9,"energizedSpire:StickyHand":0,"Replay:Wax Seal":2,"hermit:Momento":0,"Toy Ornithopter":4},{"Blood Vial":11,"hubris:Spice":19,"hermit:DentedPlate":32,"energizedSpire:StickyHand":0,"Replay:Wax Seal":7,"hermit:Momento":0,"Toy Ornithopter":13}],"Toy Ornithopter":20},"card_choices":[{"not_picked":["hermit:Spite","hermit:Desperado","hermit:Glare"],"picked":"SKIP","floor":1.0},{"not_picked":["hermit:ItchyTrigger","hermit:Manifest"],"picked":"hermit:Headshot","floor":3.0},{"not_picked":["hermit:Magnum","hermit:Roulette","hermit:HoleUp"],"picked":"SKIP","floor":6.0},{"not_picked":["hermit:Feint","hermit:Brawl","hermit:Glare"],"picked":"SKIP","floor":8.0},{"not_picked":["hermit:TrackingShot","hermit:Coalescence"],"picked":"hermit:Spite","floor":10.0},{"not_picked":["hermit:EyeOfTheStorm","hermit:BodyArmor"],"picked":"hermit:TakeAim","floor":11.0},{"not_picked":["hermit:Feint","hermit:TrackingShot","hermit:Manifest"],"picked":"SKIP","floor":12.0},{"not_picked":["hermit:Glare","hermit:Misfire","hermit:Desperado"],"picked":"SKIP","floor":14.0},{"not_picked":["hermit:OverwhelmingPower","hermit:Magnum"],"picked":"hermit:HighNoon","floor":16.0},{"not_picked":["hermit:Headshot","hermit:Vantage+1","hermit:Glare"],"picked":"SKIP","floor":18.0},{"not_picked":["hermit:HighCaliber","hermit:LuckOfTheDraw","hermit:Manifest"],"picked":"SKIP","floor":20.0},{"not_picked":["hermit:Combo","hermit:CursedWeapon","hermit:Coalescence+1"],"picked":"SKIP","floor":22}],"player_experience":173891,"relics_obtained":[{"floor":6.0,"key":"Blood Vial"},{"floor":9.0,"key":"Toy Ornithopter"},{"floor":11.0,"key":"hubris:Spice"}],"event_choices":[{"damage_healed":0.0,"max_hp_gain":0.0,"max_hp_loss":0.0,"gold_gain":0.0,"event_name":"Match and Keep!","player_choice":"3 cards matched","floor":4.0,"gold_loss":0.0,"damage_taken":0.0,"cards_obtained":["hermit:Strike_Hermit","Replay:BasicMightCard","hermit:CursedWeapon"]},{"damage_healed":0.0,"max_hp_gain":0.0,"max_hp_loss":0.0,"gold_gain":0.0,"event_name":"Upgrade Shrine","player_choice":"Upgraded","floor":7.0,"gold_loss":0.0,"damage_taken":0.0,"cards_upgraded":["Replay:BasicMightCard"]},{"damage_healed":0.0,"max_hp_gain":0.0,"max_hp_loss":0.0,"gold_gain":0.0,"event_name":"conspire:Investor","player_choice":"Leave","floor":19.0,"gold_loss":0.0,"damage_taken":0.0}],"is_beta":false,"boss_relics":[{"not_picked":["hubris:Spice","hubris:Spice"],"picked":"hermit:DentedPlate"}],"items_purged_floors":[5],"is_endless":false,"potions_floor_spawned":[1,3,10,11,22],"killed_by":"theJungle:2_Flameangoes","ascension_level":0}}