{"host":"2wp95sdfrgw3k439","time":1611958889,"event":{"mods":["BaseMod","Better Altar","Better Skull","Better Third Choice","Curses Come First","Minty Spire (QoL Compilation)","Permanent Neow","StSLib"],"gold_per_floor":[99,99,99,99,69,69,69,69,69,40,40,40,40,40,40,40,40,0,0,0,0,0,0],"floor_reached":22,"language":"ENG","playtime":784,"items_purged":[],"score":255,"play_id":"1d7b9542-efb7-411c-9d15-ff977d58810f","local_time":"20210129152129","is_ascension_mode":true,"campfire_choices":[{"floor":6,"key":"REST"},{"floor":8,"key":"REST"},{"data":"Tempest","floor":11,"key":"SMITH"},{"data":"White Noise","floor":15,"key":"SMITH"}],"circlet_count":0,"master_deck":["Strike_B","Strike_B","Strike_B","Strike_B","Defend_B","Defend_B","Defend_B","Defend_B","Zap","Dualcast","Sweeping Beam","Defragment","Go for the Eyes","Tempest+1","Hyperbeam","Core Surge","White Noise+1","Rainbow","Ball Lightning+1","Self Repair","Aggregate+1"],"relics":["Ectoplasm","Golden Idol","Nunchaku","betterThird:SlimedRelic","Fusion Hammer","Red Mask"],"acts_visited":["Exordium","TheCity"],"potions_floor_usage":[16,16,18,20,21],"damage_taken":[{"damage":6,"enemies":"Small Slimes","floor":1,"turns":4},{"damage":4,"enemies":"Jaw Worm","floor":2,"turns":4},{"damage":1,"enemies":"Cultist","floor":4,"turns":3},{"damage":6,"enemies":"Looter","floor":5,"turns":3},{"damage":18,"enemies":"Large Slime","floor":7,"turns":4},{"damage":0,"enemies":"Exordium Thugs","floor":12,"turns":3},{"damage":1,"enemies":"2 Fungi Beasts","floor":13,"turns":2},{"damage":1,"enemies":"3 Louse","floor":14,"turns":2},{"damage":23,"enemies":"The Guardian","floor":16,"turns":8},{"damage":16,"enemies":"2 Thieves","floor":18,"turns":3},{"damage":8,"enemies":"3 Byrds","floor":19,"turns":4},{"damage":19,"enemies":"Centurion and Healer","floor":20,"turns":6},{"damage":8,"enemies":"Masked Bandits","floor":21,"turns":3},{"damage":27,"enemies":"Snecko","floor":22,"turns":3}],"seed_played":"8711731831701800834","potions_obtained":[{"floor":5,"key":"LiquidBronze"},{"floor":7,"key":"SneckoOil"},{"floor":12,"key":"Energy Potion"},{"floor":18,"key":"SpeedPotion"},{"floor":20,"key":"Dexterity Potion"}],"is_trial":false,"path_per_floor":["M","M","?","M","M","R","M","R","T","?","R","M","M","M","R","B",null,"M","M","M","?","M"],"character_chosen":"DEFECT","items_purchased":[],"campfire_rested":2,"item_purchase_floors":[],"current_hp_per_floor":[62,58,40,39,33,55,37,59,59,48,48,48,47,46,46,23,62,46,38,19,18,0,0],"gold":0,"neow_bonus":"BOSS_RELIC","is_daily":false,"chose_seed":false,"campfire_upgraded":2,"win_rate":0.0,"timestamp":1611958889,"path_taken":["M","M","?","M","M","R","M","R","T","?","R","M","M","M","R","BOSS","M","M","M","?","M"],"items_purchased_type":[],"build_version":"2020-12-22","purchased_purges":0,"victory":false,"max_hp_per_floor":[75,75,75,75,75,75,75,75,75,75,75,75,75,75,75,75,75,75,75,75,75,75,75],"card_choices":[{"not_picked":["Steam","Go for the Eyes"],"picked":"Sweeping Beam","floor":1},{"not_picked":["Go for the Eyes","Double Energy"],"picked":"Defragment","floor":2},{"not_picked":["Redo","Cold Snap"],"picked":"Go for the Eyes","floor":4},{"not_picked":["Rebound","Go for the Eyes"],"picked":"Tempest","floor":5},{"not_picked":["Cold Snap","Consume"],"picked":"Hyperbeam","floor":7},{"not_picked":["Compile Driver","Streamline","Leap"],"picked":"SKIP","floor":12},{"not_picked":["Ball Lightning","Rebound"],"picked":"Core Surge","floor":13},{"not_picked":["Leap","Sweeping Beam"],"picked":"White Noise","floor":14},{"not_picked":["Reboot","Echo Form"],"picked":"Rainbow","floor":16},{"not_picked":["Streamline","Hologram+1"],"picked":"Ball Lightning+1","floor":18},{"not_picked":["Steam","Gash+1","Beam Cell"],"picked":"SKIP","floor":19},{"not_picked":["Aggregate","Hello World"],"picked":"Self Repair","floor":20},{"not_picked":["Hologram+1","Auto Shields"],"picked":"Aggregate+1","floor":21}],"player_experience":502845,"relics_obtained":[{"floor":9,"key":"Nunchaku"},{"floor":21,"key":"Red Mask"}],"event_choices":[{"damage_healed":0,"gold_gain":0,"player_choice":"Take Damage","damage_taken":18,"relics_obtained":["Golden Idol"],"max_hp_gain":0,"max_hp_loss":0,"event_name":"Golden Idol","floor":3,"gold_loss":0},{"damage_healed":0,"gold_gain":0,"player_choice":"Slimed","damage_taken":11,"max_hp_gain":0,"max_hp_loss":0,"event_name":"betterThird:BetterGoop","floor":10,"gold_loss":29},{"damage_healed":0,"gold_gain":0,"player_choice":"Fought Bandits","damage_taken":0,"max_hp_gain":0,"max_hp_loss":0,"event_name":"Masked Bandits","floor":21,"gold_loss":0}],"is_beta":false,"boss_relics":[{"not_picked":["Sozu","Pandora\u0027s Box"],"picked":"Fusion Hammer"}],"items_purged_floors":[],"is_endless":false,"potions_floor_spawned":[5,7,12,18,20],"killed_by":"Snecko","ascension_level":8}}