{"host":"d54lcqy5t45er8jx","time":1611909272,"event":{"mods":["2.2 Compatiblity","BaseMod","CapriCore","Defuse TimeMaze Blight","Hermit","Hubris","Infinite Spire","Marisa£¨Ùöéë¡¡Øª×âÞÞ£©","Minty Spire (QoL Compilation)","Rare Cards Sparkle","Relic Stats","StSLib","The Animator","The Cursed","The Immortal","The Servant 0.9.4","WarShipGirlsR/??á´Ò³R mod"],"gold_per_floor":[113,123,135,162,162,162,189,189,214,241,276,83,100,131,131,235,235,245,264,279,298,248,248,280,280,280,326,394,394,406,439,439,439,439],"floor_reached":33,"language":"ENG","playtime":1524,"items_purged":["animator:Strike","animator:Strike"],"score":410,"play_id":"88921617-122d-42ff-bb2a-f8ed2263d18e","local_time":"20210129173432","daily_mods":["Heirloom","DeadlyEvents","Elite Swarm","Uncertain Future"],"is_ascension_mode":false,"campfire_choices":[{"data":"animator:Entoma","floor":6,"key":"SMITH"},{"data":"animator:FeridBathory","floor":8,"key":"SMITH"},{"data":"animator:Tatsumaki","floor":15,"key":"SMITH"},{"data":"animator:Guren","floor":23,"key":"SMITH"},{"data":"animator:CrowleyEusford","floor":25,"key":"SMITH"},{"data":"animator:YuiTsuruno","floor":32,"key":"SMITH"}],"circlet_count":0,"master_deck":["animator:Strike_MadokaMagica","animator:Defend_MadokaMagica","animator:Strike","animator:Defend","animator:Defend","animator:Defend","animator:IrohaTamaki","animator:YuiTsuruno+1","animator:Benimaru","animator:Tatsumaki+1","animator:Entoma+3","animator:Megumin+7","animator:FeridBathory+1","animator:KrulTepes+1","animator:Guren+1","animator:Shiro","animator:Chung","animator:MisaKurobane","animator:YuiTsuruno+1","animator:Guren","animator:Guren","animator:Tatsumaki+1","animator:CrowleyEusford+1","animator:DolaCouronne+1","animator:Ainz","animator:Kyubey","animator:Yuuichirou","animator:Kyubey"],"relics":["animator:LivingPicture","animator:TheMissingPiece","animator:PurgingStone","Incense Burner","Charon\u0027s Ashes","Tiny Chest","Bag of Marbles","Blood Vial","Smiling Mask","infinitespire:PuzzleCube","Philosopher\u0027s Stone","The Courier","Blood Vial","Whetstone","hubris:Reverence","hubris:Metronome","infinitespire:Satchel"],"acts_visited":["Exordium","TheCity"],"potions_floor_usage":[7,7,14,16,27,30],"damage_taken":[{"damage":1,"enemies":"Cultist","floor":1,"turns":4},{"damage":0,"enemies":"Small Slimes","floor":2,"turns":3},{"damage":4,"enemies":"Jaw Worm","floor":3,"turns":3},{"damage":5,"enemies":"3 Louse","floor":4,"turns":2},{"damage":14,"enemies":"Gremlin Nob","floor":7,"turns":3},{"damage":25,"enemies":"Lagavulin","floor":10,"turns":7},{"damage":9,"enemies":"3 Sentries","floor":11,"turns":4},{"damage":0,"enemies":"Gremlin Gang","floor":13,"turns":3},{"damage":4,"enemies":"Gremlin Nob","floor":14,"turns":3},{"damage":0,"enemies":"Slime Boss","floor":16,"turns":7},{"damage":0,"enemies":"Spheric Guardian","floor":18,"turns":3},{"damage":0,"enemies":"Shell Parasite","floor":19,"turns":1},{"damage":0,"enemies":"Centurion and Healer","floor":20,"turns":4},{"damage":0,"enemies":"3 Cultists","floor":21,"turns":2},{"damage":20,"enemies":"Nightmare","floor":24,"turns":6},{"damage":28,"enemies":"Gremlin Leader","floor":27,"turns":3},{"damage":0,"enemies":"Snecko","floor":30,"turns":1},{"damage":0,"enemies":"Book of Stabbing","floor":31,"turns":3},{"damage":52,"enemies":"Champ","floor":33,"turns":6}],"seed_played":"-6968690947142106482","potions_obtained":[{"floor":2,"key":"Energy Potion"},{"floor":3,"key":"SteroidPotion"},{"floor":13,"key":"LiquidMemories"},{"floor":14,"key":"SkillPotion"},{"floor":16,"key":"Dexterity Potion"},{"floor":19,"key":"SteroidPotion"},{"floor":27,"key":"SteroidPotion"}],"is_trial":true,"path_per_floor":["M","M","M","M","?","R","E","R","T","E","E","$","M","E","R","B",null,"M","M","M","M","?","R","NM","R","T","E","T","AVR","M","E","R","B"],"character_chosen":"THE_ANIMATOR","items_purchased":["animator:Chung","animator:MisaKurobane"],"campfire_rested":0,"item_purchase_floors":[12,12],"current_hp_per_floor":[65,65,61,56,56,56,42,42,42,17,8,8,12,10,10,12,68,68,68,68,68,68,68,48,48,48,22,22,22,28,32,32,0,0],"gold":439,"neow_bonus":"","is_daily":false,"chose_seed":false,"campfire_upgraded":6,"win_rate":0.0,"timestamp":1611909272,"path_taken":["M","M","M","M","?","R","E","R","T","E","?","$","?","E","R","BOSS","M","M","M","M","?","R","NM","R","T","E","?","AVR","?","E","R","BOSS"],"items_purchased_type":["Card","Card"],"build_version":"2020-12-22","purchased_purges":2,"victory":false,"max_hp_per_floor":[66,66,66,66,66,66,66,66,66,66,66,66,68,68,68,68,68,68,68,68,68,68,68,68,68,68,68,68,68,70,70,70,70,70],"relic_stats":{"Blood Vial":20,"counters":[19,68],"Tiny Chest":1,"Charon\u0027s Ashes":[299],"Whetstone":["animator:YuiTsuruno","animator:KrulTepes"],"Smiling Mask":25,"obtain_stats":[{"hubris:Metronome":29,"animator:TheMissingPiece":0,"Charon\u0027s Ashes":7,"The Courier":26,"Incense Burner":0,"Whetstone":27,"Smiling Mask":11,"Blood Vial":11,"animator:PurgingStone":0,"infinitespire:Satchel":31,"Tiny Chest":9,"Philosopher\u0027s Stone":17,"animator:LivingPicture":0,"Bag of Marbles":10,"infinitespire:PuzzleCube":14,"hubris:Reverence":28},{"hubris:Metronome":16,"animator:TheMissingPiece":0,"Charon\u0027s Ashes":5,"The Courier":15,"Incense Burner":0,"Whetstone":16,"Smiling Mask":7,"Blood Vial":7,"animator:PurgingStone":0,"infinitespire:Satchel":18,"Tiny Chest":5,"Philosopher\u0027s Stone":10,"animator:LivingPicture":0,"Bag of Marbles":6,"infinitespire:PuzzleCube":9,"hubris:Reverence":16},{"hubris:Metronome":58,"animator:TheMissingPiece":0,"Charon\u0027s Ashes":15,"The Courier":55,"Incense Burner":0,"Whetstone":58,"Smiling Mask":26,"Blood Vial":26,"animator:PurgingStone":0,"infinitespire:Satchel":62,"Tiny Chest":15,"Philosopher\u0027s Stone":39,"animator:LivingPicture":0,"Bag of Marbles":22,"infinitespire:PuzzleCube":32,"hubris:Reverence":58}]},"card_choices":[{"not_picked":["animator:Cocytus","animator:Millim"],"picked":"animator:Benimaru","floor":1},{"not_picked":["animator:ShinjiMatou","animator:Hakurou"],"picked":"animator:Tatsumaki","floor":2},{"not_picked":["animator:NarberalGamma","animator:CowGirl"],"picked":"animator:Entoma","floor":3},{"not_picked":["animator:Kazuma","animator:YunYun"],"picked":"animator:Megumin","floor":4},{"not_picked":[],"picked":"animator:FeridBathory","floor":5},{"not_picked":["animator:FeridBathory","animator:Sora"],"picked":"animator:KrulTepes","floor":7},{"not_picked":["animator:Wiz","animator:Saitama"],"picked":"animator:Guren","floor":10},{"not_picked":["animator:SwordMaiden","animator:Saber"],"picked":"animator:Shiro","floor":11},{"not_picked":["animator:MamiTomoe","animator:KyokoSakura"],"picked":"animator:YuiTsuruno","floor":13},{"not_picked":["animator:Sora","animator:Kyubey"],"picked":"animator:Guren","floor":14},{"not_picked":["animator:SwordMaiden","animator:Shiro"],"picked":"animator:Guren","floor":16},{"not_picked":["animator:DolaRiku+1","animator:Shion+1","animator:ShinjiMatou"],"picked":"SKIP","floor":18},{"not_picked":["animator:TsurugaMeisai","animator:DolaRiku"],"picked":"animator:Tatsumaki+1","floor":19},{"not_picked":["animator:Yoichi","animator:Mikaela"],"picked":"animator:CrowleyEusford","floor":20},{"not_picked":["animator:Scar","animator:Hakurou"],"picked":"animator:DolaCouronne+1","floor":21},{"not_picked":["animator:Sora","animator:HigakiRinne"],"picked":"animator:Ainz","floor":24},{"not_picked":["animator:GoblinSlayer","animator:Biyorigo"],"picked":"animator:Kyubey","floor":27},{"not_picked":["animator:Mikaela","animator:Mitsuba"],"picked":"animator:Yuuichirou","floor":30},{"not_picked":["animator:Elesis","animator:FeridBathory"],"picked":"animator:Kyubey","floor":31}],"player_experience":934241,"relics_obtained":[{"floor":7,"key":"Charon\u0027s Ashes"},{"floor":9,"key":"Tiny Chest"},{"floor":10,"key":"Bag of Marbles"},{"floor":11,"key":"Blood Vial"},{"floor":11,"key":"Smiling Mask"},{"floor":14,"key":"infinitespire:PuzzleCube"},{"floor":26,"key":"The Courier"},{"floor":27,"key":"Blood Vial"},{"floor":27,"key":"Whetstone"},{"floor":28,"key":"hubris:Reverence"},{"floor":31,"key":"infinitespire:Satchel"}],"event_choices":[{"damage_healed":0,"gold_gain":0,"player_choice":"Bet on Owner","damage_taken":0,"max_hp_gain":0,"max_hp_loss":0,"event_name":"The Joust","floor":22,"gold_loss":50}],"is_beta":false,"boss_relics":[{"not_picked":["Velvet Choker","hubris:GrandSneckoEye"],"picked":"Philosopher\u0027s Stone"}],"items_purged_floors":[12,29],"is_endless":true,"potions_floor_spawned":[2,3,13,14,16,19,27],"killed_by":"Champ","ascension_level":0}}