{"host":"6xsbn6ynqlzwllfm","time":1611893682,"event":{"mods":["2.2 Compatiblity","BaseMod","Bestiary","Colored Map","Colored Powertips","Curses Come First","Highlight Path","Keyboard Shortcuts","Minty Spire (QoL Compilation)","Relic Stats","Slay the Relics Exporter","StSLib","SuperFastMode"],"gold_per_floor":[112,112,132,132,146,146,174,174,201,229,246,246,281,31,31,133,133,151,162,162,177,192,192,217,217,268,286,312,331,357,372,372,467,467,481,531,531,531,111,111,139,71,71,81,81,81,97,122,122,122],"floor_reached":51,"language":"ENG","playtime":2498,"items_purged":["Strike_P","Defend_P"],"score":1464,"play_id":"75e993ff-376c-47bc-9228-54148117183d","local_time":"20210128231442","is_ascension_mode":true,"campfire_choices":[{"data":"Tantrum","floor":6.0,"key":"SMITH"},{"data":"Consecrate","floor":8,"key":"SMITH"},{"data":"CutThroughFate","floor":12,"key":"SMITH"},{"data":"ThirdEye","floor":15,"key":"SMITH"},{"data":"RitualDagger","floor":23,"key":"SMITH"},{"data":"Vault","floor":32,"key":"SMITH"},{"floor":40,"key":"REST"},{"data":"Fasting2","floor":46,"key":"SMITH"},{"data":"Adaptation","floor":49,"key":"SMITH"}],"circlet_count":0,"master_deck":["Defend_P+1","Eruption","Vigilance+1","Tantrum+1","Evaluate","CutThroughFate+1","Consecrate+1","ThirdEye","Weave","ThirdEye+1","DeusExMachina","Adaptation+1","RitualDagger+1","EmptyFist+1","FearNoEvil+1","Vault+1","FlurryOfBlows","Scrawl","DeusExMachina","EmptyMind+1","MentalFortress+1","Adaptation+1","Fasting2+1"],"relics":["PureWater","Happy Flower","Oddly Smooth Stone","War Paint","GoldenEye","Nunchaku","Bag of Marbles","SacredBark","Boot","Damaru","Bag of Preparation","Meat on the Bone","Empty Cage","TungstenRod","Yang","Strawberry","Ancient Tea Set"],"acts_visited":["Exordium","TheCity","TheBeyond"],"potions_floor_usage":[10,21,22,24,30,50,50],"damage_taken":[{"damage":0.0,"enemies":"Small Slimes","floor":1.0,"turns":2.0},{"damage":0.0,"enemies":"Cultist","floor":3.0,"turns":2.0},{"damage":2.0,"enemies":"Jaw Worm","floor":5.0,"turns":3.0},{"damage":12,"enemies":"Lagavulin","floor":7,"turns":4},{"damage":14,"enemies":"3 Sentries","floor":10,"turns":3},{"damage":0,"enemies":"3 Louse","floor":11,"turns":3},{"damage":0,"enemies":"Lagavulin","floor":13,"turns":3},{"damage":27,"enemies":"The Guardian","floor":16,"turns":6},{"damage":0,"enemies":"Chosen","floor":18,"turns":2},{"damage":9,"enemies":"Shell Parasite","floor":19,"turns":3},{"damage":16,"enemies":"Snake Plant","floor":21,"turns":5},{"damage":0,"enemies":"Snecko","floor":22,"turns":3},{"damage":0,"enemies":"Gremlin Leader","floor":24,"turns":3},{"damage":0,"enemies":"Centurion and Healer","floor":27,"turns":4},{"damage":11,"enemies":"Book of Stabbing","floor":28,"turns":4},{"damage":0,"enemies":"Sentry and Sphere","floor":29,"turns":2},{"damage":0,"enemies":"Slavers","floor":30,"turns":2},{"damage":0,"enemies":"Cultist and Chosen","floor":31,"turns":2},{"damage":0,"enemies":"Champ","floor":33,"turns":4},{"damage":13,"enemies":"3 Shapes","floor":35,"turns":4},{"damage":12,"enemies":"Mind Bloom Boss Battle","floor":36,"turns":3},{"damage":0,"enemies":"Reptomancer","floor":41,"turns":2},{"damage":0,"enemies":"Orb Walker","floor":44,"turns":2},{"damage":4,"enemies":"4 Shapes","floor":47,"turns":3},{"damage":0,"enemies":"Giant Head","floor":48,"turns":3},{"damage":13,"enemies":"Time Eater","floor":50,"turns":7}],"seed_played":"4356753605565764562","potions_obtained":[{"floor":1.0,"key":"Dexterity Potion"},{"floor":5.0,"key":"PowerPotion"},{"floor":7,"key":"SteroidPotion"},{"floor":10,"key":"Fire Potion"},{"floor":13,"key":"AttackPotion"},{"floor":22,"key":"Strength Potion"},{"floor":24,"key":"BlessingOfTheForge"},{"floor":29,"key":"Fruit Juice"},{"floor":30,"key":"BlessingOfTheForge"},{"floor":44,"key":"LiquidMemories"}],"is_trial":false,"path_per_floor":["M","?","M","?","M","R","E","R","T","E","M","R","E","$","R","B",null,"M","M","?","M","M","R","E","?","T","M","E","M","E","M","R","B",null,"M","?","?","?","$","R","E","$","T","M","$","R","M","E","R","B",null],"character_chosen":"WATCHER","items_purchased":["Bag of Marbles","ThirdEye","Yang","Adaptation","Fasting2"],"campfire_rested":1,"item_purchase_floors":[14,14,39,39,42],"current_hp_per_floor":[72,72,72,65,63,63,51,51,51,37,37,37,37,37,37,10,62,62,53,47,31,31,31,31,31,31,31,20,20,30,42,42,54,80,67,55,55,55,55,81,88,88,88,88,88,88,84,84,84,71],"gold":122,"neow_bonus":"TEN_PERCENT_HP_BONUS","is_daily":false,"chose_seed":false,"campfire_upgraded":8,"win_rate":0.0,"timestamp":1611893682,"path_taken":["M","?","?","?","M","R","E","R","T","E","M","R","E","$","R","BOSS","M","M","?","M","M","R","E","?","T","M","E","?","E","M","R","BOSS","M","?","?","?","$","R","E","$","T","M","?","R","M","E","R","BOSS"],"items_purchased_type":["Relic","Card","Relic","Card","Card"],"build_version":"2020-12-22","purchased_purges":2,"victory":true,"max_hp_per_floor":[79,79,79,79,79,79,79,79,79,79,79,79,79,79,79,79,79,79,79,79,79,79,79,79,79,79,79,79,79,89,89,89,89,89,89,89,89,89,89,89,96,96,96,96,96,96,96,96,96,96],"relic_stats":{"Nunchaku":[25],"Happy Flower":[27],"counters":[26,84],"Yang":[68],"Bag of Preparation":[23],"War Paint":["Defend_P","Vigilance"],"GoldenEye":[72],"Boot":[159],"obtain_stats":[{"Happy Flower":2,"SacredBark":17,"Oddly Smooth Stone":7,"Damaru":26,"Yang":39,"Bag of Preparation":28,"War Paint":9,"GoldenEye":10,"Boot":24,"Empty Cage":34,"Ancient Tea Set":48,"Nunchaku":13,"Strawberry":41,"Bag of Marbles":14,"PureWater":0,"TungstenRod":36,"Meat on the Bone":30},{"Happy Flower":1,"SacredBark":8,"Oddly Smooth Stone":4,"Damaru":13,"Yang":21,"Bag of Preparation":15,"War Paint":4,"GoldenEye":5,"Boot":13,"Empty Cage":19,"Ancient Tea Set":25,"Nunchaku":7,"Strawberry":22,"Bag of Marbles":7,"PureWater":0,"TungstenRod":21,"Meat on the Bone":17},{"Happy Flower":2,"SacredBark":26,"Oddly Smooth Stone":11,"Damaru":42,"Yang":67,"Bag of Preparation":50,"War Paint":11,"GoldenEye":14,"Boot":42,"Empty Cage":60,"Ancient Tea Set":77,"Nunchaku":20,"Strawberry":69,"Bag of Marbles":20,"PureWater":0,"TungstenRod":67,"Meat on the Bone":54}],"TungstenRod":4,"Meat on the Bone":24},"card_choices":[{"not_picked":["CutThroughFate","Study"],"picked":"Tantrum","floor":1.0},{"not_picked":["Protect","Collect"],"picked":"Evaluate","floor":3.0},{"not_picked":["MentalFortress","Weave"],"picked":"CutThroughFate","floor":5.0},{"not_picked":["SignatureMove","BowlingBash"],"picked":"Consecrate","floor":7},{"not_picked":["CrushJoints","WheelKick"],"picked":"ThirdEye","floor":10},{"not_picked":["Meditate","Evaluate"],"picked":"Weave","floor":13},{"not_picked":["Judgement","Brilliance"],"picked":"DeusExMachina","floor":16},{"not_picked":["TalkToTheHand","EmptyBody"],"picked":"Adaptation+1","floor":19},{"not_picked":["ClearTheMind","WaveOfTheHand"],"picked":"EmptyFist+1","floor":21},{"not_picked":["ClearTheMind","Protect+1"],"picked":"FearNoEvil+1","floor":22},{"not_picked":["Weave","FlyingSleeves"],"picked":"Vault","floor":24},{"not_picked":["JustLucky","FlurryOfBlows"],"picked":"Scrawl","floor":28},{"not_picked":["Brilliance","Devotion"],"picked":"DeusExMachina","floor":33},{"not_picked":["Swivel","BowlingBash+1"],"picked":"EmptyMind+1","floor":35},{"not_picked":["EmptyFist+1","Protect"],"picked":"MentalFortress+1","floor":36},{"not_picked":["Protect+1","EmptyFist+1","Sanctity+1"],"picked":"SKIP","floor":41}],"player_experience":1207765,"relics_obtained":[{"floor":7,"key":"Oddly Smooth Stone"},{"floor":9,"key":"War Paint"},{"floor":10,"key":"GoldenEye"},{"floor":13,"key":"Nunchaku"},{"floor":24,"key":"Boot"},{"floor":26,"key":"Damaru"},{"floor":28,"key":"Bag of Preparation"},{"floor":30,"key":"Meat on the Bone"},{"floor":36,"key":"TungstenRod"},{"floor":41,"key":"Strawberry"},{"floor":48,"key":"Ancient Tea Set"}],"event_choices":[{"damage_healed":0.0,"max_hp_gain":0.0,"max_hp_loss":0.0,"gold_gain":0.0,"event_name":"WeMeetAgain","player_choice":"Gave Potion","floor":2.0,"gold_loss":0.0,"damage_taken":0.0,"relics_obtained":["Happy Flower"]},{"cards_removed":["Defend_P"],"damage_healed":0.0,"max_hp_gain":0.0,"max_hp_loss":0.0,"gold_gain":0.0,"event_name":"Golden Wing","player_choice":"Card Removal","floor":4.0,"gold_loss":0.0,"damage_taken":7.0},{"damage_healed":0,"gold_gain":0,"player_choice":"Joined the Cult","damage_taken":6,"max_hp_gain":0,"max_hp_loss":0,"event_name":"Nest","floor":20,"gold_loss":0,"cards_obtained":["RitualDagger"]},{"damage_healed":0,"gold_gain":0,"cards_transformed":["Strike_P"],"player_choice":"Transformed","damage_taken":0,"max_hp_gain":0,"max_hp_loss":0,"event_name":"Transmorgrifier","floor":25,"gold_loss":0,"cards_obtained":["FlurryOfBlows"]},{"damage_healed":0,"gold_gain":0,"player_choice":"Fight","damage_taken":0,"max_hp_gain":0,"max_hp_loss":0,"event_name":"MindBloom","floor":36,"gold_loss":0},{"damage_healed":0,"gold_gain":0,"player_choice":"Ignored","damage_taken":0,"max_hp_gain":0,"max_hp_loss":0,"event_name":"Tomb of Lord Red Mask","floor":37,"gold_loss":0},{"cards_removed":["Defend_P"],"damage_healed":0,"gold_gain":0,"player_choice":"Removed Skill","damage_taken":0,"max_hp_gain":0,"max_hp_loss":0,"event_name":"Falling","floor":38,"gold_loss":0}],"is_beta":false,"boss_relics":[{"not_picked":["Philosopher\u0027s Stone","Busted Crown"],"picked":"SacredBark"},{"not_picked":["Sozu","Black Star"],"picked":"Empty Cage"}],"items_purged_floors":[14,39],"is_endless":false,"potions_floor_spawned":[1,5,7,10,13,22,24,29,30,41,44],"ascension_level":9}}