{"host":"i6mndjcatnxpmw23","time":1611904678,"event":{"mods":["BaseMod","Hunter ??","Marisa????????","Minty Spire (QoL Compilation)","Shop Mod","The Servant 0.9.4","UnlockEverythingMod"],"gold_per_floor":[110,123,175,192,208,208,241,50,50,63,93,93,140,155,155,155,155],"floor_reached":16,"language":"ZHS","playtime":1991,"items_purged":[],"score":112,"play_id":"0b440732-a6ca-4566-89c2-f3d18ddd8938","local_time":"20210129151758","is_ascension_mode":false,"campfire_choices":[{"data":"UltimateShortwave","floor":6,"key":"SMITH"},{"data":"Chrysalis","floor":12,"key":"SMITH"},{"data":"PulseMagic","floor":15,"key":"SMITH"}],"circlet_count":0,"master_deck":["Strike_MRS","Strike_MRS","Strike_MRS","Strike_MRS","Defend_MRS","Defend_MRS","Defend_MRS","Defend_MRS","MasterSpark","UpSweep","ShootingEcho","ShootingEcho","GrandCross","UltimateShortwave+1","GalacticHalo","Chrysalis+1","Acceleration","WitchOfGreed","PulseMagic+1","ShootingEcho"],"relics":["MiniHakkero","NeowsBlessing","The Courier","Meat on the Bone","Bottled Lightning"],"acts_visited":["Exordium"],"potions_floor_usage":[13,14,16,16],"damage_taken":[{"damage":0,"enemies":"2 Louse","floor":1,"turns":1},{"damage":0,"enemies":"Cultist","floor":2,"turns":1},{"damage":0,"enemies":"Small Slimes","floor":4,"turns":1},{"damage":11,"enemies":"2 Fungi Beasts","floor":5,"turns":3},{"damage":28,"enemies":"Gremlin Nob","floor":7,"turns":4},{"damage":5,"enemies":"Looter","floor":10,"turns":2},{"damage":31,"enemies":"Lagavulin","floor":13,"turns":4},{"damage":10,"enemies":"Exordium Wildlife","floor":14,"turns":3},{"damage":37,"enemies":"The Guardian","floor":16,"turns":5}],"seed_played":"-5548305922297909610","potions_obtained":[{"floor":5,"key":"Regen Potion"},{"floor":10,"key":"FearPotion"},{"floor":13,"key":"EssenceOfSteel"},{"floor":14,"key":"DuplicationPotion"}],"is_trial":false,"path_per_floor":["M","M","?","M","M","R","E","$","T","M","?","R","E","M","R","B"],"character_chosen":"MARISA","items_purchased":["Chrysalis","Acceleration"],"campfire_rested":0,"item_purchase_floors":[8,8],"current_hp_per_floor":[75,75,75,75,64,64,36,36,36,43,43,43,33,35,35,0,0],"gold":155,"neow_bonus":"THREE_ENEMY_KILL","is_daily":false,"chose_seed":false,"campfire_upgraded":3,"win_rate":0.0,"timestamp":1611904678,"path_taken":["M","M","?","?","?","R","E","?","T","M","?","R","E","M","R","BOSS"],"items_purchased_type":["Card","Card"],"build_version":"2020-12-22","purchased_purges":0,"victory":false,"max_hp_per_floor":[75,75,75,75,75,75,75,75,75,75,75,75,75,75,75,75,75],"card_choices":[{"not_picked":["IllusionStar","NonDirectionalLaser"],"picked":"ShootingEcho","floor":1},{"not_picked":["EnergyRecoil","SporeBomb"],"picked":"ShootingEcho","floor":2},{"not_picked":["DragonMeteor","GravityBeat"],"picked":"GrandCross","floor":4},{"not_picked":["ShootingEcho","OrrerysSun"],"picked":"UltimateShortwave","floor":5},{"not_picked":["SporeBomb","6A"],"picked":"GalacticHalo","floor":7},{"not_picked":["IllusionStar","UnstableBomb"],"picked":"WitchOfGreed","floor":10},{"not_picked":["WitchOfGreed","MaximisePower"],"picked":"PulseMagic","floor":13},{"not_picked":["6A","NonDirectionalLaser"],"picked":"ShootingEcho","floor":14}],"player_experience":22092,"relics_obtained":[{"floor":7,"key":"The Courier"},{"floor":9,"key":"Meat on the Bone"},{"floor":13,"key":"Bottled Lightning"}],"event_choices":[{"damage_healed":0,"gold_gain":52,"player_choice":"Gained Gold","damage_taken":0,"max_hp_gain":0,"max_hp_loss":0,"event_name":"Golden Wing","floor":3,"gold_loss":0},{"damage_healed":0,"gold_gain":30,"player_choice":"Searched \u00271\u0027 times","damage_taken":0,"max_hp_gain":0,"max_hp_loss":0,"event_name":"Dead Adventurer","floor":11,"gold_loss":0}],"is_beta":false,"boss_relics":[],"items_purged_floors":[],"is_endless":false,"potions_floor_spawned":[5,10,14],"killed_by":"The Guardian","ascension_level":0}}