{"host":"6rz02yiipefhcw4r","time":1611921325,"event":{"mods":["2.2 Compatiblity","BaseMod","Block Reminder","Colored Map","Curses Come First","DeckTracker","Googly Eyes","Minty Spire (QoL Compilation)","Quick Restart","Rare Cards Sparkle","StSLib"],"gold_per_floor":[119,269,269,210,210,210,241,189,238,25,25,54,72,85,85,85,85],"floor_reached":16,"language":"ENG","playtime":637,"items_purged":[],"score":212,"play_id":"348050d1-f350-404b-bf23-977ffe17a0da","local_time":"20210129095525","is_ascension_mode":true,"campfire_choices":[{"data":"Cleave","floor":6,"key":"SMITH"},{"floor":11,"key":"REST"},{"data":"Feel No Pain","floor":15,"key":"SMITH"}],"circlet_count":0,"master_deck":["AscendersBane","Strike_R","Strike_R","Strike_R","Strike_R","Strike_R","Defend_R","Defend_R","Defend_R","Defend_R","Bash+1","Feel No Pain+1","Cleave+1","Clash","Shrug It Off","True Grit","Second Wind","Spot Weakness","Reaper"],"relics":["Burning Blood","Question Card","Centennial Puzzle","Omamori","Anchor"],"acts_visited":["Exordium"],"potions_floor_usage":[7,16],"damage_taken":[{"damage":0,"enemies":"2 Louse","floor":1,"turns":4},{"damage":58,"enemies":"Lagavulin","floor":7,"turns":8},{"damage":25,"enemies":"Gremlin Nob","floor":12,"turns":4},{"damage":7,"enemies":"Small Slimes","floor":13,"turns":3},{"damage":2,"enemies":"Jaw Worm","floor":14,"turns":2},{"damage":49,"enemies":"Hexaghost","floor":16,"turns":9}],"seed_played":"4900481756445874547","potions_obtained":[{"floor":1,"key":"PowerPotion"},{"floor":14,"key":"Regen Potion"}],"is_trial":false,"path_per_floor":["M","?","?","$","?","R","E","$","T","$","R","E","M","M","R","B"],"character_chosen":"IRONCLAD","items_purchased":["Cleave","Shrug It Off","Omamori","True Grit"],"campfire_rested":1,"item_purchase_floors":[4,8,10,10],"current_hp_per_floor":[74,74,67,67,67,67,15,15,15,15,37,18,17,21,21,0,0],"gold":85,"neow_bonus":"UPGRADE_CARD","is_daily":false,"chose_seed":false,"campfire_upgraded":2,"win_rate":0.0,"timestamp":1611921325,"path_taken":["M","?","?","?","?","R","E","$","T","$","R","E","M","M","R","BOSS"],"items_purchased_type":["Card","Card","Relic","Card"],"build_version":"2020-12-22","purchased_purges":0,"victory":false,"max_hp_per_floor":[75,75,75,75,75,75,75,75,75,75,75,75,75,75,75,75,75],"card_choices":[{"not_picked":["Flex","Second Wind"],"picked":"Feel No Pain","floor":1},{"not_picked":["Rage","Havoc"],"picked":"Clash","floor":7},{"not_picked":["Carnage","Ghostly Armor","Dual Wield"],"picked":"Second Wind","floor":12},{"not_picked":["Warcry","Perfected Strike","Armaments"],"picked":"Spot Weakness","floor":13},{"not_picked":["Ghostly Armor","Shockwave","Thunderclap"],"picked":"Reaper","floor":14}],"player_experience":758841,"relics_obtained":[{"floor":7,"key":"Question Card"},{"floor":9,"key":"Centennial Puzzle"},{"floor":12,"key":"Anchor"}],"event_choices":[{"damage_healed":0,"gold_gain":150,"player_choice":"AGREE","damage_taken":0,"max_hp_gain":0,"max_hp_loss":0,"event_name":"Liars Game","floor":2,"gold_loss":0,"cards_obtained":["Doubt"]},{"cards_removed":["Doubt"],"damage_healed":0,"gold_gain":0,"player_choice":"Card Removal","damage_taken":7,"max_hp_gain":0,"max_hp_loss":0,"event_name":"Golden Wing","floor":3,"gold_loss":0},{"damage_healed":0,"gold_gain":0,"player_choice":"Leave","damage_taken":0,"max_hp_gain":0,"max_hp_loss":0,"event_name":"The Cleric","floor":5,"gold_loss":0}],"is_beta":false,"boss_relics":[],"items_purged_floors":[],"is_endless":false,"potions_floor_spawned":[1,14],"killed_by":"Hexaghost","ascension_level":20}}