{"host":"sc0o2qwpf9j16a4i","time":1611949802,"event":{"mods":["AchievementEnabler","BaseMod","BetterRewards","Block Reminder","Colored Map","Colored Powertips","Custom Start","Highlight Path","Minty Spire (QoL Compilation)","Relic Stats"],"gold_per_floor":[113,113,127,138,138,138,166,166,189,41,60,80,99,113,113,216,216,235,249,269,269,285,285,310,325,325,325,325,325,338,28,28,130,130,147,157,157,170,190,230,230,14,14,14,40,68,24,48,48,48],"floor_reached":51,"language":"ENG","playtime":1097,"items_purged":[],"score":855,"play_id":"7ee92d42-5fdf-4ece-8591-0751ad90ee91","local_time":"20210129215002","daily_mods":["Heirloom","Uncertain Future","Lethality"],"is_ascension_mode":false,"campfire_choices":[{"data":"Bash","floor":6,"key":"SMITH"},{"data":"Perfected Strike","floor":8,"key":"SMITH"},{"data":"Uppercut","floor":15,"key":"SMITH"},{"data":"True Grit","floor":23,"key":"SMITH"},{"data":"Inflame","floor":29,"key":"SMITH"},{"data":"Immolate","floor":32,"key":"SMITH"},{"data":"Uppercut","floor":41,"key":"SMITH"},{"data":"Bludgeon","floor":44,"key":"SMITH"},{"data":"Inflame","floor":49,"key":"SMITH"}],"circlet_count":0,"master_deck":["Strike_R","Strike_R","Strike_R+1","Strike_R","Strike_R","Defend_R","Defend_R","Defend_R+1","Defend_R","Bash+1","Perfected Strike+1","Metallicize","Blood for Blood","Inflame+1","Twin Strike","Uppercut+1","Shockwave","Immolate+1","Shrug It Off+1","Burning Pact+1","Power Through+1","Necronomicurse","True Grit+1","Battle Trance","Pommel Strike+1","Barricade","Perfected Strike+1","Uppercut+1","Pommel Strike+1","Bludgeon+1","True Grit+1","Havoc+1","Seeing Red+1","Power Through","Inflame+1","Heavy Blade","Body Slam","Shrug It Off","Flame Barrier+1"],"relics":["Burning Blood","Mango","Tiny Chest","Centennial Puzzle","ClockworkSouvenir","Mark of Pain","Necronomicon","Orichalcum","Ornamental Fan","FossilizedHelix","Sundial","Blood Vial","Toy Ornithopter","Snecko Eye","CeramicFish","Orrery","Thread and Needle"],"acts_visited":["Exordium","TheCity","TheBeyond"],"potions_floor_usage":[7,7,14,16,18,24,25,45,50,50,50,50,50,50],"damage_taken":[{"damage":6,"enemies":"Small Slimes","floor":1,"turns":3},{"damage":3,"enemies":"2 Louse","floor":3,"turns":2},{"damage":1,"enemies":"Jaw Worm","floor":4,"turns":3},{"damage":14,"enemies":"Gremlin Nob","floor":7,"turns":3},{"damage":14,"enemies":"Lots of Slimes","floor":11,"turns":3},{"damage":9,"enemies":"Blue Slaver","floor":12,"turns":4},{"damage":0,"enemies":"3 Louse","floor":13,"turns":2},{"damage":6,"enemies":"Gremlin Gang","floor":14,"turns":3},{"damage":16,"enemies":"The Guardian","floor":16,"turns":10},{"damage":12,"enemies":"2 Thieves","floor":18,"turns":2},{"damage":0,"enemies":"Chosen","floor":19,"turns":3},{"damage":18,"enemies":"Snake Plant","floor":20,"turns":4},{"damage":0,"enemies":"Snecko","floor":22,"turns":2},{"damage":0,"enemies":"Slavers","floor":24,"turns":1},{"damage":6,"enemies":"Centurion and Healer","floor":25,"turns":3},{"damage":0,"enemies":"Shelled Parasite and Fungi","floor":30,"turns":2},{"damage":52,"enemies":"Collector","floor":33,"turns":8},{"damage":0,"enemies":"Orb Walker","floor":35,"turns":3},{"damage":0,"enemies":"3 Shapes","floor":36,"turns":2},{"damage":0,"enemies":"Spire Growth","floor":38,"turns":2},{"damage":0,"enemies":"3 Darklings","floor":39,"turns":2},{"damage":0,"enemies":"Giant Head","floor":40,"turns":4},{"damage":0,"enemies":"Writhing Mass","floor":45,"turns":2},{"damage":0,"enemies":"Sphere and 2 Shapes","floor":46,"turns":1},{"damage":0,"enemies":"Jaw Worm Horde","floor":48,"turns":3},{"damage":0,"enemies":"Awakened One","floor":50,"turns":8}],"seed_played":"-4670315977990217400","potions_obtained":[{"floor":1,"key":"AttackPotion"},{"floor":4,"key":"Swift Potion"},{"floor":7,"key":"ColorlessPotion"},{"floor":13,"key":"DistilledChaos"},{"floor":14,"key":"PowerPotion"},{"floor":18,"key":"Strength Potion"},{"floor":20,"key":"Energy Potion"},{"floor":24,"key":"ColorlessPotion"},{"floor":33,"key":"ElixirPotion"},{"floor":35,"key":"DuplicationPotion"},{"floor":36,"key":"EntropicBrew"},{"floor":46,"key":"Explosive Potion"}],"is_trial":true,"path_per_floor":["M","?","M","M","?","R","E","R","T","$","M","M","M","M","R","B",null,"M","M","M","?","M","R","E","M","T","?","T","R","M","$","R","B",null,"M","M","?","M","M","E","R","$","T","R","M","M","$","M","R","B",null],"character_chosen":"IRONCLAD","items_purchased":["ClockworkSouvenir","Blood Vial","Toy Ornithopter","Orrery","Power Through","Inflame","Shrug It Off"],"campfire_rested":0,"item_purchase_floors":[10,31,31,42,42,42,47],"current_hp_per_floor":[94,75,78,83,83,83,75,75,75,75,67,64,70,70,70,60,94,88,94,82,66,72,72,78,78,78,78,78,78,84,84,84,40,94,94,94,94,94,94,94,94,94,94,94,94,94,94,94,94,94],"gold":48,"neow_bonus":"","is_daily":false,"chose_seed":false,"campfire_upgraded":9,"win_rate":0.0,"timestamp":1611949802,"path_taken":["M","?","M","M","?","R","E","R","T","$","?","M","M","M","R","BOSS","M","M","M","?","M","R","E","M","T","?","?","R","M","$","R","BOSS","M","M","?","M","M","E","R","?","T","R","M","?","$","M","R","BOSS"],"items_purchased_type":["Relic","Relic","Relic","Relic","Card","Card","Card"],"build_version":"2020-12-22","purchased_purges":0,"victory":true,"max_hp_per_floor":[94,94,94,94,94,94,94,94,94,94,94,94,94,94,94,94,94,94,94,94,94,94,94,94,94,94,94,94,94,94,94,94,94,94,94,94,94,94,94,94,94,94,94,94,94,94,94,94,94,94],"relic_stats":{"counters":[26,85],"CeramicFish":90,"Orichalcum":[6],"Burning Blood":102,"Blood Vial":2,"Centennial Puzzle":[24],"Ornamental Fan":[72],"Sundial":[2],"Snecko Eye":[59,57,42,47],"Tiny Chest":1,"Necronomicon":[25],"obtain_stats":[{"CeramicFish":40,"Mango":0,"Thread and Needle":43,"Orichalcum":24,"Burning Blood":0,"ClockworkSouvenir":10,"Blood Vial":31,"Centennial Puzzle":9,"Ornamental Fan":26,"Sundial":28,"Snecko Eye":34,"Orrery":42,"Tiny Chest":7,"Mark of Pain":17,"Necronomicon":21,"FossilizedHelix":27,"Toy Ornithopter":31},{"CeramicFish":22,"Mango":0,"Thread and Needle":22,"Orichalcum":14,"Burning Blood":0,"ClockworkSouvenir":4,"Blood Vial":16,"Centennial Puzzle":4,"Ornamental Fan":15,"Sundial":15,"Snecko Eye":17,"Orrery":22,"Tiny Chest":4,"Mark of Pain":9,"Necronomicon":12,"FossilizedHelix":15,"Toy Ornithopter":16},{"CeramicFish":71,"Mango":0,"Thread and Needle":71,"Orichalcum":45,"Burning Blood":0,"ClockworkSouvenir":11,"Blood Vial":50,"Centennial Puzzle":11,"Ornamental Fan":48,"Sundial":48,"Snecko Eye":58,"Orrery":71,"Tiny Chest":11,"Mark of Pain":33,"Necronomicon":42,"FossilizedHelix":48,"Toy Ornithopter":50}],"Toy Ornithopter":0},"card_choices":[{"not_picked":["Dark Embrace","Sever Soul"],"picked":"Perfected Strike","floor":1},{"not_picked":["Headbutt","Twin Strike"],"picked":"Metallicize","floor":3},{"not_picked":["Thunderclap","Combust"],"picked":"Blood for Blood","floor":4},{"not_picked":["Perfected Strike","Sword Boomerang"],"picked":"Inflame","floor":7},{"not_picked":["Entrench","Havoc"],"picked":"Twin Strike","floor":11},{"not_picked":["Searing Blow","Cleave","Clash"],"picked":"SKIP","floor":12},{"not_picked":["Havoc","Iron Wave"],"picked":"Uppercut","floor":13},{"not_picked":["Warcry","Brutality"],"picked":"Shockwave","floor":14},{"not_picked":["Exhume","Juggernaut"],"picked":"Immolate","floor":16},{"not_picked":["Warcry","Second Wind"],"picked":"Shrug It Off+1","floor":18},{"not_picked":["Wild Strike+1","Headbutt+1"],"picked":"Burning Pact+1","floor":19},{"not_picked":["Corruption","Pommel Strike"],"picked":"Power Through+1","floor":20},{"not_picked":["Cleave","Iron Wave"],"picked":"True Grit","floor":22},{"not_picked":["Havoc","Flex"],"picked":"Battle Trance","floor":24},{"not_picked":["Pommel Strike","Clothesline","Immolate"],"picked":"SKIP","floor":25},{"not_picked":["Perfected Strike","Combust"],"picked":"Pommel Strike+1","floor":30},{"not_picked":["Limit Break","Impervious"],"picked":"Barricade","floor":33},{"not_picked":["Twin Strike+1","Thunderclap+1"],"picked":"Perfected Strike+1","floor":35},{"not_picked":["Clash+1","Warcry+1"],"picked":"Uppercut","floor":36},{"not_picked":["Headbutt+1","Body Slam","Immolate"],"picked":"SKIP","floor":38},{"not_picked":["Pummel","Hemokinesis"],"picked":"Pommel Strike+1","floor":39},{"not_picked":["Cleave","Rage+1"],"picked":"Bludgeon","floor":40},{"not_picked":["Battle Trance+1","Clothesline"],"picked":"True Grit+1","floor":42},{"not_picked":["Uppercut","Bloodletting+1"],"picked":"Havoc+1","floor":42},{"not_picked":["Body Slam","Sword Boomerang+1"],"picked":"Seeing Red+1","floor":42},{"not_picked":["Ghostly Armor+1","Clash+1"],"picked":"Heavy Blade","floor":45},{"not_picked":["Infernal Blade+1","Twin Strike+1"],"picked":"Body Slam","floor":46},{"not_picked":["Sword Boomerang","Shrug It Off+1"],"picked":"Flame Barrier+1","floor":48}],"player_experience":1063680,"relics_obtained":[{"floor":7,"key":"Tiny Chest"},{"floor":9,"key":"Centennial Puzzle"},{"floor":21,"key":"Necronomicon"},{"floor":24,"key":"Orichalcum"},{"floor":26,"key":"Ornamental Fan"},{"floor":28,"key":"Sundial"},{"floor":40,"key":"CeramicFish"},{"floor":43,"key":"Thread and Needle"}],"event_choices":[{"damage_healed":0,"gold_gain":0,"player_choice":"Entered Light","damage_taken":19,"max_hp_gain":0,"max_hp_loss":0,"event_name":"Shining Light","floor":2,"gold_loss":0,"cards_upgraded":["Defend_R","Strike_R"]},{"damage_healed":0,"gold_gain":0,"player_choice":"0 cards matched","damage_taken":0,"max_hp_gain":0,"max_hp_loss":0,"event_name":"Match and Keep!","floor":5,"gold_loss":0,"cards_obtained":[]},{"damage_healed":0,"gold_gain":0,"player_choice":"Obtained Book","damage_taken":16,"max_hp_gain":0,"max_hp_loss":0,"event_name":"Cursed Tome","floor":21,"gold_loss":0},{"damage_healed":0,"gold_gain":0,"player_choice":"Opened","damage_taken":0,"relics_obtained":["FossilizedHelix"],"max_hp_gain":0,"max_hp_loss":0,"event_name":"The Mausoleum","floor":27,"gold_loss":0},{"damage_healed":0,"gold_gain":0,"player_choice":"0 cards matched","damage_taken":0,"max_hp_gain":0,"max_hp_loss":0,"event_name":"Match and Keep!","floor":37,"gold_loss":0,"cards_obtained":[]}],"is_beta":false,"boss_relics":[{"not_picked":["SacredBark","Black Blood"],"picked":"Mark of Pain"},{"not_picked":["Philosopher\u0027s Stone","Busted Crown"],"picked":"Snecko Eye"}],"items_purged_floors":[],"is_endless":false,"potions_floor_spawned":[1,4,7,13,14,18,20,24,33,35,36,38,40,46],"ascension_level":0}}