{"host":"dvpvhz1t6etneyb3","time":1611933977,"event":{"mods":["AchievementEnabler","BaseMod","Colored Map","Highlight Path","Minty Spire (QoL Compilation)","Permanent Neow","Quick Restart"],"gold_per_floor":[159,176,21,38,58,88,101,101,101,101,126,126,149,159,159,235,235,255,255,67,80,99,99,133,133,133,147,160,174,174,174,174,250,250,265,265,279,291,291,291,86,86,86,105,20,55,74,100,100,100,100,100],"floor_reached":51,"language":"ENG","playtime":2564,"items_purged":["Strike_B","Strike_B"],"score":1578,"play_id":"6409b3d2-3295-4722-8efe-c6a7ac85d960","local_time":"20210129102617","is_ascension_mode":true,"campfire_choices":[{"floor":8.0,"key":"REST"},{"floor":12.0,"key":"REST"},{"floor":15.0,"key":"REST"},{"data":"Buffer","floor":23.0,"key":"SMITH"},{"floor":30.0,"key":"REST"},{"floor":32.0,"key":"REST"},{"data":"Seek","floor":40.0,"key":"SMITH"},{"data":"Amplify","floor":42.0,"key":"SMITH"},{"floor":49,"key":"RECALL"}],"circlet_count":0,"master_deck":["AscendersBane","Strike_B","Strike_B","Defend_B+1","Defend_B+1","Defend_B+1","Zap","Dualcast","Ball Lightning","Doom and Gloom","FTL","Electrodynamics","Defragment+1","Echo Form","Lockon","Rainbow","Capacitor","Compile Driver","Buffer+1","Capacitor","Conserve Battery+1","Seek+1","CurseOfTheBell","Genetic Algorithm+1","Heatsinks","Amplify+1","Loop","Double Energy","Defragment","Echo Form"],"relics":["Tiny House","White Beast Statue","Boot","Vajra","Odd Mushroom","Nuclear Battery","Eternal Feather","Enchiridion","Calling Bell","Blood Vial","Mummified Hand","Gambling Chip","Letter Opener","Omamori","War Paint"],"acts_visited":["TheCity","TheBeyond"],"potions_floor_usage":[50,51],"damage_taken":[{"damage":11.0,"enemies":"2 Louse","floor":1.0,"turns":3.0},{"damage":12.0,"enemies":"Jaw Worm","floor":2.0,"turns":3.0},{"damage":5.0,"enemies":"Small Slimes","floor":4.0,"turns":3.0},{"damage":5.0,"enemies":"Red Slaver","floor":5.0,"turns":3.0},{"damage":20.0,"enemies":"3 Sentries","floor":6.0,"turns":5.0},{"damage":8.0,"enemies":"Blue Slaver","floor":7.0,"turns":3.0},{"damage":25.0,"enemies":"Lagavulin","floor":11.0,"turns":6.0},{"damage":7.0,"enemies":"The Mushroom Lair","floor":13.0,"turns":3.0},{"damage":3.0,"enemies":"2 Fungi Beasts","floor":14.0,"turns":3.0},{"damage":0.0,"enemies":"Slime Boss","floor":16.0,"turns":5.0},{"damage":0.0,"enemies":"Chosen","floor":18.0,"turns":4.0},{"damage":0.0,"enemies":"Spheric Guardian","floor":21.0,"turns":3.0},{"damage":15.0,"enemies":"Snecko","floor":22.0,"turns":4.0},{"damage":12.0,"enemies":"Slavers","floor":24.0,"turns":4.0},{"damage":8.0,"enemies":"Snake Plant","floor":27.0,"turns":4.0},{"damage":6.0,"enemies":"Cultist and Chosen","floor":28.0,"turns":3.0},{"damage":0.0,"enemies":"Centurion and Healer","floor":29.0,"turns":4.0},{"damage":53.0,"enemies":"Automaton","floor":33.0,"turns":8.0},{"damage":8.0,"enemies":"3 Shapes","floor":35.0,"turns":2.0},{"damage":0.0,"enemies":"3 Darklings","floor":37.0,"turns":4.0},{"damage":9.0,"enemies":"Writhing Mass","floor":38.0,"turns":5.0},{"damage":5.0,"enemies":"Transient","floor":44.0,"turns":6.0},{"damage":0.0,"enemies":"Reptomancer","floor":46.0,"turns":3.0},{"damage":0,"enemies":"3 Darklings","floor":47,"turns":2},{"damage":12,"enemies":"Nemesis","floor":48,"turns":7},{"damage":32,"enemies":"Time Eater","floor":50,"turns":9},{"damage":54,"enemies":"Awakened One","floor":51,"turns":6}],"seed_played":"-1254500480890036161","potions_obtained":[{"floor":0.0,"key":"Fire Potion"},{"floor":2.0,"key":"Energy Potion"},{"floor":7.0,"key":"SmokeBomb"},{"floor":11.0,"key":"SkillPotion"},{"floor":13.0,"key":"Regen Potion"},{"floor":14.0,"key":"AttackPotion"},{"floor":16.0,"key":"ColorlessPotion"},{"floor":18.0,"key":"Swift Potion"},{"floor":21.0,"key":"Explosive Potion"},{"floor":22.0,"key":"EssenceOfDarkness"},{"floor":24.0,"key":"DistilledChaos"},{"floor":27.0,"key":"Explosive Potion"},{"floor":28.0,"key":"SneckoOil"},{"floor":29.0,"key":"EssenceOfSteel"},{"floor":33.0,"key":"LiquidMemories"},{"floor":37.0,"key":"DuplicationPotion"},{"floor":48,"key":"DistilledChaos"}],"is_trial":false,"path_per_floor":["M","M","$","M","M","E","M","R","T","?","E","R","?","M","R","B",null,"M","?","$","M","M","R","E","?","T","M","M","M","R","?","R","B",null,"M","?","M","M","?","R","$","R","T","M","$","E","M","E","R","B","B"],"character_chosen":"DEFECT","items_purchased":["FTL","Capacitor","Amplify","Loop","Defragment"],"campfire_rested":5,"item_purchase_floors":[3,20,41,41,45],"current_hp_per_floor":[58,46,46,41,36,16,8,30,30,30,5,27,20,17,39,39,67,67,67,67,67,52,52,40,19,19,11,14,14,48,26,62,9,63,57,57,59,52,52,67,67,81,81,76,76,78,80,69,81,49,0,0],"gold":100,"neow_bonus":"BOSS_RELIC","is_daily":false,"chose_seed":false,"campfire_upgraded":3,"win_rate":0.0,"timestamp":1611933977,"path_taken":["M","M","$","M","M","E","M","R","T","?","E","R","?","M","R","BOSS","M","?","$","M","M","R","E","?","T","M","M","M","R","?","R","BOSS","M","?","M","M","?","R","$","R","T","M","?","E","M","E","R","BOSS","BOSS"],"items_purchased_type":["Card","Card","Card","Card","Card"],"build_version":"2020-12-22","purchased_purges":2,"victory":false,"max_hp_per_floor":[76,76,76,76,76,76,76,76,76,76,76,76,76,76,76,76,76,76,76,76,76,76,76,76,76,76,76,76,76,76,81,81,81,81,81,81,81,81,81,81,81,81,81,81,81,81,81,81,81,81,81,81],"card_choices":[{"not_picked":["All For One","Cold Snap"],"picked":"Ball Lightning","floor":1.0},{"not_picked":["Hologram","Leap"],"picked":"Doom and Gloom","floor":2.0},{"not_picked":["Redo","Go for the Eyes","Barrage"],"picked":"SKIP","floor":4.0},{"not_picked":["Hello World","Streamline","Capacitor"],"picked":"SKIP","floor":5.0},{"not_picked":["Beam Cell","Heatsinks"],"picked":"Electrodynamics","floor":6.0},{"not_picked":["Redo","Turbo"],"picked":"Defragment","floor":7.0},{"not_picked":["Scrape","Conserve Battery"],"picked":"Echo Form","floor":11.0},{"not_picked":["Redo","Turbo"],"picked":"Lockon","floor":13.0},{"not_picked":["Barrage","Stack","Scrape"],"picked":"SKIP","floor":14.0},{"not_picked":["Core Surge","Multi-Cast"],"picked":"Rainbow","floor":16.0},{"not_picked":["Leap","Double Energy","Go for the Eyes"],"picked":"SKIP","floor":18.0},{"not_picked":["Leap+1","Gash+1"],"picked":"Compile Driver","floor":21.0},{"not_picked":["Darkness","Stack"],"picked":"Buffer","floor":22.0},{"not_picked":["Hologram","Doom and Gloom","Ball Lightning"],"picked":"SKIP","floor":24.0},{"not_picked":["Compile Driver","Scrape"],"picked":"Capacitor","floor":27.0},{"not_picked":["Hologram","Gash","Compile Driver"],"picked":"SKIP","floor":28.0},{"not_picked":["Beam Cell","Turbo"],"picked":"Conserve Battery+1","floor":29.0},{"not_picked":["Core Surge","Reboot"],"picked":"Seek","floor":33.0},{"not_picked":["Sweeping Beam","Beam Cell","Rip and Tear"],"picked":"SKIP","floor":35.0},{"not_picked":["Auto Shields","Conserve Battery+1"],"picked":"Genetic Algorithm+1","floor":37.0},{"not_picked":["Go for the Eyes","Lockon"],"picked":"Heatsinks","floor":38.0},{"not_picked":["Consume","Conserve Battery"],"picked":"Double Energy","floor":44.0},{"not_picked":["Sweeping Beam","Compile Driver","Storm"],"picked":"SKIP","floor":46.0},{"not_picked":["Scrape","Heatsinks","Tempest"],"picked":"SKIP","floor":47},{"not_picked":["Go for the Eyes","Seek"],"picked":"Echo Form","floor":48}],"player_experience":2102398,"relics_obtained":[{"floor":6.0,"key":"White Beast Statue"},{"floor":9.0,"key":"Boot"},{"floor":11.0,"key":"Vajra"},{"floor":13.0,"key":"Odd Mushroom"},{"floor":24.0,"key":"Eternal Feather"},{"floor":25.0,"key":"Enchiridion"},{"floor":34.0,"key":"Blood Vial"},{"floor":34.0,"key":"Mummified Hand"},{"floor":34.0,"key":"Gambling Chip"},{"floor":43.0,"key":"Letter Opener"},{"floor":46.0,"key":"Omamori"},{"floor":48,"key":"War Paint"}],"event_choices":[{"damage_healed":0.0,"max_hp_gain":0.0,"max_hp_loss":0.0,"gold_gain":0.0,"event_name":"Living Wall","player_choice":"Grow","floor":10.0,"gold_loss":0.0,"damage_taken":0.0,"cards_upgraded":["Defragment"]},{"damage_healed":0.0,"max_hp_gain":0.0,"max_hp_loss":0.0,"gold_gain":0.0,"event_name":"Mushrooms","player_choice":"Fought Mushrooms","floor":13.0,"gold_loss":0.0,"damage_taken":0.0},{"damage_healed":0.0,"max_hp_gain":0.0,"max_hp_loss":0.0,"gold_gain":0.0,"event_name":"Vampires","player_choice":"Ignored","floor":19.0,"gold_loss":0.0,"damage_taken":0.0},{"damage_healed":0.0,"max_hp_gain":0.0,"max_hp_loss":0.0,"gold_gain":0.0,"event_name":"Cursed Tome","player_choice":"Obtained Book","floor":25.0,"gold_loss":0.0,"damage_taken":21.0},{"damage_healed":0.0,"max_hp_gain":5.0,"max_hp_loss":0.0,"gold_gain":0.0,"event_name":"Forgotten Altar","player_choice":"Shed Blood","floor":31.0,"gold_loss":0.0,"damage_taken":27.0},{"damage_healed":0.0,"max_hp_gain":0.0,"max_hp_loss":0.0,"gold_gain":0.0,"event_name":"SensoryStone","player_choice":"Memory 1","floor":36.0,"gold_loss":0.0,"damage_taken":0.0},{"cards_removed":["Defend_B"],"damage_healed":0.0,"max_hp_gain":0.0,"max_hp_loss":0.0,"gold_gain":0.0,"event_name":"Falling","player_choice":"Removed Skill","floor":39.0,"gold_loss":0.0,"damage_taken":0.0}],"is_beta":false,"boss_relics":[{"not_picked":["Cursed Key","Coffee Dripper"],"picked":"Nuclear Battery"},{"not_picked":["Inserter","Snecko Eye"],"picked":"Calling Bell"}],"items_purged_floors":[3,20],"is_endless":false,"potions_floor_spawned":[2,4,5,7,11,13,14,16,18,21,22,24,27,28,29,33,35,37,38,44,46,47,48],"killed_by":"Awakened One","ascension_level":20}}