{"host":"4avoemk37jqrqn5i","time":1611953549,"event":{"mods":["A Magickal Journey","AchievementEnabler","BaseMod","Beaked The Cultist","BetterRewards","Custom Start","Minty Spire (QoL Compilation)","Replay The Spire","Somnambulant","StSLib","SuperFastMode","The Bug Knight","The Cursed","TheBandit","TheFirefly"],"gold_per_floor":[118,133,153,153,171,171,171,171,171,171,171,206,230,195,195,314,314,338,29,44,59,9,9,9,28,28,28,28],"floor_reached":27,"language":"ENG","playtime":1674,"items_purged":["Injury","beaked:MaddeningMurmurs"],"score":213,"play_id":"56797aa8-40de-4a06-a958-83f01e40a817","local_time":"20210129155229","is_ascension_mode":false,"campfire_choices":[{"data":"beaked:BloodRitual","floor":6,"key":"SMITH"},{"data":"beaked:Molting","floor":8,"key":"SMITH"},{"data":"beaked:Strike_Y","floor":10,"key":"SMITH"},{"data":"beaked:SurvivalInstinct","floor":15,"key":"SMITH"},{"data":"beaked:MachineSpirit","floor":23,"key":"SMITH"}],"circlet_count":0,"master_deck":["beaked:Strike_Y+1","beaked:Strike_Y","beaked:Strike_Y","beaked:Strike_Y","beaked:Strike_Y","beaked:Strike_Y","beaked:Defend_Y","beaked:Defend_Y","beaked:Defend_Y","beaked:Defend_Y","beaked:Ceremony","beaked:Ceremony","beaked:Ceremony","beaked:AwakenedForm+1","beaked:Insight","beaked:Molting+1","beaked:BloodRitual+1","beaked:SurvivalInstinct+1","beaked:Insight","beaked:FeelMyPain+1","beaked:MachineSpirit+1","beaked:Insight","beaked:Windmill","beaked:Struggle","beaked:VigorBurst+1"],"relics":["beaked:MendingPlumage","Golden Idol","Ring of Panic","Ring of Fangs","Snack Pack","Smiling Mask","Coffee Dripper","Dream Catcher","Divine Protection"],"acts_visited":["Exordium","TheCity"],"potions_floor_usage":[16,16,21,21],"damage_taken":[{"damage":1,"enemies":"Cultist","floor":1,"turns":4},{"damage":14,"enemies":"Small Slimes","floor":2,"turns":5},{"damage":10,"enemies":"2 Louse","floor":3,"turns":4},{"damage":13,"enemies":"2 Fungi Beasts","floor":5,"turns":5},{"damage":18,"enemies":"Lagavulin","floor":12,"turns":6},{"damage":28,"enemies":"3 Louse","floor":13,"turns":5},{"damage":33,"enemies":"Slime Boss","floor":16,"turns":8},{"damage":19,"enemies":"Spheric Guardian","floor":18,"turns":6},{"damage":57,"enemies":"Shell Parasite","floor":20,"turns":5},{"damage":40,"enemies":"3 Cultists","floor":21,"turns":5},{"damage":35,"enemies":"Snecko","floor":25,"turns":5},{"damage":32,"enemies":"Centurion and Healer","floor":27,"turns":5}],"seed_played":"-6026587725522802165","potions_obtained":[{"floor":1,"key":"BlessingOfTheForge"},{"floor":5,"key":"ColorlessPotion"},{"floor":12,"key":"Fruit Juice"},{"floor":16,"key":"SteroidPotion"},{"floor":18,"key":"Weak Potion"},{"floor":20,"key":"Energy Potion"},{"floor":25,"key":"DuplicationPotion"}],"is_trial":false,"path_per_floor":["M","M","M","?","M","R","?","R","T","R","?","E","M","?","R","B",null,"M","$","M","M","$","R","?","M","T","M"],"character_chosen":"BEAKED_THE_CULTIST","items_purchased":["beaked:MachineSpirit","beaked:Insight","beaked:Windmill","beaked:Struggle"],"campfire_rested":0,"item_purchase_floors":[19,19,19,19],"current_hp_per_floor":[50,45,42,42,41,41,41,41,41,41,41,38,28,40,40,52,55,54,54,31,18,18,18,18,7,7,0,0],"gold":28,"neow_bonus":"ONE_RANDOM_RARE_CARD","is_daily":false,"chose_seed":false,"campfire_upgraded":5,"win_rate":0.0,"timestamp":1611953549,"path_taken":["M","M","M","?","M","R","?","R","T","R","?","E","M","?","R","BOSS","M","$","M","M","$","R","?","?","T","M"],"items_purchased_type":["Card","Card","Card","Card"],"build_version":"2020-12-22","purchased_purges":2,"victory":false,"max_hp_per_floor":[50,50,50,50,50,50,50,50,50,50,50,50,50,50,50,55,55,55,55,55,55,55,55,55,60,60,60,60],"card_choices":[{"not_picked":["beaked:DigDeeper","beaked:Flinch","beaked:BraceForImpact"],"picked":"SKIP","floor":1},{"not_picked":["beaked:Molting","beaked:TuckingFeathers"],"picked":"beaked:Insight","floor":2},{"not_picked":["beaked:Tradeoff","beaked:Cower"],"picked":"beaked:Molting","floor":3},{"not_picked":["beaked:Resilience","beaked:Tweet"],"picked":"beaked:BloodRitual","floor":5},{"not_picked":["beaked:Negation","beaked:Tradeoff"],"picked":"beaked:SurvivalInstinct","floor":12},{"not_picked":["beaked:Hexing","beaked:SurvivalInstinct"],"picked":"beaked:Insight","floor":13},{"not_picked":["beaked:HuntressEssence","beaked:Redirect"],"picked":"beaked:FeelMyPain+1","floor":18},{"not_picked":["beaked:Overpower","beaked:Evade"],"picked":"beaked:MaddeningMurmurs","floor":20},{"not_picked":["beaked:Poke","beaked:Cower+1","beaked:StunningBlow"],"picked":"SKIP","floor":21},{"not_picked":["beaked:TuckingFeathers+1","beaked:CursingBlood"],"picked":"beaked:VigorBurst+1","floor":25}],"player_experience":190392,"relics_obtained":[{"floor":7,"key":"Ring of Panic"},{"floor":7,"key":"Ring of Fangs"},{"floor":9,"key":"Snack Pack"},{"floor":12,"key":"Smiling Mask"},{"floor":24,"key":"Dream Catcher"},{"floor":26,"key":"Divine Protection"}],"event_choices":[{"damage_healed":0,"gold_gain":0,"player_choice":"Take Wound","damage_taken":0,"relics_obtained":["Golden Idol"],"max_hp_gain":0,"max_hp_loss":0,"event_name":"Golden Idol","floor":4,"gold_loss":0,"cards_obtained":["Injury"]},{"damage_healed":12,"gold_gain":0,"player_choice":"Healed","damage_taken":0,"max_hp_gain":0,"max_hp_loss":0,"event_name":"The Cleric","floor":14,"gold_loss":35},{"damage_healed":0,"gold_gain":0,"player_choice":"Relic","damage_taken":0,"max_hp_gain":0,"max_hp_loss":0,"event_name":"Wheel of Change","floor":24,"gold_loss":0}],"is_beta":false,"boss_relics":[{"not_picked":["Replay:Wanted Poster","beaked:BlessedCoat"],"picked":"Coffee Dripper"}],"items_purged_floors":[19,22],"is_endless":false,"potions_floor_spawned":[1,5,12,16,18,20,25],"killed_by":"Centurion and Healer","ascension_level":0}}