{"host":"24dpssi77exccocj","time":1611947721,"event":{"mods":["BaseMod","Downfall","Minty Spire (QoL Compilation)","StSLib"],"gold_per_floor":[17,30,205,221,237,26,49,34,34,66,97,126,138,160,172,184,184,184],"floor_reached":16,"language":"ENG","playtime":1886,"items_purged":["Doubt"],"score":154,"play_id":"78763977-4f53-448e-a353-640a721496d6","local_time":"20210129201521","is_ascension_mode":false,"campfire_choices":[{"data":"Guardian:PrismaticBeam","floor":9,"key":"SMITH"},{"data":"Bandage Up","floor":13,"key":"SMITH"},{"floor":15,"key":"RECALL"}],"circlet_count":0,"master_deck":["Guardian:Strike_Guardian","Guardian:Strike_Guardian","Guardian:Strike_Guardian","Guardian:Defend_Guardian","Guardian:Defend_Guardian","Guardian:Defend_Guardian","Guardian:CurlUp","Guardian:TwinSlam","Guardian:PrismaticBeam+1","Guardian:SentryBeam","Guardian:Suspension","Guardian:EvasiveProtocol","Bandage Up+1","Guardian:TemporalStrike","Guardian:DonusPower","Guardian:BronzeArmor","Guardian:BodySlam"],"relics":["Guardian:ModeShifter","Nunchaku","MawBank"],"acts_visited":["Exordium"],"potions_floor_usage":[11],"damage_taken":[{"damage":5,"enemies":"2 Louse","floor":1,"turns":3},{"damage":5,"enemies":"Small Slimes","floor":2,"turns":5},{"damage":11,"enemies":"Jaw Worm","floor":4,"turns":6},{"damage":9,"enemies":"Exordium Wildlife","floor":5,"turns":8},{"damage":5,"enemies":"downfall:FleeingMerchant","floor":6,"turns":4},{"damage":15,"enemies":"downfall:FleeingMerchant","floor":8,"turns":4},{"damage":9,"enemies":"Lagavulin","floor":10,"turns":8},{"damage":8,"enemies":"Lots of Slimes","floor":11,"turns":4},{"damage":0,"enemies":"3 Louse","floor":12,"turns":4},{"damage":0,"enemies":"Blue Slaver","floor":14,"turns":4},{"damage":63,"enemies":"WA_ARCHETYPE_RETAIN","floor":16,"turns":7}],"seed_played":"-6176201637635922224","potions_obtained":[{"floor":1,"key":"SpeedPotion"},{"floor":5,"key":"sneckomod:MuddlingPotion"},{"floor":10,"key":"ColorlessPotion"},{"floor":11,"key":"Strength Potion"},{"floor":14,"key":"Slimebound:ThreeZeroPotion"}],"is_trial":false,"path_per_floor":["M","M","?","M","M","$","T","$","R","E","M","M","R","M","R","B"],"character_chosen":"GUARDIAN","items_purchased":["Guardian:EvasiveProtocol","Bandage Up"],"campfire_rested":0,"item_purchase_floors":[6,6],"current_hp_per_floor":[75,70,70,59,50,45,45,34,34,29,25,29,29,35,35,0,0,0],"gold":184,"neow_bonus":"REMOVE_TWO","is_daily":false,"chose_seed":false,"campfire_upgraded":2,"win_rate":0.0,"timestamp":1611947721,"path_taken":["M","M","?","M","M","$","T","$","R","E","M","M","R","M","R","BOSS"],"items_purchased_type":["Card","Card"],"build_version":"2020-12-22","purchased_purges":1,"victory":false,"max_hp_per_floor":[80,80,80,80,80,80,80,80,80,80,80,80,80,80,80,80,80,80],"card_choices":[{"not_picked":["Guardian:CrystalBeam","Guardian:ShieldCharger"],"picked":"Guardian:PrismaticBeam","floor":1},{"not_picked":["Guardian:ShieldCharger","Guardian:WalkerClaw"],"picked":"Guardian:SentryBeam","floor":2},{"not_picked":["Guardian:SpikerProtocol","Guardian:Clone"],"picked":"Guardian:Gem_Fragmented","floor":4},{"not_picked":["Guardian:Gem_Lightblue","Guardian:PiercingHide"],"picked":"Guardian:Suspension","floor":5},{"not_picked":["Guardian:Repulse","Guardian:Reroute"],"picked":"Guardian:Gem_Yellow","floor":6},{"not_picked":["Guardian:Clone","Guardian:Gem_Blue"],"picked":"Guardian:TemporalStrike","floor":8},{"not_picked":["Guardian:TimeBomb","Guardian:Gem_Blue"],"picked":"Guardian:DonusPower","floor":10},{"not_picked":["Guardian:PrimingBeam","Guardian:PiercingHide"],"picked":"Guardian:BronzeArmor","floor":11},{"not_picked":["Guardian:VentSteam","Guardian:FloatingOrbs"],"picked":"Guardian:Gem_Green","floor":12},{"not_picked":["Guardian:VentSteam","Guardian:Gem_Blue"],"picked":"Guardian:BodySlam","floor":14}],"player_experience":802426,"relics_obtained":[{"floor":7,"key":"Nunchaku"},{"floor":10,"key":"MawBank"}],"event_choices":[],"is_beta":false,"boss_relics":[],"items_purged_floors":[6],"is_endless":false,"potions_floor_spawned":[1,5,10,11,14],"killed_by":"WA_ARCHETYPE_RETAIN","ascension_level":0}}