{"host":"u7t6gtnp6lus9at9","time":1611952126,"event":{"mods":["AchievementEnabler","Act Like it!","BaseMod","Card Forge","Colored Map","Colored Powertips","Custom Start","Downfall","Minty Spire (QoL Compilation)","Practice Mode","Replay The Spire","Shop Mod","StSLib"],"gold_per_floor":[99,119,137,153,603,52,105,120,146,173,73,58,58,92,110,206,206,6,21,21,21,40,40,66,98,116,166,202,216,216,239,263,382,382,382,403,456,471,471,486,486,486,526,526,549,580,595,629,649,649,649,680,276,276,276,276],"floor_reached":57,"language":"ENG","playtime":6824,"items_purged":[],"score":1619,"play_id":"2d75fbc7-d8f8-49e2-b41a-812423e0d1d7","local_time":"20210129182846","is_ascension_mode":false,"campfire_choices":[{"floor":1.0,"key":"RECALL"},{"floor":11.0,"key":"REST"},{"floor":13.0,"key":"REST"},{"data":"Guardian:BaubleBeam","floor":18.0,"key":"SMITH"},{"floor":23,"key":"REST"},{"floor":30,"key":"REST"},{"floor":42,"key":"REST"},{"floor":54,"key":"REST"}],"circlet_count":0,"master_deck":["Guardian:CurlUp+1","Guardian:TwinSlam+1","Guardian:Harden+1","Guardian:BodySlam+1","Guardian:ShieldSpikes+1","Guardian:ArmoredProtocol+1","Guardian:ExploitGems+1","Guardian:ChargeUp+1","Guardian:EvasiveProtocol+1","Guardian:PrismaticBarrier+1","Guardian:PrismaticBeam+1","Guardian:Repulse+1","Guardian:RollAttack+1","Guardian:TwinSlam+1","Guardian:ChargeCore+1","Guardian:BodySlam+1","Guardian:BaubleBeam+1"],"relics":["Guardian:ModeShifter","Hammer of Thor","Seething Fire","Anvil of the Gods","Sundial","Lee\u0027s Waffle","Vajra","downfall:HeartBlessingRed","Garlic","SacredBark","downfall:HeartBlessingBlue","downfall:HeartBlessingGreen","downfall:RedIOU","Omamori","Blue Doll","Ring of Peace","Ring of Greed","Replay:Wax Seal","Golden Idol","Guardian:PickAxe","Runic Dome","Letter Opener","Orichalcum","TungstenRod","Bronze Scales","ReplayTheSpireMod:Ninjato","Quantum Egg","Pen Nib"],"acts_visited":["Exordium","TheCity","TheBeyond","TheEnding"],"potions_floor_usage":[33,33,33,50,50,55],"damage_taken":[{"damage":9.0,"enemies":"Cultist","floor":2.0,"turns":4.0},{"damage":3.0,"enemies":"Jaw Worm","floor":3.0,"turns":3.0},{"damage":7.0,"enemies":"Small Slimes","floor":4.0,"turns":5.0},{"damage":0.0,"enemies":"downfall:FleeingMerchant","floor":6.0,"turns":4.0},{"damage":0.0,"enemies":"3 Louse","floor":8.0,"turns":3.0},{"damage":14.0,"enemies":"Gremlin Nob","floor":9.0,"turns":5.0},{"damage":0.0,"enemies":"downfall:FleeingMerchant","floor":12.0,"turns":4.0},{"damage":9.0,"enemies":"3 Sentries","floor":14.0,"turns":3.0},{"damage":0.0,"enemies":"Exordium Wildlife","floor":15.0,"turns":3.0},{"damage":12.0,"enemies":"SI_SHIV_ARCHETYPE","floor":16.0,"turns":6.0},{"damage":0.0,"enemies":"3 Byrds","floor":19.0,"turns":4.0},{"damage":0.0,"enemies":"Chosen","floor":22.0,"turns":3.0},{"damage":0,"enemies":"Replay:Snechameleon","floor":25,"turns":4},{"damage":0,"enemies":"3 Cultists","floor":26,"turns":4},{"damage":0,"enemies":"Gremlin Leader","floor":28,"turns":3},{"damage":0,"enemies":"Centurion and Healer","floor":29,"turns":4},{"damage":0,"enemies":"Snecko","floor":31,"turns":4},{"damage":0,"enemies":"3 Cultists","floor":32,"turns":3},{"damage":0,"enemies":"WA_ARCHETYPE_CALM","floor":33,"turns":3},{"damage":5,"enemies":"3 Shapes","floor":36,"turns":4},{"damage":0,"enemies":"Orb Walker","floor":38,"turns":3},{"damage":0,"enemies":"3 Darklings","floor":40,"turns":3},{"damage":0,"enemies":"R_Hoarder","floor":43,"turns":7},{"damage":0,"enemies":"Writhing Mass","floor":45,"turns":4},{"damage":0,"enemies":"Nemesis","floor":46,"turns":5},{"damage":0,"enemies":"Sphere and 2 Shapes","floor":47,"turns":3},{"damage":0,"enemies":"Giant Head","floor":48,"turns":5},{"damage":0,"enemies":"Jaw Worm Horde","floor":49,"turns":3},{"damage":0,"enemies":"IC_BLOCK_ARCHETYPE","floor":50,"turns":5},{"damage":0,"enemies":"downfall:CharBossMerchant","floor":52,"turns":5},{"damage":0,"enemies":"downfall:NeowBoss","floor":55,"turns":6},{"damage":29,"enemies":"downfall:NeowBossFinal","floor":56,"turns":6}],"seed_played":"-1662332995498089026","potions_obtained":[{"floor":4.0,"key":"Strength Potion"},{"floor":8.0,"key":"LiquidBronze"},{"floor":9.0,"key":"AttackPotion"},{"floor":16.0,"key":"Guardian:DefensiveModePotion"},{"floor":25,"key":"Guardian:AcceleratePotion"},{"floor":26,"key":"LifebloodPotion"},{"floor":35,"key":"Guardian:AcceleratePotion"},{"floor":35,"key":"Cursed Concoction"},{"floor":36,"key":"Guardian:AcceleratePotion"},{"floor":37,"key":"Strength Potion"},{"floor":37,"key":"LiquidMemories"},{"floor":40,"key":"Regen Potion"},{"floor":45,"key":"Milkshake"},{"floor":52,"key":"Toxic Potion"}],"is_trial":false,"path_per_floor":["R","M","M","M","?","$","T","M","E","T","R","$","R","E","M","B",null,"R","M","?","?","M","R","T","E","M","?","E","M","R","M","M","B",null,"R_BF","M","?","M","?","M","T","R","E","?","M","E","M","E","M","B",null,"E","$","R","B","B",null],"character_chosen":"GUARDIAN","items_purchased":["Guardian:Gem_Lightblue","Guardian:ArmoredProtocol","Sundial","Lee\u0027s Waffle","Quantum Egg","Pen Nib"],"campfire_rested":6,"item_purchase_floors":[6,6,6,6,53,53],"current_hp_per_floor":[88,79,76,69,69,95,95,95,81,81,95,95,95,86,86,74,95,105,105,105,105,105,105,105,105,105,105,105,105,105,105,105,105,105,105,100,100,100,100,100,100,105,105,105,105,105,105,105,105,105,105,105,105,105,105,76],"gold":276,"neow_bonus":"TEN_PERCENT_HP_BONUS","is_daily":false,"chose_seed":false,"campfire_upgraded":1,"win_rate":0.0,"timestamp":1611952126,"path_taken":["R","M","M","?","?","?","T","?","E","?","R","$","R","E","M","BOSS","R_BF","M","?","?","M","R","T","E","M","?","E","M","R","?","M","BOSS","R_BF","M","?","M","?","M","T","R","E","?","M","E","?","E","M","BOSS","E","$","R","BOSS","BOSS"],"items_purchased_type":["Card","Card","Relic","Relic","Relic","Relic"],"build_version":"2020-12-22","purchased_purges":0,"victory":true,"max_hp_per_floor":[88,88,88,88,88,95,95,95,95,95,95,95,95,95,95,95,95,105,105,105,105,105,105,105,105,105,105,105,105,105,105,105,105,105,105,105,105,105,105,105,105,105,105,105,105,105,105,105,105,105,105,105,105,105,105,105],"card_choices":[{"not_picked":["Guardian:VentSteam","Guardian:ShieldCharger"],"picked":"Guardian:Harden","floor":2.0},{"not_picked":["Guardian:CrystalBeam","Guardian:TemporalShield"],"picked":"Guardian:Gem_Red","floor":3.0},{"not_picked":["Guardian:ArmoredProtocol","Guardian:Suspension"],"picked":"Guardian:BodySlam","floor":4.0},{"not_picked":["Guardian:Recover","Guardian:BodySlam"],"picked":"Guardian:ShieldSpikes","floor":6.0},{"not_picked":["Guardian:Gem_Yellow","Guardian:Preprogram"],"picked":"Guardian:Gem_Red","floor":8.0},{"not_picked":["Guardian:Gem_Red","Guardian:Suspension","Guardian:ChargeCore"],"picked":"SKIP","floor":9.0},{"not_picked":["Guardian:Gem_Cyan","Guardian:Gem_Red"],"picked":"Guardian:ChargeCore","floor":12.0},{"not_picked":["Guardian:RevengeProtocol","Guardian:PiercingHide"],"picked":"Guardian:Gem_Red","floor":14.0},{"not_picked":["Guardian:PrimingBeam","Guardian:Gem_Green"],"picked":"Guardian:Gem_Lightblue","floor":15.0},{"not_picked":["Guardian:HyperBeam_Guardian","Guardian:ConstructionForm"],"picked":"Guardian:BaubleBeam","floor":16.0},{"not_picked":["Guardian:Repulse","Guardian:Gem_Red"],"picked":"Guardian:Gem_Crimson","floor":19.0},{"not_picked":["Guardian:Gem_Fragmented","Guardian:Reroute"],"picked":"Guardian:Gem_Green","floor":22.0},{"not_picked":["Guardian:Gem_Lightblue","Guardian:Planning","Guardian:TimeSifter"],"picked":"SKIP","floor":25},{"not_picked":["Guardian:GuardianWhirl","Guardian:SpikerProtocol","Guardian:ShieldCharger"],"picked":"SKIP","floor":26},{"not_picked":["Guardian:TemporalStrike+1","Guardian:Recover","Guardian:Planning"],"picked":"SKIP","floor":28},{"not_picked":["Guardian:FloatingOrbs","Guardian:PiercingHide","Guardian:VentSteam"],"picked":"SKIP","floor":29},{"not_picked":["Guardian:Reroute+1","Guardian:GuardianWhirl","Guardian:PrimingBeam"],"picked":"SKIP","floor":31},{"not_picked":["Guardian:ChargeCore","Guardian:WalkerClaw","Guardian:TemporalShield"],"picked":"SKIP","floor":32},{"not_picked":["Guardian:Reroute+1","Guardian:VentSteam","Guardian:PrismaticBarrier+1"],"picked":"SKIP","floor":36},{"not_picked":["Guardian:GuardianWhirl+1","Guardian:Suspension","Guardian:TemporalShield"],"picked":"SKIP","floor":38},{"not_picked":["Guardian:Suspension","Guardian:Gem_Green","Guardian:RevengeProtocol"],"picked":"SKIP","floor":40},{"not_picked":["Guardian:Clone","Guardian:CrystalBeam+1","Guardian:MultiBeam+1"],"picked":"SKIP","floor":43},{"not_picked":["Guardian:Planning+1","Guardian:PrismaticBarrier+1","Guardian:ShieldCharger"],"picked":"SKIP","floor":45},{"not_picked":["Guardian:TemporalStrike+1","Guardian:TemporalShield","Guardian:Gem_Fragmented"],"picked":"SKIP","floor":46},{"not_picked":["Guardian:SpikerProtocol","Guardian:RollAttack+1","Guardian:BaubleBeam"],"picked":"SKIP","floor":47},{"not_picked":["Guardian:RollAttack+1","Guardian:TemporalShield","Guardian:HyperBeam_Guardian"],"picked":"SKIP","floor":48},{"not_picked":["Guardian:Planning","Guardian:Preprogram+1","Guardian:Incinerate+1"],"picked":"SKIP","floor":49},{"not_picked":["Guardian:Suspension","Guardian:PrimingBeam","Guardian:Harden"],"picked":"SKIP","floor":52}],"player_experience":177611,"relics_obtained":[{"floor":9.0,"key":"Vajra"},{"floor":10.0,"key":"Boot"},{"floor":14.0,"key":"Garlic"},{"floor":24,"key":"Omamori"},{"floor":25,"key":"Blue Doll"},{"floor":27,"key":"Ring of Peace"},{"floor":27,"key":"Ring of Greed"},{"floor":27,"key":"Replay:Wax Seal"},{"floor":27,"key":"Golden Idol"},{"floor":28,"key":"Guardian:PickAxe"},{"floor":41,"key":"Letter Opener"},{"floor":43,"key":"Orichalcum"},{"floor":46,"key":"TungstenRod"},{"floor":48,"key":"Bronze Scales"},{"floor":52,"key":"ReplayTheSpireMod:Ninjato"}],"event_choices":[{"damage_healed":0.0,"max_hp_gain":0.0,"max_hp_loss":0.0,"gold_gain":0.0,"event_name":"The Library","player_choice":"Read","floor":20.0,"gold_loss":0.0,"damage_taken":0.0,"cards_obtained":["Guardian:Gem_Crimson"]},{"damage_healed":0,"gold_gain":0,"player_choice":"Ignored","damage_taken":0,"max_hp_gain":0,"max_hp_loss":0,"event_name":"NoteForYourself","floor":44,"gold_loss":0}],"is_beta":false,"boss_relics":[{"not_picked":["Runic Pyramid","Snecko Eye"],"picked":"SacredBark"},{"not_picked":["Replay:Drink Me","Tiny House"],"picked":"Runic Dome"}],"items_purged_floors":[],"is_endless":false,"potions_floor_spawned":[4,8,9,16,25,26,29,31,36,40,45,49,52],"ascension_level":0}}